3968 6376
1692 372 2367 507 ELENCHUS

429 620 956 697 Αυοτοηυιη
1016 619 1130 695 ET
1174 618 1557 695 OPEHUM
1604 620 1759 706 QUI
1808 621 1896 696 IN
1946 622 2134 697 HOC
2190 620 2456 697 TOMO
2499 617 2857 696 CXXXVI
2902 619 3615 703 CONTINENTUB.

1296 1105 1741 1173 RATHERIUS
1784 1104 2264 1173 VERONENSIS
2304 1104 2741 1172 EPISCOPUS.

456 1238 903 1317 Prolegomena,
934 1236 1045 1303 col.
1087 1237 1153 1302 9.

460 1254 1244 1403 Egﬁgﬁ’ﬂui'g
1273 1320 1736 1403 Prmloquiorum
1767 1321 1901 1385 libri
1944 1337 2072 1400 sex,
2103 1322 2205 1403 qui
2241 1320 2546 1385 hominum
2586 1320 2875 1403 cujusque
2914 1320 3119 1403 aetatis,
3158 1337 3338 1403 sexus
3378 1327 3436 1386 et
3476 1322 3680 1387 condi-

381 1401 573 1483 tionis
588 1400 777 1465 ofﬁcia
806 1400 1120 1479 explicant,
1155 1401 1297 1483 alias
1326 1400 1594 1483 inscripti
1624 1419 2034 1483 MEDITATIONES
2060 1400 2379 1483 εο“ιιυιε,ρι
2408 1418 2746 1483 Λαομιετιοι,
2774 1400 3071 1483 lucubrati
3100 1402 3255 1483 inter
3283 1402 3677 1467 Februarium

380 1482 520 1546 anni
548 1481 668 1564 935
695 1488 755 1564 et
784 1482 1122 1564 Augustum
1152 1480 1461 1564 anni937,
1490 1480 1602 1546 col.
1642 1483 1783 1545 145.
1813 1516 1891 1528 -
1922 1480 2281 1564 γίωίδειηοιί
2300 1482 2561 1546 Ursmari
2590 1482 2825 1564 abbatis
2847 1482 3226 1564 etepiscOpi,
3266 1484 3486 1564 scripta
3521 1485 3677 1564 circa

380 1578 597 1625 annum
638 1560 778 1637 938,
820 1560 933 1625 col.
980 1562 1121 1626 345.
1167 1596 1244 1610 -
1283 1561 1598 1641 Conclusio
1637 1562 2013 1627 deliberativa
2056 1563 2285 1628 Le'odici
2326 1570 2478 1637 acta,
2510 1578 2647 1627 cum
2697 1560 3012 1624 Ratherius
3060 1577 3093 1626 e
3142 1560 3490 1627 Leodice'nsi
3536 1563 3679 1629 sede

383 1642 622 1724 pulsus,
648 1643 721 1706 ad
751 1641 1079 1715 cedendum
1108 1643 1367 1706 invasori
1395 1644 1750 1720 hortaretur,
1774 1644 1994 1785 scripta
2021 1658 2177 1707 anno
2206 1642 2357 1721 935;
2396 1658 2464 1706 ac
2501 1642 2637 1706 dein
2676 1642 2921 1707 Verona
2960 1642 3165 1723 paucis
3204 1644 3421 1706 additis
3461 1644 3523 1707 iu
3560 1643 3678 1708 ﬁne

383 1722 726 1785 renroducta
763 1739 917 1785 anno
943 1723 1085 1785 965.
1120 1721 1230 1785 col.
1265 1723 1403 1785 353.
1439 1758 1519 1771 —
1547 1724 1862 1785 Phrenesis
1913 1722 2125 1785 ibellus
2156 1722 2472 1785 Moguntiaa
2505 1723 2767 1785 scriptus
2797 1724 2855 1785 in
2884 1723 3085 1785 eadem
3118 1740 3297 1785 causa
3331 1724 3677 1785 Leodicensi

377 1721 726 1803 reproducta
763 1739 917 1804 anno
943 1723 1085 1799 965,
1120 1721 1230 1786 col.
1265 1723 1403 1787 353.
1439 1758 1519 1771 —
1547 1724 1862 1789 Phrenesis
1889 1721 2125 1787 libellus
2156 1722 2472 1804 Moguntiaa
2505 1723 2767 1804 scriptus
2797 1724 2855 1785 in
2884 1721 3085 1787 eadem
3118 1740 3297 1787 causa
3331 1724 3677 1789 Leodieensi

381 1819 538 1867 anno
595 1804 737 1878 955,
787 1803 901 1867 col.
953 1804 1093 1866 365.
1145 1837 1227 1851 -
1268 1804 1527 1884 Ratherii
1574 1805 1901 1878 Confessio,
1954 1818 2060 1867 seu
2110 1803 2468 1882 Exce’rptum
2507 1818 2585 1884 ex
2626 1803 2861 1884 dialogo
2908 1805 3320 1884 confessionali
3371 1805 3667 1884 ejusdem,

380 1885 662 2027 scriptum
708 1884 861 1978 circa
906 1899 1004 1975 an.
1038 1884 1181 1961 960,
1213 1883 1325 1947 col.
1387 1885 1529 1978 394.
1560 1916 1634 1935 --
1681 1885 2027 1976 Exhortatio
2055 1890 2130 1977 et.
2162 1883 2542 1976 preceshcol.
2604 1883 2746 1975 443.
2789 1882 2868 1929 έ-
2914 1882 3209 1949 lnvectiva
3261 1887 3319 1947 in
3357 1882 3669 1965 quosdam,

380 1980 451 2027 ac
534 1964 781 2027 ugubrts
826 1964 1031 2027 relatio
1072 1964 1147 2027 de
1194 1964 1580 2027 translatione
1634 1980 1899 2027 COI'DOI‘IS
1948 1972 2133 2027 sancti
2184 1966 2488 2027 Metronts.
2539 1970 2758 2027 861'le
2803 1979 2958 2026 anno
3016 1964 3160 2027 962.
3225 1964 3333 2027 col.
3400 1967 3543 2027 451.
3597 1999 3669 2014 -

380 1980 451 2027 ac
510 1964 781 2043 lugubris
826 1964 1031 2045 relatio
1072 1964 1147 2027 de
1194 1964 1580 2045 translatione
1634 1965 1899 2045 corporis
1948 1967 2133 2027 sancti
2164 1964 2488 2039 ’hletronis,
2539 1965 2758 2042 scripta
2803 1979 2958 2026 anno
3016 1964 3160 2037 962,
3225 1964 3333 2029 col.
3380 1964 3543 2027 451.
3597 1999 3676 2014 -—

383 2036 1105 2124 Fragmentumejusdem
1135 2045 1425 2124 opusculi,
1462 2036 1573 2107 col.
1607 2036 1757 2107 471.’
1779 2080 1859 2090 -
1888 2046 2200 2107 Decretum
2233 2046 2307 2108 de
2345 2036 2573 2107 clericis
2612 2036 2685 2105 ab
2725 2045 3002 2124 invasere
3038 2036 3341 2119 ordinatis,
3386 2045 3671 2124 scriptum

383 2120 539 2185 anno
568 2121 712 2197 963,
744 2120 857 2183 col.
891 2120 1006 2182 477
1035 2155 1115 2165 -
1147 2120 1323 2182 ᾹΙΙυᾱ
1352 2125 1411 2182 in
1444 2126 1647 2184 eadem
1682 2137 1742 2184 re
1769 2125 1906 2183 annl
1936 2124 2218 2198 ersdem,
2256 2124 2401 2183 ibid.
2439 2156 2517 2165 —
2548 2124 2808 2184 Libellus
2847 2123 2988 2185 cleri
3029 2124 3389 2187 Veronensis
3432 2120 3671 2190 nomine

379 2203 704 2284 inscriptus,
731 2201 804 2263 ad
834 2200 1159 2284 Romanam
1210 2200 1953 2284 Ecclesinmannipariter
1980 2200 2117 2277 963,
2170 2201 2282 2263 col.
2330 2200 2470 2263 479.
2525 2235 2603 2246 -
2649 2200 3013 2281 Opusculum
3063 2203 3134 2265 de
3184 2205 3421 2284 proprio
3472 2206 3667 2284 lapsu,

378 2280 661 2364 scriptum
691 2283 845 2364 inter
870 2298 965 2364 an.
998 2280 1117 2364 963
1146 2289 1207 2364 et
1233 2282 1353 2344 964
1380 2280 1489 2364 col.
1524 2281 1637 2343 481
1672 2280 1750 2327 —'
1778 2282 1864 2344 De
1892 2289 2228 2364 contemptu
2250 2296 2547 2364 canonum,
2564 2280 2766 2364 partes
2795 2284 2926 2345 dum
2949 2280 3356 2363 scriptaa'anno
3382 2280 3666 2359 961,‘col.

378 2360 517 2447 485ζ
558 2398 639 2447 _——
675 2360 987 2447 Qualitatis
1018 2360 1387 2447 conjectura,
1429 2362 1486 2447 in
1526 2376 1643 2440 qua
1706 2362 2040 2447 maleyolus
2067 2377 2279 2447 censor
2314 2361 2577 2447 Ratherii
2614 2378 2807 2427 mores
2848 2360 3125 2447 vellicans
3163 2372 3224 2447 et
3260 2367 3673 2447 perstringens

378 2443 698 2513 inducitur.
730 2442 1032 2505 lucubrata
1064 2442 1301 2505 ineunte
1329 2442 1565 2506 circiter
1591 2457 1747 2506 anno
1776 2442 1920 2515 966,
1949 2441 2061 2504 col.
2094 2442 2235 2503 591.
2279 2476 2357 2488 -
2401 2442 2715 2506 Decretum
2746 2459 2862 2522 quo
2903 2460 2976 2506 ex
3012 2441 3278 2507 abbatia‘
3303 2441 3672 2519 Magoniiani

382 2526 493 2587 sita
523 2525 580 2587 in
618 2522 858 2586 dircesi
900 2522 1225 2603 Veronensi
1276 2523 1467 2603 pulsis
1511 2523 1815 2585 monachis
1861 2522 2071 2603 clerici
2104 2524 2530 2600 subrogantur,
2577 2524 2730 2585 circa
2774 2539 2995 2585 annum
3044 2525 3184 2596 966,
3236 2524 3350 2588 σοι.
3401 2527 3540 2588 547.
3592 2562 3668 2571 -

376 2606 662 2685 Synodica
694 2602 1173 2686 ad‘presbyteros
1201 2610 1259 2664 et
1284 2602 1533 2686 ceteros
1562 2604 1809 2686 clericos
1844 2618 1951 2681 per
1979 2602 2311 2686 universam
2345 2603 2644 2686 dioecesim
2664 2606 3039 2686 constitutos,
3074 2606 3227 2669 edita
3249 2605 3307 2686 in
3327 2606 3673 2686 Quadrage-

371 2682 519 2748 siina
549 2686 685 2747 anni
717 2682 858 2764 966,
886 2682 999 2764 col.
1035 2685 1175 2746 553.
1196 2716 1287 2764 _—
1316 2684 1679 2762 Opusculum
1710 2684 1783 2746 de
1812 2690 1999 2761 nuptu
2028 2683 2593 2764 cujusdamillicito,
2638 2685 2921 2764 scriptum
2964 2692 3098 2764 post
3141 2682 3671 2764 Quadragesimam

369 2767 507 2828 anni
546 2766 684 2841 966,
734 2763 845 2827 col.
888 2763 1030 2826 567.
1073 2798 1148 2810 -
1175 2762 1543 2839 Opusculum
1584 2764 1656 2828 de
1689 2764 1877 2827 otioso
1900 2778 2191 2837 sermone,
2226 2763 2363 2825 anni
2392 2763 2533 2839 966,
2566 2763 2678 2825 col.
2712 2764 2852 2825 573.
2894 2762 3387 2828 —'ltinerarium’
3411 2767 3673 2831 Ratherii

370 2847 620 2910 Romam
649 2846 867 2921 euntis,
900 2844 1183 2925 scriptum
1216 2843 1455 2907 ineunte
1488 2843 1791 2907 Decembri
1820 2843 1957 2925 anni
1986 2842 2131 2925 966,
2158 2843 2269 2905 col.
2304 2843 2444 2925 579.
2482 2876 2552 2889 -
2593 2844 2969 2925 Privilegium
2993 2846 3224 2909 Ottonis
3254 2846 3671 2924 [imperatoris

369 2926 655 2989 Ratherio
687 2932 747 2987 et
779 2922 1101 2987 Veronensi
1152 2925 1417 2987 ecclesia:
1453 2939 1801 2988 concessum
1849 2922 2036 2986 Nonis
2082 2924 2433 2987 Novembris
2482 2926 2620 2985 anni
2671 2922 2837 2998 967,'
2864 2923 2975 2986 col.
3028 2925 3170 2989 599.
3221 2959 3300 2971 -
3337 2922 3669 2990 Ιῠᾶίωωηι

370 3006 658 3081 Ratherii,
708 3018 814 3067 seu
845 3002 1108 3084 fundatio
1158 3011 1220 3084 et
1251 3004 1474 3069 dotatio
1520 3005 1934 3084 pauperiorum
1973 3004 2319 3067 clericorum
2363 3003 2716 3084 cathedralis
2762 3005 3028 3069 ecclesiae
3074 3006 3457 3084 Veronensis,
3510 3006 3670 3071 edita

370 3094 623 3153 exeunte
654 3100 807 3147 anno
834 3084 976 3164 967,
1011 3083 1123 3147 col.
1158 3083 1298 3147 605.
1333 3120 1411 3129 -
1432 3083 1711 3164 Ejusdem
1743 3089 2095 3163 opusculum
2125 3084 2197 3147 de
2225 3084 2452 3147 clericis
2479 3084 2591 3145 sibi
2613 3083 2959 3157 rebellibus,
2984 3093 3287 3150 exaratum
3308 3088 3365 3151 in
3390 3083 3669 3153 Adventu

1142 3135 1672 3249 _ﬁiscordiiJi_nter'
1696 3135 1889 3245 ipsum
1920 3135 2261 3249 Ratherjum
2281 3135 2367 3249 vet
2398 3164 2665 3249 clericos,
2684 3135 2911 3249 scripta

374 3248 521 3337 968,
561 3246 673 3311 col.
699 3246 974 3337 617;:
1008 3246 1431 3337 Apologpticus
1470 3244 1937 3337 libgr'exaratus
1974 3244 2089 3337 sub
2123 3244 2829 3337 ﬁnemnguadragesimaa
2856 3246 2995 3309 anni
3032 3248 3176 3325 968,
3226 3244 3339 3312 col.
3392 3246 3535 3312 629.
3588 3283 3669 3296 -

372 3323 813 3394 Testamentum
846 3323 1129 3401 Ratherii,
1160 3323 1297 3403 aﬂle
1324 3323 1479 3389 diem
1507 3324 1586 3389 30
1614 3325 1774 3388 Junii
1806 3324 1942 3388 anni
1972 3324 2110 3401 968,
2137 3324 2251 3388 col.
2285 3324 2425 3389 641.

453 3410 699 3474 Ορεηωί
744 3425 885 3471 rans
927 3410 1315 3471 sucumnai—
1346 3406 1641 3486 Epistolaz,
1678 3406 1789 3469 col.
1826 3406 1966 3468 643.

453 3490 695 3555 Opennu
742 3505 882 3551 mas
923 3506 1154 3552 reuna.
1188 3523 1267 3534 —
1297 3488 1637 3566 Sermones,
1673 3487 1787 3551 col.
1823 3486 1963 3550 689.

455 3574 775 3646 Aneenmx,
812 3568 921 3632 col.
971 3570 1111 3632 757.

1230 3699 1769 3767 LIUTPRANDUS
1810 3698 2345 3766 CREMONENSIS
2388 3700 2821 3768 EPISCOPUS.

454 3833 871 3929 Antapodosis,
906 3832 1031 3929 ξολλ
1051 3834 1191 3899 787.
1224 3868 1304 3879 —
1332 3833 1508 3898 Liber
1536 3833 1612 3898 de
1640 3833 1822 3899 rebus
1850 3836 2035 3917 gestis
2063 3834 2295 3901 Ottonis
2323 3836 2549 3920 Magni,
2587 3836 2697 3900 col.
2733 3836 2875 3901 897.
2914 3874 2989 3884 —
3028 3839 3267 3921 Legatio
3306 3838 3658 3908 Constanti-

375 3913 733 4001 n0polittina,
768 3914 879 3978 col.
914 3913 1057 3977 909.
1699 3996 1709 4007 ι
1855 3913 1880 3917 ⁷

455 4002 758 4064 Αριιεκηιχ
798 4013 873 4060 an
918 3994 1355 4060 Lw'rrnaunuu.
1388 4029 1469 4041 —-
1496 3994 1855 4072 Chromcon,
1888 4014 1942 4059 cc

1496 3994 1855 4072 Chronicon,
1888 3993 2000 4059 col.
2030 3994 2170 4059 967.
2206 4032 2281 4043 —
2312 3996 2686 4074 Adversaria,
2716 3998 2828 4061 col.
2868 3999 3043 4062 1133.

1217 4154 1647 4229 FOLQUINUS
1688 4153 2349 4221 SANBERTINIANUS
2389 4156 2829 4223 MONACHUS.

460 4292 734 4374 Folquini
764 4290 1206 4369 chartularium,
1240 4289 1351 4355 col.
1394 4288 1571 4353 1183.

1400 4448 1655 4513 GUNZO
1696 4447 2075 4513 DIACONUS
2115 4446 2649 4515 NOVARIENSIS.

460 4589 725 4673 Epistola
754 4587 827 4652 ad
856 4586 1065 4652 fratres
1094 4587 1447 4668 Augienses,
1481 4583 1594 4647 col.
1634 4580 1811 4647 1983.

1359 4744 1797 4811 RICHARDUS
1839 4744 2079 4809 ABBAS
2122 4745 2691 4813 FLORIACENSIS.

464 4882 744 4950 Collectio
776 4881 1291 4957 consuetudinum,
1327 4879 1439 4943 col.
1476 4878 1654 4943 1303.

1248 5038 1756 5107 ADALBERTUS
1798 5038 2177 5106 METENSIS
2220 5040 2799 5110 SCHOLASTICUS.

459 5180 730 5250 Praefatio
754 5180 813 5245 in
843 5177 1227 5261 Florilegium
1255 5191 1330 5243 ex
1359 5175 1420 5240 S.
1458 5173 1766 5258 Gregorio,
1799 5172 1913 5239 col.
1950 5174 2128 5240 1309.

1609 5499 2449 5540 ψ
