3968 6384
389 431 458 490 il
1349 433 1795 494 RATHERIUS
1839 433 2334 495 VERONENSIS
2381 433 2837 497 EPISCOPUS.
3729 439 3807 498 12

385 568 733 636 perpetuum
766 581 881 620 non
912 564 1111 620 minus
1144 569 1378 620 tuorum
1410 565 1737 621 ofﬁciorum
1773 566 1829 620 in
1862 583 1993 632 nos,
2026 582 2202 638 quam
2234 566 2384 638 grati
2417 567 2598 623 animi
2629 584 2766 641 erga
2792 571 2847 623 te
2871 567 3053 623 nostri
3082 569 3503 624 documentum
3530 574 3811 641 praestan-

391 652 620 719 dum,et
647 652 863 707 futuris
897 670 1130 725 quoque
1152 651 1424 708 aetatibus
1442 654 2127 726 relinquendum.Accipe
2143 655 2336 726 itaque
2363 655 2471 711 hoc
2488 656 2896 729 qualecunque
2916 657 3336 713 munusculum
3351 660 3810 732 nostrumzquod

388 740 439 795 si
470 742 668 797 minus
700 741 945 814 dignum
976 740 1205 797 videtur
1235 741 1621 813 amplitudine
1652 748 1774 810 tua,
1810 744 1997 815 ipsam
2028 747 2226 798 tamen
2260 745 2388 815 ejus
2419 744 2801 813 tenuitatem;
2824 751 2888 801 ut
2913 763 3241 818 speramus,
3266 746 3654 803 humanitatis
3674 764 3815 820 erga

388 845 496 884 nos
520 833 634 885 tuae
666 829 1012 903 magnitudo
1043 829 1389 886 sublevahit.
1423 831 1504 886 Te
1536 834 1831 904 postremo
1863 834 2134 905 rogatum
2165 830 2458 901 volumus,
2510 838 2594 902 ut,
2630 834 2679 890 si
2711 851 2820 890 nos
2869 850 2997 889 eam
3032 834 3160 903 tibi,
3215 851 3396 906 quam
3448 835 3735 891 debemus
3759 840 3818 892 et

388 934 727 990 possumus,
762 918 941 991 hujus
970 919 1243 975 editionis
1276 921 1711 992 nuncupatione
1743 926 2019 994 praestare
2049 922 2478 977 observantiam
2514 923 2818 995 perspicis;
2849 928 2911 977 tu
2944 940 3049 980 nos
3074 940 3160 989 eo,
3196 941 3311 995 quo
3350 923 3583 994 jamdiu
3636 923 3812 980 insti-

387 1007 573 1077 tuisti,
607 1008 802 1064 favore
831 1025 897 1065 ac
928 1008 1248 1081 patrocinio
1278 1010 1551 1082 prosequi
1584 1027 1656 1065 ne
1687 1009 1945 1067 desinas.

789 1343 1393 1475 PRZEFA’I‘IO
1455 1388 1565 1472 IN
1629 1386 2257 1474 EDI'I‘IONEM
2317 1386 2815 1475 OPERUM
2879 1388 3414 1474 RATHERII

456 1718 709 1790 I.[i]Post
739 1719 1054 1775 editionem
1076 1718 1321 1792 operum
1343 1722 1595 1775 duorum
1629 1721 2036 1792 episcoporum
2066 1724 2120 1787 Α
2152 1720 2339 1791 ipsius
2381 1724 2574 1775 autem
2606 1719 2942 1775 celebritate
2992 1721 3064 1775 ob
3116 1720 3407 1792 insignem
3457 1721 3813 1789 doctrinam,

388 1807 840 1877 Veronensium,
876 1809 1156 1864 nimirum
1192 1810 1250 1863 S.
1287 1810 1555 1875 Zenonis,
1591 1810 1689 1880 qui
1724 1814 1954 1880 quarto,
1986 1813 2042 1863 et

387 1888 635 1952 Joannis
665 1897 921 1953 Matthazi
953 1898 1196 1964 Giberti,
1231 1897 1327 1968 qui
1361 1904 1518 1953 sexto
1552 1899 1778 1953 decimo
1824 1897 2040 1953 saeculo

396 1985 615 2052 ﬂoruit,
650 1990 881 2042 nostras
900 2003 1072 2042 curas
1094 1990 1148 2042 et
1165 1987 1545 2058 cogitationes
1565 1987 1759 2059 rapuit
1780 1985 2041 2041 collectio

387 2080 445 2129 et
476 2075 652 2131 editio
685 2074 944 2147 Operum
981 2075 1237 2131 Rathcrii
1275 2075 1458 2129 nostri
1499 2074 1639 2129 item
1689 2074 2043 2131 Veronensis

388 2163 669 2236 episcopi,
706 2163 806 2236 qui
836 2164 942 2220 etsi
976 2164 1203 2219 decimo
1248 2163 1481 2229 smculo,
1529 2163 1793 2218 omnium
1844 2181 2044 2220 corru-

386 2251 657 2325 ptissimo
671 2257 729 2307 et
741 2252 1413 2320 obscurissimo,vixerit,
1450 2252 1530 2308 ita
1545 2257 1736 2308 tamen
1756 2253 2045 2326 probitate

388 2340 981 2414 morum,disciplinze
1000 2340 1374 2410 zelo,studiis
1406 2340 1733 2397 litterarum
1767 2342 2044 2414 omnique

386 2430 764 2486 scientiarum
801 2446 1012 2503 genere
1043 2430 1271 2496 claruit,
1308 2436 1372 2485 ut
1392 2430 1542 2485 inter
1559 2431 1821 2501 ejusdem
1846 2429 2043 2486 seaculi

386 2518 697 2591 scriptores
736 2519 1149 2576 celeberrimus
1181 2526 1239 2575 et
1269 2519 1716 2575 laudatissimus
1745 2520 2043 2585 sit.Quan-

382 2612 508 2664 tum
522 2608 631 2664 hoc
644 2612 904 2681 tempore
917 2613 1183 2681 grassata
1197 2608 1871 2680 fuerintvitia,quantum
1887 2608 2044 2681 igno-

381 2697 575 2753 rantia
599 2702 826 2755 mentes
854 2697 1162 2753 hominum
1187 2698 1503 2769 occuparit,
1528 2697 1903 2753 notissimum
1929 2702 2039 2754 est.

388 2786 533 2841 Hinc
563 2803 681 2843 non
712 2787 885 2858 pauci
910 2786 1245 2843 hcterodoxi
1268 2787 1632 2842 occasionem
1661 2790 2043 2858 sumpserunt

383 2873 708 2931 insultandi
738 2874 1027 2941 Ecclesiae,
1059 2891 1123 2929 ac
1153 2876 1201 2930 si
1237 2891 1338 2947 per
1368 2875 1587 2931 oﬂ‘usas
1616 2874 1797 2946 hujus
1842 2874 2039 2931 seaculi

385 2964 654 3019 tenebras
686 2962 1081 3021 ecclesiastica
1111 2964 1425 3035 disciplina
1451 2965 1703 3019 maxime
1728 2964 1903 3020 fuerit
1922 2980 2042 3019 cor-

385 3058 578 3125 rupta,
612 3057 668 3109 et
688 3053 931 3125 antiqua
950 3053 1086 3108 ﬁdei
1120 3055 1348 3124 puritas
1366 3053 1663 3108 defecerit:
1686 3070 1820 3108 cum
1845 3070 2036 3121 nemo,

382 3142 680 3214 inquiunt,
711 3142 1121 3215 grassantibus
1171 3143 1430 3214 undique
1462 3142 1653 3209 malis,
1703 3148 2032 3200 occurreret

382 3231 723 3304 ignorantiae
755 3230 980 3286 scilicet
1008 3236 1066 3287 et
1093 3231 1293 3287 effreni
1326 3231 1590 3287 licentiae.
1625 3232 1786 3295 Quod
1820 3233 2031 3304 praiju-

379 3320 601 3375 dictum
632 3318 897 3376 Ecclesiae
925 3320 1279 3391 injuriosum
1311 3324 1376 3374 ut
1397 3320 1827 3391 refellatur,etsi
1853 3337 2027 3392 nega-

378 3410 426 3463 ri
457 3426 572 3465 non
604 3408 926 3483 possit,hoc
954 3408 1167 3465 saeculo
1194 3409 1346 3464 inter
1365 3408 2026 3480 crassissimas[ii]igno-

375 3497 574 3553 rantiaz
606 3496 875 3556 tenebras
888 3498 1079 3554 mores
1091 3498 1272 3554 fuisse
1290 3497 2025 3571 corruptissimos;probari

377 3590 573 3642 tamen
598 3594 791 3659 potest
821 3605 938 3644 non
967 3588 1169 3643 omnia
1199 3588 1279 3643 ita
1310 3592 1447 3643 tunc
1481 3587 1661 3642 fuisse
1691 3588 2023 3658 depravata,

375 3680 439 3731 ut
468 3676 759 3732 defuerint
784 3679 845 3732 in
877 3676 1132 3732 Ecclesia
1150 3676 1255 3731 viri
1287 3682 1344 3731 et
1366 3694 1596 3731 morum
1619 3678 1947 3746 sanctitate,
1971 3682 2027 3733 et

372 3763 641 3820 doctrina
669 3769 1032 3836 praestantes,
1074 3764 1177 3835 qui
1203 3764 1361 3819 vitiis
1390 3764 1886 3821 debacchantibus
1916 3766 2025 3821 ob-

371 3850 525 3907 viam
554 3852 728 3920 irent,
761 3856 817 3907 et
850 3868 1054 3924 puram
1096 3852 1227 3907 ﬁdei
1282 3852 1606 3907 doctrinam
1639 3854 1712 3908 ab
1765 3853 2023 3925 antiquis

376 3946 674 4012 acceptam
702 3941 990 4013 integram
1017 3940 1401 3996 custodierint
1430 3946 1604 4013 atque
1654 3942 2020 3998 tradiderint.

370 4029 487 4084 Hac
520 4029 589 4085 de
618 4029 798 4084 causa
825 4034 1095 4085 auctores
1124 4028 1304 4100 hujus
1350 4029 1547 4084 sai-culi
1595 4029 2023 4087 ecclesiasticos

374 4117 433 4173 in
466 4117 659 4174 lucem
689 4119 967 4191 proferre,
995 4134 1316 4189 eorumque
1347 4122 1512 4190 gesta
1537 4123 1595 4173 et
1624 4135 1801 4190 opera
1846 4136 2026 4175 accu-

369 4212 493 4263 rate
522 4207 815 4264 illustrare
857 4207 1103 4281 publica
1156 4208 1238 4263 rei
1270 4206 1525 4263 maxime
1573 4208 1826 4280 expedit.
1876 4209 2023 4273 Cum

369 4313 503 4353 vero
534 4297 846 4354 Ratherius
876 4297 1029 4353 inter
1057 4296 1164 4352 hos
1196 4297 1487 4370 praecipue
1517 4295 1796 4366 ﬂoruerit,
1832 4296 2023 4369 pluri-

370 4403 533 4442 mum
556 4386 746 4443 laudis
775 4386 1143 4444 debemusiis
1156 4387 1254 4458 qui
1269 4387 1536 4459 quaedam
1552 4385 1739 4456 ipsius
1761 4403 2013 4458 opuscu-

2155 1826 2272 1880 qua
2303 1808 2554 1863 maxime
2590 1808 2929 1863 nobilitatus
2951 1815 3059 1878 est,
3092 1808 3150 1863 in
3176 1810 3618 1880 prmsentiarum
3641 1826 3817 1882 agen-

2152 1897 2319 1952 dum.
2349 1898 2549 1957 Testes
2601 1898 2965 1969 proferemus
3016 1898 3280 1969 ejusdem
3327 1897 3428 1952 mvi
3472 1898 3813 1970 scriptores,

2153 1985 2252 2057 qui
2284 1986 2530 2057 vulgata:
2562 1986 2857 2057 opinionis
2882 2002 2947 2040 ac
2982 1987 3145 2040 fama:
3169 1986 3344 2041 ﬁdem
3377 1986 3621 2053 faciunt,
3651 1991 3718 2042 ut
3739 2004 3815 2043 ne

2152 2092 2300 2145 opus
2333 2076 2411 2129 sit
2440 2074 2774 2129 testimonio
2800 2075 3215 2146 posteriorum,
3240 2076 3339 2147 qui
3372 2076 3575 2130 eadem
3594 2075 3668 2131 ab
3690 2076 3812 2134 illis

2152 2162 2364 2219 hausta
2393 2167 2683 2234 repetunt.
2736 2163 3077 2220 Audiendus
3124 2163 3183 2218 in
3218 2164 3425 2236 primis
3474 2164 3811 2234 Everaclus,

2156 2252 2523 2308 Leodicensis
2554 2252 2886 2324 episcopus,
2921 2252 3024 2325 qui
3052 2253 3109 2308 in
3143 2252 3390 2325 epistola
3418 2253 3491 2309 ad
3535 2257 3812 2309 nostrum

2152 2339 2513 2406 Ratherium,
2548 2341 2743 2413 ipsum
2775 2342 2868 2397 his
2900 2342 3091 2397 verbis
3123 2341 3462 2414 alloquitur:
3496 2342 3689 2407 «Quis
3718 2346 3817 2399 est

2150 2429 2314 2485 vobis
2341 2434 2441 2486 aut
2473 2430 2780 2502 sapientia,
2816 2435 2919 2486 aut
2946 2431 3258 2503 probitate,
3310 2435 3414 2486 aut
3451 2430 3816 2503 Optimarum

2151 2519 2366 2574 artium
2399 2518 2610 2583 studio,
2646 2524 2747 2574 aut
2768 2519 3121 2586 innocentia,
3154 2524 3258 2575 aut
3278 2519 3397 2577 ullo
3421 2519 3616 2575 laudis
3635 2536 3818 2593 gene-

2152 2625 2212 2662 re
2243 2609 2640 2679 przestantior?
2671 2632 2697 2658 ››
2723 2610 2838 2665 Nec
2862 2609 3214 2665 absimiliter
3242 2610 3360 2665 duo
3375 2610 3548 2665 coaevi
3570 2626 3816 2682 quoque

2150 2702 2439 2763 auctores,
2472 2699 2755 2769 Rotgerus
2786 2698 2845 2753 in
2877 2699 2993 2753 vita
3026 2699 3084 2754 S.
3114 2699 3404 2754 Brunonis
3425 2698 3823 2771 archiepisco-

2152 2786 2208 2857 pi
2242 2786 2625 2853 Coloniensis,
2678 2803 2843 2841 num.
2893 2788 2984 2851 3-4,
3017 2792 3075 2842 et
3134 2787 3453 2843 Fulcuinus
3505 2788 3579 2843 de
3619 2789 3817 2844 Gestis

2151 2876 2431 2930 abbatum
2466 2876 2819 2930 Lobiensum
2861 2874 2988 2947 [in],
3023 2891 3148 2947 cap.
3180 2876 3271 2930 23.
3325 2874 3531 2931 iisdem
3569 2876 3816 2933 omnino

2148 2964 2362 3029 verbis,
2396 2980 2527 3035 quae
2560 2963 2706 3019 alter
2736 2964 2808 3019 ab
2831 2962 3012 3020 altero
3044 2968 3348 3019 mutuatus
3369 2969 3479 3021 est:
3506 2986 3536 3014 «ι
3567 2964 3817 3036 Propter

2150 3053 2551 3108 abundantem
2581 3052 2907 3108 doctrinam
2940 3056 2998 3107 et
3035 3052 3457 3124 eloquentiam-
3480 3052 3810 3126 copiosam,

2144 3158 2261 3212 qua
2292 3142 2444 3195 inter
2467 3141 2938 3212 sapientissimos
2968 3142 3172 3197 ﬂorere
3213 3142 3379 3197 visus
3407 3148 3516 3205 est,
3563 3159 3681 3197 non
3714 3143 3808 3198 ei-

2139 3230 2271 3285 dem
2305 3229 2497 3285 solum
2530 3229 2830 3286 Ecclessim
2853 3230 2947 3284 cui
2975 3230 3334 3301 prazfuitmed
3357 3234 3415 3285 et
3431 3228 3638 3285 multis
3659 3229 3795 3287 aliis

2138 3319 2597 3391 circumquaque
2627 3318 2794 3373 valde
2824 3319 3151 3390 proﬁcuum
3174 3318 3295 3374 fore
3323 3322 3592 3389 putatum
3622 3322 3734 3374 est.
3765 3341 3798 3369 ››

2139 3407 2537 3480 Liutprandus
2567 3408 2852 3463 diaconus
2882 3408 3232 3474 Ticinensis,
3266 3412 3470 3478 postea
3497 3423 3631 3464 vero
3659 3407 3798 3463 Cre-

2137 3497 2439 3551 monensis
2495 3497 2830 3568 episcopus,
2881 3496 3156 3551 Ratherio
3208 3496 3345 3552 item
3395 3495 3794 3564 synchronus,

2136 3584 2237 3639 lib.
2274 3601 2333 3639 ιιι
2369 3585 2539 3653 Hist,
2573 3602 2699 3655 cap.
2732 3587 2819 3640 tt:
2854 3606 2884 3634 «
2917 3588 3169 3641 Venerat
3197 3589 3393 3640 autem
3426 3584 3507 3656 (in
3537 3583 3799 3655 Italiam)

2135 3689 2269 3729 cum
2302 3674 2825 3746 prmfatollilduino
2840 3674 3163 3728 monachus
3185 3673 3449 3745 quidam,
3477 3672 3797 3731 Ratherius

2136 3764 2391 3829 nomine,
2424 3763 2524 3835 qui
2557 3764 2632 3818 ob
2670 3761 3015 3835 religionem
3069 3768 3415 3833 septemque
3462 3761 3799 3819 liberalium

2133 3852 2351 3908 artium
2382 3852 2651 3924 peritiam
2683 3851 2922 3907 Veronae
2967 3852 3281 3923 episcopus
3326 3851 3726 3906 constituitur.
3765 3874 3799 3903 »

2133 3941 2280 3995 Hinc
2309 3942 2527 3995 factum
2558 3945 2647 3996 est
2678 3944 2741 3996 ut
2772 3939 2946 4012 vulgo
2967 3940 3361 4012 appellaretur
3381 3939 3655 3995 litteratus
3677 3939 3800 4010 (Iti-

2130 4044 2249 4084 ner.
2284 4045 2344 4082 n.
2369 4032 2447 4096 2),
2508 4045 2634 4093 seu,
2667 4032 2732 4083 ut
2762 4027 2901 4083 alibi
2958 4028 3211 4084 traditur
3266 4027 3533 4099 (Discant.
3583 4044 3642 4084 n.
3672 4030 3708 4081 7
3732 4032 3796 4085 et

2128 4117 2385 4173 Phrenes.
2419 4134 2477 4171 n.
2539 4118 2646 4184 11),
2682 4120 2792 4172 toto
2848 4119 3073 4185 saeculo,
3117 4117 3176 4172 id
3208 4122 3299 4172 est
3352 4118 3591 4189 ubique,
3654 4118 3790 4188 ejus

2130 4207 2314 4278 sapien
2322 4208 2403 4261 tta
2429 4206 2843 4277 praedicaretur.

2203 4295 2298 4351 ΙΙΙ.
2334 4295 2419 4350 Ne
2439 4311 2572 4350 vero
2599 4294 2720 4349 haec
2748 4292 3040 4366 gloriosus
3072 4295 3228 4350 dicta
3257 4295 3574 4350 credantur
3598 4310 3790 4366 quam

2128 4383 2342 4450 verius,
2374 4383 2958 4439 animadvertendum
2991 4389 3082 4439 est
3110 4400 3245 4439 eum
3272 4400 3307 4439 a
3327 4384 3527 4456 pueris
3557 4398 3687 4438 sese
3708 4386 3795 4438 to-

368 4474 465 4529 lae
484 4475 854 4532 bibliothecis
873 4477 932 4531 in
956 4456 1454 4547 quibus—latebant
1474 4478 1741 4545 excerpta
1759 4456 2010 4529 edidere.
2044 4456 2090 4524 C
2126 4477 2253 4528 tum
2285 4472 2609 4527 litterarum
2632 4472 2846 4528 studiis
2868 4472 3184 4528 devovisse.
3208 4471 3550 4529 Non-solum
3580 4476 3790 4528 aucto-

367 4563 536 4618 Nunc
558 4579 694 4618 vero
725 4580 799 4619 ea
828 4580 955 4635 quae
987 4563 1082 4619 hic
1113 4568 1170 4618 et
1200 4562 1318 4618 illic
1367 4562 1685 4633 separatim
1730 4563 2021 4634 impressa

366 4651 549 4722 atque
571 4649 837 4721 dispersa
867 4656 1026 4717 sunt,
1058 4650 1118 4705 in
1150 4667 1330 4706 unum
1377 4667 1591 4723 corpus
1637 4651 1930 4723 colligere,
1961 4655 2020 4706 et

364 4755 726 4811 quacunque
756 4739 874 4794 alia
904 4739 1149 4794 inveniri
1186 4738 1416 4811 possint
1450 4740 1714 4794 nondum
1744 4739 1899 4794 edita
1922 4739 2021 4793 ad-

364 4828 518 4896 dere;
547 4827 746 4884 omnia
773 4831 967 4884 autem
998 4828 1253 4883 auctoris
1280 4827 1414 4880 Vita
1445 4832 1501 4881 et
1530 4827 1927 4881 notationibus
1949 4826 2017 4881 il-

360 4916 633 4985 lustrare,
663 4920 728 4972 ut
758 4917 928 4973 nobis
978 4915 1311 4973 faciendum
1367 4915 1756 4986 sumpsimus,
1808 4915 2018 4985 majori

363 5004 549 5060 multo
572 5004 809 5061 utilitati
834 5005 1227 5070 futurum,eta
1245 5003 1524 5060 studiosis
1542 5003 1685 5059 viris
1706 5004 2015 5074 probatum

361 5094 431 5149 iri
464 5094 836 5177 conﬁdimus.

358 5271 432 5326 De
461 5272 776 5329 celebritate
823 5274 1080 5337 auctoris,
1130 5288 1194 5327 ac
1238 5271 1302 5325 de
1354 5269 1587 5339 Operam
1615 5271 1727 5342 ejus
1774 5272 2023 5327 utilitate

920 5353 1081 5415 atque
1105 5342 1455 5415 praestantia.

428 5449 497 5503 Il.
533 5450 613 5506 De
642 5448 901 5505 Ratherii
929 5448 1193 5504 moribus
1222 5465 1289 5503 ac
1311 5447 1596 5504 severiore
1619 5448 1743 5503 vitae
1767 5449 2009 5516 ratione,

356 5554 483 5610 qua:
515 5538 587 5592 ad
609 5537 913 5610 scriptoris
932 5536 1308 5593 ecclesiastici
1332 5552 1542 5591 nomen
1575 5536 2011 5593 auctoritatem-

356 5643 469 5697 que
498 5627 1028 5683 commendandam
1053 5625 1375 5699 plurimum
1396 5624 1638 5693 confert,
1653 5625 1711 5681 in
1729 5626 1857 5697 ejus
1876 5626 2009 5683 Vita

352 5719 488 5795 post
516 5715 666 5775 hanc
697 5715 1093 5790 praefationem
1126 5713 1493 5789 subjicienda
1537 5715 1648 5773 erit
1681 5731 1893 5777 sermo.
1927 5716 2011 5778 De

2129 4560 2293 4615 ribus
2323 4560 2508 4616 sacris
2537 4561 2799 4616 studium
2832 4560 3136 4632 impendit,
3158 4577 3362 4616 verum
3384 4560 3567 4617 etiam
3590 4560 3790 4632 profa-

2129 4650 2223 4704 nis
2251 4648 2567 4716 historicis,
2601 4649 3349 4722 oratoribus,poetis,atque
3394 4648 3788 4722 philosophis.

2128 4738 2245 4793 Hac
2273 4739 2344 4793 de
2386 4754 2567 4794 causa
2622 4739 2975 4810 quaastiones
3031 4737 3257 4810 aliquot
3306 4738 3419 4811 ipsi
3471 4737 3789 4810 propositis

2128 4827 2362 4882 fuerunt
2393 4827 2647 4898 primum
2678 4843 2712 4881 a
2743 4826 3299 4893 Mediolanensibus,
3331 4826 3542 4882 deinde
3569 4844 3605 4882 a
3644 4826 3793 4882 Rot-

2128 4916 2292 4970 berto
2338 4915 2777 4987 archiepiscopo
2828 4916 3179 4982 Trevirensi,
3226 4932 3356 4988 quis
3403 4931 3474 4971 ex
3530 4915 3797 4986 profanis

2127 5004 2465 5060 auctoribus
2484 5005 2825 5060 dirimenda:
2846 5009 3107 5072 erant,ut
3127 5021 3197 5061 ex
3225 5002 3473 5078 epistola
3491 5003 3566 5058 ad
3589 5003 3794 5075 ipsum

2127 5094 2444 5149 Robertum
2469 5092 2764 5165 explorate
2779 5093 3118 5150 didicimus.
3136 5093 3423 5149 Eamdem
3445 5091 3506 5145 in
3530 5090 3797 5163 antiquis

2125 5182 2387 5255 profanis
2413 5181 2799 5254 scriptoribus
2827 5184 3095 5255 peritiam
3119 5198 3297 5255 opera
3315 5196 3443 5253 qua
3471 5184 3797 5252 supersunt

2124 5273 2269 5327 satis
2300 5272 2725 5336 demonstrant,
2759 5288 2894 5326 cum
2926 5289 3041 5328 non
3088 5270 3283 5328 solum
3314 5285 3417 5326 eos
3464 5268 3792 5327 identidem

2122 5359 2353 5433 alleget,
2386 5376 2587 5415 verum
2620 5360 2798 5416 etiam
2830 5359 3053 5433 saepius
3074 5362 3299 5432 absque
3320 5358 3586 5432 ipsorum
3618 5373 3789 5413 men-

2122 5451 2281 5505 tione
2309 5465 2514 5505 versus
2543 5452 2602 5504 et
2632 5450 2956 5505 sententias
2985 5450 3227 5517 inserat,
3250 5462 3575 5518 eorumque
3600 5443 3785 5502 veluti

2121 5537 2323 5611 lingua
2351 5555 2419 5594 ac
2450 5536 2720 5593 formulis
2747 5541 2969 5594 utatur.
3003 5538 3152 5593 Huic
3171 5542 3370 5594 autem
3388 5534 3587 5592 studio
3616 5550 3785 5590 vaca-

2119 5628 2202 5682 vit
2229 5630 2366 5682 ante
2396 5624 2821 5698 episcopatum.
2857 5649 2885 5677 «
2915 5626 3207 5683 Infulatus
3252 5642 3388 5682 vero
3437 5622 3666 5697 (inquit
3719 5623 3783 5679 in

2119 5714 2358 5774 laudata
2388 5714 2459 5772 ad
2492 5714 2810 5774 Robertum
2857 5714 3150 5793 epistola),
3193 5714 3344 5775 illud
3398 5713 3602 5772 statim
3631 5711 3795 5779 desii;
