3968 6396
348 417 424 476 15
1298 412 1756 478 ltATHERIUS
1799 413 2294 475 VERONENSIS
2340 413 2789 478 EPISCOPUS.
2824 458 2841 469 κ
3688 416 3770 476 16

350 547 693 622 teavulgata
713 549 999 616 fuere,sed
1023 550 1336 621 separatim
1358 550 1414 604 in
1432 538 2005 605 variascoileetiones
2032 546 2085 613 Α
2116 546 2375 600 Ratherii
2404 546 2756 602 Veronensis
2788 547 3023 619 quidem
3056 546 3322 602 Ecclesia:
3349 545 3631 619 episcOpi,
3665 548 3772 602 sed

355 640 573 695 inserta
606 641 782 710 atque
809 638 1074 710 dispersa
1102 657 1114 705 ;
1141 639 1293 710 quod
1319 639 1522 710 quanti
1550 638 1903 693 incommodi
1932 637 2007 692 sit

357 743 529 783 nemo
562 744 679 783 non
710 727 884 783 videt.
910 728 968 783 S.
1001 727 1261 783 Ursmari
1294 727 1443 795 Vita,
1477 745 1656 801 quam
1682 728 1753 783 ab
1776 730 2007 782 Ausone

358 816 567 874 abbate
598 816 904 873 obscurius
936 817 1211 889 scriptam
1232 817 1544 873 Ratherius
1575 815 2006 890 explicatiorem

358 903 631 975 reddidit,
666 905 924 978 primum
972 907 1187 978 prodiit
1217 923 1393 978 opera
1435 905 1730 963 Laurentii
1764 903 1919 960 Surii
1948 904 2007 958 in

357 992 507 1050 Vitis
536 998 882 1051 Sanctorum
912 996 1133 1051 mensis
1163 995 1397 1067 Aprilis.

432 1083 480 1136 ν
487 1083 582 1140 ΙΙΙ.
614 1084 868 1140 Joannes
899 1083 1370 1156 Chapcauvillius
1402 1089 1558 1141 tomo
1585 1084 1774 1158 primo
1807 1083 2008 1139 Gesto-

364 1190 496 1229 rum
527 1173 872 1246 pontiﬁcum
902 1174 1335 1247 Tungrensium
1369 1192 1521 1231 anno
1554 1175 1692 1229 1613
1714 1190 1743 1228 e
1776 1189 1887 1227 ms.
1922 1188 2012 1228 co-

366 1261 493 1319 dice
509 1264 853 1319 monasterii
876 1263 1088 1319 Lobien
1098 1265 1180 1320 sis
1200 1263 1259 1318 in
1276 1263 1470 1336 Belgio
1490 1269 1606 1322 tres
1623 1262 1877 1318 Ratherii
1899 1260 2013 1333 epi-

366 1350 548 1408 stolas
564 1350 849 1425 vulgavit:
868 1369 1046 1408 unam
1067 1353 1135 1407 ad
1149 1352 1434 1409 Joannem
1454 1368 1756 1408 summum
1779 1350 2013 1423 pontifi-

364 1457 513 1508 cem,
537 1440 780 1497 alteram
812 1441 883 1499 ad
915 1458 1119 1498 omnes
1149 1441 1345 1508 Italiae,
1379 1440 1701 1497 Germaniae
1732 1445 1789 1496 et
1817 1438 2014 1495 Galliae

364 1531 768 1605 episcopos,ad
802 1530 1135 1588 Brunonem
1158 1536 1359 1604 postea
1382 1530 1887 1602 archiepiscopum
1911 1528 2015 1583 Co-

364 1618 687 1677 loniensem
718 1619 988 1687 tertiam;
1023 1621 1361 1693 addiditque
1392 1620 1566 1675 aliam
1606 1617 1860 1674 Everacli
1894 1617 2015 1689 epi-

364 1708 520 1780 scopi
557 1709 929 1766 Leodicensis
959 1711 1030 1767 ad
1063 1709 1257 1781 ipsum
1293 1708 1655 1764 Ratlierium.

437 1796 523 1857 ΙΧ.
560 1797 701 1853 Dein
751 1798 812 1853 P.
839 1798 1024 1852 Lucas
1076 1796 1375 1868 d’Achery,
1409 1796 1508 1867 qui
1556 1813 1585 1852 e
1626 1796 1870 1851 diversis
1902 1812 2014 1850 ms.

367 1885 1112 1958 exemplaribus[vu]plura
1132 1901 1308 1958 opera
1331 1885 1547 1939 inedita
1567 1884 2017 1957 diligentissime

368 1973 738 2045 excerpsit,et
769 1974 827 2029 in
859 1974 1170 2045 Spicilcgio
1200 1973 1401 2037 edidit,
1436 1974 1881 2028 Laudunensem
1915 1989 2012 2026 eo-

370 2062 559 2120 dicem
590 2066 798 2118 nactus
828 2062 888 2117 in
920 2062 1143 2131 Galliis,
1168 2063 1265 2134 qui
1299 2061 1523 2133 aliquot
1554 2061 1808 2116 ltatlierii
1840 2078 2014 2132 opus-

370 2151 502 2207 cula
530 2151 793 2209 nondum
826 2150 1113 2222 impressa
1143 2151 1495 2218 continebat,
1531 2150 1651 2205 haec
1701 2167 1769 2205 ex
1812 2150 2014 2205 eodem

368 2240 643 2314 produxit
674 2240 734 2296 in
756 2239 957 2321 lucem.
978 2244 1135 2296 temo
1166 2240 1433 2311 ejusdem
1462 2238 1757 2311 Spicilegii
1807 2237 2018 2310 prioris

369 2329 644 2387 editionis
667 2330 1078 2402 secundo,qua3
1107 2329 1202 2385 his
1228 2329 1415 2385 titulis
1446 2328 1871 2384 inscribuntur.

517 2422 592 2476 De
622 2422 957 2490 contemptu
991 2435 1278 2474 canonum
1311 2422 1506 2490 partes
1537 2417 1684 2471 dum.

512 2507 819 2564 Conclusio
851 2506 1225 2565 deliberativa
1258 2507 1486 2563 Leodici
1520 2512 1668 2564 acta.

512 2597 817 2665 Qualitatis
846 2597 1200 2669 conjectura.

511 2686 812 2744 Discordia
839 2686 990 2742 inter
1013 2684 1354 2743 Ratherium
1390 2690 1444 2740 et
1470 2684 1728 2747 clericos.

511 2773 920 2849 Apologeticus
948 2774 1115 2830 liber.
1740 2769 1747 2775 ’

515 2862 596 2920 De
626 2862 851 2920 clericis
881 2862 1216 2920 rebellibus.

517 2954 601 3009 Ex
629 2951 925 3010 abbatiola
953 2951 1314 3026 Magonziani
1356 2952 1685 3009 amandatis
1717 2951 2020 3008 monachis

588 3041 782 3121 clerici
814 3042 1227 3113 subrogantur.

515 3134 595 3191 De
626 3136 812 3204 nuptn
839 3132 1147 3203 cujusdam
1181 3130 1399 3186 illicito.

513 3220 775 3295 Epistola
804 3220 877 3276 ad
904 3219 1241 3276 Martinum.

508 3310 637 3368 Alia
666 3311 737 3367 ad
772 3310 1093 3365 Romanam
1126 3308 1463 3365 Ecclesium.

511 3400 798 3474 Synodica
826 3399 899 3456 ad
929 3399 1318 3472 presbyteros,
1342 3405 1449 3454 etc.

508 3488 879 3547 Itinerarium
914 3486 1170 3544 Ratherii
1201 3487 1445 3543 Romam
1468 3487 1681 3542 euntis.

506 3580 707 3636 Sermo
737 3578 901 3635 valde
932 3577 1194 3649 prolixus
1225 3577 1295 3632 de
1326 3576 1803 3647 Quadragesima.

508 3668 721 3723 Contra
749 3666 1198 3740 reprehensores
1229 3666 1493 3737 ejusdem
1527 3666 1835 3721 sermonis.

508 3756 710 3811 Sermo
742 3754 1038 3810 secundus
1071 3754 1141 3810 de
1163 3754 1635 3827 Quadragesima.

507 3846 819 3898 Sermones
850 3841 920 3896 de
951 3840 1174 3897 Pascha
1206 3841 1225 3896 Ι
1252 3845 1309 3896 et
1341 3842 1407 3896 II.

506 3929 671 3985 Alius
702 3932 772 3986 de
803 3930 1035 3986 Octavis
1067 3930 1321 3985 Pasclue.

505 4019 669 4076 Alius
703 4024 837 4095 post
862 4020 1104 4075 Pascha.

507 4109 589 4164 De
617 4109 971 4165 Ascensionc
1000 4108 1136 4164 duo.
1937 4176 1941 4182 λ

363 4197 493 4259 Haac
524 4215 593 4253 ex
625 4215 741 4254 uno
772 4198 1146 4254 Laudunensi
1180 4197 1373 4254 codice
1425 4198 1484 4252 P.
1519 4198 1684 4254 Lucae
1736 4199 2017 4274 d’Achery

362 4293 572 4358 priesto
603 4287 857 4343 fuerunt.
894 4287 1235 4343 lnterseruit
1285 4292 1480 4342 autem
1530 4289 1734 4344 eodem
1766 4289 1825 4344 in
1857 4294 2015 4346 tomo

359 4378 479 4432 tres
509 4376 653 4434 alias
684 4377 963 4450 epistolas
994 4394 1026 4432 a
1056 4376 1486 4449 Chapcauvillio
1534 4376 1820 4450 vulgatus,
1864 4395 2013 4450 quas

361 4482 477 4521 non
508 4482 577 4521 ex
607 4465 983 4523 Laudunensi
1015 4467 1232 4537 codice,
1267 4467 1367 4521 sed
1393 4482 1461 4521 ex
1494 4466 1679 4537 ipsius
1706 4466 2012 4539 Cbapeau-

359 4551 505 4607 villii
554 4553 808 4611 editione
855 4554 1053 4626 ipsum
1108 4555 1438 4625 sumpsisse
1468 4555 1795 4611 deteximus
1827 4574 1838 4622 ;
1876 4573 2010 4612 cum

366 4639 1159 4711 easdemlectiones,eosdem
1180 4660 1406 4698 errores
1423 4660 1490 4698 ac
1512 4643 1755 4700 lacunas
1776 4647 2010 4701 easdem
2042 4652 2089 4721 Ι)

361 4728 1029 4801 prmseferant.Secundo
1060 4734 1219 4785 tomo
1243 4732 1369 4802 jam
1402 4730 1708 4803 impresso,
1732 4734 1832 4789 sed
1868 4751 2012 4789 non-

362 4817 505 4873 dum
539 4815 714 4885 edito,
750 4816 864 4871 alia
895 4816 1155 4873 Ratherii
1177 4818 1460 4891 cpuscula
1484 4820 1671 4875 Caroli
1703 4822 2013 4878 Boesmani

360 4908 604 4979 sumptu
662 4921 692 4960 e
745 4905 1133 4962 Lobiensibus
1182 4907 1602 4980 manuscriptis
1662 4912 2015 4983 transcripta

359 4993 517 5049 idem
545 4992 828 5049 Acherius
863 4994 1241 5067 accepitque:
1270 4999 1427 5050 tomo
1460 4996 1627 5051 tertio
1656 5014 1782 5054 sese
1825 4999 2012 5055 editu-

360 5099 494 5137 rum
524 5082 584 5136 in
615 5083 878 5154 ejusdem
912 5083 1057 5138 tomi
1088 5082 1328 5139 secundi
1352 5085 1687 5155 prmfatione
1719 5085 2013 5156 pollicitus

360 5174 469 5226 est.
498 5171 775 5234 Quisnam
805 5188 939 5227 vero
989 5171 1111 5227 haec
1160 5172 1444 5243 cpuscula
1489 5172 1629 5241 sint,
1661 5173 1721 5228 in
1771 5174 2012 5233 elencho

359 5259 547 5330 ipsius
578 5260 822 5314 secundi
852 5260 994 5314 tomi
1023 5260 1116 5315 his
1146 5261 1337 5317 verbis
1371 5261 1514 5334 [vui]
1538 5262 1791 5334 exponit:
1827 5287 1848 5314 α
1884 5263 2014 5322 Alia

360 5351 501 5402 sunt
518 5346 776 5403 Ratherii
801 5348 1082 5420 opuscula
1097 5349 1562 5415 inedita,scilicet
1574 5368 1875 5408 sermones
1896 5353 2012 5409 duo

359 5434 432 5490 de
460 5435 900 5503 Pentecoste,de
930 5435 1113 5491 Maria
1140 5442 1196 5491 et
1228 5437 1552 5505 Martha,de
1582 5439 1817 5512 preprio
1844 5439 2013 5511 lapsu

359 5522 700 5595 (videndum
730 5539 873 5578 num
906 5523 1000 5579 hic
1034 5523 1296 5580 diversus
1328 5524 1407 5581 sit
1427 5527 1498 5581 ab
1520 5543 1586 5582 eo
1618 5544 1795 5599 quem
1825 5528 2009 5583 edidi-

359 5626 494 5666 mus
523 5611 677 5666 inter
707 5628 1007 5668 sermones
1038 5614 1107 5668 de
1138 5613 1479 5683 Pascha),de
1501 5616 1685 5672 otioso
1718 5633 2006 5685 sermone,

358 5694 640 5761 Praeterea
670 5699 1076 5759 Meditationes
1105 5701 1296 5761 cordis
1342 5702 1403 5760 in
1443 5703 1646 5763 exsilio
1696 5706 2009 5782 cujusdam

2118 635 2417 691 Lobiensis
2450 636 2894 708 monachi,quas
2926 637 2984 690 in
3009 653 3103 691 sex
3137 636 3392 707 digestas
3420 634 3637 693 libellis
3666 653 3775 692 vo-

2116 723 2315 780 lumen
2356 725 2585 781 censuit
2632 724 2913 799 appellari
2969 723 3451 797 Praeloquiorum,
3498 741 3567 785 eo
3613 724 3776 797 quod

2118 812 2414 884 quoddam
2458 812 2896 885 praloquantur
2939 813 3311 885 opusculum,
3343 815 3499 884 quod
3532 819 3782 870 vocatur

2119 900 2518 974 Agonisticum
2545 901 2844 974 ;Epistolae
2862 902 2989 957 dua:
3016 920 3028 970 ;
3050 901 3195 958 liber
3206 903 3285 959 De
3297 920 3537 975 corpore
3557 906 3615 959 et
3636 920 3778 959 san-

2119 990 2296 1063 guine
2317 989 2548 1046 Domini
2570 995 2842 1057 constans
2875 992 3192 1065 nonaginta
3212 1008 3417 1049 novem
3439 991 3776 1067 capitulis.»

2121 1079 2249 1134 ΙΙωο
2268 1095 2402 1134 cum
2421 1079 2656 1151 scripsit
2684 1079 2742 1135 in
2776 1079 3175 1154 elencho,ipsa
3202 1082 3459 1153 profecto
3484 1081 3779 1154 opuSCula

2120 1167 2209 1221 vel
2240 1168 2503 1222 nondum
2535 1173 2852 1239 acceperat,
2884 1168 2969 1224 vel
3000 1186 3112 1224 non
3146 1171 3537 1241 expenderet;
3564 1187 3697 1242 quas
3726 1171 3778 1226 si

2123 1255 2379 1328 legisset,
2412 1256 2764 1329 opusculum
2800 1262 2881 1313 De
2901 1261 3123 1330 proprio
3147 1260 3306 1330 lapsu
3326 1258 3620 1319 diversum
3645 1276 3779 1316 esse

2125 1362 2158 1401 a
2180 1345 2551 1401 sermonibus
2569 1350 2649 1400 De
2664 1346 2923 1403 Paschate
2944 1347 3250 1420 perspicue
3270 1347 3775 1420 deprehendisset.

2127 1433 2367 1491 Librum
2398 1436 2471 1489 Dc
2488 1452 2708 1506 corpore
2726 1444 2776 1491 ct
2805 1439 3076 1505 sanguine
3106 1437 3328 1493 Domini
3351 1437 3625 1497 Ratherio
3650 1455 3780 1509 per-

2126 1539 2324 1594 peram
2348 1523 2696 1580 attributum
2712 1525 2884 1596 paulo
2908 1530 3040 1596 post
3056 1525 3783 1593 demonstrabimumNihil

2126 1628 2296 1682 porro
2318 1628 2383 1665 ex
2416 1610 2508 1666 his
2531 1628 2658 1683 quis
2688 1612 2971 1669 Acherius
3002 1619 3158 1669 tomo
3185 1614 3355 1671 tertio
3385 1614 3784 1687 imprimenda

2128 1701 2494 1772 promiserat,
2515 1701 2716 1756 eodem
2748 1706 2906 1761 tomo
2939 1704 3091 1775 typis
3122 1704 3300 1759 dedit.
3327 1704 3514 1763 Unam
3545 1708 3784 1763 tantum

2130 1789 2387 1844 Ratherii
2420 1790 2723 1861 epistolam
2758 1792 2828 1845 ad
2850 1793 3436 1863 Patricumproduxit
3465 1798 3625 1853 torno
3645 1794 3787 1851 duo-

2127 1876 2447 1932 decimo.ln
2482 1878 2801 1935 novissima
2821 1885 3016 1935 autem
3032 1886 3088 1936 et
3108 1882 3494 1939 emendatiori
3516 1883 3783 1953 ejusdem

2127 1966 2419 2039 Spicilcgii
2479 1967 2783 2023 Acheriani
2817 1969 3071 2025 editione
3100 1970 3413 2027 Parisiensi
3445 1971 3583 2027 anni
3619 1973 3779 2039 1723,

2126 2073 2192 2111 ea
2223 2074 2349 2128 qua:
2381 2056 2664 2111 Acherius
2687 2058 2942 2112 secundo
2965 2063 3020 2113 et
3041 2059 3384 2117 duodecimo
3408 2064 3567 2119 tomo
3591 2060 3784 2116 edide-

2128 2151 2236 2212 rat,
2270 2146 2434 2202 novis
2464 2145 3015 2219 etdiligentioribus
3046 2150 3204 2205 curis
3234 2148 3567 2207 Ludovicus
3601 2150 3779 2207 Fran-

2126 2235 2321 2292 ciscus
2350 2235 2568 2307 Joseph
2599 2236 2670 2291 de
2700 2235 2757 2292 la
2788 2237 2962 2294 Barre
2992 2255 3230 2295 rursum
3280 2239 3632 2311 producens,
3664 2238 3782 2296 alia

2127 2325 2459 2392 emendare,
2491 2324 2607 2381 alia
2638 2324 2933 2383 illustrare
2964 2328 3226 2384 studuit:
3251 2345 3436 2400 eaque
3469 2343 3675 2385 recusa
3696 2326 3779 2385 le-

2126 2418 2347 2487 guntur
2378 2417 2535 2469 tomo
2566 2412 2773 2485 primo,
2807 2432 2941 2488 pag.
2967 2417 3074 2472 345
3103 2420 3159 2472 et
3187 2432 3351 2488 seqq.

2198 2502 2263 2559 Χ.
2296 2501 2755 2559 Bartholomseus
2784 2504 3199 2576 Campagnola,
3223 2505 3695 2578 archipresbyter
3722 2509 3779 2561 S.

2127 2590 2388 2655 Caeciliae,
2410 2591 2551 2647 dum
2583 2608 2737 2647 anno
2771 2594 2909 2648 1728
2937 2592 3175 2650 Verona:
3203 2592 3509 2667 impressit
3560 2594 3782 2650 librum

2124 2681 2275 2737 luris
2303 2680 2483 2735 civilis
2512 2680 2664 2736 urbis
2720 2683 2955 2752 Veronae,
2985 2682 3207 2741 addidit
3252 2683 3312 2740 in
3354 2684 3469 2739 ﬁne
3519 2682 3784 2739 Ratherii

2129 2767 2501 2840 opusculum,
2550 2786 2653 2826 seu
2701 2769 2893 2841 potius
2942 2771 3335 2843 fragmentum
3387 2772 3661 2845 opusculi
3708 2775 3787 2829 De

2130 2861 2243 2914 vita
2272 2866 2321 2917 et
2369 2858 2728 2915 translatione
2781 2859 2838 2913 S.
2888 2859 3160 2927 Maronis,
3198 2878 3301 2918 nec
3327 2878 3444 2921 non
3474 2860 3784 2933 epistolam

2128 2948 2394 3019 ejusdem
2428 2947 2683 3003 Ratherii
2714 2965 2847 3003 cum
2881 2946 3120 3006 alterius
3160 2949 3416 3021 epistola:
3448 2950 3782 3022 fragmento

2130 3037 2201 3091 ad
2234 3036 2587 3101 Manassem,
2620 3040 2686 3092 ut
2728 3037 2950 3109 putavit
2979 3039 3290 3108 (legendum
3335 3039 3408 3093 ad
3456 3037 3781 3111 Milonem),

2130 3124 2492 3199 episcopum,
2535 3141 2663 3197 qua)
2714 3125 2901 3199 ipsius
2932 3127 3190 3185 auctoris
3234 3144 3413 3187 manu
3455 3133 3689 3189 exarata
3722 3128 3783 3185 in

2129 3215 2360 3270 duobus
2393 3219 2602 3269 nostra:
2624 3213 2963 3285 capitularis
2985 3214 3346 3273 bibliothecae
3369 3216 3670 3275 codicibus
3693 3232 3783 3272 re-

2047 3289 2092 3358 (Σ
2130 3304 2298 3377 perit.

2204 3392 2292 3447 XI.
2328 3392 2388 3458 Ρ.
2439 3393 2769 3448 Bernardus
2800 3394 2906 3450 Pez
2937 3394 2995 3449 in
3029 3394 3447 3452 Dissertatione
3488 3393 3785 3467 ἱερεοείοι

2130 3484 2288 3535 tonio
2303 3480 2622 3536 [Thesauri
2644 3483 3071 3540 Anecdotorum
3091 3482 3783 3554 prmmissa,mentionem

2130 3569 2341 3625 fecerat
2353 3568 2578 3643 antiqui
2599 3568 2730 3625 libri
2756 3571 2994 3643 capituli
3019 3571 3405 3644 Frisingensis
3429 3571 3491 3629 in
3518 3570 3783 3639 Bavaria,

2129 3658 2226 3731 qui
2262 3675 2375 3713 non
2409 3674 2593 3730 pauca
2624 3660 2806 3715 nostri
2862 3652 3177 3732 scriptoris”
3213 3678 3390 3733 opera
3415 3666 3474 3716 et
3503 3659 3785 3732 epistolas

2127 3746 2376 3802 exhibet.
2414 3748 2569 3803 Idem
2602 3765 2733 3804 vero
2784 3750 3053 3821 quaedam
3086 3753 3316 3805 tantum
3348 3748 3555 3807 exinde
3586 3766 3785 3807 excer-

2126 3836 2264 3907 psit,
2297 3841 2353 3892 et
2380 3854 2534 3894 anno
2570 3837 2708 3892 1729
2749 3836 2968 3909 publici
2992 3837 3145 3909 juris
3188 3838 3322 3895 fecit
3351 3842 3492 3895 tom.
3527 3836 3603 3895 VI
3632 3838 3786 3895 The-

2127 3925 2309 3989 sauri,
2364 3925 2459 3979 cui
2509 3925 2793 3980 volumini
2827 3926 2926 3997 [ιχ]
2979 3926 3155 3981 etiam
3187 3926 3504 3999 separatim
3540 3925 3783 3998 vulgato

2129 4013 2335 4068 Codicis
2392 4013 3361 4085 diplomatico-historico-epistolaris
3393 4015 3779 4087 epigraphem

2126 4101 2356 4156 indidit.
2392 4102 2525 4166 Qua:
2555 4106 2750 4158 autem
2784 4102 2966 4159 edidit
2995 4103 3117 4159 hinc
3143 4108 3283 4161 sunt
3318 4122 3329 4159 :

2266 4190 2350 4246 Ad
2382 4190 2635 4248 ecclesiae
2683 4208 2803 4246 sua:
2861 4191 3122 4258 clericos,
3155 4193 3226 4251 de
3272 4193 3345 4250 iis
3394 4192 3493 4266 qui
3539 4210 3574 4248 a
3624 4194 3784 4252 sedis

2337 4296 2453 4335 suae
2485 4280 2748 4336 invasere
2779 4281 3033 4339 ordinati
3063 4287 3218 4339 sunt.

2265 4367 2532 4440 Epistolis
2555 4369 2627 4426 ad
2656 4370 3057 4437 Ambrosium,
3090 4372 3162 4426 ad
3208 4371 3542 4429 Adeleidem
3577 4373 3780 4444 Augu-

2335 4462 2508 4526 stam,
2543 4462 2600 4515 et
2628 4458 2701 4514 ad
2732 4459 3096 4516 Nannonem.

2263 4547 2727 4614 Testamentum,
2758 4551 2817 4603 et
2844 4548 3109 4605 fundatio
3141 4553 3317 4621 atque
3357 4549 3578 4605 dotatio
3610 4549 3784 4606 cleri-

2336 4652 2536 4691 corum
2584 4635 2838 4692 ecclesiae
2888 4636 3263 4706 Veronensis,
3315 4655 3495 4710 quam
3538 4637 3789 4696 Judicati

2338 4723 2513 4781 titulo
2541 4724 2598 4779 in
2634 4730 2833 4782 nostra
2848 4725 2958 4782 hac
2975 4726 3231 4783 editione
3248 4725 3522 4785 donaturi
3544 4743 3784 4784 sumus.

2195 4813 2314 4868 XII.
2350 4813 2724 4868 Lobiensium
2767 4814 3299 4888 manuscriptorum
3348 4815 3784 4889 apographum,

2124 4903 2280 4974 quod
2313 4902 2387 4956 ad
2418 4901 2732 4958 Acherium
2756 4902 3006 4960 missum
3038 4904 3426 4961 indicavimus
3458 4905 3687 4973 num.9,
3721 4904 3784 4960 in

2122 4991 2607 5062 Sangermanensi
2644 4992 3018 5049 bibiliotheca
3046 4994 3119 5050 ab
3148 4994 3353 5050 eodem
3375 4992 3783 5061 relietum,Pa-

2121 5081 2314 5137 tribus
2362 5080 2666 5135 Edmundo
2719 5081 2977 5149 Materne
3006 5088 3065 5139 et
3096 5083 3305 5141 Ursino
3336 5082 3613 5139 Durando
3644 5082 3784 5138 usui

2123 5167 2250 5223 fuit.
2284 5169 2366 5223 Ex
2385 5168 2512 5239 ipso
2541 5167 2698 5225 enim
2740 5169 2824 5225 illi
2858 5175 3018 5229 temo
3049 5171 3122 5231 IX
3142 5171 3509 5243 Amplissim
3535 5180 3785 5228 veterum

2118 5257 2451 5326 scriptorum
2480 5260 2535 5311 et
2583 5268 3061 5317 monumentorum
3113 5260 3456 5321 Couectionis
3504 5276 3602 5318 an.
3636 5260 3784 5317 1733

2121 5344 2430 5402 ediderunt
2441 5345 2708 5417 ejusdem
2729 5346 2985 5405 Ratherii
3004 5350 3577 5422 sexPraeloquiorum
3598 5347 3785 5407 libros

2120 5450 2185 5491 ac
2216 5432 2495 5506 epistolas
2524 5438 2668 5506 tres,
2702 5453 2882 5493 unam
2914 5438 3143 5495 Widoni
3168 5456 3237 5496 ac
3283 5438 3537 5497 Sobboni
3577 5437 3783 5495 archi-

2120 5523 2819 5596 episc0pis,etc.,alteram
2848 5526 3124 5585 Rotberto
3148 5528 3290 5584 item
3312 5528 3783 5601 archiepiscopo,

2119 5627 2186 5669 ac
2216 5611 2289 5666 ad
2322 5628 2525 5667 omnes
2552 5612 2754 5670 fideles
2785 5615 3042 5673 tertiam.
3073 5618 3292 5674 Eodem
3311 5620 3593 5690 presteres
3618 5620 3786 5674 temo

2118 5697 2179 5756 in
2210 5698 2365 5757 calce
2397 5699 2589 5777 operis
2621 5701 2917 5762 Paschasii
2938 5703 3201 5764 Ratberti
3226 5711 3311 5764 De
3331 5718 3554 5782 corpore
3580 5708 3786 5769 euan-
