3968 6462
192 470 253 535 l7
1060 462 1677 540 PROLEGOMENA.
1710 508 1791 523 --
1818 478 1823 539 ἶ

2007 478 2236 561 mine
2280 474 2708 544 BALLERIN.

3540 454 3627 540 18'

193 609 334 679 quino
362 608 592 666 Domini
624 608 780 682 typis
811 607 1022 667 dedere
1038 610 1337 683 quoddam
1356 611 1827 669 additamentum
1857 606 1923 682 Α
1943 612 2915 687 exVerenensiscapituliexemplo
2928 612 3287 689 vulgaverat;
3306 609 3614 686 Frisingel-

191 716 246 755 ex
267 699 663 772 manuscripte
697 699 991 768 Lebiensi,
1012 698 1167 772 quod
1193 716 1227 755 a
1259 705 1457 757 nostro
1492 706 1748 770 auctore,
1766 703 1834 758 ut

195 787 339 843 nobis
367 787 607 860 quidem
640 784 1308 857 vidéturﬂucubratum,
1327 792 1385 845 in
1419 790 1674 847 editione
1691 790 1836 863 Ope-

194 878 511 951 rumipsius
542 877 704 933 haud
735 879 1126 936 emittendum
1159 880 1539 936 credidimus.
1565 879 1826 935 Rathcrii

195 968 361 1039 itaque
392 966 897 1039 O'pera,hactenus
928 970 1244 1042 separatim
1277 970 1699 1043 imprcssa,sex
1730 974 1832 1025 aut

193 1056 359 1128 potius
390 1060 615 1129 septem
651 1058 944 1114 editorum
985 1058 1288 1132 diligentia
1344 1059 1689 1132 prodierunt
1718 1077 1730 1127 ;
1762 1075 1831 1114 ex

194 1162 289 1217 quo
316 1146 375 1200 fit
402 1152 471 1201 ut
502 1146 651 1202 tanti
683 1147 790 1201 viri
823 1148 1107 1203 studiosis
1134 1164 1284 1221 opus
1336 1147 1414 1203 sit
1470 1165 1570 1203 sex
1618 1147 1830 1203 diversi

190 1235 393 1306 generis
424 1235 717 1292 editiones
750 1235 862 1291 sibi
895 1252 1234 1310 comparare
1283 1243 1459 1311 atque
1499 1236 1825 1293 consulere.

192 1324 313 1379 llinc
337 1323 975 1381 collectionisomnium
1006 1326 1555 1399 ejusmodioperum
1580 1325 1824 1394 utilitas,

189 1429 248 1468 ne
271 1412 535 1469 dicamus
567 1414 906 1483 necessitas,
925 1415 1091 1471 facile
1113 1416 1485 1488 perspicitur;
1519 1433 1652 1470 cum
1689 1432 1829 1488 prie-

190 1504 367 1558 sertim
393 1504 662 1560 accidere
696 1504 881 1560 soleat
910 1508 976 1560 ut
1005 1521 1074 1561 ex
1106 1522 1223 1561 uno
1254 1520 1428 1578 opere
1453 1505 1699 1560 alterius
1731 1504 1827 1559 in-

191 1591 473 1666 dulgentia
496 1594 769 1666 pendeat,
800 1611 866 1649 ac
890 1610 958 1650 ex
989 1592 1296 1651 collatione
1325 1594 1587 1650 omnium
1622 1593 1828 1667 quanti

190 1680 254 1737 sit
275 1686 472 1738 auctor
495 1683 837 1739 aestimetur.

245 1772 535 1828 Xlll.Cum
567 1789 739 1845 porro
770 1774 831 1828 in
861 1772 1201 1829 collectione
1223 1776 1279 1828 et
1307 1772 1563 1829 editione
1583 1787 1827 1844 operum

187 1861 447 1932 cujusque
468 1862 732 1917 auctoris
765 1876 878 1916 non
901 1866 1023 1917 tam
1055 1860 1464 1916 desiderentur
1485 1854 1657 1916 antea
1676 1858 1832 1913 edita

190 1952 231 2002 et
254 1948 305 2004 in
317 1948 499 2006 variis
517 1949 925 2005 voluminibus
943 1949 1211 2020 dispersa
1228 1962 1406 2021 quam
1420 1964 1548 2022 quis
1565 1948 1828 2004 nendum

186 2036 451 2110 impressa
479 2039 749 2107 fuerunt,
783 2036 895 2093 alia
917 2042 1092 2111 atque
1114 2038 1227 2094 alia
1261 2038 1521 2094 Ratherii
1550 2053 1745 2112 opera,
1780 2037 1831 2092 si

190 2143 295 2199 quae
323 2126 586 2185 aliorum
619 2127 924 2201 diligentia
954 2127 1284 2201 effugerint,
1320 2127 1669 2199 inquirenda
1695 2143 1828 2182 cen-

185 2217 501 2288 suimus.[x]
527 2215 715 2290 Igitur
732 2218 803 2272 de
826 2218 1012 2290 ipsius
1033 2217 1288 2273 auctoris
1302 2217 1604 2273 codicibus
1617 2215 1829 2271 sollici-

184 2306 309 2373 ti,ln
329 2312 597 2380 quatuor
614 2310 847 2364 tantum
882 2306 1254 2364 bibliothecis
1286 2306 1724 2379 manuscriptos
1755 2304 1825 2360 li-

182 2396 316 2464 bros,
341 2397 439 2470 qui
458 2395 667 2470 aliqua
690 2396 947 2453 Ratherii
964 2396 1249 2470 opuscula
1262 2398 1647 2463 continerent,
1672 2394 1828 2450 inve-

184 2485 277 2539 niri
289 2487 453 2542 nobis
467 2486 920 2543 innotuit.Unus
932 2485 1667 2542 custoditurintercodices
1680 2484 1827 2540 Lau-

181 2573 419 2632 dunenss
449 2576 745 2642 Ecclesiae,
775 2576 849 2631 de
881 2592 997 2649 quo
1033 2575 1157 2631 haac
1214 2576 1496 2632 Acherius
1525 2574 1585 2630 in
1619 2574 1823 2647 praefa-

182 2662 318 2719 tione
339 2665 585 2722 tradidit
610 2683 622 2720 :
657 2689 685 2715 ‹‹
711 2667 994 2745 Caeterum
1017 2666 1090 2721 de
1112 2665 1310 2722 codice
1334 2663 1824 2723 Ratherianerum

181 2767 425 2823 operum,
460 2753 728 2810 Anselmi
779 2754 984 2811 decani
1014 2759 1360 2827 tempestate
1403 2754 1699 2827 eleganter
1728 2772 1825 2811 ex-

182 2845 345 2909 orate,
362 2844 466 2900 sed
491 2843 728 2900 mendis
744 2843 1018 2917 plurimis
1030 2844 1264 2912 foedata,
1291 2843 1390 2917 qui
1410 2844 1550 2900 olim
1571 2862 1601 2902 e
1624 2844 1829 2902 biblio-

178 2930 333 2987 theca
364 2933 426 2988 Β.
461 2933 664 2989 Maria:
691 2932 1103 2989 Laudunensis
1152 2934 1341 2989 fuerat
1395 2935 1734 3007 subreptus,
1761 2951 1827 2991 ac

182 3020 399 3077 tandem
434 3021 771 3088 restitutus,
802 3023 1022 3096 gratias
1052 3039 1159 3096 ago
1192 3021 1264 3078 cl.
1315 3022 1384 3078 V.
1409 3023 1658 3079 Antonio
1699 3023 1827 3080 Bel-

179 3106 368 3165 lotte.»
392 3115 543 3167 Cum
578 3111 894 3168 Ratherius
920 3115 1055 3184 post
1085 3111 1400 3168 dimissum
1430 3112 1828 3170 Verenensem

178 3196 565 3273 episcopatum
602 3202 873 3257 Lauduni
906 3202 1100 3269 fuerit,
1120 3201 1454 3274 ibidemque
1484 3202 1828 3275 aliquandiu

178 3285 531 3359 immeratus,
569 3290 665 3346 die
682 3291 741 3346 S.
779 3290 1061 3363 Siephani
1095 3306 1428 3348 sermonem
1462 3291 1737 3348 habuerit
1768 3292 1827 3348 in

1941 702 2035 759 lus
2058 707 2280 771 autem,
2304 703 2603 760 nescimus
2633 721 2749 777 quo
2772 721 2915 760 cusu
2941 702 3063 777 [xx],
3088 704 3147 759 in
3171 702 3365 759 codice
3386 702 3608 759 Frisiu-

1940 793 2107 867 gensi
2137 793 2602 867 haudquaquam
2621 793 2922 860 invenerit,
2954 792 3266 864 solumque
3288 791 3603 849 titulumin

1942 883 2279 957 apographo
2311 882 2635 940 exhibuerit
2667 903 2678 947 ;
2717 901 2822 938 nos
2855 887 3157 956 sperantes
3208 882 3327 937 fore
3359 885 3425 936 ut
3455 882 3604 938 inte-

1939 971 2349 1047 grumibidem
2370 973 2605 1046 reperiri
2628 972 3206 1046 possetepusculum,
3224 972 3454 1044 egimus
3467 988 3601 1027 cum

1941 1062 2311 1118 nobilissimo
2342 1062 2584 1135 patricio
2618 1068 2816 1118 nostro
2850 1062 3063 1118 comite
3092 1062 3318 1117 Joanne
3342 1060 3604 1133 Baptista

1940 1154 2011 1208 de
2062 1151 2339 1220 Veritate,
2370 1150 2466 1225 qui
2502 1169 2532 1208 e
2572 1151 2964 1207 serenissima:
3022 1149 3309 1207 Bavaricze
3368 1149 3601 1205 familiae

1940 1240 2075 1298 aula
2089 1241 2379 1298 Veronam
2395 1240 2718 1314 digressus,
2734 1240 2793 1296 in
2809 1241 3076 1297 eamdem
3101 1239 3299 1295 aulam
3321 1243 3445 1296 erat
3458 1238 3605 1293 redi-

1938 1336 2130 1400 turus,
2162 1336 2220 1387 et
2248 1332 2321 1387 ab
2352 1331 2558 1386 eodem
2590 1330 2902 1403 petivimus
2922 1330 3177 1385 efﬁceret
3198 1333 3264 1385 ut
3284 1329 3480 1402 ipsum
3503 1344 3604 1384 ce-

1938 1421 2127 1476 dicem
2161 1420 2520 1494 diligentiori
2550 1436 2690 1475 cura
2721 1419 3019 1492 quispiam
3047 1420 3274 1491 peritus
3295 1416 3599 1474 evolveret.

1936 1510 2375 1583 expetitumque
2433 1526 2602 1582 opus,
2665 1509 2712 1564 si
2771 1508 3150 1573 inveniretur,
3225 1507 3596 1563 exscriberet.

1936 1598 2143 1656 Virum
2174 1601 2330 1655 nacti
2355 1616 2565 1656 sumus
2586 1598 2914 1655 litterarum
2939 1597 3470 1663 studiosissimum,
3496 1596 3599 1667 qui

1937 1705 2073 1745 cum
2102 1688 2256 1744 hanc
2301 1687 2562 1744 Ratherii
2618 1687 2935 1744 editionem
2999 1686 3249 1742 maxime
3304 1686 3598 1757 probaret,

1935 1781 2065 1832 tum
2094 1793 2228 1831 vero
2260 1775 2451 1831 eidem
2495 1792 2729 1833 omnem
2762 1792 2931 1847 opem
2989 1779 3392 1847 praestaturus,
3422 1774 3600 1829 Fran-

1940 1866 2095 1921 cisco
2125 1866 2196 1921 de
2227 1865 2632 1921 Werdenstein
2665 1864 2961 1937 eipiscopo
2993 1864 3352 1929 Tenariensi,
3369 1880 3435 1917 ac
3456 1861 3599 1918 emi-

1942 1953 2278 2010 nentissimi
2326 1953 2716 2028 Frisingensis
2749 1952 3003 2026 epiSCOpi
3027 1953 3415 2025 suifraganee,
3451 1951 3598 2008 ami-

1940 2044 2181 2099 cissimo
2200 2060 2327 2115 suo,
2340 2043 2817 2125 optimorumque
2834 2042 3165 2100 studiorum
3188 2039 3596 2098 amantissime

1938 2133 1994 2188 id
2026 2132 2244 2205 negotii
2266 2133 2715 2199 commendavit,
2730 2131 2791 2187 in
2809 2133 2965 2204 quod
2985 2132 3189 2187 cumis
3210 2146 3446 2186 omnem
3463 2129 3597 2185 dili-

1934 2221 2195 2294 gentiam
2223 2220 2591 2286 contulisset,
2627 2220 2977 2293 opusculum
3009 2221 3307 2294 integrum
3338 2223 3397 2274 et
3428 2234 3600 2274 accu-

1935 2314 2058 2366 rate
2088 2311 2509 2382 transcriptum
2539 2310 2897 2383 accepimus.
2920 2308 3092 2365 Aliud
3119 2308 3404 2382 quiddam
3425 2307 3487 2362 in
3508 2323 3600 2363 ee-

1935 2399 2069 2455 dem
2096 2399 2293 2456 codice
2322 2399 2931 2456 animadvertendum.
2961 2400 3097 2455 Post
3126 2397 3386 2454 Ratherii
3419 2412 3597 2469 opera

1934 2487 2149 2561 pagina
2179 2486 2314 2544 alba
2344 2487 2565 2557 relicta,
2596 2488 2692 2545 hic
2721 2492 2955 2545 tantum
2988 2487 3198 2543 titulus
3240 2487 3547 2559 praefertur
3577 2504 3591 2555 ;

1933 2576 2365 2634 Prwdicationes
2414 2580 2473 2633 in
2533 2577 2863 2650 quibusdam
2890 2579 3064 2649 festis.
3098 2570 3337 2647 Aliquot
3396 2578 3594 2631 autem

1934 2683 2236 2723 sermones
2291 2666 2708 2740 subjiciuntur,
2743 2665 2843 2738 qui
2874 2683 2962 2722 ex.
2995 2665 3054 2721 S.
3089 2662 3351 2737 Gregorii
3400 2662 3594 2719 verbis

1933 2755 2073 2811 hinc
2103 2755 2241 2812 inde
2272 2757 2558 2829 excerptis
2587 2754 2895 2828 compecti,
2921 2772 2956 2811 a
2980 2754 3331 2811 Ratheriano
3359 2751 3508 2827 style
3539 2754 3597 2808 et

1936 2844 2362 2901 consuetudine
2393 2844 2741 2901 alienissimi
2774 2849 2935 2911 sunt,
2970 2843 3033 2900 In
3060 2843 3153 2901 his
3184 2859 3340 2899 unus
3390 2846 3480 2899 est
3522 2842 3594 2899 de

1938 2934 2159 2992 sanctis
2184 2935 2379 2991 Firmo
2408 2940 2464 2991 et
2503 2935 2762 3003 Rustico,
2792 2950 2861 2990 ex
2891 2936 2950 2991 S.
2984 2933 3261 3007 Gregorio
3320 2930 3595 2988 similiter

1938 3024 2343 3093 concinnatus,
2368 3042 2543 3097 quem
2563 3023 2811 3097 exempli
2836 3023 3026 3097 gratia
3044 3025 3104 3079 in
3125 3019 3451 3097 Appencice
3468 3021 3598 3077 ede-

1939 3130 2093 3170 mus.
2126 3113 2357 3170 Videsis
2387 3114 2860 3171 Admonitionem
2891 3114 3082 3170 eidem
3114 3111 3370 3170 sermoni
3408 3111 3599 3184 praeﬁ-

1937 3216 2071 3258 Xam
2080 3244 2093 3257 .

2010 3291 2127 3349 XV.
2156 3293 2218 3347 In
2251 3309 2396 3348 mss.
2421 3293 2722 3349 codicibus
2747 3293 2988 3366 capituli
3013 3290 3369 3349 Veronensis
3399 3288 3596 3347 Eccle-

176 3377 415 3449 capitule
446 3378 806 3436 monialium
840 3380 1101 3451 (Praeloq.
1125 3398 1162 3453 ι.
1186 3397 1240 3446 v,
1274 3397 1322 3435 c.
1359 3377 1492 3454 ult.)
1518 3400 1530 3449 ;
1556 3381 1666 3437 hoc
1684 3381 1830 3438 forte
1859 3371 1903 3439 C
1941 3381 2062 3449 sier,
2095 3380 2156 3436 in
2193 3398 2309 3454 qua
2336 3381 2646 3439 Ratherius
2673 3382 2951 3455 pleraque
3010 3380 3295 3455 opuscula
3336 3380 3595 3451 scripsit,

177 3467 415 3540 tempore
446 3468 612 3525 idem
644 3469 828 3525 codex
847 3485 915 3524 ex
932 3467 1119 3542 ipsius
1132 3467 1388 3527 auctoris
1406 3471 1772 3544 autographa
1791 3488 1825 3527 a

177 3554 355 3614 minus
382 3560 576 3631 perito
609 3558 852 3614 librario
879 3576 996 3613 non
1031 3559 1157 3614 sine
1209 3559 1439 3615 mendis
1496 3559 1825 3633 exscriptus

176 3642 287 3701 fuit.
319 3648 699 3721 Quaecunque
729 3647 993 3720 opera‘in
1024 3647 1134 3703 hoc
1175 3664 1286 3704 ms.
1321 3649 1585 3722 exemplo
1637 3651 1821 3706 centi-

176 3738 385 3806 nentur,
405 3744 542 3811 post
559 3737 795 3795 tertiam
819 3737 1078 3793 Ratherii
1105 3738 1536 3795 restitutionem
1567 3739 1627 3794 in
1651 3756 1824 3796 suam

174 3821 549 3884 Veronensem
586 3826 930 3883 cathedram
962 3826 1272 3883 lucubrata
1301 3827 1821 3900 deprehendimus.

176 3911 309 3969 Nihil
339 3915 399 3971 in
430 3917 544 3973 hoc
564 3915 837 3989 exemplo
858 3916 1153 3973 invenitur
1176 3916 1331 3989 quod
1352 3917 1424 3972 ab
1446 3915 1689 3973 Acherio
1707 3917 1825 3973 edi-

176 4003 281 4057 tum
311 4020 424 4062 non
453 4005 655 4063 fuerit.

234 4091 363 4148 XIV.
397 4096 486 4150 Ad
519 4095 687 4152 idem
714 4110 951 4167 quoque
988 4099 1224 4169 tempus
1277 4096 1569 4168 pertinent
1623 4096 1824 4153 omnia

178 4192 283 4248 quae
312 4182 366 4238 in
401 4201 514 4241 ms.
550 4180 708 4241 libro
742 4183 1103 4257 Frisingcnsi
1163 4184 1599 4241 describuntur.
1634 4185 1821 4254 Hunc,

176 4284 327 4339 quem
342 4275 858 4349 septingentorum
881 4291 1169 4330 annorum
1183 4291 1312 4330 esse
1332 4264 1671 4331 tcstatur.P.
1694 4276 1822 4345 Pez,
1850 4297 1855 4301 ·

174 4356 363 4435 Joseph
387 4362 781 4441 Frisingellus
801 4362 1104 4437 presbyter
1131 4363 1557 4430 Roboretanus,
1576 4365 1823 4438 eptima—

177 4463 284 4505 mm
307 4450 640 4510 litterarum
665 4452 1167 4520 studiosissimus,
1191 4453 1335 4508 dum
1358 4446 1638 4527 Frisingae
1663 4456 1818 4528 apud

177 4538 405 4599 amicum
430 4560 613 4601 suum
639 4542 1060 4615 hospitaretur,
1095 4543 1299 4598 eodem
1332 4540 1619 4613 adjutore,
1648 4548 1821 4615 prout

176 4625 308 4685 brevi
336 4634 527 4706 spatio
554 4632 747 4700 licuit,
765 4631 1071 4705 celebriter
1091 4632 1537 4688 exscribendum
1570 4633 1815 4689 curavit.

176 4713 241 4770 Ex
265 4717 996 4815 hoc-autem‘apographo,
1032 4722 1193 4815 quod
1224 4721 1405 4815 nobis
1425 4728 1636 4796 praesto
1685 4723 1815 4791 fuit,
1846 4749 1895 4815 Β

176 4811 849 4887 mgnovimus,pleraque
868 4827 1007 4867 sane
1030 4828 1157 4884 qua:
1180 4811 1238 4867 in
1261 4809 1620 4885 Frisingensi
1639 4812 1817 4869 centi-

176 4903 378 4969 nentur,
410 4902 572 4959 edita
606 4900 796 4959 fuisse
826 4901 1043 4975 partim
1076 4901 1148 4958 ab
1176 4900 1441 4969 Acherio,
1471 4901 1573 4974 qui
1612 4903 1816 4959 eadem

177 4983 223 5039 in
252 5003 349 5045 ms.
382 4990 769 5048 Lauduuensi
804 4996 1015 5047 nactus
1037 4990 1246 5057 fuerat,
1266 4990 1483 5064 partim
1507 5008 1541 5046 a
1576 4990 1817 5047 laudato

178 5070 226 5127 Ρ.
252 5074 369 5134 Pez.
392 5083 462 5136 At
481 5080 758 5155 quinque
780 5078 1087 5153 opuscula,
1108 5096 1236 5152 quae
1258 5081 1527 5136 nendum
1546 5080 1603 5134 in
1622 5080 1814 5136 lucem

178 5166 499 5239 prodierant,
534 5171 766 5227 ibidem
812 5168 1172 5237 invenimus,
1198 5169 1481 5225 nimirum
1537 5170 1816 5225 Decretum

177 5252 227 5305 de
248 5257 446 5315 clericis
473 5261 542 5316 ab
575 5262 839 5317 invasere
880 5258 1168 5328 ordinatis,
1202 5259 1350 5316 duos
1398 5263 1685 5316 tractatus
1740 5259 1817 5315 De

175 5351 363 5417 proprio
402 5352 590 5422 lapsu,
623 5355 685 5406 et
721 5354 798 5405 De
854 5363 1107 5405 sermone
1162 5351 1336 5405 otioso
1368 5367 1386 5415 ;
1418 5364 1484 5404 ac
1515 5365 1817 5404 sermones

180 5431 315 5504 deos,
348 5450 535 5509 unum
567 5441 646 5495 De
704 5439 1036 5505 Pentecoste,
1070 5437 1249 5493 alium
1282 5440 1357 5493 De
1389 5439 1562 5493 Maria
1593 5446 1644 5492 ot
1673 5439 1816 5493 illar-

183 5520 268 5578 lha.
291 5525 427 5585 Cum
460 5546 644 5603 porro
672 5545 744 5584 ex
776 5527 839 5582 P.
871 5526 1165 5583 Bcrnardo
1196 5528 1305 5583 Pez
1335 5527 1720 5583 didicerimus
1754 5529 1814 5583 in

184 5607 374 5673 laudate
399 5619 599 5675 codice
630 5615 883 5689 reperiri
903 5615 1081 5672 etiam
1104 5616 1464 5690 opusdulum
1486 5618 1560 5673 De
1580 5619 1817 5674 transla-

185 5704 296 5761 fww
317 5712 554 5782 corporis
586 5710 647 5766 S.
681 5706 968 5775 Meti-onis,
996 5706 1168 5777 cujus
1226 5707 1622 5779 fragmentum
1684 5712 1813 5763 tan-

188 5793 1400 5868 tmnmodemtmonuimus,Bartholomaeus
1421 5796 1817 5869 Campagnola

1935 3468 2152 3527 mirum
2182 3471 2361 3527 dictu!
2390 3476 2599 3544 praeter
2619 3489 2687 3526 ea
2708 3488 2897 3543 pauca
2923 3488 3052 3542 quae
3073 3468 3332 3540 vulgavit
3347 3467 3593 3523 Bartho~

1933 3559 2175 3616 lomaeus
2205 3560 2621 3633 Campagnola,
2656 3559 2802 3614 nihil
2834 3558 3089 3630 reperire
3117 3556 3304 3611 licuit.
3338 3554 3451 3610 Sed
3495 3553 3593 3612 ille

1934 3649 2105 3704 tertio
2136 3649 2368 3703 Verona
2397 3648 2706 3712 decedens,
2738 3647 2856 3702 huc
2888 3640 3144 3718 amplius
3173 3659 3290 3699 non
3324 3660 3587 3701 reversu-

1937 3754 2059 3801 rus,
2093 3754 2201 3794 sua
2226 3754 2400 3810 opera
2428 3754 2626 3793 secum
2659 3736 2891 3792 videtur
2910 3733 3213 3792 detulisse.

2005 3826 2147 3883 XVI.
2180 3826 2326 3882 Cum
2360 3844 2493 3883 vero
2525 3826 2583 3882 in
2617 3843 2790 3882 suum
2826 3825 3111 3883 Lobiense
3142 3824 3496 3891 cmnobium,
3532 3824 3591 3881 in

1929 3920 2049 3988 ’quo
2082 3917 2469 3974 monasticam
2501 3917 2680 3973 vitam
2712 3917 3013 3990 professus
3060 3916 3269 3983 fuerat,
3295 3930 3423 3971 sese
3483 3913 3597 3969 ali-

1935 4006 2171 4079 quando
2203 4007 2505 4079 receperit,
2530 4006 2807 4080 pleraque
2833 4004 3025 4080 ipsius
3045 4022 3222 4079 opera
3241 4005 3301 4059 in
3328 4002 3596 4076 ejusdem

1933 4096 2276 4152 monasterii
2309 4097 2610 4154 codicibus
2642 4097 2947 4153 inventum
2978 4096 3051 4151 iri
3082 4094 3492 4169 sperabamus,
3526 4110 3597 4149 ex

1932 4185 2150 4258 quibus
2180 4186 2560 4258 potissimum
2591 4186 2932 4242 eorumdem
2960 4201 3203 4258 operum
3237 4182 3597 4240 mentionem

1928 4276 2155 4331 faciunt
2186 4275 2508 4333 Fulcuinus
2539 4276 2723 4330 abbas
2745 4271 3397 4342 Lobiensis,Anse1mus
3421 4288 3597 4327 cano-

1933 4365 2101 4421 nicus
2134 4365 2497 4431 Leodiensis,
2520 4363 2860 4435 Sigebcrtus
2879 4359 3319 4416 Gemblacensis
3354 4362 3411 4414 et
3443 4358 3594 4429 Egi-

1930 4454 2064 4511 dius
2090 4454 2160 4511 de
2184 4456 2398 4511 Leodio
2424 4454 2567 4525 [xu].
2586 4453 2703 4507 Ilac
2725 4466 2827 4524 spe
2850 4448 3082 4505 illectus
3114 4445 3376 4503 marchio
3399 4446 3594 4519 Scipio

1932 4542 2217 4610 Mall‘eius,
2248 4542 2347 4615 qui
2381 4543 2532 4598 hanc
2565 4540 3056 4597 Ratherianorum
3102 4538 3356 4611 Operum
3415 4534 3591 4593 colle-

1876 4632 1879 4633 ⁷
1930 4632 2181 4688 ctionem
2204 4632 2456 4687 maxime
2477 4632 2801 4703 expetebat,
2832 4628 3129 4685 eruditum
3156 4628 3265 4683 iter
3289 4626 3588 4699 Belgicum
3634 4668 3639 4673 η

1930 4739 2130 4795 agens,
2163 4738 2196 4777 a
2228 4719 2716 4777 reverendissime
2774 4717 3097 4776 Theodulfo
3147 4717 3378 4783 abbate,
3412 4731 3589 4788 quem

1930 4809 2135 4867 Laubii
2162 4812 2379 4867 frustra
2409 4810 2718 4883 quaesitum
2744 4806 3029 4866 Bruxellis
3051 4806 3285 4880 reperit,
3309 4806 3487 4861 etiam
3505 4810 3591 4859 at-

1929 4916 2043 4972 que
2074 4900 2248 4957 etiam
2301 4901 2467 4973 petiit
2498 4905 2562 4956 ut
2622 4898 3112 4955 Ratherianerum
3173 4895 3443 4951 codicum
3499 4893 3591 4949 sui

1927 4989 2173 5045 ccenobii
2189 4994 2524 5045 accuratam
2543 4987 2811 5044 notitiam
2831 4987 3126 5042 Veronam
3142 4983 3590 5040 transmitteret.

1927 5078 2154 5135 Malieio
2186 5079 2702 5139 autemVeronam
2756 5092 3006 5147 reverso,
3040 5091 3174 5130 cum
3232 5072 3592 5129 ineditorum

1926 5167 2259 5241 exemplum
2320 5167 2609 5241 prmeipue
2638 5165 3072 5223 desideraretur
3109 5163 3484 5235 vulgatorum
3538 5166 3596 5219 et

1924 5275 2127 5314 eorum
2160 5275 2287 5330 quae
2321 5275 2389 5314 ex
2420 5256 2781 5329 Frisingensi
2813 5254 3011 5311 codice
3042 5253 3306 5309 nondum
3354 5248 3593 5322 vulgata

1925 5347 2294 5405 habebamus
2325 5348 2384 5402 in
2416 5345 2713 5409 manibus,
2737 5343 2991 5399 indicem
3016 5343 3087 5397 ad
3111 5340 3385 5397 eumdem
3408 5337 3591 5394 abba-

1924 5443 2043 5493 tem
2077 5437 2376 5502 misimus,
2412 5440 2493 5502 ut,
2529 5432 2778 5505 cognitis
2811 5448 2938 5504 quae
2969 5430 3139 5486 nobis
3172 5431 3349 5502 praete
3399 5428 3585 5491 erant,

1925 5545 1994 5583 ea
2024 5546 2152 5601 qua:
2209 5528 2483 5581 deessent
2542 5520 2696 5577 facili
2754 5519 2986 5591 negotio
3035 5515 3289 5574 discerni
3322 5516 3586 5601 possent,

1924 5595 2247 5688 eademque
2281 5617 2346 5669 ut
2365 5610 2679 5683 diligenter
2708 5607 3243 5665 transcriberentur
3271 5595 3591 5688 postulavi-

1927 5724 2082 5765 mus.
2104 5684 2325 5761 verum
2359 5716 2494 5755 cum
2526 5697 2862 5752 incendium
2897 5691 3039 5748 olim
3068 5695 3179 5749 hoc
3210 5684 3437 5744 celebre
3468 5698 3593 5736 mo-

1927 5794 2252 5852 nasterium
2283 5790 2594 5851 vastasset,
2618 5784 2816 5856 plures
2847 5781 3076 5835 codices
3108 5766 3446 5834 consumi“i
3484 5782 3496 5817 ε
3533 5780 3599 5819 ac
