3968 6420
326 439 419 533 ie

1286 443 1740 515 RATHERIUS
1788 446 2278 513 VERONENSIS
2322 443 2777 513 EPISCOPUS.

3663 438 3743 508 20

327 580 573 656 proinde
585 577 755 655 pauci
773 579 1091 639 admodum
1108 581 1390 639 Minoritaa
1413 584 1721 656 cujusdam
1739 582 1981 655 diligen-
2009 583 2066 651 Α
2095 582 2274 639 stolas
2301 582 2558 640 Ratherii
2580 582 2856 649 continet,
2883 597 3030 655 quas
3052 576 3529 654 Chapeauvillius
3546 575 3745 652 vulga-

327 671 411 739 tia
442 688 472 727 e
503 671 761 727 ﬂammis
791 671 1062 727 subducti
1096 677 1433 743 supersunt,
1452 679 1516 729 ut
1534 672 1813 729 Antonius
1831 673 1980 728 San-

329 761 509 817 derus
534 759 776 816 tradidit
796 760 1076 832 (Biblioth.
1104 762 1331 829 Belgio,
1356 777 1486 834 pag.
1507 762 1654 832 293).
1690 760 1865 816 Plura
1888 760 1982 816 ille

331 850 688 921 transcripta
717 848 898 915 misit,
929 850 1078 904 inter
1108 867 1237 921 quas
1269 851 1382 904 duo
1437 855 1669 906 tantum
1723 850 1982 905 Ratherii

331 955 509 1013 opera
528 937 790 993 nondum
811 937 1342 1011 vulgataexhibuit,
1360 939 1641 995 nimirum
1654 955 1982 995 sermonem

330 1029 408 1085 De
453 1044 611 1085 coena
665 1029 906 1095 Domini,
941 1031 998 1082 et
1026 1027 1242 1083 librum
1302 1028 1667 1099 Confessionis
1716 1028 1982 1099 ejusdem

333 1116 595 1174 Ratherii
629 1133 642 1172 :
677 1120 885 1173 caetera
913 1132 1067 1184 vero,
1096 1134 1224 1189 qua:
1255 1116 1432 1172 simul
1490 1117 1842 1188 accepimus,
1876 1116 1984 1171 etsi

333 1210 507 1262 antea
534 1204 709 1273 edita,
741 1204 1123 1260 emendandis
1154 1208 1348 1260 tamen
1405 1203 1629 1278 aliquot
1658 1206 1802 1260 locis
1853 1222 1985 1278 pro-

335 1294 592 1350 fuerunt.

407 1382 579 1439 XVII.
600 1383 717 1439 Hac
736 1399 871 1439 vero
892 1382 1197 1454 diligentia
1223 1399 1338 1438 non
1381 1384 1657 1452 contenti,
1691 1400 1826 1439 cum
1856 1382 1989 1440 lau-

343 1473 480 1529 dato
511 1471 722 1529 comite
751 1472 977 1529 Joanne
1009 1471 1272 1544 Baptista
1301 1472 1373 1527 de
1402 1471 1655 1529 Veritate
1677 1473 1907 1545 egimus
1927 1477 1992 1528 ut

343 1559 897 1617 reverendissimum
917 1561 1189 1616 abbatem
1205 1560 1449 1616 Paulum
1468 1562 1545 1616 du
1562 1562 1820 1634 Bois,qui
1840 1562 1924 1618 Th
1934 1579 1991 1616 e-

346 1648 545 1705 odulfo
578 1654 900 1705 memorato
923 1648 1313 1717 successit,ad
1340 1666 1553 1705 novum
1576 1655 1632 1705 et
1652 1649 1993 1723 diligentius

349 1736 726 1793 Lobiensium
750 1737 1018 1792 codicum
1043 1752 1282 1792 examen
1308 1753 1412 1809 per
1442 1736 1667 1793 litteras
1698 1738 1993 1793 excitaret.

350 1825 573 1882 Annuit
605 1826 759 1881 idern
792 1826 995 1892 abbas,
1024 1829 1083 1880 et
1114 1829 1247 1897 post
1274 1825 1622 1881 exactiorem
1654 1826 1995 1899 inquisitio-

346 1930 480 1970 nem
502 1913 802 1986 rescripsit
821 1914 935 1969 tria
960 1930 1117 1969 nunc
1139 1915 1541 1986 manuscripta
1561 1915 1914 1988 exemplaria
1936 1916 1993 1971 in

349 2019 418 2059 ea
449 2002 807 2058 bibliotheca
835 2001 1097 2074 reperiri,
1134 2018 1261 2075 quae
1292 2002 1490 2074 aliqua
1538 2004 1795 2059 Ratherii
1828 2022 2005 2077 opera

352 2090 675 2161 continent.
704 2090 893 2146 Unum
926 2090 988 2146 in
1020 2089 1177 2157 folio,
1200 2106 1268 2145 ex
1290 2107 1404 2162 quo
1427 2092 1538 2147 sub
1568 2092 1890 2149 'I‘heodulfo
1911 2093 2012 2147 ab-

354 2180 492 2236 bate
521 2178 850 2251 exscriptus
882 2178 992 2233 fuit
1020 2178 1311 2235 indicatus
1361 2196 1554 2236 sermo
1600 2183 1674 2236 De
1705 2197 1852 2237 cwna
1906 2184 2010 2237 Do-

357 2270 519 2325 mini.
555 2267 668 2323 Iste
698 2271 897 2324 autem
928 2266 1107 2324 codex
1138 2267 1234 2323 ille
1264 2274 1352 2324 est
1400 2268 1501 2340 qui
1530 2268 1699 2341 plura
1752 2269 2012 2325 continet

359 2360 700 2414 sanctorum
734 2361 1059 2430 martyrum
1093 2360 1240 2423 acta,
1265 2362 1321 2413 et
1351 2357 1465 2413 alia
1492 2357 1773 2415 nonnulla
1799 2360 1869 2415 ad
1901 2358 2015 2414 Ve-

358 2462 564 2503 ronam
593 2444 978 2519 pertinentia:
1005 2461 1259 2517 eumque
1281 2446 1331 2503 is
1355 2446 1612 2503 Ratherii
1634 2464 1809 2502 manu
1833 2448 2014 2519 scrip-

355 2539 454 2592 tus
466 2535 935 2603 crederetur,non
952 2535 1374 2607 defueruntqui
1393 2535 1730 2592 Ratherium
1746 2554 2021 2609 quorum-

357 2624 494 2680 dam
536 2624 712 2680 etiam
740 2628 1003 2679 actorum
1053 2625 1495 2696 suspicarentur
1550 2631 1869 2682 auctorem.
1904 2627 2019 2682 Nos

355 2727 500 2769 vero
530 2712 638 2769 etsi
663 2712 857 2784 ipsum
889 2713 1149 2769 codicem
1180 2713 1487 2785 inspicere,
1508 2713 2021 2786 eharacteremque

361 2817 499 2857 cum
512 2799 991 2873 Ratheriano,qui
1013 2800 1072 2855 in
1096 2800 1393 2874 aliquibus
1410 2803 1650 2874 capituli
1671 2803 2022 2859 Veronensis

364 2886 651 2962 exemplis
699 2894 894 2945 certus
939 2890 1362 2962 (xijatherii
1395 2890 1695 2946 character
1740 2881 1855 2959 est,
1885 2910 2020 2947 con-

368 2978 519 3035 ferre
548 2978 922 3051 nequivimus
948 2996 962 3046 ;
986 2996 1122 3034 eum
1143 2983 1337 3035 tamen
1361 2997 1538 3035 manu
1560 2979 1745 3052 ipsius
1767 2980 2023 3053 episcopi

369 3072 673 3124 exaratum
702 3066 1164 3140 haudquaquam
1200 3073 1497 3140 putamus.
1532 3071 1673 3124 Acta
1706 3075 1857 3124 certe
1890 3088 2023 3125 san-

371 3159 603 3211 ctorum
633 3154 811 3211 Firmi
840 3161 898 3211 et
928 3156 1170 3222 Rustici,
1207 3162 1263 3212 et
1292 3157 1576 3212 nonnulla
1596 3158 1712 3213 alia
1768 3175 1896 3231 quae
1951 3159 2023 3213 ad

373 3244 664 3300 Veronam
696 3248 981 3317 spectant,
1006 3260 1123 3300 non
1155 3245 1517 3313 Rathcrium,
1546 3247 1649 3302 sed
1673 3246 1818 3303 alios
1851 3252 2025 3319 atque

2090 670 2190 737 vit,
2214 686 2317 725 nec
2350 687 2464 725 non
2498 669 2657 725 illam
2681 670 2752 724 ad
2784 669 3072 725 Patricum
3088 670 3161 723 ab
3174 668 3417 724 Acherio
3436 666 3746 732 editam,et

2091 757 2265 815 aliam
2298 759 2370 815 ad
2401 775 2605 813 omnes
2633 758 2854 824 fideles,
2883 774 3062 830 quam
3094 773 3165 813 ex
3193 756 3303 812 hoc
3332 755 3745 812 eodemcodice

2093 848 2197 903 PP.
2232 849 2488 903 Martene
2518 852 2576 903 et
2605 848 2917 902 Durandus
2948 846 3317 918 impressere.
3336 845 3438 900 Hic
3461 860 3635 917 porro
3657 861 3746 899 co-

2093 938 2201 992 dex
2234 942 2441 1010 prazler
2474 937 2755 991 ineditum
2789 935 3006 991 librum
3058 935 3447 1006 Confessionis,
3482 949 3747 988 reveren-

2093 1026 2323 1081 dissimi
2356 1024 2541 1080 Patris
2573 1025 2803 1081 abbatis
2819 1023 2976 1079 Pauli
2995 1024 3072 1079 du
3092 1023 3225 1079 Bois
3250 1022 3572 1095 diligentia,
3589 1020 3746 1078 aliud

2096 1115 2384 1170 ineditum
2406 1114 2759 1186 opusculum
2776 1112 3187 1186 suppeditavit,
3207 1113 3488 1167 nimirum
3513 1110 3753 1166 Phrene-

2098 1207 2223 1275 sim,
2256 1221 2380 1276 quas
2409 1202 2552 1258 olim
2585 1220 2619 1258 a
2649 1202 2958 1268 Fulcuino,
2992 1208 3194 1275 postea
3222 1218 3357 1257 vero
3386 1201 3459 1257 ab
3499 1200 3752 1255 Antonio

2097 1293 2356 1350 Sandero
2379 1292 2620 1348 laudata
2652 1293 2935 1364 (Biblioth.
2968 1292 3197 1360 Belgic.,
3223 1307 3280 1362 p.
3304 1291 3456 1357 303),
3498 1288 3558 1344 in
3600 1289 3752 1344 desi-

2098 1382 2255 1438 derio
2303 1384 2444 1437 erat.
2477 1382 2560 1437 Ex
2618 1381 2907 1437 hactenus
2964 1379 3137 1436 dictis
3193 1394 3399 1435 novem
3457 1394 3587 1435 esse
3619 1377 3755 1450 [xxv]

2101 1469 2358 1527 Ratherii
2389 1468 2695 1543 opuscula,
2725 1486 2852 1541 quae
2882 1468 2940 1523 in
2974 1468 3083 1524 hac
3115 1466 3457 1524 collectione
3498 1467 3755 1539 primum

2101 1558 2290 1615 lucem
2317 1558 2617 1631 aspicient,
2641 1558 3002 1630 exploratum
3035 1562 3144 1612 est.

2171 1647 2505 1703 XVIII.Alia
2535 1664 2667 1703 vero
2691 1663 2943 1719 quorum
2976 1645 3238 1718 aliquam
3264 1645 3420 1718 apud
3443 1644 3759 1717 scriptores

2105 1736 2460 1793 mentionem
2493 1737 2848 1805 invenimus,
2881 1751 3234 1809 quacunque
3254 1733 3561 1807 diligentia
3591 1733 3759 1790 adhi-

2103 1826 2226 1881 bita
2256 1824 2464 1881 nullibi
2499 1826 2749 1897 reperire
2779 1824 2963 1880 licuit.
2986 1828 3205 1879 Horum
3219 1828 3416 1879 autem
3431 1822 3760 1879 recensioin

2108 1915 2216 1970 hac
2249 1914 2583 1986 prmfatione
2617 1914 2774 1969 haud
2813 1914 3149 1969 omittenda
3178 1916 3434 1984 est.lpse
3465 1911 3779 1968 Ratherius

2119 2004 2177 2059 in
2210 2003 2380 2076 epist.
2408 2005 2467 2070 3,
2500 2004 2571 2059 ad
2605 2003 2947 2058 Rotbertum
2984 2001 3512 2075 archiepiscopum,
3534 2016 3706 2056 num.
3731 2001 3780 2068 1,

2120 2093 2478 2166 opusculum
2505 2097 2794 2148 memorat
2822 2093 2926 2149 abs
2943 2108 3004 2147 se
3022 2090 3304 2164 scriptum
3327 2094 3645 2161 antequam
3659 2089 3780 2163 epi-

2124 2199 2339 2254 scopus
2370 2182 2553 2247 tieret.
2580 2198 2695 2254 quo
2718 2180 3245 2237 Mcdiolanensium
3271 2178 3688 2253 quetiunculis
3706 2195 3786 2235 re-

2124 2270 2445 2343 sponditiis
2468 2269 2564 2341 pla
2579 2286 2651 2325 ne
2665 2269 2961 2325 similibus
2977 2286 3123 2341 quas
3138 2269 3452 2325 Rotbertus
3464 2284 3785 2341 proposue-

2124 2363 2234 2415 rat.
2267 2360 2381 2415 Has
2413 2360 2484 2414 ad
2516 2359 2758 2430 profana
2791 2357 2992 2414 studia
3024 2358 3400 2431 pertinuisse,
3433 2357 3602 2429 queis
3657 2361 3790 2429 pcst

2125 2448 2531 2521 episcopatum
2571 2448 3024 2513 renuntiaverat,
3059 2444 3327 2521 colligere
3358 2445 3557 2502 licebit
3587 2461 3659 2501 ex
3690 2462 3789 2501 ca-

2129 2539 2268 2593 dem
2295 2536 2561 2609 cpistola,
2596 2536 2655 2592 in
2690 2553 2867 2608 quam
2899 2536 3029 2592 vide
3060 2536 3389 2592 notationes
3431 2538 3707 2608 quartam
3738 2538 3792 2591 ct

2132 2626 2420 2699 quintam.
2454 2626 2617 2681 Aliud
2646 2627 2901 2681 volumen
2931 2625 3132 2680 laudat
3160 2625 3308 2680 iibro
3359 2630 3520 2680 sexto
3581 2623 3790 2679 Prasio-

2134 2716 2426 2785 quiorum,
2461 2732 2587 2788 cap.
2609 2717 2665 2783 7,
2688 2713 2745 2769 in
2771 2716 2920 2786 qood
2952 2714 3265 2785 cujusdam
3297 2712 3628 2786 philosophi
3659 2730 3790 2769 sen-

2130 2804 2373 2860 tentiam
2406 2804 2750 2860 inseruerat.
2781 2803 2897 2859 Hoc
2929 2807 3125 2859 autem
3162 2818 3307 2858 num
3358 2802 3514 2857 idem
3547 2800 3625 2857 sit
3654 2818 3789 2857 eum

2132 2892 2512 2964 praecedenti,
2541 2910 2615 2948 an
2674 2891 3020 2947 distinctum
3078 2895 3135 2946 et
3184 2907 3348 2963 eque
3393 2889 3792 2963 deperditum,

2134 2999 2251 3037 non
2284 2980 2496 3053 liquet.
2530 2981 2610 3037 De
2638 2979 3041 3036 voluminibus
3070 2979 3378 3036 duodecim
3406 2996 3534 3051 quas
3588 2984 3795 3034 auctor

2135 3074 2420 3125 memorat
2446 3070 2503 3124 in
2530 3068 2809 3141 prowmio
2824 3070 2893 3123 ad
2919 3068 3426 3135 Phrenesim,vide
3447 3085 3576 3139 qua:
3600 3067 3793 3123 fusius

2135 3158 2671 3215 animadvertemus
2703 3159 2762 3214 in
2791 3157 2924 3213 Vita
2953 3158 3244 3229 ejusdem,
3278 3159 3309 3229 ξ
3341 3158 3426 3224 10,
3460 3173 3603 3212 num
3665 3159 3757 3213 6t.

2208 3248 2344 3303 Xlx.
2379 3246 2701 3303 Fulcuinus
2731 3248 2802 3303 de
2832 3247 3026 3304 Gcstis
3056 3246 3341 3302 abbatum
3389 3246 3795 3314 Lobiensium,

376 3330 525 3388 alios
554 3332 773 3389 habent
802 3338 1090 3389 auctores.
1114 3334 1339 3389 Etenim
1364 3333 1465 3388 illa
1496 3341 1624 3390 acta
1642 3334 1701 3390 in
1725 3334 1857 3390 aliis
1879 3317 2022 3407 quo-
2055 3317 2099 3383 (ἶ
2138 3354 2263 3409 cap.
2295 3338 2385 3400 20,
2421 3336 2681 3393 Ratherii
2712 3354 2861 3409 opus
2894 3336 2975 3391 De
3005 3339 3127 3391 arte
3156 3335 3544 3408 grammatica
3590 3336 3795 3408 Spara~

376 3438 491 3494 que
523 3421 793 3478 Ratherio
825 3423 1242 3479 vetustioribus
1288 3423 1586 3479 codicibus
1635 3425 2022 3496 reperiuntur.

374 3511 435 3569 S.
488 3510 735 3567 Zenonis
794 3510 1145 3568 Veronensis
1196 3511 1452 3583 episcopi
1507 3512 1636 3567 Vita
1666 3530 1699 3567 a
1741 3513 2025 3568 Coronato

375 3599 625 3666 notario,
649 3600 750 3671 qui
784 3599 1125 3656 Ratherium
1148 3600 1379 3655 duobus
1397 3600 1603 3657 saltem
1629 3601 1859 3658 szeculis
1882 3620 2025 3674 pra:-

375 3685 571 3753 cessit,
603 3686 821 3758 scripta
849 3687 976 3741 fuit.
999 3687 1157 3742 Idem
1180 3689 1493 3744 dicendum
1524 3690 1595 3745 de
1627 3689 1901 3761 rhythmo
1925 3690 2025 3762 qui

373 3773 616 3830 Verona:
645 3772 851 3829 laudes
873 3775 1138 3842 praefert;
1165 3775 1235 3830 ab
1258 3794 1546 3849 anonymo
1567 3778 1743 3841 enim,
1764 3780 1864 3850 qui
1887 3781 2024 3850 Pip-

375 3861 500 3937 pini
520 3860 695 3917 Italis:
718 3860 870 3933 regis
891 3867 1055 3917 astate
1080 3862 1596 3929 vixit,lucu'oratus
1618 3868 1743 3921 fuit.
1760 3869 2025 3939 ejusdem

374 3950 608 4026 generis
635 3953 693 4007 et
722 3949 907 4005 {etatis
937 3966 1066 4006 esse
1094 3951 1325 4007 videtur
1356 3952 1733 4026 icnographia
1761 3957 2023 4027 ejusdem

374 4038 561 4107 urbis,
586 4055 713 4111 qua:
731 4037 842 4110 ipsi
866 4038 1139 4111 rhythmo
1171 4040 1566 4111 subjicitur,et
1585 4060 1618 4098 a
1637 4044 1803 4102 Joan.
1828 4045 2026 4117 Bapti-

375 4132 469 4185 sta
503 4126 832 4183 Biancolino
857 4145 924 4183 ex
955 4129 1156 4183 eodem
1189 4129 1385 4185 codice
1408 4132 1741 4203 nuperrime
1764 4134 1919 4189 edita
1939 4138 2027 4189 est

374 4216 472 4291 (De
501 4219 709 4273 vescovi
736 4232 766 4274 ε
793 4220 1144 4287 governatori
1195 4219 1255 4274 di
1317 4221 1578 4288 Vernona,
1612 4238 1743 4292 pag.
1794 4224 1905 4289 55).
1939 4223 2024 4277 Si-

373 4304 595 4361 militer
611 4304 894 4377 opuscula
906 4308 962 4360 et
983 4310 1112 4361 acta
1134 4305 1312 4378 hujus
1329 4308 1560 4379 generis
1579 4307 1693 4363 alia
1709 4307 1795 4364 vel
1813 4326 1879 4365 ex
1898 4310 2024 4382 ipso

372 4392 525 4466 style
556 4412 587 4450 a
615 4393 888 4451 Ratherio
919 4394 1197 4463 aliena,et
1218 4396 1275 4450 in
1309 4395 1440 4451 aliis
1460 4396 1718 4469 antiquis
1741 4399 2024 4471 exemplis

372 4483 626 4551 inventa,
662 4487 837 4554 atque
866 4484 1044 4539 etiam
1078 4484 1231 4556 typis
1264 4485 1571 4557 impressa,
1601 4504 2021 4543 amanuensem

373 4568 648 4625 Ratherio
681 4586 991 4641 supparem
1021 4573 1297 4641 referunt,
1330 4573 1419 4628 cui
1449 4591 1581 4629 cum
1616 4575 1872 4631 Ratherii
1898 4594 2023 4631 ser-

2135 3427 2357 3483 dorsum
2387 3426 2736 3498 inscriptum
2760 3425 3017 3497 itemque
3040 3424 3408 3495 deperditum
3434 3439 3794 3480 commemo-

2137 3520 2246 3582 rat,
2280 3516 2448 3586 cujus
2479 3513 2769 3570 scribendi
2798 3512 2991 3569 locum
3011 3518 3068 3568 et
3095 3512 3459 3570 occasionem
3494 3513 3684 3568 refert
3703 3512 3795 3568 his

2134 3604 2327 3659 verbis
2353 3620 2402 3657 ;‹‹
2421 3603 2566 3658 Cum
2590 3603 2648 3657 in
2685 3620 2752 3659 ea
2791 3609 2953 3674 parte
2990 3600 3797 3674 BurgundiazquaaProvincia

2134 3692 2349 3748 dicitur
2378 3693 2741 3757 mansitaret,
2770 3691 2955 3747 filium
3011 3690 3324 3762 cujusdam
3365 3689 3473 3745 viri
3507 3688 3793 3746 ditissimi

2136 3781 2372 3837 nomine
2405 3781 2799 3851 Roestangum
2834 3780 2904 3834 ad
2938 3779 3323 3835 imbuendum
3345 3777 3554 3834 litteris
3585 3784 3794 3851 postu-

2134 3869 2288 3925 latus
2319 3870 2569 3941 recepit;
2604 3870 2677 3924 ad
2709 3885 2882 3940 quem
2905 3868 3122 3924 librum
3158 3868 3228 3923 de
3260 3872 3383 3923 arte
3405 3868 3795 3939 grammatica

2134 3958 2502 4029 conscripsit,
2538 3973 2710 4029 quem
2740 3956 2956 4012 librum
2990 3956 3290 4028 gentilitio
3322 3955 3598 4028 loquendi
3631 3973 3795 4013 more

2136 4046 2538 4119 Sparadorsum
2570 4044 2810 4101 vocavit.
2841 4062 2945 4117 pro
2975 4062 3042 4101 eo
3073 4046 3225 4118 quod
3259 4045 3359 4117 qui
3416 4044 3634 4100 scholis
3694 4064 3792 4102 as-

2136 4139 2430 4191 suesceret
2463 4134 2768 4207 puerulus,
2800 4135 3041 4190 dorsum
3076 4151 3109 4189 a
3140 4134 3339 4206 ﬂagris
3369 4150 3598 4189 servare
3658 4152 3795 4207 pos-

2134 4228 2239 4279 set.
2279 4246 2304 4272 ››
2336 4224 2501 4296 Apud
2547 4223 2856 4279 Acherium
2907 4222 3156 4279 habetur
3213 4223 3611 4295 Speradorsum
3668 4224 3795 4279 Me-

2133 4312 2248 4368 lius
2279 4311 2549 4368 Valerius
2605 4313 2870 4367 Andreas
2903 4312 2959 4366 in
2993 4310 3352 4367 Bibliotheca
3408 4327 3552 4366 mss.
3610 4310 3796 4383 Belgii

2133 4407 2273 4456 tom.
2303 4403 2355 4467 1,
2384 4417 2516 4471 pag.
2541 4402 2667 4466 303,
2691 4405 2749 4456 et
2779 4400 3067 4456 Aubertus
3091 4400 3320 4455 Mirmus
3352 4400 3411 4454 in
3444 4398 3687 4455 scholiis
3721 4400 3795 4455 ad

2132 4494 2308 4561 caput
2361 4491 2460 4544 127
2492 4489 2777 4562 Sigeberti
2829 4489 2885 4543 in
2947 4487 3214 4544 Fulcuini
3266 4488 3464 4544 codice
3522 4486 3800 4559 legerunt

2133 4578 2533 4649 Sparadorsum
2567 4596 2601 4633 a
2624 4595 2762 4633 voce
2786 4576 3028 4649 antiqua
3050 4576 3395 4651 Germanica
3421 4593 3639 4649 δραι-8η,
3670 4594 3799 4649 quae

374 4672 547 4712 mone
575 4656 845 4751 Dewana
874 4659 1099 4713 Domini
1129 4661 1395 4730 quaedam
1433 4662 1785 4720 Veronensia
1840 4667 2018 4721 docu-
2050 4686 2096 4751 Β
2129 4666 2420 4739 significat
2476 4682 2721 4735 parcere,
2784 4665 2943 4721 Italis
3000 4666 3381 4737 risparmiare,
3432 4668 3498 4720 ut
3556 4666 3797 4721 monuit

372 4748 572 4800 menta
598 4761 633 4799 a
661 4743 936 4800 Ratherio
968 4746 1211 4801 forsitan
1242 4748 1470 4803 Verona
1498 4750 1782 4808 Laubium
1842 4754 2019 4809 allata

371 4833 619 4906 contigit
649 4834 924 4905 reperire,
959 4833 1199 4907 hrecque
1230 4853 1347 4891 una
1389 4855 1523 4893 cum
1584 4841 1712 4896 aliis
1771 4844 2019 4899 aliorum

369 4920 674 4995 opusculis
698 4921 962 4993 Vitisque
993 4927 1329 4979 sanctorum
1364 4926 1421 4979 in
1447 4927 1643 4983 codice
1692 4930 2021 4987 describere

372 5009 429 5083 pl
439 5009 929 5065 acuit.Secundus
947 5010 1126 5066 codex
1144 5012 1340 5067 forma:
1360 5013 1602 5070 minoris
1624 5016 1679 5071 in
1702 5023 1908 5089 quarto
1922 5037 2023 5075 sex

373 5096 716 5170 prolixiores
744 5098 1000 5153 Raiherii
1034 5098 1215 5155 libros
1270 5101 1679 5172 complectitur
1707 5106 2020 5179 inscriptos

370 5186 755 5243 Mcditationes
783 5187 979 5252 cordis,
1011 5192 1142 5254 etc.,
1169 5205 1269 5243 seu
1327 5190 1663 5262 Pm’loquia,
1698 5212 1829 5249 cum
1876 5197 2019 5251 dua-

370 5274 483 5332 bus
514 5272 798 5346 epistolis,
818 5292 936 5330 una
957 5276 1027 5331 ad
1058 5274 1371 5332 Widonem
1396 5282 1451 5333 et
1473 5270 1821 5338 Sobbonem.
1842 5283 2024 5341 altera

371 5364 444 5419 ad
476 5362 840 5419 Rotbertum.
874 5380 1000 5436 qua
1028 5364 1225 5420 omnia
1253 5383 1321 5420 ex
1349 5369 1686 5439 apographo
1719 5372 1790 5426 ad
1839 5373 2021 5430 Aehe-

372 5452 526 5506 rium
558 5450 740 5506 misso
782 5451 885 5507 PP.
914 5453 1172 5507 Martene
1193 5456 1250 5508 et
1281 5454 1593 5518 Durandus
1623 5460 1839 5529 publici
1864 5462 2021 5531 juris

370 5539 581 5594 fecisse
611 5540 1073 5596 observavimus.
1102 5541 1341 5596 Librum
1367 5545 1600 5600 tandem
1636 5550 2017 5621 Confessionis,

370 5645 406 5683 a
438 5628 925 5685 reverendissimo
957 5630 1165 5686 abbate
1195 5629 1519 5687 Theodulfo
1542 5640 1864 5708 acceptum,
1888 5654 2022 5694 con-

371 5720 663 5771 servatum
715 5718 1041 5775 deteximus
1069 5719 1124 5773 in
1151 5720 1320 5777 tertio
1347 5722 1562 5788 codice,
1599 5724 1697 5796 qui
1731 5725 1866 5781 item
1899 5726 2018 5799 epi-

2129 4753 2483 4811 Muratorius
2541 4759 2685 4809 tom.
2722 4753 2766 4809 Il
2799 4754 2994 4825 Antiq.
3057 4753 3265 4819 Italic.,
3298 4752 3407 4809 col.
3470 4754 3630 4808 1281.
3678 4755 3800 4811 Hoc

2127 4861 2261 4899 vero
2292 4860 2441 4915 opus
2472 4842 2758 4914 scriptum
2792 4843 2973 4897 fuisse
3013 4841 3327 4913 aliquando
3387 4847 3518 4915 post
3565 4859 3795 4899 annum

2129 4934 2254 4999 940,
2289 4949 2405 5004 quo
2437 4935 2641 4986 auctor
2670 4931 2744 4986 ab
2775 4930 2981 4987 exsilio
3015 4931 3281 4987 Comensi
3315 4930 3544 4987 solutus
3570 4931 3631 4987 in
3655 4932 3798 4987 Pro-

2129 5019 2381 5075 vinciam
2414 5019 2720 5086 successit,
2747 5020 2968 5091 patebit
2988 5036 3057 5074 ex
3085 5019 3350 5076 dicendis
3372 5018 3431 5074 in
3466 5017 3600 5074 Vita
3630 5021 3798 5091 ejus-

2132 5108 2287 5174 dem,
2321 5108 2351 5179 §
2379 5109 2433 5162 6.

2199 5196 2311 5251 XX.
2349 5197 2858 5267 Chronographium
2916 5196 3185 5267 Rulhcrii,
3214 5213 3329 5269 qua
3386 5199 3512 5251 tum
3546 5213 3630 5265 se,
3664 5202 3799 5254 tum

2132 5283 2278 5339 alios
2300 5283 2853 5356 perstringens[xv],
2877 5283 3161 5342 intactum
3186 5285 3447 5341 deseruit
3468 5286 3798 5356 neminem,

2131 5373 2255 5444 ipse
2287 5378 2489 5428 auctor
2521 5373 2753 5428 duobus
2786 5374 2843 5428 in
2875 5375 3152 5446 operibus
3184 5373 3418 5445 allegat,
3441 5373 3716 5432 videlicet
3738 5377 3800 5431 in

2131 5462 2438 5525 Qualitalis
2470 5465 2805 5533 conjectura
2838 5466 3070 5529 num.2,
3095 5466 3153 5517 et
3181 5463 3240 5517 in
3273 5462 3572 5518 itinerario
3622 5480 3798 5521 num.

2130 5554 2477 5606 8.Aubertus
2506 5551 2929 5621 Miraaushujus
2944 5551 3432 5624 Chronographia:
3451 5552 3799 5624 exemplum

2130 5639 2190 5694 in
2220 5639 2519 5695 codicibus
2550 5638 2911 5695 bibliothecae
2957 5639 3393 5696 Gemblacensis
3451 5657 3513 5695 se
3566 5639 3796 5699 vidisse

2129 5727 2307 5782 tradit
2362 5726 2420 5782 in
2482 5727 2716 5784 scholiis
2749 5728 2819 5783 ad
2854 5732 3027 5798 caput
3061 5730 3161 5783 127
3191 5728 3471 5801 Sigeberti
3522 5729 3603 5786 De
3649 5730 3798 5787 viris
