1984 3228
126 217 161 254 ξι

579 221 889 257 PHOLEGOMENA.
906 239 946 248 —
960 223 1170 256 PREFATIO
1192 219 1399 256 BALLERIN.

1811 224 1851 254 22

127 285 307 318 illustribus.
323 286 434 318 Verum
448 297 482 318 ea
495 298 613 326 quoque
629 290 807 320 bibliotheca
825 291 962 320 incendio
974 291 1004 325 Α
1018 292 1057 320 De
1073 299 1192 328 corpore
1206 293 1235 319 et
1249 290 1392 328 sanguine
1408 290 1534 324 Domini,
1557 296 1610 318 nec
1634 297 1692 318 non
1715 288 1794 318 aliud
1811 292 1849 318 Do

128 336 306 371 consumpta
331 334 425 370 huius
439 335 566 372 exempli
586 336 765 364 desiderium
781 336 911 373 reliquit.
929 337 961 365 In

127 379 233 407 itinere
247 379 371 416 quidem
387 379 529 408 litterario
545 381 625 416 quod
639 389 656 408 a
670 381 787 409 duobus
807 382 962 410 monachis

129 424 158 452 S.
176 423 276 462 Mauri
287 423 437 458 habitum,
455 424 575 455 Parisiis
591 425 704 453 editum
728 428 772 454 est
787 435 864 454 anno
881 427 960 463 1717,

128 476 197 497 cum
213 470 282 504 post
296 468 477 498 mentionem
503 470 568 505 ejus
593 470 721 498 incendii
737 471 816 506 quod
839 471 962 508 triginta

129 514 198 542 ante
212 521 307 542 annos
315 522 380 542 eam
392 513 600 542 bibliothecam
607 515 960 552 absumpserat,qua2dam

129 557 263 586 Ratherii
278 566 365 595 opera
380 566 415 586 ex
430 566 464 586 eo
478 562 578 595 erepta
590 560 746 588 tradantur
759 562 835 597 part.
851 569 881 596 ιι,
893 569 959 597 pag.

127 603 193 636 202,
211 611 248 631 ne
263 603 319 631 .cui
343 603 502 640 diligentia
525 612 724 640 parceremus,
741 605 961 633 Gemblacensis

128 646 256 676 coanobii
269 655 454 676 meonomum
469 648 636 684 rogandum
651 649 821 677 curavimus
836 651 868 677 ut
882 650 960 678 vide-

129 693 174 719 ret
186 699 259 720 num
275 691 336 721 hac
351 691 424 721 forte
448 692 689 730 Chronographia
710 694 786 722 inter
809 694 923 722 codices
946 703 961 723 e

128 736 260 772 ﬂammis
285 735 418 766 sublatos
441 737 627 775 reperiretur.
646 738 808 775 Respondit
822 747 890 767 vero
915 740 961 767 die

127 781 164 808 20
178 780 277 811 Martii
291 781 361 810 anni
374 782 440 810 1761
459 782 533 810 nihil
548 783 694 818 ejusmodi
710 783 832 812 inveniri
848 785 960 820 potuis-

128 833 173 854 se.
188 824 314 858 Quidam
331 825 472 862 suspicati
488 830 559 855 sunt
574 827 650 856 hanc
675 828 806 856 Ratherii
831 828 960 857 Chrono-

127 869 285 907 graphiam
296 878 361 899 esse
372 871 506 900 fortassis
517 880 582 904 eam
592 873 766 907 Invectivam,
775 873 861 909 cujus
867 873 963 909 prima

127 914 270 954 periodus
283 914 524 952 chronographum
538 916 681 945 nominat.
698 917 754 946 Sed
771 917 792 945 ii
808 926 901 947 unum
918 919 962 947 In-

126 959 243 1012 o.me
256 959 426 1012 titulumLet
441 960 542 1012 pruna:
559 961 671 1012 periodi
686 961 782 998 prima
790 962 963 999 verbaapud
979 979 1003 1012 Β

128 1003 160 1032 Ρ.
177 1003 361 1037 Ββτιιειτὶυω
377 1004 432 1032 Pez
447 1005 593 1033 viderunt.
610 1006 663 1039 Qui
686 1009 785 1034 autem
801 1007 897 1044 ipsum
914 1009 963 1036 1η-

127 1049 241 1081 υιείίηιε
257 1048 437 1086 opusculum
452 1048 625 1086 leget,quod
642 1050 790 1088 integrum
806 1060 884 1079 nunc
899 1052 964 1080 ede-

128 1094 188 1128 tur,
201 1090 260 1134 hqc
276 1092 313 1121 de
327 1093 358 1121 S.
376 1093 508 1124 Matrona
528 1102 561 1122 ac
576 1095 612 1122 de
635 1095 701 1130 ejus
723 1103 853 1132 corpore,
869 1096 960 1124 Vero-

127 1135 281 1172 nensibus,
298 1139 331 1165 ut
345 1137 530 1171 credebatur,
546 1139 696 1176 subrepto,
706 1148 791 1176 agere
805 1140 959 1176 intelliget,

126 1181 206 1219 quod
220 1180 387 1217 abiudicta
401 1181 647 1219 Chronographizn
662 1183 845 1213 Ratherianm
868 1187 960 1212 matc-

126 1226 169 1254 rie
184 1227 274 1262 atque
288 1227 402 1255 ratione
419 1226 546 1255 maxime
560 1227 831 1268 discrepatﬂonfer
845 1238 909 1266 quae
924 1231 959 1258 de

125 1270 183 1299 hoc
197 1269 284 1309 opere
298 1270 444 1299 addemus
459 1271 488 1299 in
506 1271 583 1300 notis
603 1272 639 1300 ad
666 1272 820 1305 Qualitatis
845 1275 959 1310 conjec-

126 1317 159 1343 tu
163 1323 227 1343 ram
232 1336 240 1343 .

162 1359 235 1389 XXI.
251 1359 387 1397 Extremo
404 1360 583 1399 Veronensis
605 1362 792 1399 episcopatus
817 1366 958 1400 tempore,

127 1412 180 1433 seu
197 1411 277 1435 anno
290 1403 514 1441 968,Rathcrius
528 1406 799 1444 multisexagitatus
807 1408 959 1443 molestiis,

127 1455 199 1477 cum
213 1448 251 1487 ad
265 1446 466 1491 episcopatum
490 1449 699 1479 dimittendum
715 1454 744 1480 et
757 1453 792 1481 ad
818 1453 959 1481 monasti—

128 1501 196 1522 cam
211 1492 305 1521 vitam
313 1494 502 1530 repetendam
508 1503 572 1523 sese
583 1495 961 1531 vehementiusexstimula-

125 1539 192 1566 tum
204 1537 455 1577 pentiretdibrum
472 1539 577 1568 direxit
591 1533 627 1568 ed
637 1540 811 1569 Fulcuinum
822 1543 960 1571 abbatem

127 1581 318 1626 Lobiensem,
335 1591 424 1626 quem
441 1595 455 1608 ‹‹
472 1584 658 1619 praetitulavit
674 1586 820 1621 Conﬂz'clus
830 1587 959 1622 duorum,

124 1634 230 1663 proco
240 1625 324 1663 quod
340 1625 370 1655 in
385 1627 486 1656 eodem
502 1628 670 1665 di5putans,
687 1632 786 1659 utrum
803 1634 959 1660 revertere

125 1674 175 1699 tur
190 1678 295 1706 necne,
316 1671 422 1703 anxius
448 1672 603 1701 ﬂuctuaret
626 1674 771 1708 (l’ulcuin.
788 1675 820 1704 de
841 1676 909 1704 (lost.
926 1677 960 1704 ab
976 1668 998 1700 (ἶ

123 1715 202 1750 Lob.,
218 1723 246 1744 ο.
261 1715 320 1752 28).
338 1727 352 1741 n
369 1716 468 1753 Neque
484 1717 562 1746 hunc
578 1718 686 1747 librum
703 1720 819 1756 uspiam
830 1720 960 1750 invenire

123 1760 291 1798 potuimus.

159 1804 248 1833 XXII.
258 1805 301 1833 Ex
315 1805 450 1842 epistolis
462 1806 591 1836 Ratherii
602 1817 728 1844 quarum
741 1809 841 1846 aliqua
853 1811 961 1839 mentio

125 1851 172 1878 est
187 1849 255 1878 dua:
269 1849 487 1886 desiderantur,
499 1861 557 1880 una
572 1853 608 1880 ad
625 1853 825 1882 Frodoardum
842 1855 963 1883 Remen-

125 1902 201 1927 sem,
219 1900 280 1933 qua
295 1892 331 1922 ad
347 1895 449 1935 ipsum
465 1896 547 1924 misit
563 1896 794 1934 Praaloquiorum
812 1899 913 1934 libros,
932 1902 965 1927 ut

127 1936 272 1967 laudaﬁis
286 1938 448 1968 Fulcuinus
461 1941 551 1970 tradit
563 1943 731 1977 c.20,altera
742 1944 776 1971 ad
795 1944 964 1972 Everaclum

128 1983 308 2021 episcopum
320 1983 390 2020 [xw]
405 1985 624 2021 Leodicensem,
634 1989 721 2024 cujus
736 1988 782 2017 hic
799 1989 827 2017 in
844 1998 964 2026 respon-

129 2027 213 2056 sione
227 2027 308 2056 inter
321 2028 463 2066 epistolas
476 2030 624 2060 afferenda
636 2031 699 2060 loco
707 2032 809 2061 ultimo
819 2034 963 2062 meminit.

129 2072 387 2102 lntereuinedita
402 2073 531 2103 Eutherii
558 2077 702 2113 opuscula
726 2086 790 2114 quae
815 2078 846 2106 P.
871 2079 965 2107 Lucas

130 2115 274 2146 Achar-ius
294 2116 325 2145 in
350 2117 561 2148 elencho‘tomi
579 2121 699 2149 secundi
715 2123 965 2157 commemoravit,

132 2160 249 2190 nullum
265 2161 352 2191 nobis
368 2161 464 2192 defuit
481 2164 538 2192 nisi
555 2174 633 2194 unus
649 2174 664 2194 e
681 2167 797 2195 duobus
821 2168 967 2196 sermoni-

131 2206 188 2235 bus
201 2206 240 2235 de
255 2206 440 2243 Pentecoste,
457 2217 548 2245 quem
559 2210 670 2238 frustra
685 2211 714 2239 in
731 2220 802 2240 mss.
821 2213 969 2241 Lobiensi-

132 2251 347 2288 διιεβψιῶυο
360 2253 463 2281 omnia
476 2261 511 2282 ea
525 2255 669 2291 opuscula
683 2256 800 2284 videtur
810 2257 968 2294 accepisse,

132 2295 348 2333 inquirendum
363 2297 544 2327 curavimus.
575 2318 580 2323 ι

1017 336 1273 374 pradestinatione
1287 336 1348 364 Dei.
1367 336 1422 364 Sed
1439 347 1453 360 ‹‹
1472 343 1584 368 vereor,
1600 335 1700 372 inquit
1713 335 1849 363 Mabillo—

1018 382 1096 416 nius,
1121 383 1154 409 ut
1178 381 1330 409 Ratramni
1355 380 1447 408 libros
1471 380 1762 416 Ratherio'imputet
1777 380 1846 414 (Act.

1016 426 1065 454 SS.
1083 426 1146 454 0rd;
1163 426 1262 454 Bencd.
1290 425 1359 454 Sive.
1378 426 1405 458 V,
1423 425 1452 452 in
1478 424 1628 458 Ratherio,
1649 433 1678 451 n.
1699 425 1756 458 20).
1776 436 1789 448 ››
1815 425 1849 451 Et

1013 472 1082 507 jure
1096 470 1302 507 quidem.Cum
1320 470 1398 498 enim
1416 469 1475 496 haec
1485 469 1684 509 d‘uoejusdem
1694 477 1849 505 argumen-

1018 516 1039 544 ti
1055 524 1143 552 opera
1157 515 1310 543 Rotramni
1326 517 1402 542 certa
1419 516 1504 548 sunt;
1517 516 1581 542 tum
1597 522 1665 542 vero
1680 513 1796 541 nullum
1813 514 1848 541 de

1017 561 1090 597 ipsis
1105 562 1138 589 ut
1153 569 1170 587 α
1184 559 1319 587 Ratherio
1336 559 1453 595 scriptis
1469 558 1611 586 indicium
1636 560 1680 586 est
1700 558 1778 594 apud
1805 566 1849 585 co-

1018 613 1077 633 tevu
1083 614 1110 633 m
1120 605 1291 641 scriptorem
1302 603 1476 631 Fulcuinum
1482 602 1542 640 ,qui
1552 603 1580 630 in
1587 602 1719 639 catalogo
1726 610 1847 639 operum

1019 650 1148 678 Ratherii
1165 649 1222 677 alia
1238 648 1383 677 inferioris
1400 650 1476 676 nota:
1492 647 1624 683 ejusdem
1640 646 1848 683 opusculame—

1017 695 1195 722 morat.Esto
1211 693 1353 721 nonnulla
1368 693 1502 729 quaedam
1518 692 1848 728 breviorapraatermise-

1017 739 1064 771 rit.
1081 747 1114 767 ea
1127 741 1225 767 tamen
1242 738 1313 767 satis
1337 737 1508 774 complexus
1531 737 1576 765 vel
1602 737 1631 764 in
1656 736 1800 773 epistolis,
1817 736 1847 764 in

1017 784 1126 821 quibus
1141 792 1201 812 una
1216 784 1252 811 ad
1277 783 1424 811 Patricum
1441 783 1476 810 de
1490 781 1677 809 Eucharistia
1692 790 1727 809 ex
1742 790 1846 818 propo-

1017 829 1074 857 sito
1089 828 1219 861 disserit,
1236 827 1281 855 vel
1301 828 1330 854 in
1354 827 1391 854 iis
1417 822 1513 854 verbis
1539 830 1564 854 et
1587 826 1645 853 alia
1668 826 1845 862 quamplura.

1017 873 1158 909 Nunquid
1173 881 1240 900 vero
1255 880 1290 899 ex
1302 871 1360 899 illis
1375 871 1491 899 duobus
1507 872 1535 899 et
1549 864 1757 906 prolixioribus
1767 869 1847 898 etin-

1018 916 1200 953 signioribus
1215 924 1251 944 ne
1267 924 1359 943 unum
1385 914 1505 951 quidem
1522 914 1678 951 attigisset,
1695 914 1719 942 si
1741 914 1847 942 Rathe-

1019 962 1095 989 rium
1112 961 1241 989 novisset
1255 960 1502 988 auctorem?Adde
1518 960 1596 995 quod
1613 959 1846 995 Ratherius,qui-

1018 1006 1144 1035 busdam
1160 1005 1359 1042 peculiaribus
1370 1006 1397 1032 et
1412 1003 1645 1032 abstrusioribus
1660 1003 1754 1031 titulis
1770 1004 1847 1031 dele-

1017 1051 1230 1085 ctabatur,cum
1248 1050 1305 1078 duo
1320 1049 1364 1077 illi
1379 1048 1529 1085 simplices
1544 1050 1578 1076 et‘
1587 1047 1662 1076 obvii
1679 1043 1748 1076 sint.
1764 1048 1845 1084 Sige-

1016 1097 1138 1125 bertum.
1149 1094 1278 1132 profecto
1294 1095 1348 1122 hac
1364 1093 1393 1122 in
1406 1102 1437 1121 re
1452 1100 1550 1122 errem
1565 1093 1664 1129 aliquo
1689 1093 1844 1128 abreptum

1016 1140 1088 1169 nihil
1105 1139 1294 1176 ambigimus.
1311 1138 1384 1167 Cum
1398 1138 1504 1166 eadem
1519 1138 1577 1165 duo
1592 1131 1682 1173 opera
1696 1137 1790 1173 capite
1811 1137 1846 1164 95

1016 1185 1184 1222 ascripserit
1200 1184 1370 1212 Bertramno
1383 1183 1440 1217 (sic
1455 1183 1534 1210 enim
1560 1183 1695 1218 corrupte
1711 1181 1844 1209 Ratram-

1016 1239 1072 1259 nus
1095 1228 1184 1259 scribi
1210 1230 1355 1264 cmperat),
1381 1227 1462 1255 varia
1486 1226 1621 1255 fortassis
1646 1228 1675 1254 et
1698 1225 1846 1254 abrcviata

1015 1275 1162 1312 scriptura
1175 1274 1310 1302 codicum
1326 1270 1690 1312 deccptus[xvn]fuit;Duo
1706 1270 1757 1298 illa
1766 1272 1846 1310 certa

1016 1319 1167 1348 Rotramni
1185 1327 1273 1355 opcra
1287 1317 1377 1345 simul
1390 1317 1495 1352 juncta
1503 1311 1534 1343 in
1541 1314 1846 1350 codicibusdescripta

1015 1364 1215 1396 inveniuntur,
1232 1364 1265 1390 ut
1279 1362 1309 1390 in
1325 1369 1380 1389 ms.
1398 1360 1640 1396 Lobiensi,quem
1658 1357 1845 1386 Mabillonius

1015 1409 1118 1438 laudat
1133 1408 1302 1445 praefatione
1318 1406 1447 1434 secunda
1462 1405 1490 1432 in
1508 1403 1653 1433 Saeculum
1670 1403 1707 1431 IV
1721 1403 1844 1432 ord.Be—

1016 1454 1133 1487 ned.,n.
1144 1453 1187 1480 83.
1205 1452 1278 1480 Cum
1295 1453 1392 1479 autem
1409 1450 1499 1478 codex
1514 1457 1602 1486 quem
1616 1448 1786 1485 Sigcbertus
1801 1447 1844 1475 vi-

1016 1499 1059 1526 dit
1073 1499 1278 1525 Bertrumnnm
1295 1496 1442 1532 praeferret
1456 1495 1486 1522 in
1503 1494 1639 1528 titulo,ex
1648 1502 1705 1530 quo
1713 1501 1745 1521 ea
1757 1501 1844 1528 opera

1016 1544 1187 1571 Berlramno
1204 1541 1323 1574 tribuit;
1341 1541 1369 1568 in
1387 1540 1442 1568 alio
1457 1547 1525 1567 vero
1540 1533 1649 1572 codice,
1666 1538 1717 1574 qui
1742 1537 1842 1565 eadem

1016 1588 1193 1620 continebat,
1211 1595 1264 1623 pro
1280 1586 1439 1613 Ratramno
1455 1584 1597 1620 scriptum
1614 1582 1747 1611 fortassis
1768 1583 1844 1610 esset

1017 1634 1087 1666 Rat...
1104 1632 1146 1660 uti
1163 1631 1225 1659 ﬁeri
1250 1637 1462 1666 nonnunquam
1488 1628 1609 1662 solebat,
1636 1627 1709 1655 nihil
1734 1626 1782 1654 ille
1810 1626 1845 1653 de

1016 1677 1121 1706 mendo
1137 1677 1287 1713 scriptura:
1305 1675 1472 1711 suspicatus
1487 1674 1517 1701 in
1528 1668 1698 1701 'Bertramui
1716 1670 1845 1706 nomine,

1018 1731 1069 1750 nec
1085 1723 1120 1750 de
1135 1719 1333 1757 expendendis
1354 1716 1574 1747 confercndisve
1598 1717 1671 1752 ipsis
1692 1715 1847 1756 utriusque

1017 1766 1127 1795 codicis
1151 1765 1290 1802 operibus
1313 1762 1456 1800 cogitans,
1475 1762 1592 1802 incaute
1615 1768 1650 1789 ex
1676 1758 1848 1788 discrimine

1019 1811 1171 1847 scriptura!
1187 1810 1216 1837 in
1233 1807 1361 1836 auctoris
1378 1806 1497 1834 nomine
1520 1803 1703 1841 designanda
1718 1802 1848 1831 diversos

1020 1858 1154 1884 auctores
1169 1856 1256 1889 atque
1275 1852 1390 1879 diversa
1414 1849 1546 1886 ejusdem
1570 1847 1737 1886 argumenti
1762 1856 1850 1884 opera

1021 1899 1154 1932 credidit;
1162 1900 1189 1926 ct
1202 1898 1395 1925 Ratramnum
1413 1903 1470 1922 non
1487 1891 1850 1931 agnoscens,Rat.litteras

1021 1945 1056 1972 de
1072 1943 1208 1972 Ratherio
1225 1942 1281 1970 sibi
1307 1940 1426 1969 aliunde
1450 1939 1578 1976 cognito,
1595 1938 1645 1976 qui
1671 1938 1701 1965 in
1725 1939 1851 1973 utroque

1022 1990 1195 2025 argumento
1211 1995 1292 2023 aeque
1309 1995 1341 2014 ac
1356 1986 1549 2014 Beitramnus
1559 1982 1852 2018 laborarit,intcrpre-

1022 2037 1102 2062 tatus
1113 2033 1239 2060 videtur.

1057 2078 1138 2106 XXV.
1159 2078 1253 2105 Erunt
1276 2076 1410 2103 fortassis
1435 2074 1486 2110 qui
1509 2073 1678 2102 existiment
1699 2070 1852 2108 Sigeberto

1023 2122 1177 2159 suffragari
1192 2130 1261 2150 eum
1274 2120 1404 2148 codicem
1419 2127 1454 2147 ex
1466 2126 1525 2155 quo
1541 2117 1689 2157 Acherius'
1697 2115 1727 2143 in
1744 2123 1853 2143 memo-

1025 2170 1086 2196 rato
1110 2166 1232 2195 clencho
1255 2164 1326 2192 tomi
1353 2162 1474 2191 secundi
1500 2163 1575 2189 inter
1595 2159 1853 2200 inedita-Ratherii

1024 2221 1112 2250 opera
1127 2210 1226 2239 retulit
1239 2209 1348 2236 librum
1362 2208 1403 2235 Dc
1418 2214 1539 2242 corpore
1553 2201 1854 2250 etsanguineDomini

1025 2246 1208 2286 constantem
1217 2253 1377 2288 nonaginta
1388 2258 1491 2279 novem
1500 2248 1736 2286 capitulis.Hunc
1745 2255 1815 2275 sane
1824 2246 1856 2273 li-

1026 2303 1112 2330 brum
1129 2298 1258 2328 Ratherii
1270 2297 1389 2325 nomine
1397 2295 1570 2331 inscriptum
1578 2293 1694 2322 exhibet
1702 2300 1758 2320 ms.
1767 2291 1855 2320 codex

167 2340 300 2386 mulli“
321 2341 387 2386 ᾼιὶι
409 2343 588 2380 quamplura
615 2342 638 2369 κ’
653 2346 789 2374 eumdem
815 2347 970 2383 scripsisse
986 2353 1010 2386 Β
1027 2345 1190 2378 Lobicnsis,
1205 2344 1291 2379 cujus
1307 2342 1432 2370 indicem
1449 2340 1591 2368 Achcrius
1611 2339 1771 2374 acceperat,
1788 2345 1855 2365 cum

133 2385 213 2414 idem
228 2385 393 2415 Puleuinus
408 2389 534 2416 testatur
546 2395 572 2416 ο.
591 2390 638 2418 25.
655 2390 729 2418 Cum
754 2399 821 2419 vero
846 2391 871 2419 is
896 2392 972 2420 inter

133 2430 231 2467 ipsius
244 2437 337 2468 opera
347 2439 417 2468 quas
432 2432 606 2469 singillatim
622 2434 926 2467 nominat,duodecim
937 2444 972 2464 ex

136 2474 182 2503 his
194 2482 265 2512 quo
279 2474 370 2504 nobis
383 2479 491 2513 praesto
507 2477 728 2515 sunt,ac'plures
737 2479 825 2508 etiam
832 2480 972 2517 epistolas

137 2527 211 2558 quae
225 2519 310 2549 uncti
321 2528 441 2556 sumus,
457 2521 579 2552 silentio
598 2524 778 2560 pristerierit,
795 2533 852 2553 non
877 2525 972 2553 solum

136 2564 401 2602 beam":
421 2566 542 2596 nomine
564 2567 726 2605 intelligere
751 2570 854 2606 potuit,
872 2578 974 2598 verum

137 2608 226 2638 etiam
241 2609 378 2639 die-nou
392 2618 631 2649 pauca.quorum
649 2614 791 2642 memoria
808 2616 974 2651 temporum

136 2654 397 2685 vicissitudinibus
413 2654 571 2686 interierit.
588 2658 744 2687 Hominem
769 2659 888 2696 quidem
913 2668 975 2687 om-

139 2699 219 2729 nium
233 2699 304 2738 ej.
318 2700 418 2729 Mutis
434 2701 757 2740 studiosissimum,qui
772 2706 834 2732 tota
850 2705 908 2732 fere
918 2704 978 2732 vita

139 2744 166 2772 in
173 2744 260 2774 libris
266 2747 407 2774 male
417 2746 534 2780 est,aliu
550 2747 642 2776 multa
651 2748 825 2777 lucubrasse
838 2749 910 2777 nihil
921 2749 976 2776 du-

139 2788 295 2826 bitandum
310 2790 442 2819 videtur.

168 2834 265 2864 XXIV.
293 2834 472 2873 Sigebertus
493 2836 530 2865 de
554 2837 660 2874 Script.
689 2838 792 2866 coclea.
819 2847 843 2866 c.
864 2839 926 2871 127,
943 2847 978 2866 ex

138 2887 192 2916 quo
205 2879 356 2910 alii’idem
373 2883 578 2918 sumpserunt,
593 2882 730 2912 Ratherio
746 2883 850 2912 tribuit
869 2883 978 2912 librum

1026 2391 1179 2419 laudatum
1195 2388 1349 2417 elenchum
1368 2386 1537 2422 impressit:
1555 2384 1646 2420 hujus
1661 2381 1856 2411 enimcodicis

1028 2434 1231 2472 apographum
1248 2433 1282 2461 ad
1306 2441 1359 2460 nos
1377 2430 1604 2465 missum,idcm
1630 2435 1704 2464 opus
1728 2425 1856 2472 Eutherii

1029 2469 1181 2509 nomen-in
1198 2478 1283 2506 titulo
1298 2475 1498 2514 pracferenan
1509 2474 1631 2503 totidem
1643 2472 1740 2509 capita
1755 2469 1859 2499 distin-

1029 2525 1101 2563 guit.
1119 2526 1219 2553 Exstat
1235 2525 1373 2559 praeterea
1395 2529 1451 2548 ms.
1470 2519 1544 2547 liber
1567 2517 1727 2563 Vaticanus
1752 2514 1858 2563 regina:

1030 2559 1200 2602 éuccorum,
1218 2568 1352 2604 signatus
1369 2573 1451 2593 num.
1466 2564 1529 2598 498,
1548 2564 1575 2590 in
1591 2570 1648 2598 quo
1673 2559 1858 2592 describitur,

1032 2615 1141 2643 Belatio
1158 2612 1287 2642 Rutherii
1304 2612 1339 2639 dc
1354 2608 1482 2647 quodam
1498 2607 1549 2637 Dei
1565 2605 1745 2635 servoJianc
1761 2605 1859 2632 autem

1032 2660 1271 2694 relationem,qua:
1288 2655 1431 2684 incditum
1447 2652 1580 2689 ejusdem
1587 2647 1861 2694 opusculumvideri

1032 2691 1407 2742 poterat,deprehendimus
1422 2705 1487 2726 esse
1496 2695 1671 2734 particulam
1677 2691 1788 2742 laudati
1796 2699 1862 2741 ope-

1033 2734 1074 2778 iis
1090 2734 1228 2777 Rathcrio
1245 2744 1363 2781 ascripti
1372 2744 1412 2771 De
1422 2742 1578 2778 corporeet
1586 2737 1728 2781 sanguine
1736 2734 1861 2781 Domipi,

1033 2803 1096 2831 quae
1113 2793 1143 2820 in
1160 2777 1652 2831 memorato—Lebiensiiapographo
1658 2777 1862 2831 referturciﬁnl‘).

1033 2826 1113 2867 Nihil
1129 2837 1228 2872 itaque
1242 2831 1371 2862 dubitari
1387 2833 1481 2867 potest
1497 2828 1568 2866 quin
1583 2826 1681 2872 aliqua
1695 2827 1866 2872 russi-Isim.

1272 2878 1311 2907 De
1328 2862 1631 2912 corporeetsanguine
1640 2862 1866 2896 DominiRathe—
