3968 6400
292 418 373 487 23
1216 482 1223 487 ,
1257 411 1713 480 RATHERIUS
1761 410 2258 476 VERONENSIS
2301 402 2755 477 EPISCOPUS.
3646 393 3732 463 24

297 554 385 611 rio
411 548 765 613 vindicarint
788 552 848 608 et
874 549 1437 608 vindicent.Nullum
1458 549 1776 621 vero,quod
1798 546 1948 604 seia-
1976 547 2033 617 Α
2061 544 2175 603 dici
2205 542 2610 610 Gottwicensi,
2641 558 2712 598 ex
2740 556 2858 613 quo
2892 539 3047 597 idem
3074 553 3223 611 opus
3253 553 3289 593 a
3322 532 3565 595 Cellotio
3594 531 3725 591 vul-

298 637 1953 715 mus,exemplaraliudquoqueopusDepraidestinatione
2064 638 2289 707 gutum,
2324 631 2585 690 Gerberti
2636 630 2874 687 nomine
2911 627 3093 686 edidit
3140 626 3202 683 P.
3237 625 3573 684 Bernardus
3617 624 3731 681 Pes

302 732 402 790 Dei
433 749 467 789 ο,
514 730 815 804 Sigeberto
865 733 1259 787 memoratum
1305 728 1496 785 eidem
1546 725 1856 795 inscribit;
1889 743 1956 784 ac
2064 728 2224 780 temo
2255 723 2277 779 Ι
2303 722 2582 779 Aneodot.
2615 723 2766 794 part.
2795 737 2860 789 ιι,
2893 730 3025 791 pag.
3062 717 3189 773 132.

300 822 609 895 propterea
619 817 750 875 aliis
763 817 1425 891 manuscriptis,quibus
1440 820 1756 889 utrumque
1773 816 1955 886 [xvm]

303 926 453 983 opus
482 907 899 974 contineretur,
932 907 1301 980 Sigebertum
1336 922 1513 963 usum
1564 904 1956 971 arbitramur;

303 1012 615 1070 errareque
647 995 849 1069 aliquo
872 996 1145 1053 Ratherio
1171 994 1491 1052 asseruisse
1510 1012 1638 1067 quae
1656 992 1958 1064 Retramni

308 1091 468 1157 sunt,
505 1085 870 1159 probabilius
899 1085 1214 1143 credimus.
1250 1085 1411 1152 Cuod
1444 1085 1495 1139 si
1522 1083 1638 1139 illis
1661 1082 1961 1138 codicibus

309 1176 410 1250 qui
442 1175 621 1235 unius
649 1179 881 1233 tantum
911 1173 1108 1248 operis
1140 1178 1470 1246 Decorpore
1483 1172 1838 1245 etsanguine
1853 1176 1959 1227 Do-

311 1264 456 1322 mini
488 1264 836 1323 Ratherium
866 1268 1165 1320 auctorem
1186 1260 1700 1327 exhibent,saltem
1719 1277 1788 1316 ex
1803 1264 1967 1333 parte

312 1370 457 1413 usus
490 1357 732 1427 putetur
759 1352 1120 1427 Sigebertus,
1150 1351 1211 1408 id
1242 1369 1358 1408 non
1393 1351 1585 1407 solum
1632 1349 1781 1405 nihil
1830 1366 1967 1421 pro-

314 1442 637 1513 desset,sed
656 1440 842 1499 multo
860 1441 1050 1513 magis
1067 1439 1967 1510 obesset,hallucinationemque

314 1530 504 1605 ipsius
528 1530 720 1587 multo
768 1528 1098 1587 evidentius
1122 1529 1393 1601 aperiret.
1427 1529 1597 1585 Error
1624 1527 1781 1584 enim
1812 1528 1967 1597 ejus-

315 1619 475 1677 modi
504 1619 777 1677 codicum
809 1618 867 1675 in
896 1616 1157 1675 Ratherii
1192 1617 1427 1673 nomine
1458 1632 1528 1674 ex
1572 1616 1703 1689 ipsa
1746 1614 1971 1671 laudati

314 1708 637 1782 apographi
664 1698 975 1765 Lobiensis
1005 1705 1252 1764 lectione
1285 1706 1455 1761 nobis
1490 1704 1974 1762 manifestissime

315 1796 525 1872 patuit.
558 1795 677 1859 Hoc
706 1796 1003 1869 siquidem
1036 1794 1363 1853 deteximus
1392 1811 1525 1851 esse
1553 1793 1778 1850 celebre
1824 1808 1975 1864 opus

318 1885 587 1957 ejusdem
616 1882 1265 1958 argumenti,scriptum
1300 1900 1417 1940 non
1445 1900 1482 1938 a
1515 1882 1973 1947 Ratramuo,eed

323 1990 359 2031 a
387 1971 699 2030 Paschasio
729 1972 1027 2041 Rutberto,
1059 1971 1155 2029 cui
1184 1971 1425 2043 quidem
1456 1972 1653 2044 ipsum
1675 1972 1734 2025 in
1768 1972 1882 2026 line
1912 1969 1977 2024 li-

320 2059 462 2119 belli
484 2060 889 2119 Confessionis
917 2060 1128 2119 asserit
1147 2060 1303 2117 idem
1321 2059 1792 2127 Ratherius,cum
1806 2059 1977 2115 illum

326 2166 445 2208 suae
476 2148 837 2211 Confessioni
867 2149 1245 2221 subjecturus
1264 2152 1357 2217 (ut
1387 2149 1446 2204 in
1470 2149 1673 2204 eodem
1707 2147 1978 2204 Lobiensi

326 2237 595 2311 mmplo
621 2238 954 2311 subjectum
985 2253 1128 2297 sane
1156 2237 1393 2311 legitur)
1420 2237 1676 2310 scripsit:
1698 2236 1979 2309 «Capitu-

325 2327 495 2387 latim
525 2327 796 2400 quasdam
824 2331 1097 2400 excerpta
1124 2344 1193 2384 ex
1220 2326 1521 2400 cpusculis
1550 2343 1727 2399 super
1747 2325 1855 2382 hoc
1875 2343 1979 2382 cu-

320 2416 566 2488 jusdam
580 2408 874 2475 Paschasii
888 2416 1147 2475 Rutberti
1159 2417 1380 2488 absque
1397 2416 1614 2472 invidia
1625 2415 1977 2487 tibi,quaaso,

329 2504 616 2562 insinuari
648 2505 974 2577 permitte.»
1008 2505 1168 2578 Opus
1194 2510 1391 2563 autem
1423 2505 1579 2578 quod
1611 2504 1829 2560 ibidem
1848 2503 1982 2560 sub-

322 2593 530 2667 jicitur
558 2597 650 2653 est
678 2592 823 2651 illud
850 2593 1122 2666 eiusdem
1145 2594 1407 2652 Ratherti
1432 2593 1511 2650 De
1528 2610 1766 2666 corpore
1781 2596 1839 2649 et
1852 2608 1984 2649 san-

330 2680 509 2757 guine
538 2682 790 2740 Domini.
824 2682 1233 2756 Idipwmvem
1266 2682 1639 2741 manifestius
1656 2682 1870 2754 cuique
1887 2698 1986 2753 pas

333 2770 502 2839 tellit,
534 2770 587 2827 si
617 2771 793 2829 modo
818 2770 1025 2845 legerit
1051 2772 1558 2829 accuratissimam
1607 2770 1982 2828 Paschasiaui

338 2858 530 2933 operis
544 2858 868 2917 editionem
898 2860 1056 2933 apud
1086 2861 1528 2918 PP.Martenem
1553 2865 1613 2916 et
1641 2860 1985 2916 Durandum

338 2950 404 3021 (t.
456 2947 528 3007 IX
577 2948 791 3007 Called.
847 2950 1017 3008 νεὼν.
1063 2950 1262 3021 Scn'pl.
1312 2950 1420 3005 col.
1470 2951 1620 3021 374),
1655 2949 1759 3021 qui
1808 2949 1868 3003 in
1916 2965 1989 3003 ea

338 3037 709 3110 procuranda
736 3039 796 3093 et
822 3036 1170 3097 illustranda
1196 3038 1346 3095 inter
1375 3043 1611 3095 caeteros
1643 3038 1871 3094 codices
1891 3054 1988 3094 eo-

342 3126 479 3183 dem
510 3125 784 3183 Lobiensi
817 3126 911 3183 usi
940 3130 1099 3183 sunt.
1133 3127 1193 3182 P.
1226 3126 1507 3184 Acherius
1549 3144 1684 3183 cum
1733 3127 1789 3182 id
1840 3142 1990 3198 opus

344 3214 618 3271 Eutherio
644 3213 1074 3283 tribuit,solum
1101 3215 1351 3272 indicem
1372 3232 1612 3288 operum
1627 3217 1755 3287 ejus
1770 3215 1990 3272 codicis

344 3303 740 3376 acceper_at,iu
768 3319 886 3377 quo
916 3303 1061 3360 illud
1090 3303 1364 3362 Ratherio
1395 3321 1498 3377 per
1521 3322 1776 3362 errorem
1809 3304 1987 3360 ascri-

344 3391 522 3451 bitur.
537 3392 737 3459 Patras
756 3395 953 3450 autem
985 3392 1245 3450 Martune
1274 3397 1333 3449 et
1362 3394 1673 3449 Durandus
1704 3410 1839 3450 cum
1869 3392 1991 3449 edi-

341 3482 489 3540 tioni
514 3481 707 3555 ipsius
734 3480 929 3554 operis
957 3482 1514 3548 vacarent,Ratberti
1545 3499 1694 3555 opus
1717 3480 1989 3538 Ratherio

341 3585 646 3644 perperam
673 3569 1031 3642 inscriptum
1060 3569 1118 3625 in
1150 3568 1344 3636 titulo,
1378 3586 1448 3626 ex
1494 3568 1625 3642 ipsa
1668 3567 1989 3641 prommiali

340 3658 608 3731 epistola,
636 3675 743 3717 nec
774 3675 892 3715 non
937 3674 1007 3715 ex
1030 3657 1298 3719 clausula
1342 3657 1526 3725 ﬁnali,
1560 3675 1686 3731 qua:
1736 3657 1985 3714 Pascha-

340 3746 495 3805 sium
515 3735 868 3807 Ratbertum
897 3746 959 3802 in
990 3747 1196 3804 eodem
1222 3745 1419 3803 codice
1448 3749 1781 3819 praeferunt,
1816 3763 1986 3802 men-

338 3835 671 3907 dosumque
690 3833 937 3891 titulum
967 3834 1355 3895 demonstrat.
1374 3836 1749 3906 apertissime
1778 3835 1987 3907 depre-

339 3918 965 3995 benderunhnihilque
992 3922 1339 3978 dubitarunt
1357 3923 1429 3977 de
1442 3923 1714 3979 Ratberto
1729 3928 1987 3991 auctore,

337 4011 432 4067 cui
463 4010 607 4066 illud
637 4027 841 4067 omnes
872 4009 971 4065 alii
1000 4009 1229 4067 codices
1260 4010 1547 4077 tribuunt,
1565 4016 1621 4066 et
1646 4010 1784 4066 olim
1811 4010 1987 4067 etiam

339 4099 776 4172 adjudicaverat
799 4100 1167 4173 Anonymus,
1196 4100 1282 4156 uti
1312 4104 1539 4167 vocant,
1570 4098 1924 4157 Cellotianus
1956 4118 1990 4155 a

339 4187 641 4247 Ludovico
659 4187 900 4246 Celiotio
932 4188 1192 4261 primum
1222 4189 1416 4246 editus
1449 4189 1507 4245 in
1539 4189 1693 4245 calce
1723 4189 1987 4245 Historiae

339 4275 723 4348 Gotheecalci,
770 4278 1000 4334 tametsi
1046 4277 1134 4335 vel
1186 4278 1468 4335 Lobiense
1510 4278 1865 4351 exemplum,
1898 4278 1986 4336 vel

337 4364 497 4425 aliud
527 4365 719 4424 simiie
747 4384 863 4441 prae
893 4367 1082 4425 oculis
1110 4367 1382 4425 habuerit
1414 4385 1426 4423 :
1460 4368 1518 4424 id
1547 4367 1706 4425 enim
1740 4386 1888 4441 opus
1917 4369 1987 4425 ad

334 4458 532 4512 centum
563 4458 677 4527 fere
704 4456 952 4529 capitula
969 4464 1288 4530 praemium:
1315 4459 1583 4525 testatur,
1618 4474 1795 4529 quam
1826 4457 1984 4529 capi-

336 4548 464 4600 tum
488 4544 868 4615 partitionem
897 4540 1038 4616 [xix]
1071 4545 1130 4600 in
1164 4544 1286 4601 solo
1302 4544 1568 4602 Lobiensi
1586 4545 1984 4619 manuscripto

2136 846 2449 904 XXVI.Ilac
2481 846 2783 901 occasione
2816 843 2968 899 alius
2994 840 3282 913 Sigeberti
3314 840 3478 896 locus
3508 854 3733 912 expen-

2070 937 2315 1005 dendus,
2346 938 2401 991 in
2432 953 2547 1008 quo
2579 937 2649 991 de
2690 930 2804 990 hoc
2836 933 3109 1006 Herigero
3161 947 3227 988 ac
3279 929 3351 986 de
3401 930 3731 986 memorato

2068 1044 2240 1099 opere
2270 1024 2475 1081 scribit
2507 1041 2520 1080 :
2558 1047 2585 1075 ‹‹
2618 1024 2924 1096 Congessit
2954 1021 3130 1078 etiam
3164 1022 3444 1077 adversus
3483 1019 3731 1074 Ratber-

2073 1121 2199 1171 tum
2231 1114 2535 1187 complura
2560 1111 2978 1168 catholicorum
3008 1111 3251 1165 Patrum
3286 1108 3508 1181 scripta
3522 1108 3595 1163 de
3612 1122 3740 1163 cor-

2072 1221 2208 1277 pore
2239 1208 2295 1259 et
2324 1202 2610 1276 sanguine
2645 1200 2895 1257 Domini.
2923 1222 2950 1250 η
2980 1201 3064 1255 Ita
3094 1214 3300 1256 omnes
3331 1196 3619 1269 Si'geberti
3638 1210 3737 1251 co-

2073 1293 2251 1359 dices,
2281 1308 2400 1348 uno
2442 1288 2831 1356 Martiniensi,
2858 1304 2957 1345 seu
2984 1288 3044 1345 S.
3070 1282 3302 1343 Martini
3326 1284 3737 1352 Lovaniensis,

2074 1387 2330 1455 excepto,
2351 1396 2527 1453 quem
2558 1376 2907 1435 Possevinus
2930 1377 3133 1433 laudat
3151 1377 3412 1448 Apparet.
3432 1388 3574 1430 sacr.
3596 1377 3642 1428 t.
3670 1372 3742 1442 Ι),

2076 1472 2175 1526 ubi
2208 1488 2310 1544 pro
2339 1470 2597 1526 adversus
2632 1470 2945 1525 Rathermm
2974 1465 3193 1539 legitur
3227 1464 3487 1520 adversus
3536 1464 3742 1520 Ruthe-

2078 1561 2248 1615 rtum.
2282 1558 2443 1616 Hanc
2488 1558 2792 1614 lectionem
2843 1556 3129 1612 veriorem
3177 1552 3335 1609 idem
3386 1548 3747 1608 Possevinus

2079 1648 2412 1715 existimat;
2448 1663 2512 1703 ac
2544 1652 2850 1720 propterea
2880 1643 3152 1701 Oudinus
3197 1641 3325 1699 loco
3377 1639 3554 1714 paulo
3604 1643 3748 1696 ante

2081 1738 2339 1805 laudato,
2372 1741 2431 1793 et
2463 1736 2735 1792 Albertus
2789 1730 3092 1791 Fabricius
3136 1737 3282 1788 tem.
3332 1728 3411 1787 ΙΙί
3457 1728 3743 1785 Biblioth.

2082 1827 2446 1899 Scriptorum
2482 1824 2685 1881 media:
2717 1828 2775 1879 et
2802 1824 3021 1879 inﬁmae
3053 1822 3409 1893 zeta‘tis,pag.
3427 1819 3556 1888 561,
3582 1816 3750 1874 Heri—

2003 1919 2053 1985 Β
2083 1924 2286 1990 gerum
2320 1914 2627 1987 scripsisse
2646 1915 2857 1986 putant
2880 1916 3081 1967 contra
3094 1906 3647 1980 Ratherium,quem
3673 1918 3749 1963 ex

2087 2002 2289 2061 eodem
2321 2000 2623 2077 Sigeberto
2653 2002 2997 2058 lucubrasse
3029 1998 3392 2055 arbitrantur
3411 1996 3627 2053 librum
3662 1996 3750 2052 De

2090 2106 2329 2167 corpore
2361 2098 2420 2148 et
2443 2092 2732 2163 sanguine
2761 2088 3013 2146 Domini.
3046 2091 3120 2144 At
3146 2098 3307 2143 unus
3328 2080 3625 2159 'Sigeberti
3652 2100 3753 2141 co-

2088 2183 2199 2237 dex
2223 2198 2339 2237 non
2369 2184 2459 2237 est
2478 2179 2919 2251 anteponendas
2935 2177 3158 2234 caeteris
3178 2170 3753 2246 omnibus,qui,ipso

2092 2270 2401 2327 Possevino
2430 2273 2700 2337 testante,
2730 2268 3049 2341 priefernnt
3088 2278 3205 2322 non
3252 2264 3511 2321 adversus
3544 2264 3752 2320 Ruthe-

2092 2358 2375 2428 rium,sed
2405 2357 2663 2414 misenus
2691 2354 3042 2423 Ratbertum;
3062 2362 3242 2427 quam
3272 2352 3583 2409 lectionem
3614 2366 3751 2406 ma-

2091 2450 2245 2505 xime
2275 2449 2583 2505 cenfirmat
2614 2446 2881 2503 Fulcuini
2912 2444 3285 2502 continuator
3315 2436 3579 2514 (Achery,
3612 2444 3658 2495 t.
3694 2438 3756 2497 Π

2092 2539 2371 2611 Spicil.,p.
2393 2538 2548 2607 775i),
2573 2536 2672 2609 qui
2705 2537 2814 2592 sub
2842 2535 3018 2590 ﬁnem
3050 2531 3247 2589 saa‘culi
3278 2528 3576 2588 undecimi
3607 2545 3754 2585 con-

2092 2634 2179 2684 tra
2209 2627 2521 2683 Ratbertum
2550 2625 2892 2697 Herigerum
2927 2623 3237 2696 scripsisse
3284 2619 3560 2675 similiter
3606 2632 3756 2692 pro-

2094 2714 2264 2772 didit.
2296 2715 2447 2781 Quid
2482 2712 2635 2789 quod
2666 2713 2902 2769 illorum
2935 2710 3132 2786 Opinio
3180 2726 3248 2767 ia
3281 2707 3520 2765 Fulcitur
3561 2706 3757 2780 hypo-

2093 2806 2267 2873 thesi,
2292 2821 2471 2879 quam
2502 2802 2914 2860 inanissimam
2948 2797 3502 2865 demonstravimus,
3526 2796 3758 2853 Rathe-

2096 2896 2249 2951 rium
2263 2893 2487 2951 scilicet
2507 2904 2775 2950 exarasse
2794 2890 3011 2948 librum
3038 2896 3114 2946 De
3131 2904 3369 2962 corpore
3385 2890 3443 2943 et
3460 2884 3762 2960 sanguine

2099 2982 2350 3039 Domini.
2379 2982 2545 3047 Quod
2575 2980 2626 3037 si
2658 2980 2970 3053 Hcrigerus
3001 2976 3344 3034 Rathertum
3376 2989 3442 3030 eo
3469 2972 3530 3030 in
3578 2986 3764 3045 opere

2097 3072 2300 3128 laudat
2329 3075 2385 3126 et
2430 3069 2718 3144 sequitur,
2753 3066 2809 3123 id
2852 3070 3090 3141 prmstat
3135 3061 3325 3138 quoad
3377 3058 3760 3131 catholicam,

2100 3176 2276 3233 quam
2308 3158 2403 3216 ille
2433 3157 2628 3215 docuit
2660 3158 3009 3215 sententiam
3041 3173 3053 3222 ;
3089 3154 3201 3228 [nl
3246 3150 3569 3227 peculiares
3615 3165 3762 3206 vero

2102 3250 2230 3321 ejus
2263 3248 2566 3315 formulas,
2600 3260 2891 3320 qlim,cum
2926 3260 3082 3301 novae
3113 3238 3764 3311 viderentur,quzestio-

2103 3339 2194 3395 nis
2221 3338 2585 3394 occasionem
2615 3336 2921 3403 dederunt,
2954 3331 3177 3406 aliquot
3202 3332 3260 3387 in
3291 3329 3435 3386 locis
3475 3344 3762 3401 expresso

2099 3428 2287 3501 ipsius
2318 3424 2578 3483 Ratherti
2614 3423 2848 3481 nomine
2878 3422 3122 3495 respuit,
3155 3425 3213 3477 et
3239 3418 3614 3490 simplicitatis
3644 3430 3763 3471 no-

2099 3517 2256 3572 mine
2281 3520 2535 3583 excusat,
2570 3519 2635 3570 ut
2662 3514 2853 3569 videre
2883 3516 2972 3568 est
3000 3510 3155 3584 apud
3190 3505 3597 3565 Mabillonium
3623 3503 3767 3563 loco

2097 3604 2357 3673 laudato,
2389 3620 2553 3660 num.
2584 3604 2676 3658 61.

2164 3720 2381 3777 XXVII.
2414 3716 2675 3775 Ratheril
2706 3717 3002 3792 Expositio
3052 3716 3110 3771 in
3162 3711 3573 3788 Apocalypsim
3624 3710 3759 3767 lau-

2097 3811 2269 3867 datur
2301 3828 2335 3865 a
2360 3809 2529 3866 Patre
2559 3806 2612 3864 le
2641 3807 2803 3881 Long
2843 3812 2987 3863 tom.
3023 3805 3068 3862 II
3116 3803 3486 3861 Bibliotheca:
3534 3799 3755 3869 Sacrae,

2095 3917 2227 3972 pag.
2258 3899 2385 3954 920.
2428 3896 2655 3969 Allegat
2702 3901 2893 3952 autem
2948 3892 3323 3951 Ordinarium
3370 3890 3754 3947 Reibacense.

2096 3987 2239 4043 Cum
2264 4003 2395 4042 vero
2414 3984 2701 4057 ejusmodi
2734 4002 2882 4058 opus
2899 4001 2933 4039 a
2951 3983 3183 4039 nemine
3200 3982 3580 4053 antiquorum
3598 3978 3759 4034 inter

2096 4075 2227 4145 ejus
2256 4090 2432 4146 opera
2462 4072 2769 4138 indicetur,
2802 4070 3229 4141 Ratheriusque
3274 4065 3572 4123 similibus
3602 4082 3758 4137 Opu—

2097 4163 2277 4219 sculis
2308 4161 2367 4216 in
2398 4177 2623 4217 sacram
2657 4156 3019 4232 Scripturam
3053 4175 3165 4212 non
3215 4153 3440 4213 dederit
3482 4170 3753 4225 operam,

2095 4264 2287 4308 errore
2317 4250 2514 4325 aliquo
2544 4249 2600 4304 id
2648 4248 2921 4305 Ratherio
2969 4244 3319 4304 attributum
3369 4242 3512 4300 nihil
3564 4242 3755 4298 ambi-

2096 4343 2310 4415 gimus.

2165 4432 2404 4514 XXVIll.
2438 4455 2799 4514 Trithemius
2848 4455 2907 4510 in
2954 4450 3218 4524 catalogo
3266 4464 3510 4523 opm-um
3562 4447 3757 4503 nostri

2095 4546 2398 4620 scriptoris
2416 4545 2632 4601 librum
2664 4544 2736 4599 ab
2768 4560 2834 4598 eo
2866 4542 2924 4598 in
2957 4539 3159 4598 exsilio
3202 4539 3496 4611 scriptum
3544 4537 3755 4593 refert.

336 4631 597 4689 invenire
619 4631 1235 4723 hactenuslicuitﬂoc
1260 4635 1500 4707 quidem
1518 4635 1775 4694 velaliud
1790 4636 1983 4693 simile
2016 4656 2060 4723 Ι)
2093 4638 2239 4693 Cum
2272 4652 2442 4709 porro
2473 4634 2651 4723 idem‘
2679 4631 2931 4689 subinde
2974 4630 3154 4723 vel-uti
3196 4628 3545 4723 distinctum
3598 4642 3757 4699 opus

336 4712 806 4792 manuscrip‘tum
837 4721 1119 4778 Lobiense
1144 4723 1217 4778 ab
1247 4725 1450 4779 eodem
1473 4726 1775 4798 Anonymo
1793 4727 1982 4798 inspe-

336 4812 497 4864 ctum
522 4824 594 4866 ex
621 4825 689 4866 eo
718 4808 1101 4866 confirmatur
1128 4812 1269 4883 quia
1297 4828 1468 4867 verus
1507 4819 1706 4868 auctor
1727 4814 1918 4887 Operis
1949 4833 1983 4870 a

334 4896 571 4954 Ceilotio
592 4894 731 4955 editi
756 4897 1195 4970 fuitHerigerus
1215 4900 1396 4956 abbas
1420 4901 1743 4970 Lobiensis,
1770 4902 1980 4958 Rathe-

336 4985 420 5043 rio
449 4987 783 5058 sappar,uti
812 5004 929 5043 non
962 4988 1317 5059 conjecturis
1345 4994 1573 5045 tantum
1598 4990 1860 5062 probavit
1872 4992 1984 5048 Ma-

336 5071 618 5130 billonius
667 5075 860 5147 (Praef.
892 5076 929 5128 2
971 5076 1034 5130 in
1076 5077 1217 5132 ch.
1248 5077 1319 5130 IV
1363 5076 1490 5132 0rd.
1523 5077 1744 5146 Bcned.,
1778 5096 1835 5133 η.
1870 5079 1980 5150 47),

335 5162 537 5218 verum
567 5161 743 5218 etiam
774 5163 1112 5220 testimonio
1142 5164 1358 5220 codicis
1387 5164 1861 5237 Gemblacensis;
1894 5168 1980 5224 id-

335 5250 651 5325 ipsumque
671 5253 1016 5326 comprobat
1031 5252 1182 5310 alius
1198 5255 1376 5310 codex
1388 5256 1542 5328 apud
1562 5256 1985 5332 Oudinum,qui

336 5340 534 5396 tom.ll
565 5340 643 5398 De
671 5341 1056 5415 scriptoribus
1085 5340 1657 5419 ecclesiasticis,pag.
1678 5348 1800 5413 486,
1820 5364 1985 5403 eum-

336 5429 473 5485 dem
492 5429 782 5501 Anonymi
802 5429 1105 5487 Cellotiani
1120 5430 1332 5488 librum
1347 5450 1409 5488 se
1423 5434 1636 5491 vidisse
1648 5436 1825 5491 tradit
1837 5438 1984 5493 «sub

338 5515 573 5573 nomine
605 5517 885 5599 Herigerii
918 5520 1095 5575 ms.in
1127 5520 1478 5579 bibliotheca
1506 5524 1867 5598 Signiacensi
1898 5543 1985 5582 or-

338 5605 494 5661 dinis
525 5604 920 5663 Cisterc'wnsis
946 5606 1003 5663 in
1035 5608 1371 5683 episcopatu
1398 5613 1728 5671 Remensi.»
1762 5614 1981 5672 Horum

336 5696 589 5753 duorum
620 5693 887 5757 codicum
918 5698 1233 5755 auctoritas
1266 5701 1622 5772 praeferenda
1643 5703 1872 5760 videtur
1887 5721 1981 5760 co-

2093 4726 2376 4781 memoret
2393 4720 2911 4795 Agonisticon,seu
2935 4717 3393 4791 Praaloquiorum
3414 4714 3601 4771 libras
3623 4733 3755 4787 sex,

2092 4814 2331 4886 quidam
2350 4814 2636 4883 putarunt
2658 4809 2874 4865 librum
2892 4807 2952 4862 in
2969 4807 3175 4864 exsilio
3191 4803 3480 4879 singuiari
3500 4821 3759 4863 numero

2092 4907 2265 4959 antea
2295 4900 2620 4957 indicatum
2647 4898 2723 4953 ab
2762 4896 3084 4970 Agonistici
3134 4894 3305 4950 libris
3352 4909 3483 4950 esse
3528 4892 3758 4950 distiu-

2092 4990 2413 5063 guendum,
2438 4993 2499 5045 et
2528 4989 2679 5044 inter
2706 4985 3011 5059 deperdita
3034 5000 3215 5057 opera
3255 4982 3543 5041 recenseri
3576 4999 3758 5055 opor-

2094 5078 2444 5135 teri.Verum
2476 5077 2657 5133 libros
2689 5091 2789 5132 sex
2820 5074 3141 5146 Agonistici
3172 5073 3233 5129 in
3252 5071 3458 5129 exsilio
3475 5071 3761 5144 Papiensi

2092 5169 2340 5241 scriptos
2369 5171 2597 5224 certum
2627 5169 2737 5221 est.
2771 5164 2888 5221 Hos
2926 5168 3131 5220 autem
3162 5160 3444 5235 singulari
3494 5176 3761 5218 numero

2096 5258 2300 5314 librum
2310 5254 2682 5328 appellarunt
2704 5252 3022 5309 Fulcuinus
3043 5256 3221 5324 atque
3242 5249 3765 5322 LiutprandasEx

2096 5346 2187 5402 his
2220 5345 2557 5415 Sigebcrtus
2588 5344 2645 5398 in
2678 5342 2964 5399 Chronico
2996 5342 3068 5397 ad
3099 5357 3196 5397 an.
3227 5341 3336 5395 932
3364 5340 3570 5396 librum
3606 5339 3763 5397 item

2096 5436 2361 5492 nominat
2395 5452 2407 5490 :
2444 5457 2469 5483 ‹‹
2506 5433 2691 5505 Papia)
2724 5431 3046 5497 exsiliatur,
3072 5430 3173 5486 ubi
3198 5434 3256 5486 et
3278 5428 3496 5485 librum
3516 5429 3595 5484 de
3620 5429 3764 5488 suis

2093 5523 2371 5580 aerumnis
2401 5522 2641 5578 edidit.»
2673 5521 2830 5578 Idem
2861 5536 2996 5575 vero
3024 5519 3083 5575 in
3117 5535 3288 5592 opere
3322 5524 3399 5576 De
3429 5517 3634 5589 script.
3653 5534 3761 5575 ec.

2092 5613 2255 5677 cles.,
2276 5628 2325 5667 c.
2355 5613 2475 5681 127,
2500 5627 2601 5667 sex
2631 5609 2952 5683 Agonistici
2982 5609 3165 5666 libros
3194 5608 3415 5665 laudat.
3441 5606 3588 5662 Hine
3617 5607 3759 5664 Tri-

2091 5701 2479 5771 thcmius,qui
2512 5716 2582 5755 ex
2610 5699 2909 5771 Sigeberto
2937 5697 3429 5771 profecit,librum
3450 5695 3513 5753 in
3543 5695 3760 5757 exsilio
