3968 6420
256 445 334 508 35
1223 440 1676 505 RA'l‘HERIUS
1722 440 2215 502 VERONENSIS
2263 440 2710 505 EPISCOPUS.
3600 441 3679 504 36

259 582 409 647 sent,
434 578 506 634 ad
536 580 668 633 veta
708 580 961 648 captare.
988 599 1015 625 ››
1039 576 1123 631 Ita
1155 574 1466 631 Ratherius
1493 574 1744 647 partibus
1789 575 1910 629 Hil-
1937 574 1988 640 Α
2024 591 2137 645 que
2172 573 2480 630 Eutherius
2508 591 2641 630 cum
2676 573 2951 629 Ililduine
2982 574 3040 629 in
3074 571 3298 630 Italiam
3328 576 3506 643 venit,
3538 579 3679 633 tunc

259 669 422 724 duini
440 668 647 739 favens,
661 667 751 721 illi
771 664 1214 738 inseparabiliter
1232 664 1487 731 αιίΙιίεδίι,
1504 669 1568 718 ut
1592 663 1911 719 Fulcuinus

262 756 519 833 prodidit
550 755 709 829 (ϐεδε.
744 755 812 810 ab
842 756 970 810 Lob.
1001 770 1049 809 c.
1086 754 1195 825 19).

334 849 419 903 12.
446 845 684 902 Interim
724 843 996 900 Notherio
1035 842 1352 898 Veronensi
1393 841 1665 914 episcopo
1704 860 1734 897 e
1766 840 1910 896 vivis

260 936 490 993 sublato
512 953 566 993 ιν
592 935 725 989 Idus
742 932 991 1006 Augusti
1012 933 1247 1001 an.928,
1274 931 1439 1003 Hugo
1472 948 1569 986 rex
1591 929 1911 987 Veronensi

261 1025 383 1082 sedi
412 1024 727 1098 praeposuit
748 1022 1111 1090 Hilduinum,
1136 1038 1239 1077 seu
1266 1021 1460 1093 potius
1481 1038 1548 1076 ex
1569 1021 1758 1076 abusu
1781 1021 1911 1091 ejus

259 1111 446 1170 aetatis
471 1113 582 1186 ipsi
606 1110 894 1167 concessit
917 1111 1181 1166 eamdem
1209 1108 1538 1176 ecclesiam,
1554 1112 1686 1183 jure
1702 1112 1907 1181 stipen-

257 1203 459 1269 diario,
488 1206 550 1258 ut
577 1200 783 1255 exinde
822 1199 1061 1255 haberet
1098 1200 1253 1254 unde
1281 1199 1513 1268 viveret,
1538 1199 1730 1271 quoad
1762 1197 1910 1254 insi-

258 1292 430 1364 gnior
449 1290 617 1346 sedes
640 1294 867 1345 vacaret
882 1290 1083 1356 (Rara.
1098 1305 1181 1360 ep.
1205 1290 1260 1355 5,
1279 1288 1348 1344 ad
1367 1289 1524 1345 Joan.
1541 1306 1764 1361 papam,
1780 1305 1839 1343 n.
1853 1288 1908 1354 3,

258 1385 315 1436 et
347 1381 580 1436 Lw'rea.
614 1378 652 1433 l.
685 1394 770 1445 ιιι,
803 1395 851 1433 c.
888 1380 997 1445 11).
1033 1379 1274 1433 Mortem
1314 1377 1572 1432 Notberii
1612 1394 1767 1432 anno
1804 1378 1912 1431 928

257 1469 575 1535 afﬁximus,
598 1484 709 1524 non
732 1484 867 1523 vero
895 1484 1053 1523 unno
1073 1467 1199 1532 929,
1226 1471 1291 1521 ut
1320 1483 1433 1521 non
1466 1465 1687 1521 nemini
1717 1466 1909 1521 visum

255 1563 363 1613 cst.
388 1557 488 1614 Ille
508 1557 664 1613 enim
693 1573 882 1612 annus
912 1555 1215 1628 perspicue
1238 1554 1470 1610 elicitur
1499 1572 1567 1609 ex
1599 1554 1908 1626 sepulcrali

254 1648 382 1717 ejus
412 1645 730 1718 epitaphio,
765 1645 917 1717 quod
951 1644 1143 1700 adhuc
1174 1648 1361 1700 exstat
1390 1644 1447 1698 in
1482 1643 1820 1710 cathedrali,
1854 1648 1911 1699 et

254 1736 325 1791 ab
359 1733 622 1807 Ughellio
653 1735 877 1788 editum
908 1738 996 1787 est
1025 1739 1180 1787 tome
1204 1733 1250 1785 V
1280 1732 1455 1787 Italiae
1487 1750 1664 1786 sacrae
1697 1733 1753 1787 in
1787 1733 1907 1803 epi-

254 1823 447 1896 scopis
476 1822 932 1888 Veronensibus,
953 1820 1199 1888 col.733,
1220 1821 1318 1875 ubi
1349 1837 1619 1893 expresse
1651 1820 1863 1893 legitur
1890 1838 1903 1875 :

255 1912 462 1968 «Obiit
489 1928 541 1967 ιν
565 1911 703 1966 ldus
731 1911 999 1983 Augusti,
1025 1928 1178 1965 anno
1200 1910 1515 1965 Deminicaz
1548 1910 1905 1965 Incarnatio-
1940 1944 1986 2009 Β

256 2001 348 2056 nis
400 2002 527 2066 92.8,
561 2000 763 2054 indict.
797 2017 881 2053 ι.›·
909 1999 1073 2064 Quod
1116 1999 1163 2052 si
1206 1998 1456 2054 codicilli
1498 1998 1832 2054 Nethetiani
1873 2016 1908 2053 a

254 2088 616 2145 marcbiome
646 2087 920 2160 Dionysio
952 2088 1215 2157 ejusdem
1247 2086 1597 2142 cathedralis
1626 2088 1907 2142 canonico

255 2176 590 2251 nuperrime
620 2176 759 2231 editi
793 2175 1011 2231 habent
1041 2176 1134 2244 (De
1170 2175 1377 2230 duobus
1402 2178 1715 2247 episc.pag.
1739 2178 1860 2243 103)
1892 2193 1904 2231 :

254 2291 282 2318 α
303 2268 602 2339 Regnante
624 2266 838 2321 domno
857 2264 1053 2336 Ugone
1080 2282 1211 2337 rege
1237 2264 1331 2320 hic
1362 2264 1421 2319 in
1448 2263 1609 2319 Italia
1634 2281 1787 2319 anno
1818 2282 1906 2320 se-

254 2356 444 2412 cunde
474 2356 586 2411 sub
616 2356 709 2412 die
740 2354 946 2426 quinto
978 2353 1200 2409 decimo
1234 2353 1305 2408 de
1343 2370 1544 2409 mense
1574 2354 1904 2421 Novembri,

254 2443 574 2500 indictione
606 2443 829 2515 prima;
847 2466 874 2491 ››
902 2459 971 2497 ne
993 2441 1049 2496 hi
1083 2441 1358 2506 codicilli,
1380 2444 1434 2496 in
1455 2443 1671 2513 quibus
1694 2442 1907 2498 Nothe-

257 2532 380 2588 rius
413 2532 575 2587 vivus
606 2533 910 2604 praefertur
930 2547 1113 2586 mense
1133 2531 1438 2597 Novembri,
1465 2531 1763 2586 indictione
1787 2533 1905 2602 pri-

251 2639 360 2687 ma,
385 2639 520 2677 cum
556 2619 851 2692 epitaphio
896 2619 1211 2675 credantur
1240 2620 1904 2692 pugnare,animadver-

250 2711 491 2766 tendum
514 2715 623 2776 est,
643 2710 891 2780 primum
924 2708 1299 2764 indictionem
1331 2710 1681 2764 sumendam
1714 2727 1842 2765 esse
1874 2727 1908 2766 a

252 2814 453 2854 mense
483 2797 807 2869 Septembri
845 2796 982 2851 anni
1022 2796 1129 2850 927
1167 2814 1353 2868 usque
1391 2798 1463 2852 ad
1504 2799 1904 2868 Septembrem

252 2886 389 2942 anni
408 2887 545 2947 928;
572 2886 724 2939 unde
746 2883 966 2939 laudati
990 2884 1236 2939 codicilli
1262 2886 1602 2956 assignandi
1625 2892 1764 2941 sunt
1791 2904 1904 2941 non

252 2992 405 3031 anno
433 2974 561 3040 928,
577 2974 677 3029 sed
702 2975 949 3045 927,quo
981 2990 1119 3029 sane
1149 2990 1347 3028 mense
1377 2974 1683 3030 Novembri
1716 2976 1906 3046 prima

253 3063 493 3118 indietio
533 3061 898 3128 decurrebat,
941 3067 997 3115 et
1027 3062 1242 3133 L'genis
1286 3062 1437 3133 regis
1473 3080 1664 3119 annus
1695 3064 1904 3136 [xxxvu]

251 3152 575 3208 secundus:
593 3151 737 3206 alias
762 3168 954 3205 annus
977 3149 1192 3221 Ugonis
1216 3151 1425 3205 tertius
1448 3153 1737 3207 notendus
1763 3153 1901 3208 fuis-

251 3239 640 3298 set.Concinit
672 3238 846 3294 etiam
870 3238 1285 3294 documentum
1318 3256 1385 3294 ex
1413 3239 1647 3295 arehivo
1679 3242 1901 3296 monia-

2020 663 2303 718 dicendus
2335 664 2444 719 erit
2474 664 2786 719 Hilduinus
2817 664 2869 719 ei
2900 663 3083 719 fuisse
3115 662 3412 736 pollicitus
3443 680 3507 720 se
3536 682 3677 722 cum

2019 755 2260 824 Hugene
2293 769 2423 825 rege
2464 759 2733 809 acturum
2768 760 2830 808 ut
2858 753 2983 825 ipse
3013 769 3249 826 quoque
3296 754 3369 809 ad
3416 752 3675 827 aliquem

2021 841 2421 914 episcopatum
2462 847 2920 914 promoveretur.
2954 842 3119 898 Certe
3163 841 3223 898 in
3273 841 3677 915 Confessione,

2019 930 2119 984 ubi
2156 931 2577 986 monasterium
2617 935 2675 986 et
2717 932 3106 987 menasticum
3152 932 3515 1004 propositum
3548 950 3584 988 a
3614 949 3680 990 se

2018 1020 2315 1075 desertum
2350 1021 2540 1085 deflet,
2573 1037 2634 1076 se
2668 1022 2728 1076 in
2772 1029 2884 1076 rete
2908 1020 2989 1093 (id
3022 1025 3111 1077 est
3142 1021 3201 1076 in
3249 1022 3675 1094 epiSCOpatum)

2020 1100 2316 1164 immisisse
2353 1109 2545 1180 pedem
2590 1125 2771 1177 suum,
2804 1109 3199 1183 eumdemque
3247 1111 3481 1167 ambisse
3529 1112 3679 1168 satis

2020 1201 2218 1269 aperte
2256 1197 2586 1269 signiﬁcare
2635 1197 2865 1254 videtur
2907 1198 3169 1255 scribens
3201 1217 3259 1254 n.
3294 1200 3361 1254 19
3393 1217 3405 1255 :
3441 1201 3678 1256 Immisit

2018 1288 2280 1353 mraxime,
2316 1288 2567 1356 immisit,
2596 1289 2648 1342 si
2677 1291 2726 1342 et
2753 1287 3001 1343 ambivit.

2094 1376 2178 1429 14.
2213 1378 2540 1447 Antequam
2591 1375 2839 1431 ulterius
2888 1376 3356 1449 progrediamur,
3393 1377 3498 1434 hoc
3546 1375 3678 1434 loco

2020 1464 2238 1519 mentio
2287 1465 2549 1520 facienda
2598 1470 2688 1520 est
2717 1466 3028 1536 cujusdam
3078 1466 3290 1537 operis,
3317 1467 3675 1541 casteroquin

2018 1552 2323 1624 deperditi,
2339 1571 2454 1625 quo
2475 1554 2784 1609 Ratherius
2801 1560 2934 1610 ante
2951 1555 3353 1627 episcopatum
3373 1554 3679 1612 nonnullis

2021 1642 2443 1713 quaestionibus
2461 1642 2985 1699 Mediolanensium
3006 1643 3677 1719 respondit.Hujusope-

2018 1729 2097 1785 ris
2132 1730 2411 1786 indicium
2467 1732 2729 1803 suppetit
2775 1747 2843 1787 ex
2888 1732 3057 1804 epist.
3091 1734 3144 1798 3,
3180 1732 3251 1787 ad
3302 1732 3669 1803 Rotbertum,

2019 1821 2231 1874 num.1
2268 1837 2327 1874 ια
2356 1820 2418 1875 1n
2450 1819 2595 1891 ipsis
2628 1819 2829 1887 initiis,
2854 1820 3063 1892 inquit,
3088 1821 3482 1892 quorumdam
3515 1840 3675 1895 quas-

2018 1908 2327 1963 stiunculis
2371 1908 2893 1964 Mediolanensium
2942 1910 3099 1964 haud
3150 1910 3350 1966 leviter
3378 1910 3673 1983 pulsatus,

2019 1997 2284 2067 quaedam
2309 2013 2375 2051 ex
2397 1997 2489 2052 his
2510 2014 2637 2069 qua:
2659 2014 2757 2052 vos
2782 1998 3080 2070 requirere
3102 2016 3215 2053 non
3241 1999 3674 2071 ambigo,visus

2017 2102 2150 2139 sum
2185 2083 2520 2156 prazlibasse
2574 2087 2829 2156 [xxxvn].
2854 2110 2880 2135 ››
2918 2086 3066 2141 Dum
3096 2088 3157 2142 in
3196 2088 3329 2159 ipsis
3361 2090 3539 2145 initiis
3568 2089 3674 2162 ait,

2018 2173 2176 2228 istud
2209 2180 2442 2245 tempus
2470 2175 2706 2241 indicat,
2735 2192 2865 2230 cum
2900 2175 3091 2248 primo
3124 2176 3465 2233 llilduinum
3498 2196 3679 2234 secu-

2016 2268 2113 2317 tus
2162 2262 2221 2317 in
2274 2262 2497 2318 Italiam
2526 2264 2701 2333 venit,
2732 2269 2788 2319 et
2818 2266 3078 2320 nondum
3128 2265 3437 2338 episcopus
3481 2267 3678 2323 fuerat

2017 2356 2413 2413 consecratus,
2455 2355 2521 2405 ut
2570 2368 2638 2406 ex
2695 2352 3075 2423 sequentibus
3124 2351 3395 2425 colligere
3450 2351 3673 2410 licebit.

2016 2440 2291 2504 Quaenam
2324 2440 2536 2495 fuerint
2563 2440 2853 2511 ejusmodi
2886 2439 3261 2512 quiestiones,
3284 2440 3442 2497 latet.
3467 2441 3676 2501 Solum

2016 2529 2241 2584 scimus
2263 2547 2361 2584 eas
2382 2530 2454 2585 ad
2481 2531 2724 2601 profana
2745 2529 2939 2585 studia
2960 2530 3331 2603 pertinuisse,
3361 2529 3420 2586 in
3453 2530 3673 2602 quibus

2016 2623 2300 2690 quantum
2324 2617 2559 2684 valeret,
2585 2618 2990 2691 pervulgatum
3019 2623 3163 2674 erat.
3185 2624 3328 2673 Cum
3350 2619 3507 2675 enim
3538 2625 3675 2692 post

2015 2725 2083 2763 ea
2123 2707 2345 2764 similes
2396 2708 2564 2779 plane
2592 2708 2942 2779 quastiones
2991 2708 3179 2763 eidem
3219 2709 3343 2779 jam
3394 2707 3672 2782 episcopo

2015 2797 2419 2869 proposuisset
2464 2797 2795 2863 Rotbertus,
2820 2812 2887 2851 ea
2918 2797 3141 2851 ratione
3172 2812 3301 2852 sese
3347 2798 3668 2866 excusavit,

2014 2888 2152 2959 quia
2182 2885 2316 2940 licet
2356 2889 2486 2940 ante
2540 2885 2938 2957 episcopatum
2971 2902 3085 2939 non
3120 2889 3450 2942 recusasset
3496 2902 3670 2959 pares

2015 2973 2540 3029 Mediolanensium
2569 2973 2921 3044 quaestiones
2961 2973 3296 3041 dissolvere,
3320 2990 3437 3030 non
3468 2979 3671 3031 tamen

2014 3064 2255 3117 decebat
2286 3063 2341 3117 in
2372 3062 2443 3117 iis
2473 3061 2689 3117 versari
2720 3062 3078 3134 episcopatu,
3101 3062 3198 3134 qui
3231 3079 3348 3118 non
3380 3064 3437 3117 in
3470 3066 3674 3136 profa-

2015 3152 2126 3211 nis.
2155 3152 2253 3207 sed
2288 3150 2346 3205 in
2379 3150 2591 3207 divinis
2616 3156 2671 3206 et
2702 3150 2884 3206 sacris
2928 3151 3141 3206 studiis
3169 3151 3341 3207 debet
3369 3153 3666 3224 occupari.

2012 3241 2158 3296 Huic
2189 3241 2431 3297 forsitan
2472 3240 2627 3312 operi
2668 3240 2888 3295 inserta
2919 3239 3027 3295 fuit
3060 3239 3160 3293 illa
3191 3239 3498 3311 cujusdam
3530 3240 3669 3314 phi-

250 3330 396 3385 lium
428 3330 486 3385 S.
521 3327 809 3385 Zacharize
841 3328 1002 3382 urbis
1033 3327 1408 3383 Venetiarum
1439 3345 1472 3383 a
1500 3327 1720 3385 Joanne
1752 3330 1899 3402 Bap-
1931 3310 1973 3376 (ἶ
2014 3330 2240 3402 Iosephi
2274 3310 2583 3397 sententia,
2612 3331 2781 3400 cujus
2826 3328 3094 3385 meminit
3141 3310 3289 3383 libre
3320 3334 3483 3385 sexto
3516 3310 3667 3384 13m-

250 3422 389 3474 tisla
419 3417 754 3474 Biancolino
785 3416 1085 3489 vulgatum
1120 3416 1231 3488 (De‘
1261 3419 1467 3472 vescovi
1494 3417 1555 3472 di
1590 3420 1791 3474 Verona
1842 3437 1899 3491 p.

252 3508 395 3579 120),
425 3523 541 3578 quo
586 3505 898 3561 Hilduinus
927 3505 1186 3561 Notherii
1219 3523 1524 3562 successor
1552 3506 1902 3564 Veronensis

249 3596 555 3667 episcopus
577 3594 831 3650 traditur
852 3600 1174 3666 «regnante
1197 3596 1411 3652 domno
1436 3595 1631 3667 Ugone
1655 3614 1785 3669 rege
1807 3598 1902 3654 hic

248 3685 309 3739 in
340 3683 508 3740 Italia
537 3700 690 3739 anno
728 3687 936 3755 quarto
986 3684 1095 3739 sub
1127 3684 1219 3738 die
1247 3700 1303 3739 x1
1337 3685 1405 3739 de
1438 3702 1637 3741 mense
1680 3685 1897 3753 Julius,

249 3772 566 3828 indictione
619 3771 943 3826 secunda.»
965 3772 1115 3827 Sunt
1168 3771 1309 3827 certi
1339 3773 1703 3830 characteres
1760 3775 1899 3831 anni

246 3861 374 3927 929,
409 3876 523 3932 quo
553 3858 773 3932 Ugonis
812 3859 964 3932 regis
1001 3877 1193 3915 annus
1226 3866 1471 3931 quartus
1514 3879 1712 3919 mense
1741 3864 1899 3921 Julio

246 3949 341 4005 vix
372 3948 833 4015 ineheaverat,et
864 3950 1245 4003 concurrebat
1286 3965 1419 4003 cum
1462 3950 1775 4007 indictione
1808 3969 1896 4011 se-

247 4037 535 4094 cunda.Si
563 4041 760 4093 autem
790 4053 987 4093 mense
1012 4036 1169 4091 Julio
1193 4038 1329 4092 anni
1362 4038 1467 4092 929
1496 4040 1897 4113 episcopatum

250 4125 639 4181 Veronensem
670 4123 969 4179 obtinebat
999 4123 1333 4187 Hilduinus,
1367 4141 1525 4179 mors
1556 4127 1755 4196 procul
1788 4129 1897 4184 du-

246 4215 341 4270 bio
367 4213 761 4285 Notherii,qui
784 4212 928 4268 obiit
952 4229 1004 4268 ιν
1028 4212 1164 4267 Idus
1189 4213 1457 4285 Augusti,
1483 4210 1541 4268 in
1572 4215 1896 4287 Augustum

244 4304 380 4360 anni
417 4302 524 4358 929
572 4302 768 4358 referri
827 4302 1049 4373 nequit,
1082 4302 1183 4357 sed
1242 4305 1506 4377 Augusto
1537 4306 1674 4360 anni
1704 4307 1810 4360 928
1836 4308 1896 4362 in

242 4392 537 4471 epitaphio
569 4392 787 4464 optime
817 4390 1149 4448 ascribitur.

313 4483 398 4536 13.
423 4481 540 4536 Hac
561 4480 884 4546 occasione,
914 4498 1031 4551 qua
1060 4479 1375 4537 Hilduinus
1398 4481 1470 4537 ad
1499 4481 1891 4540 Veronensem

240 4570 439 4626 sedem
470 4574 774 4639 promotus
804 4569 1292 4634 fuit,Ratberium
1315 4588 1430 4625 non
1463 4571 1603 4627 levis
1634 4590 1769 4645 spes
1803 4574 1891 4628 in-

2010 3419 2366 3491 loquiorum,
2400 3436 2563 3474 num.
2592 3421 2648 3485 7,
2682 3416 2959 3491 inquiens
2985 3436 2997 3473 :
3024 3441 3051 3469 ‹‹
3087 3417 3363 3490 Exemplo
3392 3418 3669 3475 videlicet

2011 3509 2317 3580 cujusdam
2338 3507 2795 3580 philosophi,qui
2812 3523 2946 3563 cum
2966 3508 3037 3562 ad
3060 3506 3448 3575 iracundiam,
3465 3523 3667 3565 vrum

2009 3616 2069 3653 1N
2098 3615 2226 3653 suo
2251 3614 2547 3653 veLUMINe
2576 3596 2903 3661 retulimus,
2938 3597 3352 3664 concitaretur,
3384 3596 3597 3666 eidem,
3631 3613 3669 3653 ο.

2009 3703 2123 3759 quo
2154 3686 2529 3751 incitabatur,
2562 3685 2779 3741 dixisse
2811 3685 2992 3739 fertur
3026 3700 3039 3739 :
3070 3686 3195 3740 1am
3221 3688 3275 3739 te
3299 3688 3663 3755 percuterem,

2006 3777 2119 3831 nisi
2145 3777 2319 3830 iratus
2348 3790 2538 3829 essem.
2570 3796 2598 3823 »
2629 3774 2792 3839 Quod
2826 3772 2874 3829 si
2908 3773 2966 3828 in
2998 3772 3214 3828 librum
3247 3790 3362 3845 quo
3397 3773 3672 3829 Mediola-

2008 3863 2280 3919 nensium
2315 3861 2739 3934 quaestionibus
2772 3861 3095 3933 respondit,
3120 3861 3411 3932 ejusmodi
3435 3866 3669 3918 senten-

2010 3953 2092 4008 tia
2120 3969 2232 4007 non
2266 3951 2375 4006 fuit
2423 3951 2661 4020 inserta,
2695 3949 2853 4006 aliud
2903 3951 3169 4023 ignotum
3197 3949 3473 4006 volumen
3528 3955 3667 4007 ante

2006 4040 2330 4112 Prmlequia
2350 4039 2633 4112 scriptum
2663 4056 2695 4095 a
2721 4038 2994 4095 Ratlierie
3013 4038 3327 4095 dicendum
3348 4042 3522 4095 esset.
3546 4039 3665 4095 Nec

2006 4130 2346 4185 dubitamus
2378 4128 2615 4201 quidem
2649 4129 2791 4200 quin
2839 4127 3014 4182 homo
3047 4127 3225 4199 hujus
3257 4127 3359 4183 aevi
3388 4126 3663 4183 doctissi-

2006 4236 2139 4274 mus
2173 4219 2287 4273 alia
2316 4217 2501 4273 multa
2542 4222 2676 4273 ante
2715 4217 2950 4272 eosdem
2986 4216 3443 4290 Prmloquiorum
3476 4215 3662 4274 libros

2005 4294 2424 4373 lucubraverit,’
2441 4321 2691 4378 quorum
2725 4305 3009 4361 memoria
3041 4305 3280 4361 interiit.

2077 4399 2162 4452 15.
2183 4397 2318 4451 Post
2338 4396 2519 4451 ferme
2541 4394 2844 4455 biennium
2868 4411 2984 4466 quo
3005 4392 3318 4450 Hilduinus
3334 4394 3663 4451 Veronensi

2002 4485 2269 4541 Ecclesiae
2289 4484 2863 4556 praeerat,Lamberto
2886 4483 3330 4555 metropolitano
3345 4482 3657 4551 exstincto,

1998 4573 2221 4630 vacavit
2250 4571 2765 4645 archiepiscopalis
2808 4573 2977 4628 sedes
3029 4571 3501 4637 Mediolanensis,
3526 4589 3659 4645 quae

240 4657 418 4713 cessit
459 4655 805 4711 succedendi
838 4655 1133 4725 Hilduino,
1165 4680 1192 4708 ‹‹
1225 4659 1513 4729 promisso
1564 4662 1715 4733 regis
1764 4680 1888 4718 ma-
1922 4674 1969 4739 D
1999 4680 2134 4719 cum
2165 4662 2248 4717 illi
2282 4659 2695 4734 cengruentior
2722 4659 2847 4715 visa
2881 4665 3058 4726 esset,
3079 4662 3282 4717 eodem
3312 4679 3347 4717 a
3376 4661 3514 4717 sede
3544 4660 3662 4717 Ve-

240 4744 606 4816 nente,quod
631 4744 729 4799 ubi
762 4741 928 4798 illum
955 4743 1130 4800 altius
1162 4748 1534 4816 promovendi
1567 4755 1891 4823 emergeret

238 4839 494 4905 tempus,
515 4831 827 4888 Ratherius
846 4831 1281 4897 Veronensibus
1315 4834 1551 4889 daretur
1579 4838 1891 4910 episcopus

239 4923 436 4995 (Foco.
470 4939 519 4976 c.
554 4922 663 4989 19).
690 4943 717 4970 ››
752 4920 896 4974 Hinc
931 4919 985 4973 in
1028 4922 1319 4988 Qualilaiis
1374 4924 1683 4992 conjectura
1722 4944 1885 4981 num.

240 5012 306 5065 13
331 5028 343 5065 :
367 5033 394 5060 «
424 5009 819 5080 Quadraginta
841 5010 969 5081 jam
1002 5009 1119 5064 fere
1150 5015 1290 5065 sunt
1318 5010 1476 5077 anni,
1512 5013 1704 5083 inquit
1730 5014 1887 5069 idem

242 5097 574 5169 Ratherius,
602 5115 669 5154 ex
721 5113 836 5167 quo
889 5096 1111 5151 ambire
1163 5096 1483 5168 potentiam
1514 5098 1688 5171 coepi;
1726 5123 1753 5149 ››
1786 5101 1886 5156 ubi

230 5188 494 5261 potenter
542 5186 776 5242 nomine
816 5185 926 5241 hoc
973 5184 1097 5241 loco
1144 5186 1545 5258 episcopatum
1580 5187 1883 5263 intelligit;

234 5276 390 5331 unde
420 5279 555 5348 post
584 5291 771 5347 pauca
788 5273 853 5330 de
871 5274 1258 5329 administrate
1281 5276 1535 5345 nequiter
1562 5275 1778 5334 diutino
1796 5295 1886 5350 po-

233 5369 441 5420 tentatu
470 5378 667 5419 vocem
700 5366 981 5433 potentatu
1017 5362 1219 5418 eodem
1263 5378 1440 5418 sensu
1475 5364 1703 5436 accipit.
1737 5365 1884 5421 Cum

235 5452 531 5521 Qualitatis
567 5453 877 5523 conjectura
926 5450 1145 5521 scripta
1189 5451 1365 5507 fuerit
1409 5468 1562 5508 anne
1590 5453 1716 5521 966,
1747 5471 1882 5526 qua-

231 5543 491 5611 draginta
505 5543 623 5612 fere
636 5539 979 5604 anni,latius
996 5540 1237 5611 sumpti,
1252 5556 1368 5595 non
1387 5539 1538 5596 male
1556 5548 1886 5616 congruunt

232 5646 385 5685 anno
415 5629 540 5683 928.
574 5627 735 5692 Quod
786 5627 835 5683 si
890 5627 1153 5683 strictius
1195 5628 1514 5700 accipiendi
1545 5631 1880 5703 credantur,

172 5768 179 5773 .
230 5719 313 5781 ita
343 5721 410 5781 ut
433 5733 636 5780 eorum
676 5716 912 5779 initium
952 5716 1309 5785 sumendum
1347 5718 1427 5778 sit
1464 5718 1536 5779 ab
1570 5736 1724 5781 anno
1752 5723 1879 5800 926,

2000 4751 2232 4808 renensi
2264 4752 2334 4806 ad
2368 4749 2859 4805 Mediolanensem
2893 4750 3177 4817 traducto,
3199 4748 3297 4805 ille
3326 4765 3499 4806 casus
3528 4764 3662 4806 eve-

1999 4845 2315 4912 nerat,que
2349 4837 2660 4894 Ratherius
2691 4856 2760 4893 ex
2790 4837 3009 4910 Ugonis
3053 4839 3207 4912 regis
3239 4837 3548 4911 promissis
3581 4838 3657 4894 ad

1998 4934 2394 4984 Veronensem
2422 4927 2760 4982 cathedram
2802 4928 3231 4999 promovendus
3257 4932 3401 4984 erat.
3433 4926 3658 4984 Verum

2000 5039 2027 5067 ‹‹
2051 5022 2116 5072 ut
2146 5034 2274 5073 sese
2306 5015 2661 5072 instabilitas
2689 5016 3003 5071 mundana:
3033 5032 3186 5089 saepe
3214 5016 3474 5072 continet
3495 5013 3660 5071 volu-

1994 5106 2240 5162 bilitatis
2284 5104 2509 5177 (scribit
2537 5103 2633 5160 hic
2664 5103 2834 5175 epist.
2866 5106 2921 5174 5,
2955 5122 3119 5170 num,
3149 5105 3224 5177 3),
3256 5104 3432 5177 longe
3483 5103 3659 5160 aliter

1995 5210 2061 5250 ac
2091 5194 2462 5267 promiserat,
2488 5192 2607 5263 regi
2632 5192 3143 5266 placuit,cupienti
3161 5195 3379 5267 potius,
3403 5197 3470 5248 ut
3497 5193 3659 5249 fama

1994 5288 2137 5348 erat,
2158 5299 2343 5337 unum
2366 5299 2397 5337 e
2415 5280 2624 5348 tribus,
2658 5285 2761 5337 aut
2789 5282 3104 5353 quemdam
3136 5283 3522 5355 Aquitanum,
3549 5285 3657 5337 aut

1993 5370 2384 5436 Garafridum,
2408 5372 2510 5425 aut
2552 5370 2882 5426 Manassem
2912 5371 3309 5428 Arelatensem
3363 5370 3657 5443 archiepi-

1994 5476 2259 5532 scopum,
2283 5462 2485 5515 contra
2526 5459 2629 5529 jus
2668 5459 2804 5515 licet
2834 5475 3149 5529 canonum,
3168 5484 3195 5509 »
3212 5460 3656 5518 Veronensibus

1993 5550 2331 5623 episcopum
2354 5548 2659 5605 dare.Jam
2688 5549 2999 5608 Ratherius
3020 5550 3281 5607 Hilduini
3305 5550 3531 5607 domini
3558 5549 3671 5606 sui'

1992 5655 2170 5693 causa
2201 5639 2444 5694 Romam
2486 5638 2802 5709 profectus,
2828 5642 2892 5697 ιι
2921 5639 3289 5712 pontificium
3322 5656 3426 5713 pro
3455 5656 3524 5697 eo
3558 5639 3656 5695 di-

1989 5725 2189 5813 ploma
2216 5744 2332 5787 una
2362 5743 2496 5788 cum
2527 5725 3010 5805 archiepiscopali
3041 5728 3217 5807 pallio
3249 5731 3510 5803 referret,
3541 5727 3658 5815 ibi-
