3968 6390
308 426 386 486 39
1271 412 1723 477 RATHERIUS
1769 407 2262 493 VERONENSIS
2311 404 2765 470 EPISCOPUS.
3650 407 3730 479 40

310 555 483 612 therii
514 552 917 627 episcopatum
940 550 1199 622 assignat
1222 566 1374 604 anno
1396 548 1653 613 9‘28,tum
1677 545 1819 600 alios
1844 560 1955 597 non
1989 543 2042 608 Α
2076 541 2262 596 fuerat
2303 539 2615 603 enutritus,
2650 540 2852 594 eodem
2886 538 3236 610 imperatore
3265 538 3501 595 Veronae
3533 541 3726 596 occiso

308 661 530 722 paucos
561 641 931 708 recentiores,
965 639 1064 712 qui
1114 638 1280 694 illum
1315 637 1620 693 ascribunt
1650 652 1801 690 anno
1834 634 1959 689 931.

308 765 338 833 §
365 760 458 819 IV.
493 790 564 802 ——-
593 760 766 833 Initia
782 758 1132 833 episcopatus
1151 754 1416 833 ttat/ierit
1433 768 1597 833 quarli
1618 750 1958 833 calamitosa.

380 832 688 890 Adha’rens
717 820 909 884 Miloni
965 820 1160 883 comiti
1213 820 1513 880 Arnoldum
1542 822 1821 893 Bajoariw
1859 820 1960 874 du-

380 920 496 960 cem
529 903 743 959 Verona:
775 901 972 970 recepit
998 906 1183 970 contra
1223 897 1453 966 Ugonem
1482 910 1683 963 regem.
1716 893 1960 970 Ab_Ugo-

379 978 470 1030 nis
501 974 775 1030 militibus
802 963 1013 1043 captus,
1048 970 1107 1024 in
1138 963 1458 1040 Papiensem
1488 982 1761 1021 carcerem
1784 963 1964 1017 detru-

380 1048 553 1103 ditur.

380 1163 470 1218 17.
500 1161 645 1218 Cum
680 1178 777 1215 rex
805 1158 926 1231 Ugo
961 1174 1075 1212 non
1109 1160 1335 1228 sponte,
1360 1154 1460 1209 sed
1490 1152 1741 1208 aliorum
1767 1154 1962 1222 postu-

307 1250 628 1309 lationibus
654 1249 845 1303 victus
877 1252 1119 1303 eatenus
1152 1241 1492 1299 Ratherium
1533 1240 1803 1315 elegisset
1833 1239 1962 1310 epi-

309 1338 723 1415 scopum,quia
746 1354 879 1393 eum
903 1334 1063 1410 gravi
1086 1333 1289 1389 morbo
1321 1331 1682 1388 laborantem
1715 1328 1961 1383 moritu—

308 1448 439 1487 rum
472 1428 777 1503 sperabat;
812 1430 878 1481 ut
925 1425 1121 1495 ipsum
1154 1441 1184 1479 o
1217 1426 1402 1477 morte
1442 1424 1706 1491 ereptum
1737 1422 1794 1474 et
1841 1415 1959 1489 epi-

307 1536 549 1592 scopum
575 1521 976 1573 consecratum
1010 1513 1172 1579 vidit,
1198 1535 1225 1560 ‹‹
1260 1509 1615 1565 iratissimus
1640 1506 1958 1569 redditur,»

306 1609 501 1681 inquit
520 1608 581 1661 in
603 1606 833 1677 epist.5,
860 1620 1023 1657 num.
1052 1601 1264 1665 4,idem
1290 1597 1682 1666 Ratherius,et
1704 1595 1961 1663 «juravit

306 1715 406 1770 per
427 1698 609 1753 Deum
638 1696 765 1767 (nec
798 1696 886 1748 est
916 1689 1217 1759 mentitus)
1252 1688 1405 1759 quod
1439 1687 1647 1742 diebus
1680 1686 1805 1739 vita:
1840 1701 1957 1739 sua:

306 1787 376 1841 de
407 1786 536 1857 ipsa
556 1783 921 1839 ordinatione
940 1797 1053 1834 non
1077 1796 1264 1834 esseni
1285 1775 1615 1849 gavisurus.
1638 1798 1662 1821 ››
1692 1773 1835 1836 Quid
1862 1790 1958 1827 au-

302 1879 423 1929 tem
454 1873 712 1945 primum
744 1870 864 1941 Ugo
896 1868 1196 1941 egerit,his
1220 1867 1408 1921 verbis
1434 1863 1730 1920 describit:
1761 1862 1958 1916 «Misit

307 1963 367 2017 in
398 1960 666 2034 pitaciolo
699 1965 917 2015 certam
951 1956 1334 2029 quantitatem
1367 1953 1661 2027 stipendii,
1688 1952 1841 2024 quod
1870 1958 1953 2005 te-

306 2067 506 2108 nerem
537 2051 607 2105 de
640 2048 815 2104 rebus
847 2045 1123 2110 ecclesire,
1149 2046 1219 2098 de
1242 2043 1463 2098 (διεξίοι-ιε
1495 2043 1731 2111 exigens
1756 2041 1952 2112 jusju-

306 2141 654 2206 randum,ut
682 2137 889 2193 diebus
913 2135 1069 2190 illius
1092 2133 1315 2205 filiique
1336 2132 1426 2188 sui
1451 2131 1703 2205 amplius
1728 2147 1839 2185 non
1866 2148 1951 2185 re-

308 2230 624 2301 quirerem.
657 2227 773 2298 Ego
818 2223 1152 2297 intelligens
1184 2221 1319 2295 [xu]
1350 2225 1571 2293 quanta
1617 2218 1953 2275 absurditas

304 2318 415 2373 hoc
445 2318 919 2387 consequeretur,
954 2329 1068 2367 non
1100 2310 1388 2367 consensi.
1424 2332 1451 2359 »
1494 2308 1653 2363 llanc
1702 2305 1951 2378 primam

304 2406 490 2463 aversi
521 2422 555 2461 a
583 2421 645 2462 se
677 2403 831 2476 regis
873 2401 1051 2457 animi
1103 2414 1341 2456 causam
1388 2397 1607 2453 notavit
1635 2397 1693 2452 in
1744 2396 1949 2451 Prmlo-

304 2494 576 2568 quiorum
597 2492 746 2549 libro
769 2509 843 2559 ιν,
879 2509 1041 2546 num.
1075 2492 1177 2545 20:
1214 2514 1238 2538 α
1265 2488 1415 2555 Haec,
1441 2492 1505 2542 ut
1524 2484 1750 2559 opinor,
1775 2503 1953 2542 causa

301 2583 412 2639 fuit
432 2582 681 2648 dissidii,
711 2580 831 2635 hzec
863 2585 999 2634 nota
1028 2578 1183 2650 quod
1210 2577 1426 2649 ingeris
1458 2574 1721 2630 criminis
1747 2591 1759 2628 :
1794 2574 1947 2645 quod

299 2672 567 2728 videlicet
586 2675 650 2725 tu
681 2670 960 2742 (Ugonem
995 2666 1334 2739 alloquitur)
1368 2682 1458 2720 res
1481 2681 1685 2720 omnes
1717 2662 1951 2719 volebas

301 2766 502 2818 tenere
530 2759 807 2825 ecclesiae,
838 2774 973 2811 eum
1002 2773 1136 2811 vero
1168 2756 1247 2825 (id
1281 2761 1369 2811 cst
1394 2754 1759 2823 Ratherium)
1792 2769 1947 2807 mer-

302 2848 602 2905 cenarium
636 2847 743 2914 tui,
777 2864 891 2902 non
942 2849 1233 2918 pastorem
1268 2843 1460 2916 gregis
1492 2859 1621 2897 esse
1651 2841 1884 2896 Christi.
1921 2863 1947 2891 ››

302 2942 422 2992 Ηοο
454 2936 643 3009 primo
675 2934 976 2989 molimine
1020 2934 1319 2999 frustrato,
1350 2949 1448 2986 rex
1480 2930 1656 2986 aliam
1706 2931 1947 2986 vexandi

302 3024 559 3098 episcopi
586 3023 717 3079 iniit
745 3024 919 3079 viam.
968 3046 994 3071 ‹‹
1022 3021 1292 3076 Adhibuit
1325 3021 1584 3091 undique
1617 3025 1947 3091 persecutu-

302 3126 395 3171 ros
426 3118 483 3169 et
514 3112 898 3179 adversarios,
933 3111 1032 3183 qui
1064 3116 1165 3165 aut
1196 3112 1551 3166 deterrerent
1583 3126 1695 3175 me,
1728 3114 1791 3163 ut
1812 3111 1950 3164 effu-

302 3216 498 3278 gerem
524 3225 551 3253 »
599 3202 797 3276 (verba
829 3207 967 3256 sunt
1010 3199 1264 3255 auctoris
1310 3199 1367 3253 in
1401 3198 1636 3255 laudata
1686 3199 1855 3271 epist.
1888 3198 1945 3270 5)

301 3316 329 3343 ‹‹
360 3297 463 3348 aut
491 3292 805 3357 irritarent,
830 3296 887 3344 et
908 3295 971 3344 ut
1000 3288 1319 3361 expellendi
1356 3305 1447 3343 me
1480 3287 1805 3344 invenirent
1852 3306 1946 3343 oc-
1975 3280 2022 3346 (ἶ

303 3382 620 3438 casionem.
656 3402 684 3429 ››
724 3379 964 3435 Duobus
995 3378 1165 3434 annis
1209 3382 1265 3433 et
1308 3377 1553 3433 dimidio
1608 3377 1950 3448 hujusmodi

302 3470 764 3543 persecutionem
787 3468 1096 3540 cpiscopus
1120 3466 1378 3540 pertulit.

374 3562 462 3616 18.
495 3559 650 3615 Inter
677 3558 797 3612 haec
828 3557 948 3630 Ugo
980 3561 1389 3629 opportunam,
1420 3572 1596 3627 quam
1633 3555 1948 3625 quaerebat,

302 3645 628 3719 expellendi
658 3646 915 3717 episcopi
933 3651 990 3700 et
1010 3646 1067 3699 in
1086 3662 1375 3700 carcerem
1407 3644 1751 3700 detrudendi
1785 3662 1949 3699 occa-

300 3736 526 3792 sionem
562 3739 770 3788 nactus
799 3739 906 3788 est.
940 3732 1140 3788 Plures
1178 3733 1237 3788 in
1266 3734 1429 3788 Italia
1459 3739 1659 3788 contra
1690 3734 1947 3805 Ugonem

301 3824 456 3880 male
505 3827 673 3878 erant
725 3820 987 3876 animati.
1030 3820 1175 3875 Hinc
1235 3822 1621 3877 revocandum
1670 3827 1953 3894 putarunt

302 3910 621 3967 Rodulfum
652 3910 700 3965 ll
733 3926 925 3981 regem
960 3908 1327 3981 Burgundiaa,
1363 3909 1459 3980 qui
1492 3910 1790 3981 aliquanto
1817 3917 1951 3966 ante

301 4000 502 4056 Italico
534 4016 709 4071 regno
733 3998 991 4071 privatus
1016 4000 1199 4052 fuerat
1228 3998 1555 4069 (Lw'rrnm.
1590 4000 1627 4053 ι.
1664 4016 1797 4063 ιιι,σ.
1834 4000 1944 4069 i3).

302 4090 369 4146 Id
400 4105 535 4144 cum
560 4088 959 4161 praesensisset
988 4086 1127 4159 Ugo,
1163 4086 1397 4143 directis
1430 4087 1497 4142 ad
1525 4087 1837 4143 Rodulfum
1869 4089 1950 4144 le-

302 4177 477 4253 gatis,
509 4182 565 4234 et
595 4176 893 4233 nonnullis
928 4175 1266 4243 ditionibus,
1294 4192 1442 4249 quas
1473 4176 1703 4231 tenebat
1724 4176 1782 4231 in
1814 4177 1950 4233 Pro-

301 4268 512 4333 vincia,
545 4266 732 4324 eidem
791 4265 1076 4331 dimissis,
1120 4265 1231 4319 sibi
1263 4265 1334 4321 ab
1384 4282 1450 4319 eo
1481 4265 1624 4321 satis
1671 4266 1742 4320 de
1775 4284 1951 4339 regno

303 4356 497 4415 Italico
530 4355 696 4413 cavit.
733 4356 909 4412 Paulo
942 4361 1074 4428 post
1110 4355 1474 4411 Veronenses
1506 4355 1686 4426 Ugoni
1740 4355 1949 4411 infensi

301 4445 648 4512 Arnoldum,
664 4462 789 4513 seu,
806 4449 869 4499 ut
891 4444 988 4499 alii
1010 4442 1326 4515 appellant,
1349 4442 1654 4498 Arnolt‘um
1674 4444 1949 4515 Bajoarize

288 4538 361 4589 'et
390 4533 701 4589 Corinthia:
734 4534 942 4588 ducem
995 4537 1325 4587 cvocarunt.
1370 4531 1530 4587 Hauc
1576 4532 1947 4589 rebellionem

304 4621 554 4678 factione
584 4619 821 4691 quidem
873 4619 1264 4674 archidiaconi
1305 4623 1363 4675 et
1392 4618 1527 4675 cleri
1576 4621 1949 4689 Veronensis,
1986 4646 2031 4711 υ

304 4714 481 4781 atque
510 4708 900 4780 quorumdam
923 4707 1337 4779 primariorum
1369 4706 1619 4763 civitatis
1641 4711 1950 4767 conflatam

303 4797 487 4870 liquet
516 4812 584 4852 ex
631 4795 889 4851 Ratherii
921 4795 1166 4866 epistola
1198 4795 1268 4849 ad
1302 4794 1580 4851 Ursonem
1614 4797 1953 4869 diaconum,

304 4886 587 4943 insertam
612 4885 761 4940 libro
794 4882 1246 4955 Praeloquiorum
1272 4885 1629 4952 tertio,num.
1662 4890 1749 4941 27.
1785 4888 1951 4944 Milo-

304 4992 440 5031 nem
459 4978 653 5030 autem
677 4974 949 5030 comitem
968 4977 1025 5027 et
1048 4971 1387 5028 Ratherium
1411 4974 1749 5047 episcopum
1776 4978 1952 5032 rebel-

304 5063 482 5120 lionis
511 5061 701 5136 capita
728 5079 762 5118 a
796 5062 1152 5134 Liutprando
1194 5061 1525 5130 traduntur;
1561 5066 1765 5120 Scribit
1794 5069 1950 5123 enim

302 5151 625 5209 Arnoldum
657 5151 931 5224 Bajoariaz
964 5152 1195 5218 ducem,
1229 5150 1328 5222 qui
1360 5167 1497 5207 cum
1541 5154 1791 5209 exercitu
1823 5156 1951 5210 Tri-

304 5241 605 5299 dentinam
629 5241 950 5297 marchiam
982 5240 1418 5314 pertransicrat,
1442 5240 1733 5298 Veronam
1766 5261 1951 5317 usque

303 5329 637 5405 pervenisse
695 5330 952 5398 (Lw'rpa.
1004 5333 1102 5397 ib.,
1134 5330 1327 5401 0.14).
1382 5355 1408 5381 ‹‹
1449 5330 1504 5386 in
1556 5349 1674 5405 qua
1704 5351 1738 5389 a
1786 5334 1950 5391 Milo-

302 5437 374 5477 ne
431 5421 642 5477 comite
703 5424 878 5491 atque
933 5436 968 5474 a
1023 5420 1293 5476 Ratlierio
1350 5422 1621 5495 episcopo
1677 5422 1947 5495 libenter,

302 5513 367 5566 ut
397 5509 496 5582 qui
529 5525 662 5565 eum
695 5507 1029 5573 invitarant,
1077 5509 1416 5581 suscipitur.
1446 5531 1475 5559 »
1528 5510 1661 5566 Milo
1691 5528 1721 5567 e
1772 5513 1949 5568 Fran-

303 5615 503 5655 corum
536 5612 745 5670 genere
777 5594 1021 5652 celebris
1052 5598 1162 5652 sub
1209 5598 1559 5670 imperatore
1602 5600 1949 5674 Berengario

304 5687 432 5759 (10.,
458 5686 496 5738 ι.
529 5703 591 5755 ιι,
622 5702 670 5742 c.
691 5684 807 5757 20),
840 5701 875 5739 a
902 5700 1017 5755 quo
1034 5685 1269 5756 juvenis
1289 5686 1652 5742 familiariter
1679 5686 1952 5761 lauteque

2073 647 2224 684 anno
2236 630 2341 683 924
2355 628 2547 701 aliqua
2575 644 2806 683 summa
2823 631 3107 700 potestate
3130 628 3516 703 fungebatur;
3537 628 3728 695 Flam-

2072 718 2304 776 bertum
2339 718 2497 774 enim
2543 719 2614 789 (1)
2650 716 3047 779 sculdascium
3104 717 3236 791 ejus
3288 716 3726 785 interfectorem

2073 806 2288 879 (Ibid),
2326 806 2542 880 «eique
2572 811 2693 863 tam
2725 806 2787 862 in
2818 806 3043 863 nefario
3070 806 3286 863 scelere
3314 806 3724 880 conniventes,

2070 897 2125 953 vi
2157 901 2356 968 captos
2407 896 2724 969 suspendio
2767 896 2948 951 vitam
2980 894 3150 953 ﬁnire
3193 895 3488 969 precepit.
3521 916 3551 946 ››
3604 896 3726 954 H00

2072 997 2331 1067 tempore
2363 993 2518 1049 idem
2562 992 2697 1049 Milo
2727 993 2881 1065 [χιιι]
2915 1010 3112 1055 comes
3135 992 3490 1061 Veronensis
3538 992 3727 1057 fuisse

2071 1081 2253 1137 videri
2306 1086 2497 1155 potest
2538 1082 2799 1151 (DIONYS.
2829 1082 2896 1137 de
2922 1082 3130 1140 duobus
3154 1099 3240 1155 ep.
3272 1099 3332 1155 ρ.
3375 1083 3522 1155 107).
3553 1084 3725 1143 Codi—

2072 1170 2221 1228 cillis
2250 1188 2385 1227 vero
2417 1170 2965 1243 Notherii-episcopi
2987 1188 3085 1228 an.
3109 1172 3215 1226 927
3235 1171 3365 1229 sine
3392 1171 3513 1233 ullo
3542 1170 3727 1231 comi-

2071 1259 2147 1316 tis
2179 1259 2369 1329 titulo,
2388 1260 2490 1317 sed
2508 1265 2641 1315 ante
2672 1260 2974 1317 scavinum
2998 1258 3333 1332 etjudjcsm
3346 1259 3723 1333 subscripsit;

2071 1374 2135 1413 ac
2168 1362 2444 1429 praeterea
2474 1357 2627 1413 inter
2654 1361 2834 1417 testes
2872 1357 3122 1417 refertur
3148 1355 3488 1430 Sigibaldus
3532 1375 3725 1417 vasus

2071 1446 2306 1513 Milonis,
2336 1447 2486 1501 sicut
2515 1446 2576 1502 in
2606 1447 2871 1516 ejusdem
2908 1446 3165 1503 Nothsrii
3199 1450 3549 1507 testamento
3581 1446 3725 1505 anni

2066 1536 2177 1589 922
2219 1542 2347 1606 post
2380 1536 2773 1606 lngcltredum
2805 1542 2943 1591 tunc
2974 1536 3208 1592 Verona:
3238 1534 3517 1594 comitem
3568 1535 3726 1595 inter

2068 1627 2245 1678 testes
2296 1624 2597 1696 luget/redi
2627 1640 2808 1678 cassus
2864 1623 3222 1679 nominatur.
3256 1623 3322 1681 1n
3367 1622 3723 1685 donumonm

2068 1721 2207 1776 anni
2236 1721 2342 1776 929
2374 1721 2497 1792 ipse
2530 1720 2667 1776 Milo
2696 1722 2807 1777 etsi
2840 1720 3009 1776 titulo
3038 1721 3271 1777 comitis
3292 1720 3511 1793 pariter
3538 1725 3722 1787 caret,

2067 1814 2261 1865 tamen
2296 1826 2483 1864 missus
2508 1813 2689 1879 regius
2720 1810 2935 1865 dicitur
2961 1812 3251 1880 (Euneon.
3281 1810 3355 1865 De
3376 1824 3512 1871 vero.
3538 1825 3571 1865 ε
3592 1826 3719 1878 gov.

1985 1912 2032 1978 Β
2064 1897 2123 1952 di
2155 1899 2382 1962 Verona,
2414 1915 2470 1969 p.
2506 1901 2651 1969 120):
2683 1899 2836 1970 quod
2870 1898 3223 1970 pracipuam
3255 1898 3315 1954 in
3344 1914 3415 1953 eo
3444 1897 3718 1954 nobilita.

2063 1991 2179 2041 tem
2213 1987 2488 2045 declarat.
2522 1988 2667 2042 Cum
2692 2003 2861 2058 porro
2889 1986 3207 2042 Arnoldum
3228 1991 3437 2042 contra
3454 1985 3719 2058 Ugonem

2062 2075 2303 2143 vocavit,
2329 2076 2456 2147 jam
2506 2075 2845 2145 dignitatem
2878 2074 3107 2131 comitis
3161 2074 3515 2132 Veronensis
3559 2080 3720 2132 certo

2063 2164 2280 2218 certius
2310 2164 2633 2228 obtinebat,
2684 2182 2800 2236 quo
2830 2163 3067 2219 nomine
3123 2162 3278 2219 inter
3333 2165 3560 2235 primos
3590 2169 3723 2222 erat

2064 2252 2246 2307 ltalici
2280 2252 2464 2323 regni,
2493 2258 2550 2307 et
2575 2251 2865 2307 civitatem
2896 2269 3131 2308 summa
3150 2256 3435 2323 potestate
3466 2251 3721 2309 admini-

2062 2349 2455 2406 strabat.Huic
2477 2366 2647 2421 porro
2673 2349 2815 2421 quid
2836 2348 2895 2404 in
2919 2365 2989 2405 ea
3008 2354 3211 2405 contra
3232 2349 3490 2421 Ugonem
3519 2348 3716 2406 rebel-

2062 2436 2217 2493 lione
2234 2437 2528 2506 acciderit,
2555 2439 2874 2511 Liutprand
2885 2456 2954 2493 us
2976 2438 3268 2494 memorias
3282 2437 3716 2511 prodiditﬂum

2062 2526 2219 2583 idem
2251 2544 2367 2593 rex,
2388 2528 2491 2600 qui
2514 2528 2703 2601 Papia
2725 2529 2924 2583 sedem
2953 2527 3227 2593 habebat,
3259 2526 3524 2583 audiunt
3542 2527 3724 2584 Vero-

2062 2632 2148 2670 na:
2176 2616 2499 2671 Arnoldum
2531 2617 2713 2672 fuisse
2743 2621 3039 2687 receptum
3066 2633 3080 2682 ;
3114 2637 3143 2665 α
3166 2614 3411 2670 collecto
3430 2614 3718 2680 exercitu,

2062 2704 2251 2777 inquit
2275 2705 2396 2769 ille,
2426 2705 2477 2761 ei
2509 2706 2737 2761 obviam
2769 2704 2976 2761 tendit.
3000 2704 3265 2775 Cumque
3294 2704 3499 2761 eodem
3520 2719 3723 2778 perve-

2061 2803 2263 2869 nisset,
2298 2808 2353 2858 et
2383 2802 2778 2871 caballicatas,
2805 2808 2869 2858 ut
2895 2802 3069 2875 vulgo
3099 2803 3284 2868 aiunt,
3307 2801 3528 2858 circum
3558 2803 3724 2859 circa

2059 2892 2357 2963 dirigeret,
2380 2893 2776 2963 Bajoariorum
2798 2894 3063 2964 quaedam
3089 2908 3224 2964 pars
3244 2907 3360 2946 non
3380 2890 3725 2947 minimade

2060 2980 2561 3036 castroﬁocabulo
2584 2982 2955 3052 Gauseningo
2976 2981 3300 3052 egrediens,
3324 2992 3461 3035 eum
3484 2979 3723 3036 Italicu-

2059 3071 2225 3125 sibus
2244 3086 2504 3141 pugnare
2521 3069 2710 3143 ccepit.
2735 3092 2763 3118 »
2787 3071 3111 3137 Gauselingo
3130 3068 3371 3125 forsitan
3392 3068 3721 3142 legendum

2060 3176 2163 3230 pro
2194 3176 2262 3213 eo
2292 3158 2436 3229 loco,
2470 3159 2569 3230 qui
2598 3158 2660 3213 in
2692 3159 2897 3214 charta
2926 3158 3063 3214 anni
3086 3160 3194 3213 825
3214 3158 3536 3227 Gusz'lingm
3565 3158 3717 3213 dici-

2060 3255 2175 3315 tur,
2208 3253 2266 3302 et
2295 3264 2452 3303 nunc
2484 3248 2808 3316 Gussolengo
2836 3247 3166 3319 appellatur
3194 3248 3452 3319 (υιοιτγε.
3484 3248 3716 3318 Αροιορ.

2061 3340 2256 3407 ri/Iess.
2286 3354 2339 3408 p.
2375 3338 2486 3407 33):
2519 3336 2655 3391 hinc
2683 3337 2842 3392 enim
2869 3336 3036 3391 facile
3066 3342 3271 3391 contra
3300 3335 3516 3409 Ugoni:
3545 3352 3721 3392 exer-

2062 3434 2240 3490 citum
2260 3451 2291 3489 e
2322 3434 2498 3507 Papia
2528 3433 2777 3507 aliisque
2808 3433 3021 3490 Italicis
3041 3434 3289 3489 urbibus
3304 3433 3719 3490 advenientem

2062 3524 2450 3591 contenditur,
2483 3541 2598 3578 non
2652 3541 2784 3579 vero
2814 3540 2883 3579 ex
2910 3540 2977 3579 eo
3016 3527 3226 3590 castro,
3261 3523 3416 3595 quod
3472 3527 3725 3578 vocatur

2062 3612 2338 3681 Ossenigo,
2368 3615 2426 3666 et
2457 3611 2514 3666 in
2566 3611 2906 3667 memoratis
2935 3611 3192 3667 Notherii
3240 3608 3524 3667 codicillis
3573 3611 3720 3667 anni

2059 3702 2165 3755 927
2196 3718 2310 3756 non
2346 3702 2687 3771 Gausem'ngo
2717 3701 3014 3768 scribitur,
3049 3700 3151 3756 sed
3208 3700 3506 3768 Ursanico;
3556 3700 3721 3772 quod

2061 3797 2317 3847 castrum
2350 3808 2484 3847 cum
2517 3796 2681 3847 trans
2711 3791 2973 3847 Athesim
3018 3791 3197 3847 situm
3249 3791 3346 3857 sit,
3377 3794 3434 3845 et
3481 3789 3554 3846 ad
3585 3790 3719 3845 Tri-

2061 3882 2302 3936 dentum
2334 3885 2555 3953 vergat,
2580 3880 2795 3937 isthinc
2816 3880 3098 3936 adversus
3120 3880 3438 3935 exercitum
3468 3894 3538 3934 ex
3555 3876 3719 3935 Itali-

2061 3978 2144 4032 cis
2166 3979 2415 4033 urbibus
2434 3978 2721 4033 Veronam
2743 3979 2827 4034 cis
2848 3977 3110 4034 Athesim
3134 3977 3501 4035 accedentem
3524 3977 3598 4033 ab
3622 3993 3718 4047 eo,

2061 4066 2161 4137 qui
2188 4066 2427 4122 Verona:
2445 4067 2787 4139 imperabat,
2814 4066 3031 4121 milites
3064 4065 3363 4122 immissos
3388 4082 3561 4122 nemo
3582 4074 3718 4124 'cre-

2061 4155 2292 4211 diderit.
2310 4155 2511 4229 Pugna
2526 4174 2658 4212 vero
2678 4156 3077 4229 Bajoariorum
3096 4172 3229 4211 cum
3250 4153 3397 4212 male
3415 4154 3714 4225 cessisset,

2062 4268 2089 4295 ‹‹
2121 4244 2413 4301 Arnoldus
2442 4247 2560 4301 dux
2592 4263 2707 4301 non
2740 4263 2917 4318 parva
2934 4250 3022 4301 est
3051 4245 3391 4302 confusione
3421 4243 3715 4318 repletus:

2061 4334 2217 4390 unde
2249 4336 2465 4390 factum
2489 4339 2599 4402 est,
2626 4340 2691 4391 ut
2716 4334 2962 4390 consilio
2984 4339 3219 4407 accepto
3241 4333 3518 4391 Milonem
3537 4335 3721 4390 comi-

2060 4428 2176 4479 tem
2218 4424 2389 4479 vellet
2430 4441 2653 4496 capere,
2686 4429 2859 4496 atque
2891 4424 3056 4479 Italia
3106 4423 3385 4481 derelicta
3432 4421 3599 4479 illum
3654 4424 3718 4479 in

2061 4523 2387 4594 Bajoariam
2419 4523 2650 4591 ducere,
2685 4527 2977 4594 quatenus
3001 4525 3267 4594 reparato
3289 4521 3543 4577 exercitu
3576 4538 3720 4581 cum

2062 4627 2128 4667 eo
2158 4611 2372 4666 iterum
2406 4610 2591 4667 redire
2624 4615 2853 4683 posset;
2885 4612 3041 4683 quod
3075 4610 3351 4667 Milonem
3374 4627 3489 4666 non
3516 4606 3718 4670 latuit:

2062 4700 2160 4772 qui
2187 4701 2433 4756 diversis
2456 4699 2906 4774 cogitationibus
2928 4704 3204 4767 zestuans,
3231 4701 3371 4774 quid
3395 4705 3590 4773 ageret
3612 4717 3723 4773 pe-

2064 4790 2225 4845 nitus
2257 4790 2578 4861 ignorabat.
2600 4788 2858 4862 Ugonem
2880 4805 3071 4862 regem
3092 4788 3282 4861 plane,
3309 4792 3373 4853 ut
3394 4795 3720 4859 meruerat,

2062 4879 2222 4934 adire
2244 4878 2505 4935 timebat:
2532 4894 2663 4933 cum
2688 4876 2941 4933 Arnoldo
2972 4894 3103 4933 vero
3131 4877 3191 4933 in
3222 4876 3549 4950 Bajoariam
3576 4876 3725 4937 duci

2064 4984 2177 5022 non
2211 4965 2402 5022 solum
2449 4970 2718 5032 mortem,
2769 4966 2868 5021 sed
2918 4966 3217 5022 infernum
3268 4962 3533 5040 putabat.
3597 4967 3729 5024 Hac

2062 5064 2260 5136 itaque
2289 5065 2349 5118 in
2379 5064 2783 5136 ambiguitate,
2813 5063 2996 5135 [xuii]
3028 5063 3311 5136 quoniam
3338 5080 3534 5137 regem
3566 5063 3728 5138 Ugo-

2061 5169 2195 5209 nem
2220 5152 2332 5209 cito
2362 5151 2765 5208 misericordia
2794 5159 3031 5209 noverat
3061 5144 3352 5221 inclinari,
3383 5151 3725 5215 Arnoldum

2061 5242 2280 5315 fugere,
2313 5246 2371 5297 et
2410 5241 2481 5296 ad
2541 5257 2677 5295 eum
2737 5240 3020 5307 deliberat
3047 5242 3287 5301 tendere
3341 5241 3725 5317 (Liutprand.

2058 5332 2240 5401 ibid).
2270 5354 2300 5381 »
2325 5329 2489 5386 Hunc
2516 5329 2660 5385 forte
2678 5335 2741 5384 ut
2762 5328 3115 5387 demulceret
3136 5330 3368 5403 sibique
3388 5329 3725 5404 propitium

2059 5416 2470 5491 redderet,egit
2502 5422 2568 5473 ut
2599 5418 2775 5473 frater
2796 5435 2940 5474 suus
2972 5419 3362 5476 munitionem
3384 5436 3510 5491 qua:
3533 5417 3729 5477 Vero-

2058 5525 2144 5565 nm
2177 5513 2301 5563 erat
2348 5511 2551 5563 contra
2596 5505 2920 5563 Arnoldum
2966 5506 3318 5565 defenderet.
3352 5508 3410 5565 Is
3437 5525 3571 5565 vero
3608 5508 3729 5567 hac

2060 5609 2411 5678 expugnata,
2434 5628 2461 5654 ‹‹
2498 5604 2735 5661 fratrem
2769 5604 3026 5673 Milonis,
3056 5605 3397 5680 militesque
3422 5606 3578 5679 ejus,
3610 5608 3727 5679 Qui

2058 5710 2189 5750 eam
2221 5692 2531 5750 defendere
2590 5693 2978 5762 conabantur,
3021 5712 3223 5752 secum
3262 5695 3324 5754 in
3380 5694 3732 5770 Baioarim

374 5773 820 5852 (1)5ciudasciu:
845 5778 1086 5832 vocatur
1112 5773 1173 5834 in
1197 5778 1545 5835 testamento
1570 5776 1830 5837 Notherii
1851 5797 1947 5842 an.
1986 5784 2095 5847 922
2124 5783 2279 5863 apud
2311 5781 2645 5861 Ughellium
2675 5785 2818 5842 tom.
2842 5782 2911 5857 V,
2942 5782 3052 5844 col.
3081 5786 3209 5847 729.
