1984 3193
97 168 126 199 At

607 171 917 204 PROLEGOMENA.
934 188 975 196 -—
990 171 1177 204 RATHERII
1201 173 1305 206 Vl'l‘A.

1774 175 1815 204 42

97 236 181 266 duxit.
196 248 212 262 η
230 236 298 274 Ipse
315 240 415 266 autem
431 247 530 267 comes
547 239 615 267 Milo
631 248 698 268 cum
715 240 815 277 Ugone
826 239 924 268 conci-
937 239 966 274 Α
980 243 1040 268 tem
1056 241 1093 268 ob
1104 239 1320 268 conniventiam
1337 240 1595 276 etobsequentiam
1609 248 1643 268 ac
1653 240 1814 268 necessita-

97 281 178 310 liatus
189 281 350 318 pristinam
364 283 538 320 dignitatem
553 284 684 312 retinuit.

132 327 174 355 19.
187 326 252 356 Alia
266 336 392 364 prorsus
405 328 460 356 fuit
476 329 605 356 Ratherii
636 329 763 365 episcopi
795 329 922 357 fortuna.

99 372 518 409 uQuo(Amoldo)discedente,
535 373 617 401 addit
632 373 925 410 Liutprandus,Ugo—

94 416 184 455 niregi
195 424 264 445 mox
278 416 385 445 civitas
402 417 545 451 redditur,
562 420 591 446 et
608 418 766 447 Ratherius
790 419 923 454 ejusdem

94 461 217 490 civitatis
231 462 390 498 episcopus
407 462 443 490 ab
458 471 491 490 eo
508 465 622 499 captus,
642 463 736 499 Papiae
766 464 794 491 in
822 463 923 491 exsilio

94 505 247 543 relegatur.
264 517 278 532 ιι
296 507 370 535 Hinc
386 507 416 534 in
432 507 556 543 epistola
566 508 595 541 5,
611 508 647 536 ad
655 507 798 536 Joannem
808 508 924 544 pontifl~

91 559 164 586 cem,
181 559 265 580 num.
281 552 310 586 4,
326 551 457 588 aliquam
473 552 592 588 quidem
608 560 692 580 suam
709 552 827 589 culpam
854 553 923 581 huic

91 595 250 624 calamitati
257 604 378 625 causam
386 597 502 625 dedisse
509 597 559 630 ait,
568 597 706 625 rebellem
713 605 780 625 vero
788 598 922 626 animum

89 642 115 669 et
132 640 228 678 Ugoni
243 641 404 676 infensum,
421 650 479 678 quo
486 641 604 670 nomine
613 641 642 669 in
652 644 765 670 tantam
772 642 921 671 miseriam

89 685 297 721 deduceretur,
314 686 370 714 sibi
385 687 476 715 fuisse
490 686 615 714 inﬁciari
636 687 762 715 videtur.
788 698 802 712 «
832 687 923 724 Coepit

87 739 134 759 me
149 730 223 768 Ugo,
239 732 360 760 retrusit
379 732 408 759 in
438 731 602 760 custodiam
618 731 647 759 in
670 732 798 768 quadam
826 732 920 769 Papia:

86 775 242 811 turricula,
258 785 317 804 non
332 777 397 805 dico
413 777 475 805 sine
492 776 549 805 mei
564 776 661 813 culpa,
678 777 729 813 qui
744 777 822 804 enim
835 777 922 805 inter-

83 820 155 849 talia
169 821 276 849 saltem
292 821 322 849 in
341 822 430 849 verbo
446 830 504 850 non
521 822 652 856 offendit,
668 821 716 849 hic
724 822 922 858 perfectusest

82 865 145 900 vir;
162 866 215 894 sed
230 867 334 894 contra
349 866 443 903 legem
457 866 499 894 ita
514 866 576 894 haec
590 866 660 902 egit,
676 869 705 893 et
719 865 784 894 sine
799 866 921 894 audien-

83 910 132 939 tia.
149 910 236 939 Dicat
249 910 297 938 hic
313 911 440 947 quisque
456 911 534 946 quod
550 910 627 938 volet
642 919 648 938 :
665 910 830 938 temerariis
840 911 920 939 enim

78 955 202 991 judieiis
211 956 301 992 juxta
316 955 515 992 Augustinum
532 955 619 991 plena
632 956 703 983 sunt
716 954 922 983 omnia.Conﬁ-

81 1002 147 1029 teor
157 1009 241 1035 vero,
253 1009 289 1029 ex
304 1009 362 1037 quo
377 1008 444 1027 eum
461 1000 598 1037 primitus
628 1000 697 1032 vidi,
727 1008 821 1036 usque
849 999 920 1027 dum

82 1045 235 1074 hominem
253 1045 343 1078 exuit,
364 1053 479 1081 semper
506 1052 552 1072 me
581 1044 738 1072 Theodosii
752 1044 919 1072 felicitatem

83 1090 273 1127 imperatoris
285 1089 326 1117 illi
343 1091 468 1126 optasse,
485 1091 513 1116 et
528 1089 624 1116 adhuc
640 1089 703 1124 ejus
719 1089 919 1117 recordatione

82 1143 130 1163 me
145 1134 276 1172 graviter
291 1134 369 1162 afﬁci
385 1133 495 1161 dolore.
512 1143 527 1158 η
541 1133 605 1161 Haec
616 1135 728 1169 scripta
736 1141 794 1161 non
805 1133 918 1161 vivente

82 1179 193 1217 Ugone,
209 1180 260 1208 sed
276 1180 344 1216 post
358 1179 425 1215 ejus
440 1180 564 1206 mortem
581 1178 680 1214 magni
696 1178 916 1206 faciendasunt.

80 1223 255 1253 Temeritati
266 1224 448 1262 judiciorum
466 1224 553 1251 refert
569 1223 744 1251 attributum
760 1223 815 1251 sibi
842 1232 916 1251 vera:

79 1268 254 1298 rebellionis
269 1269 382 1297 crimen
394 1268 423 1296 in
431 1268 572 1304 Ugoncm,
583 1276 670 1304 quem
678 1276 795 1304 semper
805 1267 916 1302 dilexit,

78 1314 190 1351 cuique
205 1322 322 1351 semper
336 1313 437 1342 omnia
452 1322 593 1350 prospera
608 1313 757 1349 appetivit.
773 1313 918 1345 Quaeritur

78 1359 197 1388 nullam
210 1358 266 1395 sibi
281 1359 382 1387 datam
396 1358 589 1391 audientiam,
606 1366 665 1394 qua
680 1366 779 1386 rerum
802 1359 854 1386 abs
886 1367 917 1386 se

77 1406 235 1441 gestarum
251 1402 395 1431 rationem
411 1403 555 1443 redderet.
571 1402 704 1438 Culpam,
720 1411 779 1438 qua
799 1411 831 1430 se
858 1411 916 1431 non

77 1447 160 1477 omni
175 1457 212 1476 ex
226 1449 310 1484 parte
325 1456 424 1476 carere
435 1447 578 1483 agnoscit,
593 1447 670 1475 inter
684 1447 761 1476 leves
773 1449 914 1482 recenset,

77 1493 112 1522 de
127 1493 243 1531 quibus
257 1492 384 1521 Jacobus
399 1493 458 1520 ait:
474 1493 530 1527 Qui
545 1500 599 1520 non
620 1491 737 1528 offendit
764 1493 797 1520 in
824 1493 914 1527 verba,

76 1539 123 1567 hic
135 1538 278 1575 perfectus
291 1541 330 1566 est
344 1538 389 1566 vir
404 1537 472 1574 (Jac.
497 1546 538 1571 in,
555 1539 594 1572 2).
611 1539 671 1565 Hac
691 1537 793 1565 eadem
823 1537 858 1565 de
886 1546 917 1566 re

75 1583 168 1612 latins
183 1583 336 1613 disserens
350 1582 426 1611 libro
441 1591 469 1610 iv
485 1582 713 1618 Przeloquiorum
729 1583 817 1619 (num.
844 1583 862 1610 5
890 1587 916 1610 et

938 929 961 963 Β

979 287 1038 313 tem
1051 286 1210 322 quamdam
1217 285 1413 313 descendisse.
1424 285 1523 321 Neque
1530 287 1646 314 moveat
1658 284 1813 322 Liutpran-

979 331 1097 367 dus,qui
1108 331 1178 359 dum
1191 330 1362 358 Ratherium
1373 338 1455 367 aeque
1466 339 1499 358 ac
1514 330 1653 359 Milonem
1674 330 1813 358 comitem

979 376 1147 404 rebellionis
1157 376 1319 413 principem
1326 376 1620 412 prodidit,vulgatam
1628 376 1738 403 famam
1745 384 1814 404 secu

978 422 1027 448 tus
1038 422 1185 457 est,quam
1198 421 1287 448 invidi
1298 420 1548 457 sparserunt.ch
1559 420 1680 457 quidem
1690 420 1777 457 culpa
1787 420 1812 448 si

979 467 1058 493 certa
1066 466 1180 501 fuisset,
1198 466 1298 494 statim
1310 467 1375 502 post
1383 465 1494 502 Ugonis
1509 465 1660 494 victoriam
1669 467 1774 501 captus
1785 467 1814 493 et

978 509 1008 538 in
1022 518 1168 539 carcerem
1185 511 1289 539 fuiSset
1305 510 1461 539 deductus.
1477 510 1559 538 Tunc
1570 518 1650 545 vero,
1666 511 1756 538 omnia
1780 513 1813 538 ut
1852 530 1856 533 -

977 560 1037 583 erat
1051 556 1133 592 culpa
1148 556 1278 592 (Praelop.
1296 555 1316 583 1.
1332 564 1374 590 Ill,
1393 564 1422 583 n.
1438 555 1495 592 27),
1512 554 1609 583 nonin
1627 555 1810 591 episcopum,

978 600 1029 628 sed
1045 600 1074 628 in
1086 600 1197 628 clerum
1213 603 1242 629 et
1258 601 1418 637 praecipuos
1434 599 1560 628 civitatis
1571 600 1680 636 rejects
1693 601 1738 628 est
1748 608 1810 634 ;nec

977 647 1037 673 tota
1052 645 1139 673 ruina
1152 645 1183 673 in
1195 645 1324 673 Ratherii
1337 647 1426 682 caput
1436 644 1555 680 decidit,
1567 644 1624 673 nisi
1640 644 1809 681 postscrip-

977 692 1038 718 tam
1053 690 1213 726 quamdam
1225 689 1481 726 epistolam,cujus
1492 689 1554 726 ipse
1565 690 1668 718 auctor
1676 689 1705 717 et
1717 689 1809 718 totius

977 734 1140 762 moliminis
1155 735 1288 763 incentor
1302 735 1455 763 traductus
1472 734 1535 762 fuit.

1012 780 1056 806 20.
1070 779 1128 807 Hoc
1140 779 1255 816 insigne
1270 779 1391 813 factum,
1404 787 1439 807 ex
1446 787 1504 815 quo
1512 778 1667 808 calamitas
1677 779 1808 807 Rathorii

977 827 1135 852 consecuta
1149 827 1205 857 est,
1222 832 1257 852 ex
1272 824 1365 860 ipsius
1381 824 1531 860 operibus,
1547 823 1577 851 in
1593 823 1702 860 quibus
1713 823 1807 860 plura,

975 871 1068 897 tamet
1078 869 1102 896 si
1114 868 1265 904 aliquanto
1275 867 1491 901 obscurius,hic
1498 868 1559 896 illic
1565 868 1691 904 sparsim
1701 867 1808 904 attigit,

977 921 1079 941 eruere
1090 922 1123 941 ac
1137 913 1166 940 in
1183 913 1354 941 historicum
1365 912 1472 941 seriem
1483 912 1613 949 digerere
1623 912 1806 941 conabimur.

976 958 1170 986 statuendum
1187 958 1323 995 inprimis
1351 959 1397 986 est
1425 957 1634 993 tempus,quod
1660 957 1691 985 in
1720 958 1807 985 rebus

975 1002 1124 1031 historicis
1139 1003 1266 1031 mavime
1281 1002 1449 1039 requiritur.
1460 1001 1570 1038 Ugonis
1577 1002 1729 1030 victoriam
1740 1010 1806 1030 con-

975 1050 1019 1074 tra
1034 1047 1195 1075 Arnoldum
1212 1047 1389 1083 alligandum
1405 1055 1482 1075 anno
1504 1047 1559 1074 935
1586 1044 1721 1075 dubitare
1745 1055 1804 1075 non

973 1092 1043 1120 sinit
1059 1092 1299 1129 chronographus
1314 1091 1558 1128 Salisburgensis,
1571 1099 1660 1128 quem
1676 1091 1706 1119 P.
1718 1092 1805 1119 Ausi-

971 1136 1033 1165 zius
1042 1136 1153 1165 laudat.
1166 1136 1315 1165 Udalberti
1325 1137 1403 1164 enim
1413 1135 1804 1173 Salisburgensisarchiepi-

972 1182 1063 1218 scopi,
1080 1182 1130 1217 qui
1145 1182 1306 1210 Arnoldum
1319 1181 1456 1217 Bajoariaa
1468 1181 1574 1210 ducem
1585 1181 1615 1208 in
1626 1180 1728 1209 Italica
1738 1189 1805 1209 con-

970 1229 1017 1254 tra
1032 1226 1162 1263 Ugonem
1190 1227 1373 1263 expeditione
1397 1227 1519 1254 secutus
1542 1225 1646 1260 fuerat,
1677 1228 1802 1254 mortem

971 1271 1066 1299 eidem
1080 1280 1157 1299 anno
1169 1271 1271 1299 tribuit
1286 1271 1436 1299 scribens:
1451 1271 1508 1306 Qui
1521 1270 1703 1302 deiuvasiqne
1713 1271 1804 1298 Italiae

972 1316 1078 1344 rediens
1094 1316 1170 1344 obiit.
1188 1315 1218 1343 Si
1234 1323 1311 1343 anno
1326 1315 1380 1343 935
1394 1314 1467 1343 obiit
1481 1314 1666 1349 Udalbertus,
1679 1313 1730 1350 qui
1748 1315 1804 1342 Ar-

972 1360 1052 1388 noldi
1069 1360 1216 1393 militiam,
1235 1360 1276 1388 uti
1293 1359 1416 1394 solebat,
1446 1360 1575 1392 secutus,
1604 1365 1672 1386 cum
1698 1358 1801 1386 eodem

972 1405 1073 1441 utique
1088 1405 1120 1433 (le
1131 1406 1272 1433 ίηυαδίοηι»
1286 1405 1375 1433 ltaliw
1386 1404 1478 1437 rediit,
1508 1404 1538 1432 in
1566 1403 1702 1432 eumdem
1734 1412 1801 1439 pro-

971 1450 1045 1478 fecto
1061 1452 1135 1486 (xcv)
1149 1458 1259 1478 annum
1277 1449 1386 1485 Ugonis
1394 1448 1515 1477 victoria
1526 1447 1666 1476 incidisse
1676 1447 1802 1480 dicenda

970 1497 1024 1522 est.
1033 1495 1203 1523 Ratherium
1211 1503 1278 1523 vero
1290 1495 1326 1522 ab
1338 1494 1437 1531 Ugone
1447 1493 1554 1522 victore
1565 1495 1685 1530 captum
1697 1501 1799 1521 mense

971 1540 1128 1568 Februario
1143 1540 1236 1576 liquet
1258 1548 1293 1567 ex
1309 1539 1383 1567 libro
1410 1538 1538 1567 secundo
1567 1536 1798 1574 Praeloquiorum

970 1593 1052 1613 num.
1067 1586 1112 1619 24,
1121 1585 1170 1613 ubi
1179 1584 1337 1620 septimum
1345 1583 1521 1618 mensem,id
1531 1585 1576 1611 est
1584 1582 1797 1619 Septembrem,

74 1629 112 1663 τ),
126 1635 220 1665 quem
240 1627 271 1656 in
288 1627 424 1664 Papiensi
444 1635 558 1655 carcere
573 1626 911 1663 scripsit,rehellionem,
928 1619 950 1654 (ἶ
969 1633 1092 1657 octavum
1106 1631 1188 1657 vocat
1204 1619 1237 1655 ob
1252 1628 1344 1664 hujus,
1361 1635 1424 1664 qua
1435 1635 1479 1656 me
1492 1627 1631 1663 deprimtt,
1649 1627 1703 1655 imo
1730 1635 1799 1654 eru-

75 1673 162 1710 cujus
171 1672 240 1711 ipse
246 1672 534 1704 auctortradebatur,
542 1672 631 1699 meris
640 1671 805 1700 invidorum
813 1671 909 1700 calvil-

73 1716 238 1746 lotionibus
252 1716 476 1745 disseminatam
492 1716 600 1749 innuit,
617 1716 701 1752 eique
717 1716 908 1745 fundamento

74 1762 219 1798 innixam,
237 1772 252 1787 ι(
263 1761 335 1798 quia
349 1769 418 1788 cum
434 1760 682 1793 malefactoribus,
700 1772 714 1786 ››
736 1761 910 1798 inquiebant

73 1807 177 1836 num.7
191 1806 235 1842 (id
248 1808 307 1841 est,
323 1813 392 1834 cum
407 1805 624 1834 Veronensibus
639 1805 909 1834 rebellionisaucto-

72 1852 166 1889 ribus)
180 1862 198 1878 α
212 1852 415 1883 conversatus,
436 1852 466 1878 et
490 1850 562 1878 dum
591 1852 745 1886 caperetur
773 1851 909 1878 inventus

71 1899 134 1926 est:
153 1907 170 1922 ιι
182 1895 309 1934 perinde
323 1903 358 1924 ac
374 1895 398 1923 si
415 1895 618 1931 episcopus,ut
633 1903 751 1922 omnem
769 1894 911 1930 suspicio-

69 1949 138 1970 nem
150 1940 308 1973 eximeret,
325 1940 461 1968 debuerit
475 1940 553 1967 exire
568 1948 603 1967 ex
617 1939 701 1972 urbe,
718 1942 746 1967 et
761 1939 796 1967 ad
811 1947 908 1975 regem

68 1985 274 2022 proﬁciscens,
292 1984 370 2013 ﬁlios
386 1984 549 2021 proditores
566 1984 688 2012 deferre.
712 1984 791 2012 Hanc
822 1992 908 2012 suam

69 2039 138 2060 cum
151 2029 318 2067 rebellibus
332 2029 421 2066 [xuv]
439 2037 551 2057 moram
567 2029 645 2056 bona
659 2028 821 2057 intentione
838 2037 906 2065 pur-

69 2077 118 2113 gat
130 2074 271 2105 ὂωθωὶω
287 2073 430 2110 exemplo,
449 2085 463 2099 α
479 2073 530 2109 qui
546 2080 598 2109 per
612 2072 909 2107 charitatem,utdicit

71 2120 101 2149 Β.
114 2119 291 2158 Gregorius,
307 2119 381 2147 dum
397 2118 474 2147 cives
492 2119 528 2146 ab
552 2118 688 2155 ingressu
705 2118 819 2154 Egypti
849 2127 907 2146 non

71 2159 329 2202 poﬁﬁteqhibere,
339 2163 454 2192 studuit
465 2162 535 2191 illuc
545 2171 613 2191 cum
621 2163 664 2191 eis
675 2165 704 2191 et
714 2162 776 2199 ipse
786 2163 908 2191 descen-

72 2210 150 2246 dere.
164 2219 183 2237 ιο
200 2209 238 2238 Et
251 2211 320 2246 post
334 2208 496 2237 nonnulla:
515 2219 529 2233 «
545 2208 673 2236 Cunctos
688 2217 724 2236 ne
738 2216 807 2245 ergo
826 2208 907 2244 judi-

71 2252 343 2293 m‘d'cponendcs,
361 2253 414 2290 qui
430 2252 552 2281 rebelles
564 2253 684 2289 regibus
698 2252 774 2281 cives
789 2255 818 2281 et
831 2253 908 2281 ﬁlios

963 1673 1005 1701 dii
1018 1674 1186 1701 calamitatis
1199 1673 1360 1701 accessione.
1377 1671 1590 1709 Captivitatem,
1605 1679 1664 1708 qua
1682 1678 1797 1708 preme-

964 1719 1050 1746 batur
1064 1717 1211 1754 intelligit,
1231 1720 1300 1753 post
1321 1725 1411 1753 quam
1436 1715 1462 1744 si
1489 1716 1660 1753 September
1683 1715 1796 1744 mensis

964 1765 1026 1791 erat
1040 1767 1158 1796 octavus,
1175 1771 1209 1790 ea
1224 1761 1398 1798 princedenti
1414 1760 1573 1790 Februario
1597 1759 1794 1788 inchoaverat.

940 1807 942 1811 ⁷
963 1807 1069 1835 Confer
1083 1807 1194 1834 ibidem
1210 1808 1305 1834 notas.
1321 1805 1404 1833 Diem
1414 1802 1531 1841 quoque
1541 1803 1673 1840 ejusdem
1685 1803 1797 1832 mensis

964 1851 1081 1879 tertiam
1098 1859 1133 1878 ex
1147 1850 1222 1878 libro
1243 1849 1474 1886 Praeloquiorum
1500 1848 1603 1885 quinto
1630 1848 1797 1885 colligimus

965 1905 1046 1924 num.
1065 1897 1108 1923 12.
1125 1895 1160 1923 Se
1177 1895 1255 1923 enim
1271 1904 1304 1923 eo
1320 1896 1456 1929 tractatu,
1469 1895 1553 1931 cujus
1564 1901 1654 1922 causa
1664 1894 1797 1931 captivus

964 1941 1070 1969 ductus
1087 1941 1151 1974 fuit,
1165 1939 1598 1977 deceptumtestaturpostridie
1612 1939 1677 1975 ejus
1686 1938 1752 1967 festi
1763 1938 1796 1967 B.

964 1986 1071 2020 Marize,
1084 1994 1141 2022 quo
1154 1985 1209 2014 sibi
1219 1985 1295 2014 inter
1301 1985 1461 2013 missarum
1470 1984 1614 2013 solemnia
1624 1983 1705 2021 pacis
1715 1991 1799 2012 oscu-

963 2031 1024 2059 lum
1041 2031 1143 2059 datum
1158 2031 1261 2059 fuerat.
1279 2029 1497 2058 Purillcationis
1512 2030 1543 2057 B.-
1561 2029 1660 2058 Mariae
1687 2028 1797 2057 festivi~

961 2078 1084 2112 tas,quaa
1096 2076 1159 2104 sola
1170 2076 1198 2103 in
1209 2075 1400 2104 Februarium
1412 2080 1545 2103 mensem
1554 2073 1642 2108 cadit,
1649 2073 1795 2102 innuitur.

963 2121 1104 2149 Postridie
1119 2121 1210 2157 igitur
1225 2121 1290 2156 ejus
1303 2119 1379 2154 festi,
1395 2119 1424 2147 id
1440 2118 1496 2153 est,
1509 2115 1558 2146 die
1573 2117 1663 2147 tentia
1684 2118 1796 2147 mensis

964 2166 1123 2200 Februarii,
1141 2165 1222 2198 anni,
1240 2167 1272 2192 ut
1286 2163 1488 2200 probavimus,
1504 2163 1569 2196 935,
1581 2161 1637 2190 ille
1652 2160 1795 2191 tractatus

963 2213 1008 2238 est
1016 2210 1210 2245 habitus,quo
1219 2203 1795 2244 ipsedeceptusineaptivitatemincnrrit.

998 2255 1078 2282 21.1d
1089 2256 1187 2282 autem
1199 2255 1344 2289 quatenus
1355 2251 1583 2285 acciderit,nunc
1589 2249 1795 2287 explicandum

69 2307 135 2330 ea.
147 2296 291 2333 scimtes,
308 2307 367 2327 non
383 2307 433 2327 eos
450 2299 481 2326 ut
497 2298 672 2334 punirentur
693 2297 886 2334 prodiderunt
900 2307 906 2332 ;
924 2308 949 2342 Β
964 2301 1018 2327 est.
1036 2302 1097 2327 Duo
1112 2298 1301 2335 potissimum
1318 2299 1414 2326 textus
1426 2296 1495 2325 huic
1510 2295 1655 2342 reilucem
1663 2296 1794 2342 emerent:

71 2343 245 2380 ωᾱωειτι
259 2343 369 2372 missas
386 2343 428 2371 eis
444 2343 585 2376 fecerunt,
601 2342 676 2370 ﬁlios
696 2351 798 2370 corum
814 2342 909 2378 bapti-

70 2390 224 2424 nmn‘t,
239 2388 483 2426 pradicaverunt,
498 2387 742 2421 chrismaverunt,
764 2387 909 2423 poeniten-

69 2433 362 2469 tium-indulserunt,
381 2431 665 2461 reconciliaverunt?
682 2443 695 2456 η
712 2432 842 2460 Tandem
863 2440 908 2460 ce-

69 2482 241 2519 m
250 2477 461 2515 objicientibus
468 2477 631 2505 Arnoldum
643 2485 660 2504 a
670 2484 701 2504 se
710 2476 808 2512 palam
820 2476 910 2505 fuisse

176 2525 258 2558 tam,
273 2522 417 2560 exemplis
442 2524 612 2551 sanctorum
642 2521 766 2549 suadere
794 2521 909 2556 nititur,

70 2567 254 2607 1W
265 2567 352 2597 licere
367 2566 398 2595 in
415 2567 518 2594 urbem
538 2566 639 2594 hostes
654 2567 683 2594 et
697 2566 848 2594 invasores
862 2575 909 2595 re-

70 2611 276 2658 mihi!!!
290 2621 359 2642 vero
374 2612 407 2640 in
422 2611 621 2639 Confessionis
636 2610 721 2644 libro,
738 2619 821 2639 num.
840 2612 867 2646 2,
880 2609 912 2639 se

176 2657 245 2696 pati
256 2657 362 2687 scribit
372 2664 426 2693 pro
440 2656 568 2693 abjurata
584 2656 670 2692 Ugonz'
687 2656 750 2691 ﬁde,
779 2656 910 2692 aliquam

70 2695 154 2737 id!
167 2695 204 2732 ii
216 2702 381 2732 rebellione
396 2700 512 2738 culpam
527 2701 635 2729 iterum
651 2700 772 2729 faterur.
796 2701 864 2733 Quae
879 2704 912 2729 ut

70 2739 268 2781 musaeum,
280 2755 350 2776 cum
367 2745 611 2784 praecedentibus,
628 2744 701 2773 illud
709 2745 912 2774 dicendumvi-

71 2785 158 2824 “In.
166 2787 351 2827 Baliarium
363 2799 423 2820 non
435 2790 526 2818 fuisse
537 2790 657 2827 quidem
669 2789 836 2819 rebellionis
845 2799 912 2819 auc~

14 2862 15 2874 χ
183 2838 245 2869 sed
255 2835 486 2871 rebellionejsm
497 2835 623 2863 conﬂata
636 2834 666 2863 in
677 2835 831 2865 rebellium
843 2845 910 2874 par-

230 2903 372 2937 Panon.
395 2899 561 2933 CXXXVI.

967 2344 1040 2372 alter
1054 2352 1089 2372 ex
1103 2343 1227 2380 epistola
1234 2343 1269 2371 ad
1278 2342 1431 2377 Ursonem,
1440 2342 1551 2370 inserta
1561 2341 1590 2370 in
1602 2341 1712 2369 librum
1723 2341 1798 2369 Pras-

964 2389 1130 2425 loquiorum
1143 2389 1262 2416 tertium
1278 2396 1360 2416 num.
1377 2389 1412 2415 27
1431 2396 1438 2422 ;
1455 2386 1529 2415 alter
1543 2394 1578 2415 ex
1592 2386 1668 2415 libro
1693 2385 1796 2422 quinto

965 2434 1280 2470 num.1l.Recuperata
1290 2433 1404 2461 Verona
1412 2431 1610 2469 abUgone,die
1619 2430 1798 2459 festoPuriﬁ-

964 2479 1088 2507 cationis
1103 2478 1233 2507 solemne
1248 2486 1365 2506 sacrum
1376 2476 1556 2505 celebratum
1576 2476 1641 2504 fuit.
1653 2472 1732 2503 Inter
1741 2475 1798 2504 hoc

964 2523 1096 2560 quidam,
1107 2526 1137 2551 ut
1146 2524 1271 2557 videtur,
1281 2522 1411 2559 episcopi
1422 2521 1503 2558 pacis
1513 2520 1649 2550 osculum
1659 2519 1797 2549 Ratherio

964 2569 1121 2603 dederunt,
1136 2580 1151 2593 ‹‹
1169 2570 1306 2605 putantes
1322 2575 1390 2596 eum
1405 2566 1542 2603 nonquia
1549 2564 1799 2602 peccatorem,sed

966 2614 1036 2650 quia
1050 2614 1206 2650 deceptum
1221 2613 1406 2640 damnatum.
1424 2621 1438 2637 n
1455 2610 1513 2639 Alii
1526 2618 1594 2639 vero
1613 2610 1723 2647 placere
1736 2607 1800 2645 regi

966 2659 1089 2687 forsitan
1105 2657 1241 2695 praesenti
1256 2657 1417 2690 ambientes,
1435 2655 1500 2684 illos
1512 2655 1562 2691 qui
1570 2655 1653 2691 pacis
1662 2652 1800 2683 osculum

965 2703 1107 2731 dederant
1122 2701 1306 2730 severissime
1316 2695 1577 2737 reprehenderunt.
1591 2707 1625 2727 ac
1640 2698 1666 2727 si
1677 2705 1746 2726 reus
1757 2704 1801 2724 es-

967 2750 1012 2777 set
1021 2747 1199 2776 manifestus
1209 2748 1238 2774 et
1248 2746 1331 2783 pacis
1341 2744 1442 2773 osculo
1449 2743 1671 2780 indignus.Hao
1680 2749 1715 2770 ex
1724 2739 1801 2767 libro

965 2793 1078 2830 quinto,
1095 2799 1178 2820 num.
1196 2791 1240 2824 12,
1253 2790 1302 2819 ubi
1309 2788 1488 2818 consultatio
1495 2787 1803 2830 atqus‘traetatus-e‘ra-

964 2826 1039 2867 siina
1051 2837 1096 2866 die
1110 2835 1231 2865 habitus
1247 2830 1571 2871 manummanum
1585 2828 1708 2859 exitium
1719 2826 1801 2855 attu-
