3968 6396
330 337 411 397 43

1297 331 1752 393 RATHERIUS
1798 330 2295 395 VERONENSIS
2341 334 2793 397 EPISCOPUS.

3683 327 3766 386 44

331 467 421 523 lit.
453 465 558 522 Hic
588 468 896 533 tractatus,
929 465 1231 521 lucescente
1258 464 1347 520 die
1390 467 1681 538 peractus,
1713 461 1772 517 in
1805 461 1992 534 episto
2018 464 2074 531 Α
2105 481 2217 533 res,
2242 466 2491 522 maxime
2522 466 2572 522 si
2605 470 2849 522 aut-tuae
2881 462 3137 520 ecclesiae
3196 459 3415 516 fuerint
3470 457 3599 525 ﬁlii,
3661 461 3770 515 aut

332 556 390 612 la
420 556 493 611 ad
525 554 809 612 Ursonem
838 552 1194 609 Veronensis
1220 554 1478 610 ecclesiae
1509 552 1783 608 clericum
1802 552 1993 608 fusius

330 644 660 719 exponitur.
694 643 993 699 Tractatui
1026 660 1267 699 causam
1298 642 1461 698 dedit
1482 642 1539 697 id
1574 642 1729 714 quod
1781 640 1988 713 pridie,

333 751 437 792 seu
468 733 596 807 ipso
617 731 1047 789 Puriﬁcationis
1063 732 1176 799 die,
1196 731 1499 805 aliquanto
1520 735 1654 805 post
1675 730 1991 786 missarum

333 823 621 880 solemnia
648 821 957 879 acciderat.
990 822 1264 885 Quaedam
1284 821 1442 877 enim
1458 820 1802 895 genu/fera,
1830 823 1881 874 et
1898 834 1992 874 no-

336 914 418 969 bis
449 912 683 985 [melius
706 911 877 981 vobis]
910 911 1165 978 barbara,
1197 911 1253 965 id
1282 914 1371 967 est
1400 927 1516 967 non
1534 909 1717 966 Italici
1736 908 1987 981 generis,

335 1019 463 1075 quae
494 1000 554 1058 in
585 1000 805 1074 Ugonis
833 999 1089 1058 exercitu
1120 1000 1431 1067 militabat,
1460 1002 1592 1072 post
1621 998 1876 1053 devictas
1933 1000 1991 1052 et

331 1090 393 1147 in
405 1090 733 1162 Bajoariam
750 1088 951 1161 puls’as
966 1089 1203 1146 Arnoldi
1221 1089 1417 1161 copias
1433 1088 1719 1144 Veronam
1737 1103 1991 1154 reversa,

333 1195 471 1236 eum
499 1195 717 1237 omnem
746 1178 1079 1235 rebellionis
1108 1183 1168 1233 ut
1192 1187 1309 1233 erat
1337 1179 1555 1249 culpam
1587 1179 1647 1232 in
1690 1180 1989 1233 Veronen-

336 1269 418 1325 sis
444 1268 696 1326 ecclesie
728 1266 1228 1334 archidiaconum,
1258 1272 1316 1323 et
1343 1268 1402 1322 in
1434 1267 1719 1339 quosdam
1743 1266 1990 1322 honora-

330 1357 508 1413 tiores
536 1356 919 1423 Veronenses,
955 1356 1206 1411 maxime
1236 1372 1368 1412 vero
1394 1355 1453 1409 in
1485 1355 1706 1410 clerum
1756 1354 1985 1410 univer-

335 1463 467 1502 sum
487 1446 660 1517 [XLVI]
682 1444 979 1501 retulisset
1004 1464 1061 1512 ;‹‹
1083 1461 1317 1500 omnem
1338 1444 1576 1500 domum
1600 1443 1698 1498 Dei
1720 1443 1985 1515 przedari,

332 1551 538 1591 omnes
568 1533 823 1606 majores
853 1534 1101 1590 civitatis
1131 1538 1232 1588 aut
1256 1532 1786 1599 exmembrare,aut
1815 1532 1989 1603 capti-

329 1640 430 1680 vos
461 1624 709 1692 ducere;
743 1622 941 1695 ipsum
966 1640 1099 1677 vero
1122 1623 1249 1694 jam
1283 1623 1499 1678 factum
1537 1643 1562 1671 ιι
1605 1621 1985 1693 (archidiaco-

331 1714 495 1781 num)
528 1716 584 1768 et
613 1711 744 1769 illos
774 1712 875 1784 qui
906 1716 1109 1784 postea
1137 1710 1431 1783 principes
1463 1711 1697 1765 fuerunt
1714 1708 1988 1782 proditio-

2104 557 2267 623 forte,
2302 557 2458 628 quod
2492 556 2666 623 absit,
2700 555 2965 627 ejusdem
2997 552 3169 622 cujus
3198 566 3260 605 es
3292 547 3490 603 ofﬁcii.
3519 570 3547 596 ››
3585 548 3766 603 Porro

2102 645 2259 701 hunc
2280 662 2581 701 summum
2605 650 2661 701 et
2673 644 2938 716 ejusdem
2954 641 3130 697 officii
3148 639 3337 695 virum
3353 635 3770 693 fuisseHildui-

2102 752 2243 790 num
2276 734 2771 791 Mediolanensem
2803 731 3327 803 archiepiscopum,
3353 728 3409 782 in
3435 743 3551 799 quo
3579 730 3764 781 totam

2100 840 2240 880 sane
2263 825 2539 880 ﬁduciam
2571 824 2784 879 habere
2816 822 3065 877 debebat
3122 816 3454 881 Ratherius,
3492 832 3562 871 ex
3609 814 3763 870 libro

2101 913 2559 986 Praeloquiorum
2590 913 2782 985 primo
2823 910 3095 982 colligere
3137 908 3290 963 licet.
3351 906 3433 961 De
3480 904 3763 961 Hilduino

2097 1003 2275 1072 enim,
2310 1002 3039 1074 ut,credimus,suppresso
3060 996 3196 1053 licet
3211 995 3447 1052 nomine
3468 993 3759 1062 scribens,

2099 1107 2274 1163 quem
2305 1109 2336 1147 e
2358 1092 2549 1164 Belgio
2582 1090 2639 1146 in
2669 1089 2893 1146 Italiam
2936 1091 3174 1143 secutus
3224 1086 3431 1150 fuerat,
3480 1082 3761 1138 eumdem

2099 1186 2393 1237 auctorem
2414 1181 2645 1253 praefert
2659 1179 2811 1235 sicut
2826 1177 2964 1234 olim
2988 1194 3105 1231 sua:
3128 1171 3515 1247 promotionis
3535 1170 3610 1226 ad
3632 1170 3761 1242 epi-

2097 1272 2510 1343 scopatum,ita
2523 1286 2678 1325 nunc
2698 1285 2900 1324 eorum
2924 1264 3347 1330 malorum,«ad
3371 1261 3641 1333 quzejam
3661 1260 3761 1315 de-

2097 1365 2299 1432 ceptus
2327 1359 2418 1415 sui
2451 1375 2632 1415 causa
2654 1355 2887 1413 decidit.
2906 1354 3310 1411 Reminiscens
3323 1367 3579 1422 namque
3597 1347 3758 1421 quod

2098 1448 2363 1514 contutit,
2398 1448 2761 1502 obliviscitur
2786 1462 2910 1517 qua:
2944 1442 3223 1499 abstulit:
3258 1440 3511 1496 recitans
3528 1438 3603 1495 ad
3624 1452 3756 1510 qum

2098 1537 2264 1592 illum
2297 1537 2518 1603 extulit,
2552 1540 2702 1591 tacet
2733 1553 2766 1590 a
2788 1534 3004 1606 quibus
3035 1531 3280 1603 dejecit;
3316 1536 3514 1584 tacens
3571 1529 3757 1583 decus

2100 1627 2286 1698 ipsius
2318 1625 2657 1689 nobilitalis,
2687 1630 2882 1679 notam
2916 1639 3091 1694 quam
3126 1620 3249 1691 ipse
3297 1618 3513 1681 intulit,
3576 1617 3758 1672 refert

2097 1717 2475 1787 paupertatis.
2502 1738 2529 1764 ››
2556 1715 2697 1769 Vide
2719 1713 2934 1768 ibidem
2961 1717 3150 1766 notas.
3166 1710 3354 1780 Hujus
3370 1724 3505 1779 ergo
3524 1706 3755 1778 episco-

329 1801 421 1859 nis
453 1801 734 1868 Ratherii,
767 1801 931 1857 furca
962 1799 1313 1857 moliebatur
1341 1800 1690 1871 appendere.
1728 1799 1871 1854 Hinc
1926 1800 1985 1855 in
2014 1835 2063 1900 Β
2095 1806 2273 1877 pi,cui
2306 1805 2559 1861 maxime
2590 1803 2807 1859 fidebat
2840 1797 3421 1865 Ratherius,consilio
3436 1797 3757 1853 obsecutu-

330 1889 479 1947 libro
510 1889 905 1947 Confessionis
931 1906 1096 1946 num.
1127 1892 1182 1957 2,
1216 1913 1243 1938 ‹‹
1278 1888 1613 1955 homicidia,
1637 1888 1984 1945 exoculatio-

329 1992 455 2045 nes,
489 1975 1041 2043 exmembrationes,
1061 1977 1308 2048 praedas,
1333 1976 1624 2041 incendia,
1647 1976 1980 2031 vastitatem

330 2081 397 2121 ac
427 2063 961 2138 depopulationem,
992 2082 1119 2137 quae
1150 2081 1254 2137 pro
1284 2066 1552 2136 abjurata
1581 2065 1766 2138 Ugoni
1806 2066 1919 2121 fide
1951 2088 1978 2116 »

330 2154 720 2227 contigerunt,
753 2153 946 2210 deﬂet.
980 2154 1196 2210 Eadem
1228 2170 1400 2226 porro
1429 2169 1574 2225 gens
1616 2170 1800 2209 unum
1859 2154 1981 2225 epi-

328 2258 598 2316 scopum,
628 2242 763 2300 licet
791 2259 926 2299 cum
942 2241 1257 2299 rebellibus
1275 2243 1597 2309 inventum,
1625 2264 1653 2294 ‹‹
1670 2243 1983 2299 reservavit

328 2336 567 2405 propter
582 2332 1361 2405 consanguinitatem,quam
1374 2348 1507 2387 cum
1526 2331 1981 2404 illorum,inquit

327 2422 589 2494 (Prwloq.
622 2420 662 2478 l.
695 2421 802 2491 III),
834 2421 1123 2477 habebam
1154 2420 1531 2495 primoribus,
1588 2420 1853 2494 ipsoque,
1915 2424 1980 2476 ut

326 2510 576 2578 dicebat,
607 2510 870 2584 principe
901 2510 1119 2583 Ugone.
1155 2509 1839 2583 »Consanguinitascum
1858 2510 1976 2582 pri-

325 2598 590 2656 moribus
620 2600 749 2671 ejus
776 2598 971 2673 gentis
991 2598 1256 2657 adsolute
1272 2599 1770 2671 afﬁrmatur,quia
1784 2600 1979 2672 reipsa

324 2704 461 2744 cum
486 2687 634 2760 ipsis
662 2689 947 2761 sanguine
960 2692 1085 2744 erat
1099 2688 1976 2761 conjunctus.\Consanguinita-

325 2781 444 2832 tem
470 2793 603 2839 vero
634 2794 768 2833 cum
801 2792 933 2850 rege
985 2778 1046 2833 in
1104 2778 1229 2833 sola
1276 2778 1548 2851 Opinione
1605 2778 1735 2848 ejus
1787 2777 1977 2849 gentis

326 2865 502 2922 sitam
528 2866 845 2939 praeferunt
871 2866 991 2935 illa,
1023 2874 1085 2923 ut
1110 2868 1321 2923 dicebat
1353 2868 1513 2923 .Haec
1543 2883 1676 2922 vero
1698 2866 1891 2939 opinio
1909 2885 1977 2923 ea

325 2954 474 3012 forte
503 2956 576 3012 de
602 2972 782 3012 causa
809 2954 893 3011 illi
923 2956 1082 3028 genti
1115 2957 1445 3028 irrepserat,
1480 2956 1618 3027 quia
1639 2972 1774 3011 cum
1800 2956 1976 3012 sciret

320 3060 456 3100 eum
486 3042 763 3100 Hilduino
794 3044 1091 3111 intimum,
1124 3044 1301 3099 etiam
1334 3044 1836 3117 consanguineum
1851 3061 1972 3100 cre-

319 3132 504 3202 didit;
540 3131 857 3189 Hilduinus
888 3136 1083 3189 autem
1115 3149 1248 3188 cum
1284 3132 1484 3205 Ugone
1514 3132 1798 3189 afﬁnitate
1828 3134 1969 3205 jun-

2094 1912 2215 1961 rus,
2250 1895 2321 1950 ab
2352 1895 2554 1949 eodem
2588 1893 2755 1965 petiit
2783 1898 2845 1946 ut
2876 1892 2947 1945 ad
2982 1907 3043 1945 se
3074 1890 3445 1944 mitterentur
3482 1884 3754 1957 primarii

2092 1984 2361 2039 civitatis.
2395 1984 2596 2054 Itaque
2627 1999 2760 2037 cum
2794 1982 2886 2036 his
2915 1985 2974 2035 et
3003 1996 3136 2033 cum
3164 1976 3461 2033 nonnullis
3492 1974 3751 2031 externis

2095 2094 2122 2121 «
2147 2073 2477 2128 lucescente
2509 2071 2601 2128 die
2635 2096 2662 2121 »
2694 2070 3004 2125 consilium
3038 2067 3302 2123 habitum
3330 2084 3343 2134 ;
3369 2082 3434 2120 ac
3466 2064 3525 2119 in
3557 2080 3625 2120 eo
3647 2064 3751 2119 de-

2091 2166 2313 2217 cretum
2348 2161 2475 2226 fuit,
2508 2164 2576 2216 ut
2606 2160 2959 2216 scriberetur
2989 2157 3258 2229 quasdam
3291 2153 3750 2227 epistola,quam

2091 2250 2138 2304 sl
2170 2250 2618 2306 archidiaconus
2650 2272 2676 2296 ‹‹
2706 2248 2943 2303 auderet
2959 2242 3643 2315 mittere,quasiinscius
3663 2240 3751 2296 di-

2090 2338 2419 2393 mitteretur
2444 2337 2711 2393 criminis
2739 2337 2856 2399 ;sin
2877 2335 3043 2402 alias,
3064 2333 3415 2390 sententiam
3435 2330 3589 2386 illico
3604 2330 3749 2385 sub-

2088 2428 2199 2482 iret
2228 2426 2435 2499 capitis
2467 2427 2724 2497 (Prwloq.
2754 2425 2795 2481 l.
2829 2442 2910 2491 ιιι,
2962 2441 3021 2479 n.
3082 2424 3219 2494 27);
3280 2443 3308 2471 »
3363 2426 3421 2477 et
3474 2418 3751 2475 similiter

2087 2514 2185 2571 alii
2216 2532 2285 2571 ea
2312 2515 2557 2587 epistola
2582 2515 2799 2586 scripta
2825 2530 2998 2569 omne
3016 2510 3341 2585 periculum
3356 2509 3745 2565 declinarent.

2085 2604 2332 2660 Cuinam
2363 2604 2581 2660 directa
2612 2603 2787 2669 fuerit
2816 2602 2935 2657 haec
2955 2600 3222 2673 epistola,
3247 2599 3457 2671 quidve
3479 2598 3747 2653 contine-

2085 2698 2172 2749 ret
2200 2694 2355 2749 unde
2386 2692 2832 2749 archidiaconus
2862 2695 2918 2746 et
2948 2689 3137 2746 caeteri
3159 2687 3497 2744 rebellionis
3521 2685 3744 2742 conscii

2083 2800 2114 2838 e
2144 2784 2272 2837 vitze
2291 2775 3534 2850 discriminesubducerentur,ignoratur.ld
3555 2792 3744 2831 unum

2083 2871 2305 2927 scimus
2336 2888 2463 2927 eam
2480 2871 2659 2925 fuisse
2675 2871 2933 2925 conviciis
2941 2869 3163 2941 plenam
3187 2885 3201 2935 ;
3223 2864 3565 2921 Ratherium
3604 2881 3743 2921 vero

2081 2961 2271 3017 eidem
2304 2960 2622 3016 scribendae
2654 2958 3023 3015 consensisse
3052 2974 3117 3012 eo
3150 2955 3412 3022 consilio,
3447 2959 3512 3009 ut.
3560 2971 3743 3010 suum

2080 3066 2313 3123 gregem
2346 3048 2418 3105 ab
2449 3048 2923 3121 impendentibus
2948 3045 3118 3101 malis
3140 3044 3514 3102 erueret.Hoe
3539 3047 3742 3099 autem

2080 3156 2326 3195 assensu
2357 3138 2612 3210 przestito
2646 3161 2671 3187 ‹‹
2706 3137 2998 3209 quemban
3041 3134 3209 3207 quasi
3260 3133 3538 3205 laqueum
3598 3131 3740 3201 sibi,

316 3224 447 3278 ctus
471 3225 613 3279 erat.
645 3221 956 3279 Ratherius
983 3221 1219 3278 interim
1249 3221 1384 3278 licet
1408 3221 1517 3278 hac
1547 3222 1617 3277 de
1656 3238 1834 3279 causa
1883 3239 1966 3279 re-
1996 3205 2040 3273 C
2079 3245 2194 3301 quo
2227 3205 2540 3292 teneretur,
2571 3205 2769 3298 injecit
2799 3226 2979 3298 (ιὺὶίί.,
3014 3205 3132 3289 l._v,
3170 3243 3226 3279 ιι.
3254 3225 3362 3291 12).
3395 3245 3421 3271 ››
3441 3223 3558 3278 Hac
3576 3222 3740 3277 enim

311 3318 576 3379 servatus,
610 3327 713 3368 seu
742 3328 777 3368 a
833 3316 1174 3367 ceterorum
1234 3310 1565 3367 calamitate
1617 3311 1963 3378 subductus,

309 3404 619 3473 asportata:
644 3404 843 3457 tamen
877 3400 988 3456 fuit
1019 3401 1079 3456 in
1110 3399 1365 3473 aliquem
1398 3400 1799 3457 tutumlocum
1826 3419 1839 3456 :
1863 3402 1964 3457 ubi

308 3505 443 3548 cum
477 3490 549 3546 de
578 3489 997 3557 archidiaconi,
1030 3490 1377 3547 clericorum
1408 3506 1475 3545 ac
1503 3493 1844 3545 czeterorum
1870 3507 1964 3546 ca-

307 3578 600 3650 ptivorum
630 3578 891 3652 periculo
917 3580 1171 3636 maxime
1194 3579 1514 3648 laboraret;
1547 3583 1726 3635 totam
1753 3580 1963 3636 subse-

306 3669 586 3736 quentem
608 3670 838 3722 noctem
867 3667 1201 3723 insomnem
1223 3668 1465 3732 ducens,
1487 3689 1515 3716 ‹‹
1534 3666 1828 3739 precibus,
1852 3666 1961 3723 hu-

307 3751 757 3822 miliationibus,
792 3753 1087 3827 laerymis,
1117 3755 1445 3828 promissis,
1479 3755 1853 3828 amicumque
1875 3757 1961 3812 in-

304 3844 569 3900 terventu
591 3857 724 3898 neos
753 3844 976 3915 eripere
1006 3843 1253 3899 studuit.
1276 3844 1465 3899 Uursa
1481 3844 1541 3899 ni
1558 3845 1712 3900 inter
1723 3851 1959 3901 caeteros

301 3930 482 3987 vitam
517 3934 576 3988 et
602 3930 931 3989 libertatem
962 3931 1232 3987 obtinuit.
1260 3932 1334 3987 Ut
1375 3936 1572 3988 autem
1627 3938 1684 3989 et
1738 3935 1960 3991 ueteris

302 4019 755 4091 prospiceretur,
788 4042 816 4070 ‹‹
845 4020 1100 4077 crastina
1129 4020 1223 4077 die
1256 4044 1306 4088 »,
1341 4021 1399 4076 id
1430 4026 1536 4089 est,
1561 4021 1654 4076 die
1672 4021 1840 4078 tertia
1854 4022 1955 4078 Fe-

301 4107 545 4177 bruarii,
578 4108 896 4181 primarius
926 4113 983 4165 et
1011 4126 1283 4167 summus
1311 4109 1552 4183 quidam
1581 4110 1690 4177 vir,
1707 4134 1733 4161 ‹‹
1757 4110 1816 4166 in
1839 4128 1955 4183 quo

298 4200 421 4252 tota
442 4197 658 4254 fiducia
688 4198 825 4255 boni
856 4204 979 4256 erat
993 4205 1330 4272 proventus,
1351 4223 1379 4250 «
1406 4199 1607 4256 missis
1630 4198 1955 4273 saepissime

296 4285 680 4343 internuntiis
710 4287 986 4345 Ratberio
1018 4290 1337 4359 mandavit,
1374 4312 1403 4339 ‹‹
1428 4304 1500 4344 ne
1523 4306 1557 4344 a
1576 4305 1684 4345 suo
1707 4290 1950 4346 consilio

294 4374 549 4433 deviaret
576 4377 636 4434 in
669 4377 887 4451 aliquo,
920 4379 1272 4451 promittens
1303 4378 1502 4435 omnia
1532 4395 1659 4435 sese
1682 4378 1796 4435 ﬁne
1845 4397 1948 4451 pa-

292 4468 523 4521 cturum
555 4467 800 4538 optimo,
830 4472 1060 4524 tantum
1084 4468 1143 4523 in
1169 4473 1334 4541 pacto
1358 4472 1643 4540 perstaret
1654 4469 1945 4541 promisso

2076 3318 2321 3389 epistola
2353 3316 2739 3389 promulgata,
2769 3320 2832 3370 ut
2863 3315 3110 3380 videtur,
3145 3311 3271 3368 sine
3316 3311 3571 3367 auctoris
3632 3326 3738 3366 no-

2078 3405 2648 3478 mine,cumquidum,
2669 3405 2760 3460 cui
2780 3405 2852 3460 ab
2877 3403 3287 3459 archidiacono
3312 3402 3495 3457 missa
3520 3399 3736 3467 fuerat,

2073 3496 2144 3550 de
2164 3499 2398 3551 auctore
2438 3494 2800 3566 inquireret;
2856 3492 3020 3559 Urso,
3083 3492 3253 3562 cujus
3312 3507 3490 3546 manu
3544 3488 3741 3544 fuerat

2072 3588 2325 3652 exarata,
2346 3584 2643 3655 professus
2662 3581 2898 3654 quidem
2922 3586 3010 3637 est
3032 3598 3092 3635 se
3112 3579 3271 3635 illam
3292 3577 3737 3651 scripsisse,sed

2072 3672 2315 3740 caeteris,
2344 3672 2444 3745 qui
2480 3673 2535 3727 in
2560 3688 2687 3727 eam
2721 3688 2958 3743 cperam
2985 3669 3286 3733 dederant,
3312 3667 3543 3724 silentio
3584 3683 3736 3738 prae-

2070 3762 2383 3827 termissis,
2408 3778 2590 3815 unum
2613 3759 2953 3814 Ratherium
2976 3763 3293 3824 auctorem,
3320 3773 3385 3811 ac
3404 3755 3584 3812 totius
3603 3771 3734 3810 mo-

2068 3848 2289 3905 liminis
2321 3851 2675 3905 incentorem
2710 3846 2961 3920 praetulit
2989 3848 3110 3919 (1b.,
3145 3845 3183 3900 1.
3218 3863 3299 3913 In,
3347 3863 3405 3899 n.
3464 3844 3579 3915 27).
3642 3846 3736 3898 Ita

2066 3937 2188 3993 haec
2211 3938 2456 4010 epistola
2481 3936 2700 3993 caeteris
2724 3936 2795 3992 ab
2837 3935 2997 3991 omni
3055 3934 3312 4007 periculo
3364 3932 3604 4005 ereptis,
3666 3932 3730 3988 in

2066 4026 2241 4081 unius
2272 4026 2523 4082 Ratherii
2551 4025 2867 4098 pernicnem
2891 4042 3169 4081 conversa
3184 4027 3273 4079 est
3298 4042 3311 4091 ;
3335 4040 3399 4079 ac
3420 4027 3732 4095 propterea

2064 4115 2125 4170 in
2145 4115 2400 4171 laudatis
2423 4115 2780 4171 adUrsonem
2800 4115 3009 4171 litteris
3031 4114 3268 4185 scripsit
3290 4112 3495 4185 (lbid.):
3516 4136 3543 4161 «
3569 4112 3727 4167 Dum

2060 4204 2223 4259 vobis
2245 4202 2513 4259 consului
2538 4225 2565 4254 η
2590 4205 2638 4259 ei
2662 4203 2919 4275 epistola:
2942 4203 3268 4259 assentiens
3294 4200 3531 4271 [XLVIII],
3568 4216 3723 4269 «me,

2062 4298 2125 4348 ut
2154 4294 2399 4362 videtur,
2434 4291 2696 4365 neglexi:
2731 4292 2873 4348 dum
2894 4291 3078 4358 vobis,
3104 4292 3239 4347 licet
3285 4294 3486 4346 vestra:
3547 4288 3722 4345 moli-

2057 4382 2233 4438 tionis
2264 4399 2332 4437 ex
2362 4385 2525 4454 parte
2557 4380 2848 4449 conscius,
2883 4380 3134 4453 peperci,
3171 4398 3263 4436 me
3286 4378 3536 4452 prodidi.
3564 4400 3592 4428 »
3617 4378 3725 4434 Μο-

2056 4472 2271 4527 litionz’s
2303 4471 2540 4526 nomine
2572 4470 2970 4535 rebellionem,
3000 4475 3065 4525 ut
3097 4467 3720 4542 putamus,intelligit,

293 4552 551 4623 (Préeloq.
582 4552 683 4641 lib.
715 4571 770 4622 ν,
795 4572 854 4623 n,
890 4557 999 4625 12).
1035 4578 1063 4605 ››
1095 4556 1261 4613 Hunc
1288 4556 1477 4612 virum
1524 4558 1870 4629 primarium
1890 4562 1947 4614 et
1974 4575 2022 4641 D
2054 4578 2231 4633 quam
2263 4560 2405 4615 dum
2436 4568 2690 4627 vestram,
2723 4576 2837 4614 non
2870 4562 3274 4614 veronostram
3296 4556 3720 4630 appellat,cum

290 4656 615 4709 summum,
647 4640 708 4697 in
734 4658 870 4713 quo,
903 4647 961 4698 et
975 4644 1024 4699 si
1041 4648 1163 4699 tota
1182 4644 1397 4700 ﬁducia
1411 4646 1545 4700 boni
1564 4651 1688 4701 erat
1708 4664 1945 4719 proven-

288 4732 407 4796 tus,
422 4729 552 4801 ejus
567 4732 762 4785 tamen
780 4730 1095 4787 consilium
1113 4731 1173 4786 in
1187 4732 1445 4788 Ratherii
1469 4734 1699 4790 ruinam
1717 4735 1939 4801 recidit,

287 4818 629 4891 episcopum
659 4818 842 4875 fuisse
870 4836 938 4875 ex
963 4824 1233 4876 contextu
1274 4821 1653 4878 manifestum
1684 4829 1791 4879 est.
1827 4824 1941 4879 lbi-

287 4905 417 4962 dem
450 4907 605 4964 enim
620 4911 826 4964 auctor
846 4909 917 4963 de
936 4908 1222 4981 episcopis
1244 4909 1531 4981 queritur,
1550 4910 1650 4983 qui
1680 4929 1807 4967 sese
1825 4930 1940 4967 non

285 4994 477 5050 solum
508 4995 567 5051 in
601 4996 933 5069 reipublicze
964 4997 1214 5070 negotiis
1246 4997 1678 5066 immiscebant,
1723 5002 1824 5056 sed
1878 5001 1937 5056 in

282 5081 413 5139 aliis
434 5084 608 5140 etiam
629 5085 1250 5158 pejoribus,suumque
1266 5103 1467 5142 casum
1491 5087 1739 5159 exempli
1762 5105 1940 5145 causa

282 5171 543 5242 subjicit.
578 5172 722 5230 Hinc
751 5190 984 5246 quoque
1009 5191 1108 5231 eos
1138 5175 1237 5247 qui
1270 5192 1389 5231 suae
1412 5174 1762 5233 calamitatis
1779 5178 1938 5234 fuere

279 5264 568 5337 auctores,
600 5278 717 5318 non
752 5262 943 5319 solum
976 5280 1094 5319 sua)
1127 5262 1392 5320 Ecclesiae
1423 5263 1575 5320 filios
1608 5265 1809 5333 fuisse,
1835 5269 1935 5323 sed

279 5348 456 5405 etiam
486 5367 673 5406 unum
701 5352 941 5423 ejusdem
968 5354 1158 5424 ofﬁcii,
1191 5354 1248 5408 id
1273 5357 1363 5427 est
1400 5352 1758 5427 episcopum,
1820 5373 1935 5412 non

276 5437 524 5494 obscure
552 5440 906 5507 tradit,dum
925 5440 1104 5497 alium
1128 5459 1326 5499 secum
1352 5442 1685 5516 loquentem
1710 5445 1937 5501 inducit

275 5523 369 5581 his
399 5526 623 5583 verbis:
660 5550 688 5577 ››
720 5529 846 5584 Non
877 5529 1241 5603 minusvero,
1261 5532 1409 5588 siita
1425 5537 1531 5598 est,
1551 5535 1930 5607 temetipsum

271 5612 494 5693 [XLVII],
526 5618 778 5692 tuosque
807 5633 986 5693 quam
1004 5618 1164 5694 ipsos
1182 5618 1382 5695 lugere
1395 5622 1665 5679 convenit
1685 5621 1928 5680 tradito-

2052 4651 2180 4721 ejus
2202 4654 2468 4705 auctores
2491 4646 3323 4720 indicatVeronenses,quibus
3342 4662 3484 4702 sane
3500 4662 3725 4701 omnem

2052 4748 2110 4794 ut
2129 4747 2246 4795 erat
2272 4740 2491 4810 culpam
2507 4737 2800 4809 abUgonis
2824 4736 3110 4792 militibus
3132 4737 3411 4791 tributam
3432 4734 3717 4803 vidimus,

2050 4835 2177 4883 tum
2195 4846 2326 4884 vero
2354 4845 2415 4882 se
2447 4827 2518 4880 ab
2548 4844 2615 4881 ea
2633 4832 2963 4898 exemptum
2997 4826 3312 4898 signiﬁcat.
3345 4824 3497 4881 Dum
3540 4840 3720 4896 porro

2049 4933 2110 4972 se
2143 4917 2407 4987 ejusdem
2436 4914 2768 4971 rebellionis
2800 4915 3075 4970 conscium
3107 4913 3249 4985 ipsis
3283 4912 3602 4968 rebellibus
3622 4930 3724 4985 pe-

2048 4997 2301 5069 percisse
2332 5000 2602 5061 testatur,
2628 4995 2685 5049 id
2718 4994 2962 5051 forsitan
2998 4994 3254 5068 respicit,
3283 4993 3438 5066 quod
3464 5010 3534 5049 ex
3555 4992 3708 5048 libro

2047 5090 2256 5157 quarto
2289 5084 2771 5155 Przeloquiorum,
2807 5101 2970 5139 num.
3003 5085 3058 5140 7.
3088 5083 3261 5156 paulo
3285 5088 3417 5139 ante
3453 5082 3709 5155 explica~

2045 5174 2269 5240 vimus;
2304 5190 2364 5230 se
2396 5172 2698 5239 nimirum,
2723 5178 2778 5228 et
2809 5174 2857 5228 si
2891 5173 3136 5229 rebelles
3157 5173 3277 5245 regi
3300 5172 3455 5228 cives
3478 5177 3536 5228 et
3557 5171 3713 5228 ﬁlios

2043 5281 2171 5320 esse
2194 5264 2391 5331 sciret,
2416 5278 2529 5317 non
2542 5264 2738 5317 tamen
2753 5262 3326 5334 eos,utpunirentur,
3351 5261 3712 5333 prodidisse,

2044 5353 2123 5409 De
2147 5353 2255 5408 hac
2281 5348 2579 5405 molitione
2601 5350 2924 5423 inUgonem
2947 5350 3217 5406 fortassis
3238 5350 3446 5423 agebat
3466 5349 3717 5408 laudata

2041 5440 2307 5514 epistola,
2338 5438 2437 5495 sed
2476 5439 2554 5494 ita
2585 5444 2649 5495 ut
2679 5443 2984 5494 auctorum
3018 5438 3358 5495 nominibus
3417 5444 3706 5511 parceret.

2040 5532 2184 5588 Huic
2216 5545 2449 5601 quoque
2475 5526 2733 5599 epistolae
2762 5545 2895 5583 cum
2955 5527 3308 5585 assensisset
3364 5527 3681 5585 Ratherius

2037 5620 2184 5697 ipsis
2205 5618 2324 5676 reis
2342 5616 2739 5691 exprimendis
2761 5617 3020 5692 pepercit
3043 5634 3056 5674 :
3083 5618 3185 5675 sed
3204 5617 3491 5676 cumUrso
3514 5613 3708 5692 inqui'
