1984 3232
101 245 138 277 49

619 244 931 278 PROLEGOMENA.
945 261 984 269 —
995 246 1189 278 'RATHERII
1211 244 1316 279 VITA.

1792 247 1831 279 50

101 313 138 343 tis
152 311 308 343 Lobiensis
322 312 360 342 ab
369 312 488 342 Ausone
499 312 605 342 abbate
616 313 757 351 scriptam
770 313 882 343 ibidem
898 313 942 342 in-
955 313 984 349 Α
997 311 1164 351 conjectura,
1178 323 1260 344 num.
1271 316 1288 343 3
1300 324 1307 344 :
1318 314 1395 343 Dum
1411 314 1440 343 in
1457 313 1556 352 aliqua
1567 322 1601 342 ex
1612 312 1659 343 his
1671 313 1831 351 provinciis

102 359 190 393 venit,
201 359 253 387 sed
274 358 351 396 stylo
367 359 439 387 adeo
454 358 579 387 barbaro
596 366 630 387 ac
650 358 766 388 mendis
783 358 895 394 vitiato,
906 361 940 388 ut

104 404 284 434 obscuritate
298 404 365 441 ejus
380 403 521 439 olfeusus,
534 404 670 432 eamdem
687 412 746 432 non
761 406 822 432 tam
838 412 939 433 emen-

104 449 245 484 dandum,
255 457 346 486 quam
362 449 480 477 clariori
491 449 567 486 stylo
583 449 808 478 describendam
820 451 938 486 putave-

103 495 151 525 rit.
162 494 237 523 Hinc
258 502 319 522 non
338 494 501 531 incongrue
514 494 593 522 inter
620 494 686 529 ejus
712 502 801 531 opera
824 494 936 522 edetur.

103 539 187 568 Illam
198 538 241 568 sic
252 540 445 576 expurgatam
456 541 486 567 et
497 538 684 567 lucubratam
696 541 798 567 auctor
808 539 890 567 misit
902 539 938 567 ad

104 585 263 613 Lobienses
279 583 451 618 monachos,
465 584 514 620 qui
526 584 556 612 S.
567 584 740 612 Ursmarum
754 585 798 612 sui
814 577 939 612 cmnobii

103 632 262 666 patronum
274 629 502 658 venerabantur.

137 676 183 702 28.
200 673 321 703 Interim
336 674 367 701 in
384 683 418 702 ea
432 673 594 702 Galliarum
616 676 709 711 parte,
725 683 789 711 qua:
802 675 938 711 Burgun-

101 719 156 747 dia
171 726 297 756 regnum
316 720 388 746 tunc
408 718 570 753 dicebatur,
587 718 792 756 episcoporum
808 719 938 755 synodus

102 764 235 802 cogenda
249 766 321 793 erat.
332 764 375 792 Ad
386 763 462 792 hanc
472 763 559 792 Wido
571 763 810 800 archiepiscopus
822 764 938 800 Lugdu-

101 809 216 843 nensis,
236 811 266 837 et
281 809 378 837 Sobho
397 808 596 844 Vienniensis,
614 809 810 837 Godescalcus
826 809 893 845 [Liv]
910 811 939 837 et

101 854 240 883 Aurelius
250 853 380 890 episcopi
390 853 555 882 invitarunt
563 853 652 881 etiam
664 853 938 890 Rotherium,quem

101 907 170 927 cum
179 898 218 927 ob
228 897 428 927 celebritatem
440 898 571 926 nominis
582 898 703 926 maximi
715 898 941 932 facerent,cum-

101 944 169 973 dem
184 952 290 972 coram
301 951 471 980 agnoscere,
484 945 513 970 et
531 951 599 971 cum
621 951 654 971 eo
671 943 701 970 in
717 942 840 971 concilio
855 951 940 979 agere

102 988 309 1026 pel-optabant.
328 988 430 1024 Ipsum
447 988 522 1015 forte
537 995 552 1015 e
568 995 682 1015 carcere
698 987 856 1016 dimissum
870 987 941 1015 scie-

101 1034 235 1062 bantzat
250 1032 365 1061 exsilio
373 1032 454 1060 Comi
471 1032 567 1060 adhuc
583 1033 735 1060 detentum
751 1032 936 1068 ignorabant.

101 1079 145 1106 Ad
158 1077 214 1107 hos
240 1077 343 1114 itaque
359 1077 440 1105 dedit
454 1076 618 1113 epistolam,
633 1078 662 1104 et
677 1085 744 1104 cum
764 1077 794 1104 in
811 1077 876 1113 ipsa
889 1076 937 1104 in-

101 1122 263 1160 scriptione
283 1130 315 1150 se
335 1122 459 1150 exsulem
483 1121 609 1157 praefert,
627 1123 690 1149 tum
706 1130 772 1150 vero
789 1121 890 1150 exsilio
906 1131 937 1150 se

255 1166 395 1200 afﬁrmat,
409 1175 444 1194 ne
457 1167 492 1194 ad
506 1166 652 1203 synodum
668 1166 810 1194 invitatus
820 1167 937 1195 accede-

101 1214 156 1240 ret.
169 1223 184 1238 α
198 1212 252 1245 Ea,
265 1211 371 1248 inquit,
385 1210 512 1244 Domini,
528 1219 618 1247 quam
634 1211 760 1239 maxime
776 1220 866 1240 causa
880 1214 934 1246 est,

101 1257 277 1294 quodjuxta
285 1258 417 1284 vestrum
430 1264 489 1284 non
503 1255 616 1284 occurri
628 1258 730 1284 vestris
743 1256 936 1284 dominationi

102 1303 284 1339 praceptum
298 1301 377 1338 quod
387 1300 465 1337 juris
485 1301 548 1337 ipse
564 1309 621 1329 non
638 1309 705 1329 sum
721 1301 841 1338 proprii.
855 1313 869 1326 n
882 1302 938 1329 Fa-

101 1340 194 1382 mam,
208 1354 274 1382 qua
296 1345 332 1374 de
357 1353 390 1373 se
408 1347 470 1373 erat
485 1345 613 1382 vulgata,
631 1346 761 1374 modeste
789 1348 936 1374 extenuat.

102 1391 268 1426 Miser-iam,
275 1399 333 1427 qua
348 1390 437 1418 etiam
453 1393 535 1418 extra
548 1398 692 1418 carcerem
707 1391 737 1418 in
753 1391 854 1419 exsilio
871 1399 939 1427 pre—

103 1436 252 1470 mebatur,
265 1434 367 1463 leviter
381 1434 486 1471 tangit,
501 1435 624 1471 ejusque
642 1436 721 1463 istud
737 1436 878 1463 indicium
897 1436 939 1464 af-

103 1481 169 1514 fert,
179 1480 287 1508 deesse
297 1479 354 1508 sibi
363 1479 506 1513 chartam,
518 1487 576 1515 qua
587 1479 749 1516 longiorem
761 1480 939 1517 digniorem-

104 1533 162 1562 que
175 1523 336 1562 epistolam
351 1524 499 1552 scriberet.
513 1524 683 1552 Subsidium
701 1524 818 1561 aliquod
839 1526 942 1561 postu-

104 1569 208 1598 lat:et
222 1577 291 1598 cum
308 1569 373 1605 ipse
388 1569 423 1596 ad
444 1577 494 1597 eos
514 1578 572 1597 non
598 1571 697 1605 posset
718 1569 876 1606 proﬁcisci,
892 1578 943 1597 sex

107 1614 202 1643 libros
210 1613 536 1650 Prteloquiorum,quos
546 1613 576 1641 in
588 1613 734 1642 Ticinensi
746 1614 888 1642 turricula
901 1615 943 1642 lu-

108 1659 286 1688 cubraverat
293 1658 371 1693 (Vid.
379 1658 560 1694 Prmloquior.
569 1658 588 1685 l.
596 1667 623 1691 ν,
631 1666 691 1687 nor.
699 1659 748 1693 38;
760 1659 844 1687 FULC.
853 1668 878 1687 ο.
885 1661 942 1695 20),

108 1702 155 1732 sui
167 1702 233 1732 loco
244 1703 280 1731 ad
292 1702 374 1739 ipsos
387 1702 537 1739 dirigit,ut
550 1702 711 1731 Fulcuinus
721 1704 809 1732 etiam
822 1704 942 1732 notavit.
958 1695 981 1729 C

107 1748 204 1777 Aliam
223 1755 343 1784 quoque
356 1747 527 1783 perbrevem
540 1747 705 1783 epistolam,
719 1757 771 1776 seu
787 1749 885 1785 potius
897 1750 946 1777 ad-

109 1792 292 1822 notationem
307 1791 338 1820 in
354 1791 484 1828 epistolae
501 1792 626 1820 formam
636 1793 747 1821 eisdem
763 1794 854 1828 dedit,
867 1802 900 1822 ac
915 1794 946 1822 in

109 1838 250 1874 quintum
256 1836 490 1874 Prasioquiorum
499 1836 607 1865 librum
618 1837 946 1875 inseruit,num13,quae

107 1882 138 1911 in
153 1881 320 1919 epigraphe
338 1889 388 1910 eos
415 1881 446 1909 in
473 1881 598 1910 concilio
618 1885 791 1910 convocatos
818 1883 946 1919 praefert.

111 1939 123 1953 ι
136 1926 298 1956 Eutherius
312 1926 395 1954 exsul
406 1925 526 1954 Widoni
539 1928 628 1963 atque
643 1927 772 1955 Sobboni
787 1927 946 1963 archiepis-

109 1972 195 2009 copis
207 1971 383 2007 caterisque
404 1971 586 2008 coepiscopis
604 1971 634 1999 in
651 1971 774 2000 concilic
790 1972 947 2000 residenti-

110 2016 281 2045 bus.»Eum
293 2017 393 2044 autem
403 2015 434 2043 in
448 2015 546 2044 locum
557 2016 669 2044 laudati
682 2016 749 2044 libri
759 2017 870 2046 inserta
881 2018 948 2052 fuit,

109 2060 163 2090 ubi
177 2061 382 2098 conqueritur,
398 2060 547 2089 neminem
563 2061 697 2096 inveniri,
708 2073 721 2087 «
737 2062 788 2098 qui
803 2071 855 2099 pro
871 2063 947 2091 indi-

109 2105 253 2143 gentibus
277 2105 464 2138 interveniat,
481 2113 533 2142 pro
557 2106 706 2135 damnatis
729 2110 844 2136 exoret:
859 2116 947 2137 neos-

109 2150 243 2187 demque
251 2149 290 2178 ad
302 2158 338 2178 ea
349 2149 505 2187 relegendo
519 2152 548 2179 et
560 2152 750 2187 expendenda
760 2153 875 2188 excitat,
886 2154 948 2190 qui-

111 2195 170 2224 bus
182 2194 222 2225 ad
230 2194 284 2224 sui
294 2194 583 2224 commiserationem
596 2204 740 2233 opemque
752 2197 949 2231 iereudam,et

110 2240 148 2269 ad
163 2239 368 2277 patrocinium
377 2247 431 2276 pro
441 2248 473 2268 se
484 2240 729 2277 interponendum
746 2250 948 2278 permoveren-

111 2287 175 2319 tur;
189 2292 263 2314 enm
276 2284 442 2321 praesrtim
452 2285 530 2322 apud
545 2285 675 2322 Ugonem
688 2294 786 2323 regem
798 2289 948 2325 conregio-

111 2329 212 2360 nalem
228 2333 322 2358 suum
335 2336 386 2358 eos
401 2329 564 2366 plurimum
579 2330 675 2359 valere
689 2332 858 2361 confideret.

994 357 1244 397 degeret,litterus
1255 369 1272 389 a
1282 361 1420 389 Rotbcrto
1431 359 1596 388 Trevirensi
1610 359 1830 396 archiepiscopo

994 405 1117 442 accepit,
1143 406 1194 442 qui
1223 405 1337 442 aliquot
1365 405 1598 442 quaestiunculas
1621 405 1647 433 ei
1675 404 1831 433 solvendas

993 450 1157 487 proposuit.
1169 451 1201 479 In
1218 450 1420 487 responsione,
1431 459 1521 486 quam
1534 450 1560 478 ei
1576 449 1657 478 dedit
1672 449 1830 478 Ratherius

994 495 1079 531 epist.
1092 496 1119 529 3,
1133 496 1230 532 ipsum
1244 507 1257 520 (ι
1271 495 1513 531 archiprrcsulum
1526 493 1745 522 nobilissimum
1758 505 1772 518 ››
1783 502 1831 522 νο-

994 542 1050 574 cat,
1063 541 1172 577 quippe
1186 540 1236 577 qui
1249 548 1265 568 a
1276 540 1455 568 Tlieodorico
1467 539 1598 568 Saxonis:
1611 540 1686 567 duce
1698 538 1832 575 progeni‘

993 587 1052 619 tus,
1065 594 1195 613 sororem
1219 585 1346 613 habebat
1362 587 1495 613 sanctam
1511 584 1693 618 Mathildem,
1715 583 1830 612 Ottonis

993 630 1155 658 Germania:
1167 630 1254 667 regis,
1263 638 1296 657 ac
1307 631 1408 666 postea
1419 629 1604 665 imperatoris
1613 628 1827 657 matrem.Cum

994 675 1170 711 quaestiones
1194 675 1350 711 propositae
1371 675 1406 702 ad
1423 674 1546 711 profana
1575 674 1674 702 studia
1701 673 1829 710 pertine-

994 722 1067 752 rent,
1083 720 1277 757 ejusdemque
1291 721 1391 748 essent
1406 720 1522 756 generis
1543 727 1577 747 ac
1596 718 1653 746 ille:
1671 726 1746 755 quas
1762 719 1829 746 ante

993 765 1195 801 episcopatum
1205 764 1361 793 solvendas
1367 773 1384 792 a
1391 763 1661 792 Mediolanensibus
1669 764 1830 799 acceperat,

993 818 1026 838 eo
1042 818 1073 838 se
1088 810 1208 837 nomine
1224 809 1260 837 ab
1276 809 1313 837 iis
1329 808 1526 837 dissolvendis
1541 810 1672 841 excusat,
1686 808 1756 844 quia
1771 809 1830 834 stu-

994 854 1052 882 diis
1068 854 1214 890 ejusmodi
1229 856 1297 890 post
1310 853 1509 890 episcopalem
1522 853 1657 881 ordinem
1669 851 1828 880 valedixit:

996 911 1009 924 ‹‹
1022 899 1179 932 Infulatus,
1190 910 1200 923 ι»
1216 899 1267 932 ait,
1275 909 1289 923 «
1302 898 1357 925 hac
1372 906 1432 934 qua
1444 897 1495 926 Dei
1510 896 1712 925 misericordia
1724 896 1830 932 iungor

996 943 1122 977 sarcina,
1135 943 1208 971 illud
1225 943 1325 971 statim
1341 942 1415 971 desii
1428 949 1523 979 agere,
1535 942 1702 977 injunctum
1714 940 1785 969 mihi
1799 940 1829 968 in

998 988 1053 1016 hoc
1069 988 1165 1016 ofﬁcio
1181 988 1323 1025 cogitans,
1340 987 1368 1015 in
1381 986 1431 1015 Dei
1447 986 1545 1023 potius
1561 986 1623 1022 lege
1634 986 1681 1013 die
1697 994 1729 1013 ac
1745 987 1829 1013 nocte

998 1033 1132 1061 meditari
1149 1032 1264 1061 debere.
1279 1043 1289 1055 ι
1305 1031 1367 1059 Non
1385 1033 1473 1068 negat
1487 1039 1520 1059 ea
1535 1030 1633 1059 studia
1647 1029 1760 1066 aliquid
1776 1029 1827 1056 ad-

990 1077 1120 1114 j‘umenti
1136 1077 1273 1113 episcopo
1294 1084 1380 1113 posse
1397 1076 1509 1110 afferre,
1527 1075 1552 1103 si
1567 1075 1632 1112 ipsa
1653 1074 1683 1102 in
1708 1081 1825 1102 sacrum

992 1131 1080 1150 usum
1096 1122 1233 1150 traducat
1245 1130 1251 1149 :
1261 1133 1274 1146 «
1288 1121 1395 1149 Servus
1410 1129 1478 1149 vero
1490 1119 1539 1148 ille
1554 1126 1693 1156 nequam,
1707 1130 1722 1144 »
1735 1117 1827 1152 addit,

996 1177 1006 1191 ι
1017 1168 1053 1195 de
1062 1166 1218 1203 Evangelio
1230 1165 1294 1194 ideo
1307 1165 1508 1193 damnationis
1517 1166 1631 1192 aeternae
1641 1162 1776 1192 addictus
1785 1164 1830 1190 est

991 1212 1119 1248 eloquio,
1127 1211 1198 1247 quia
1209 1210 1352 1239 talentum
1363 1209 1530 1238 intellectus
1541 1208 1649 1237 maluit
1655 1205 1739 1236 terra:
1748 1215 1830 1235 man-

992 1257 1169 1292 dare,quam
1187 1255 1259 1284 ccelo
1275 1254 1393 1291 penitus
1409 1254 1641 1286 destinare.Qu‘aa
1653 1251 1828 1286 similitudo,

995 1304 1027 1329 ut
1042 1310 1116 1335 reor,
1131 1303 1231 1328 monet
1245 1300 1321 1328 inter
1336 1302 1440 1327 caetera
1455 1307 1502 1326 me
1517 1299 1714 1334 peccatorem,
1727 1296 1831 1325 tantil-

992 1347 1054 1374 lum
1071 1345 1310 1382 ingenioli,quod
1335 1344 1395 1371 Deo
1411 1351 1478 1371 sum
1503 1344 1658 1371 assecutus
1672 1341 1828 1377 largiente,

994 1392 1043 1419 illo
1058 1391 1156 1426 potius
1171 1389 1235 1417 acui
1248 1391 1390 1425 oportere.
1405 1387 1455 1416 ubi
1466 1387 1599 1416 Christus
1613 1389 1657 1415 est
1671 1386 1701 1414 in
1712 1386 1830 1414 dextera

994 1436 1044 1464 Dei
1052 1436 1260 1470 sedens,quam
1269 1436 1390 1462 terrena:
1398 1431 1518 1461 vanitati
1525 1430 1829 1466 committure,etnihil

996 1481 1074 1509 aliud
1091 1480 1195 1509 exinde
1219 1479 1276 1508 nisi
1299 1480 1418 1507 ventum
1436 1479 1564 1511 inanem,
1581 1485 1634 1506 nec
1657 1477 1722 1506 sine
1738 1476 1827 1505 detri-

997 1527 1094 1553 mento
1111 1524 1213 1552 animae
1229 1524 1359 1552 maxime
1373 1525 1516 1559 captare.»
1525 1523 1598 1551 Cum
1615 1530 1701 1558 porro
1717 1521 1828 1557 aliquid

998 1570 1123 1599 subsidii
1135 1569 1192 1597 sibi
1204 1569 1360 1597 Rotbertns
1376 1567 1570 1604 promisisset,
1582 1566 1692 1603 gratias
1703 1565 1774 1601 agit,
1784 1564 1829 1592 id-

999 1624 1054 1652 que
1064 1615 1094 1642 in
1104 1614 1239 1651 prmscnii
1250 1613 1422 1641 necessitate
1431 1620 1519 1649 quam
1529 1612 1618 1640 citius
1628 1609 1829 1648 praestandum

1000 1660 1183 1696 deprecatur.
1192 1658 1313 1687 Librum
1322 1658 1451 1693 aliquem
1460 1656 1590 1685 Ratherii
1599 1655 1680 1684 idem
1691 1654 1832 1690 archiepi-

1000 1713 1107 1741 scopus
1126 1704 1242 1732 videtur
1257 1703 1408 1739 quaesisse.
1419 1700 1565 1729 Volumen
1590 1699 1831 1741 Prasloquiorum,

1001 1737 1078 1786 quod
1094 1757 1187 1776 unum
1202 1737 1332 1775 habebnt
1347 1747 1377 1774 in
1398 1747 1548 1782 promptu,
1559 1743 1655 1786 eidem
1799 1749 1834 1782 ea

1001 1783 1179 1825 conditione,
1198 1794 1232 1820 ut
1247 1791 1320 1819 illud
1337 1790 1393 1818 sibi
1410 1789 1493 1817 ocius
1507 1783 1766 1816 remitteretﬂaric
1781 1792 1833 1814 au-

1002 1840 1062 1866 tem
1077 1837 1234 1873 epistolam
1248 1838 1316 1872 post
1329 1834 1448 1862 initium
1465 1832 1533 1861 anni
1549 1832 1603 1860 940
1617 1832 1653 1860 ab
1669 1830 1833 1860 exsilio‘Co-

1004 1883 1097 1910 mensi
1120 1881 1283 1910 dissolutus
1299 1879 1426 1916 scripsit,
1444 1880 1603 1914 antequam
1627 1876 1656 1904 in
1682 1875 1835 1918 Provincia

1004 1927 1181 1963 Roestangni
1203 1924 1381 1953 institutioni
1407 1932 1472 1952 sese
1498 1922 1656 1951 addiceret.
1668 1920 1742 1949 Hinc
1765 1927 1833 1948 eum

1003 1972 1074 2000 nulli
1088 1974 1165 2000 esset
1175 1971 1330 2008 obligatus,
1344 1969 1473 1997 Roiberti
1490 1966 1607 1996 servitio
1619 1967 1834 2007 sese'paratum

1003 2017 1128 2050 exhibet,
1140 2018 1173 2044 ut
1193 2017 1222 2044 in
1239 2016 1335 2052 prima
1349 2013 1538 2042 adnotatione
1554 2012 1590 2040 ad
1606 2010 1740 2040 eamdem
1757 2009 1834 2046 epis-

1002 2062 1091 2091 tolam
1108 2062 1243 2098 pluribus
1255 2059 1475 2089 constituimus.

1037 2109 1083 2136 30.
1094 2097 1213 2135 interim
1234 2105 1373 2133 omnibus
1395 2110 1495 2140 egens,
1508 2099 1718 2133 in'Provin'cia,
1731 2100 1764 2127 ut
1778 2097 1836 2126 sibi

1003 2153 1112 2181 victum
1123 2139 1443 2187 compararet,docendi
1452 2141 1584 2187 ofﬁcium
1594 2139 1734 2187 suscepit.
1739 2149 1754 2168 (ι
1761 2142 1835 2186 cum

1005 2199 1034 2226 in
1046 2206 1080 2226 ea
1090 2199 1172 2233 parte
1183 2183 1763 2233 iiurgundiw,»inquitFulcuinnslc.?0,a
1771 2183 1836 2233 qua

1003 2230 1157 2270 Provinoiu
1171 2239 1289 2270 dicitur,
1304 2235 1489 2268 munsitaret,
1500 2233 1596 2261 illium
1612 2230 1767 2267 cujusdam
1782 2230 1838 2262 viri

1005 2285 1143 2316 ditissimi
1158 2283 1278 2312 nomine
1293 2282 1492 2316 Roestangum
1506 2278 1541 2307 ad
1557 2276 1751 2308 imbuendum
1763 2275 1838 2303 litte-

1006 2333 1046 2360 ris
1057 2329 1224 2368 postulatus
1239 2326 1358 2363 recepit.
1370 2337 1382 2350 υ
1395 2323 1454 2353 Hoc
1470 2324 1499 2351 in
1513 2322 1578 2359 [LVI]
1590 2318 1711 2350 munere
1723 2321 1837 2368 librum

145 2373 342 2404 29g'l'otidem
357 2364 453 2403 annos
467 2375 564 2412 exegit
578 2375 608 2403 in
620 2376 755 2405 Comensi
768 2377 956 2414 exsilio,quot
970 2381 994 2414 Ι)
1009 2364 1140 2405 condidit
1152 2386 1165 2399 ‹‹
1182 2374 1217 2401 de
1233 2374 1294 2401 arte
1318 2369 1526 2408 grammaticae,
1539 2375 1627 2414 quem
1652 2365 1778 2414 gentiiiq
1794 2364 1838 2414 lo:

111 2418 143 2448 in
157 2418 300 2456 Papionsi
324 2422 451 2455 Cal-cere,
467 2419 497 2447 id
511 2422 556 2448 est
571 2428 665 2449 annos
691 2422 765 2449 duos
781 2430 848 2450 cum
865 2423 953 2450 dimi-

111 2463 162 2494 dio
175 2464 271 2501 (φα.
283 2463 304 2491 5
315 2463 461 2498 αάΙο.,ιι.
477 2464 516 2498 5).
526 2465 591 2493 Fuit
610 2465 703 2502 igitur
721 2466 804 2494 exsul
820 2467 901 2495 Comi
918 2468 954 2496 ab

111 2509 252 2546 Angusto
276 2507 348 2536 anni
363 2508 418 2536 937
432 2517 528 2546 usque
542 2510 579 2538 ad
599 2510 718 2539 initium
742 2511 859 2539 circiter
885 2511 955 2540 anni

111 2552 273 2586 ﬂuam
286 2555 386 2582 suam
402 2552 503 2591 Ugone
517 2555 604 2584 inuito
619 2563 651 2583 se
674 2556 711 2584 ab
725 2555 780 2584 hoc
804 2556 904 2585 exsilio
919 2556 954 2584 li-

113 2598 258 2628 beratum
272 2597 419 2632 dﬁrmet;
431 2598 478 2627 vel
492 2599 569 2628 clam
580 2599 670 2628 Gomo
683 2601 794 2638 eli'ugit,
802 2601 846 2629 vel
857 2610 955 2638 regem

113 2644 237 2673 Mm
250 2649 288 2672 eo
301 2644 396 2671 sensu
408 2642 492 2677 dixit,
503 2644 573 2680 quia
589 2653 649 2673 non
665 2647 779 2681 sponte,
791 2646 842 2674 sed
858 2646 957 2674 lauda-

114 2687 154 2718 tis
161 2688 243 2718 forte
251 2686 406 2726 episcopis
414 2688 574 2725 agentibus
584 2689 713 2718 abeundi
724 2690 848 2719 facultas
860 2690 955 2719 eidem

115 2733 175 2772 regi
189 2734 310 2763 emus
333 2732 401 2762 fuit.
413 2733 503 2762 Como
526 2733 557 2762 in
572 2734 681 2763 Gallias
704 2743 768 2763 sese
792 2736 912 2772 recepit,
929 2738 957 2764 et

116 2777 255 2808 fortassis
274 2777 357 2815 apud
372 2777 532 2806 Widoncm
557 2781 609 2807 aut
630 2779 809 2814 Sobbonem,
822 2780 871 2816 qui
888 2788 956 2808 eum

116 2822 212 2852 videre
225 2822 420 2860 expetebant.
434 2821 495 2851 Hoc
510 2824 641 2859 tempore
655 2832 828 2861 peragrasse
843 2825 958 2852 videtur

118 2867 351 2898 manilium!!!
361 2867 543 2906 provincias,
555 2869 768 2906 Burgundiam,
775 2869 957 2898 Provinciam

121 2911 171 2950 [ιν]
181 2915 212 2944 et
223 2913 460 2951 Beptignaniam,
472 2910 599 2949 quarum
615 2914 750 2943 meminit
764 2914 795 2943 in
810 2915 959 2950 Qualilatis

1010 2420 1118 2458 quendi
1135 2427 1214 2447 more
1227 2417 1441 2454 Sparadorsum
1453 2413 1576 2446 vocavit,
1590 2417 1643 2448 pro
1655 2418 1689 2458 eo
1699 2409 1779 2458 quod
1787 2409 1839 2445 qui

1010 2453 1118 2495 scholis
1135 2453 1316 2493 assuesceret
1331 2458 1484 2497 puerulus,
1495 2459 1618 2486 dorsum
1634 2463 1651 2483 a
1665 2453 1766 2491 ﬂagris
1781 2458 1840 2481 ser-

1009 2519 1076 2540 vare
1087 2512 1195 2547 posset.
1206 2519 1218 2533 n
1229 2507 1335 2536 Confer
1350 2504 1549 2542 prmfationem
1566 2498 1742 2547 generalem,
1755 2501 1838 2547 unum.
1880 2538 1885 2543 .

1011 2557 1054 2584 19.
1065 2542 1190 2592 Aliquod
1202 2562 1258 2581 non
1270 2552 1356 2580 breve
1364 2553 1482 2586 tempus
1492 2547 1523 2576 in
1532 2544 1711 2592 Boestangni
1721 2542 1840 2592 institu-

1010 2602 1089 2630 tione
1103 2586 1247 2635 transegit
1259 2606 1265 2625 :
1278 2597 1364 2632 cujus
1379 2601 1469 2622 causa
1480 2603 1494 2618 «
1507 2591 1548 2619 ibi
1557 2590 1599 2625 (id
1610 2591 1662 2635 est
1673 2586 1840 2635 ianIrqv‘in-

1011 2646 1066 2682 cia)
1078 2645 1102 2673 ei
1114 2630 1301 2681 episcopatus
1312 2630 1399 2668 datus
1415 2639 1564 2682 est,quem
1579 2630 1840 2682 relinqlien'sl‘fau:

1080 2671 1245 2722 lavitum},
1251 2698 1265 2712 »
1272 2671 1672 2722 quemadmodumiaudatus
1680 2671 1842 2722 Ful‘cuinus

1012 2715 1396 2773 prb—didiu-InConi‘e‘ssionis
1403 2727 1482 2773 libro

1143 2777 1330 2813 episcopatus
1353 2772 1411 2800 sibi
1430 2761 1552 2798 collatos
1575 2764 1685 2813 innuit,

1011 2809 1210 2853 Veronensem
1231 2809 1259 2848 et
1280 2816 1500 2848 Leodicensem,
1516 2820 1532 2840 e
1547 2809 1657 2846 quibus
1679 2810 1752 2853 cum
1762 2809 1845 2853 aeque

1260 2864 1290 2891 in
1305 2861 1409 2891 eodem
1424 2858 1500 2904 libro
1508 2854 1632 2904 exarata
1643 2847 1846 2904 post.

1014 2880 1246 2904 ιυιεδειλμυιυυυ,
1261 2880 1290 2891 iu
1305 2880 1409 2891 συιιυμ.
1425 2880 1498 2887 ...ην
1515 2880 1559 2884 ,μή
1647 2880 1659 2888 ,
1703 2892 1705 2894 η
1741 2880 1750 2882 μ
1840 2890 1851 2901 ‘-

1014 2922 1082 2943 nem
1098 2911 1187 2941 etiam
1202 2909 1238 2937 dc
1256 2907 1325 2936 sede
1344 2901 1528 2934 Leodicensi,
1543 2901 1627 2925 num.
1643 2893 1671 2926 2,
1681 2891 1743 2919 hac
1756 2880 1814 2915 tibi
1827 2890 1845 2912 α
