3968 6424
305 475 381 546 81
1142 504 1151 513 ί
1275 478 1732 545 RATHERIUS
1776 477 2283 545 VERONENSISV
2317 474 2773 546 EPISCOPUS.

3669 466 3753 534 52

304 602 665 670 t’onfessario
694 610 852 669 dicta
880 613 1056 669 refert
1088 629 1101 668 :
1130 634 1160 665 α
1193 615 1273 671 Te
1305 615 1421 671 duo
1452 613 1749 687 episcopia
1775 614 1965 686 perdi-
1993 615 2048 685 Α
2075 614 2253 671 binde
2280 615 2716 676 accedentibus.
2740 630 2806 670 ac
2828 609 3152 685 praesertim
3175 591 3748 679 Mediolanensibus,

308 701 544 758 derunt.
570 722 599 752 ››
623 701 682 758 Si
713 703 862 758 duos
904 705 1137 758 tantum
1166 702 1539 775 episcopatus
1571 702 1789 771 amisit,
1824 703 1973 760 duos
2082 721 2183 761 rex
2215 705 2356 777 Ugo,
2382 721 2520 777 erga
2541 720 2716 777 quem
2751 702 2879 759 Itali
2914 700 3065 757 male
3092 702 3258 756 erant
3289 699 3501 764 affecti,
3531 698 3757 754 Medio-

306 791 543 846 tantum
569 795 925 863 susceperat.
950 790 1054 846 Hic
1077 791 1256 863 igitur
1279 793 1489 847 tertius
1515 791 1886 863 episcopatus
1912 793 1971 846 in
2084 794 2289 850 Ianum
2314 794 2477 849 misit
2498 793 2709 849 Filium
2738 791 3103 857 Lotharium,
3121 792 3326 861 petens
3352 805 3386 843 a
3406 786 3760 860 Berengario

311 879 634 948 Provincia,
668 879 782 952 ipsi
830 880 1009 948 datus,
1049 881 1107 935 id
1148 884 1258 947 est,
1291 880 1523 936 oblatus
1570 880 1809 953 quidem
1860 881 1974 936 dici

316 972 533 1043 potest,
565 967 814 1024 collatus
842 985 979 1023 vero
1005 984 1123 1023 non
1152 968 1317 1024 item.

390 1059 480 1113 31.
512 1059 715 1130 Itaque
746 1061 878 1131 post
926 1058 1267 1113 institutum
1313 1058 1777 1131 Roestangnum,
1814 1076 1980 1115 recu—

322 1150 449 1204 sato
472 1147 813 1220 episcopatu
843 1146 956 1219 ipsi
977 1146 1171 1202 oblato
1203 1146 1261 1202 in
1284 1147 1606 1215 Provincia,
1633 1148 1886 1204 Laubias
1910 1149 1980 1204 ad

324 1252 468 1293 suos
490 1235 811 1292 monachos
832 1236 1022 1291 rediit.
1037 1237 1291 1309 Tempus
1309 1253 1339 1291 a
1358 1236 1641 1293 Fulcuino
1668 1237 1980 1294 indicatur.

329 1346 360 1376 ι(
386 1323 755 1392 Rieharius,»
787 1324 1000 1397 inquit,
1028 1347 1049 1374 ι
1076 1329 1218 1380 tunc
1253 1325 1443 1380 adhuc
1472 1330 1794 1397 supererat,
1816 1343 1850 1381 a
1870 1344 1986 1399 quo

328 1412 723 1470 favorabiliter
752 1416 1040 1486 receptus,
1066 1412 1304 1469 Laubiis
1329 1418 1418 1469 est
1447 1414 1713 1471 habitare
1738 1415 1989 1488 permis-

329 1518 465 1571 sus;
489 1518 595 1559 nec
614 1501 800 1558 multo
821 1506 955 1574 post
973 1501 1280 1558 Richarius
1302 1503 1571 1569 decessit,
1592 1509 1906 1576 postquam
1930 1504 1990 1560 in

329 1592 672 1665 episcopatu
700 1591 910 1664 viginti
941 1591 1090 1647 duos
1129 1608 1314 1647 annos
1358 1593 1599 1664 peregit.
1630 1615 1658 1641 υ
1682 1592 1990 1649 Richarius

330 1679 704 1738 Leodicensis
718 1680 1157 1753 episcopus,qui
1177 1680 1353 1736 simul
1373 1685 1496 1736 erat
1512 1682 1696 1737 abbas
1711 1682 1995 1738 Laubien-

331 1769 436 1837 eis,
460 1773 765 1842 promotus
790 1770 981 1825 fuerat
1008 1786 1162 1825 anno
1186 1771 1312 1837 922,
1330 1775 1392 1825 ut
1422 1770 1678 1826 vidimus
1711 1788 1875 1827 num.
1907 1774 1995 1827 10.

333 1858 394 1915 Si
416 1862 614 1915 autem
627 1883 653 1909 «
675 1858 735 1914 in
758 1858 1099 1931 episcopatu
1115 1858 1320 1933 viginti
1344 1860 1490 1915 duos
1508 1877 1692 1916 annos
1716 1861 1999 1933 peregit,»

334 1963 367 2003 e
394 1946 539 2003 vivis
567 1946 837 2003 sublatus
863 1947 974 2002 fuit
994 1952 1242 2003 exeunte
1265 1965 1418 2003 anno
1446 1949 1573 2016 944,
1592 1949 1680 2004 vel
1704 1950 1899 2020 potius
1922 1950 2005 2004 in'

336 2038 516 2091 eunte
563 2051 717 2090 anno
762 2034 890 2103 945,
923 2051 1041 2106 quo
1073 2037 1202 2106 ejus
1233 2040 1481 2091 mortem
1533 2040 1590 2092 et
1621 2038 1860 2110 Ogonis,
1896 2056 1998 2093 seu

339 2123 605 2196 Hugonis
634 2124 765 2196 ejus
794 2124 1155 2179 successoris
1198 2123 1541 2179 electionem
1572 2126 1686 2181 duo
1717 2126 2003 2183 Chronica

339 2212 662 2269 Leodiense
700 2215 758 2268 et
798 2213 1085 2268 Lobiense
1134 2229 1269 2269 cum
1320 2214 1651 2269 Frodoardo
1702 2221 2000 2273 notarunt.

343 2302 656 2360 Ratherius
683 2301 865 2375 igitur
885 2318 920 2358 a
941 2300 1210 2357 Tichario
1227 2302 1499 2375 episcopo
1520 2303 1698 2359 simul
1720 2309 1777 2360 et
1796 2306 2005 2361 abbate

344 2389 522 2465 paulo
553 2394 685 2447 ante
709 2390 897 2463 ipsius
918 2394 1166 2447 mortem
1194 2390 1252 2445 in
1278 2391 1561 2449 Lobiense
1581 2395 2004 2451 monasterium

347 2483 617 2553 receptus
649 2496 803 2535 anno
851 2480 956 2534 944
987 2495 1018 2535 e
1045 2478 1345 2536 Provincia
1395 2481 1645 2538 Laubias
1694 2484 2002 2541 concessit.

347 2569 434 2627 Ibi
465 2574 660 2626 tamen
690 2568 988 2625 modicum
1020 2568 1372 2626 immoratus
1403 2575 1521 2640 est;
1546 2589 1682 2628 nam
1711 2589 1863 2628 anno
1901 2575 2009 2628 946

345 2658 742 2716 Veronensem
763 2658 1165 2731 episcopatum
1196 2665 1539 2731 recuperatu
1550 2678 1650 2717 rus
1677 2661 1903 2717 Italiam
1928 2680 2010 2719 re-

349 2747 553 2821 petiit;
584 2750 652 2801 ut
681 2764 751 2802 ex
779 2747 1164 2819 sequentibus
1195 2748 1434 2820 patebit.

355 2834 514 2909 [Lvu]
535 2833 704 2908 §VII.
721 2863 789 2873 —-
806 2833 1099 2921 Eadeerius
1125 2836 1267 2921 redit
1296 2838 1388 2921 in“
1399 2839 1622 2894 Italiam
1637 2840 2010 2921 .Ugo‘nemfe-

428 2906 555 2978 gem‘
593 2912 974 2961 conventum.
999 2906 1226 2977 Capitur
1267 2924 1302 2962 a
1347 2906 1768 2981 Berengario.A
1817 2910 2013 2966 Milone

428 2978 622 3033 comite
668 2977 730 3031 in
758 2978 1127 3047 episcopatum
1180 2980 1531 3034 Wronensem
1577 2990 1877 3036 revocatur.
1907 2984 2012 3047 Ugo

424 2993 622 3033 comae
668 2994 730 3031 ιη
758 2993 1127 3047 episcopatum
1183 2993 1531 3034 Veronensem
1577 2993 1877 3036 revocatur.
1907 2993 2010 3052 Ugo

426 3066 528 3104 rex
568 3048 808 3104 deseruit
834 3049 1053 3103 Italiam
1078 3065 1223 3105 anno
1252 3050 1377 3115 947,
1408 3068 1517 3106 non
1547 3068 1671 3108 vero
1700 3069 1845 3109 anno
1874 3053 2010 3120 946;

373 3172 381 3179 ,
424 3121 572 3175 diem
597 3122 782 3191 autem
807 3135 1125 3191 supremum
1151 3121 1289 3176 obiit
1318 3122 1376 3176 in
1407 3124 1701 3179 Prouincia
1728 3139 1839 3180 non
1868 3139 2014 3185 anno

426 3190 553 3260 947,
584 3190 678 3246 sed
706 3189 833 3247 948.

425 3281 515 3335 32.
551 3277 941 3353 Berengarius
994 3279 1289 3352 Eporediaa
1347 3282 1632 3351 marchio,
1684 3283 2014 3357 Berengarii

2086 887 2145 938 et
2175 884 2397 940 caeteris
2433 882 2609 938 Italim
2644 880 3018 955 primatibus,
3045 883 3111 934 ut
3160 878 3207 933 si
3260 884 3337 934 se‘
3369 877 3429 932 in
3464 876 3633 933 Italia
3664 894 3763 932 re-

2088 988 2269 1044 gnare
2296 971 2551 1044 amplius
2593 970 2837 1042 nollent,
2869 968 3059 1025 ﬁlium
3105 967 3314 1023 saltem
3348 983 3524 1023 suum
3557 965 3761 1021 adole-

2091 1061 2447 1129 scentulum,
2482 1061 2582 1132 qui
2613 1060 2693 1116 nil
2727 1061 2783 1114 in
2821 1076 2921 1115 eos
2952 1058 3300 1130 deliquerat,
3334 1060 3391 1112 et
3418 1072 3488 1111 ex
3517 1061 3653 1111 voto
3681 1056 3769 1127 ip-

2094 1167 2292 1206 sorum
2339 1149 2575 1205 educari
2622 1153 2868 1220 poterat,
2896 1164 3092 1220 regem
3142 1144 3765 1218 agnoscerent(Lvm).

2095 1239 2183 1295 Illi
2215 1240 2617 1295 misericordia
2645 1238 2937 1305 inclinati,
2967 1237 3166 1310 ipsum
3200 1234 3539 1290 Lotharium
3577 1234 3640 1289 in
3673 1250 3769 1289 ec-

2097 1328 2275 1384 clesia
2304 1333 2437 1383 ante
2470 1344 2703 1384 crucem
2737 1331 3097 1398 prostratum
3128 1327 3533 1390 erexerunt,et
3563 1338 3772 1395 regem

2099 1417 2557 1491 proclamarunt.
2593 1417 2655 1473 Id
2688 1415 3051 1489 afﬁgendum
3077 1430 3231 1470 anno
3256 1414 3364 1467 945
3394 1412 3776 1467 Frodoardus

2102 1523 2328 1562 coaevus
2371 1510 2571 1562 auctor
2619 1524 2724 1561 nos
2774 1505 3045 1560 dubitare
3078 1520 3196 1559 non
3243 1501 3413 1570 sinit;
3444 1500 3558 1557 hoc
3608 1501 3777 1556 enim

2105 1610 2259 1648 anno
2289 1593 2493 1648 scribit
2540 1593 2600 1648 in
2648 1592 2931 1647 Chronico
2966 1608 3015 1646 ;‹‹
3049 1591 3171 1663 Ugo
3213 1607 3311 1645 rex
3360 1589 3538 1645 Italiae
3590 1604 3781 1661 regno

2107 1680 2390 1753 depulsus
2412 1699 2445 1736 a
2467 1681 2609 1749 suis,
2635 1686 2691 1736 et
2713 1680 2870 1736 filius
2893 1680 3080 1753 ipsius
3102 1680 3161 1734 in
3185 1695 3431 1751 regnum
3455 1682 3784 1750 susceptus

2108 1774 2218 1826 est.
2245 1793 2273 1820 ››
2297 1770 2536 1827 Interim
2580 1774 2702 1843 Ugo
2752 1787 2869 1825 suae
2922 1769 3049 1824 vita:
3098 1766 3426 1840 periculum
3476 1771 3779 1833 metuens,

2113 1860 2291 1933 Papia
2321 1876 2454 1915 cum
2486 1876 2701 1933 magna
2730 1860 2855 1915 auri
2896 1864 2954 1914 et
2995 1859 3220 1931 argenti
3261 1858 3430 1930 copia
3457 1857 3781 1924 excedens,

2116 1949 2226 2005 iter
2254 1953 2592 2021 susceperat
2619 1949 2791 2021 Alpes
2818 1964 3023 2005 versus
3047 1947 3389 2003 deserturus
3418 1945 3671 2002 Italiam.
3711 1947 3783 2003 In

2109 2037 2315 2094 itinere
2346 2038 2590 2094 nuntius
2620 2037 2836 2103 retulit,
2865 2037 3041 2093 Italos
3074 2054 3190 2092 non
3221 2052 3513 2101 recusare,
3537 2035 3784 2107 quomi-

2112 2145 2224 2183 nus
2267 2128 2391 2198 ipse
2422 2143 2655 2199 quoque
2700 2126 2877 2183 Italia:
2926 2143 3026 2181 rex
3074 2129 3256 2192 esset;
3292 2125 3448 2180 unde
3494 2124 3785 2181 laudatus

2114 2216 2484 2272 Frodoardus
2515 2216 2690 2272 refert
2736 2218 2808 2271 ad
2859 2232 3079 2271 annum
3105 2216 3275 2270 946.«
3308 2214 3431 2286 Ugo
3461 2230 3563 2270 rex
3592 2213 3785 2269 Italiae

2114 2304 2303 2359 asuis
2359 2303 2419 2358 in
2478 2320 2724 2377 regnum
2783 2302 3079 2375 recipitur.
3107 2325 3135 2351 ››
3164 2302 3225 2358 Id
3259 2298 3593 2374 Berengarii
3649 2304 3787 2355 arte

2113 2393 2333 2449 factum
2366 2396 2571 2460 est,ne
2600 2392 2755 2448 ultra
2778 2396 3005 2448 montes
3035 2394 3121 2446 tot
3152 2390 3460 2446 thesauros
3490 2389 3787 2445 transfer-

2114 2486 2223 2548 ret,
2271 2482 2487 2554 quibus
2534 2481 3020 2555 Burgundionum
3070 2478 3441 2551 aliorumque
3470 2476 3785 2534 Gallorum

2116 2571 2369 2627 exercitu
2402 2574 2735 2642 comparato
2766 2569 3030 2625 Italicum
3059 2584 3307 2641 regnum
3338 2583 3617 2639 recuparc
3646 2582 3789 2638 pos-

2119 2664 2225 2717 set.
2249 2664 2393 2713 Uum
2424 2662 2785 2714 memoratus
2830 2657 3197 2713 Frodoardus
3237 2656 3294 2710 id
3328 2653 3592 2728 assignet
3619 2671 3786 2711 anno

2117 2750 2246 2815 946,
2278 2748 2677 2820 Liutprandus
2728 2752 2922 2803 autem
2972 2750 3284 2818 utramque
3329 2743 3435 2799 filii
3490 2743 3784 2816 primum,

2120 2842 2178 2893 et
2206 2837 2340 2891 dein
2372 2836 2557 2907 patris
2605 2835 2995 2907 receptionem
3040 2835 3123 2889 ita
3152 2832 3466 2903 describat,
3497 2836 3564 2890 ut
3592 2830 3790 2887 altera

2121 2926 2193 2982 ah
2226 2926 2404 2981 altera
2437 2943 2551 2981 non
2593 2925 2846 2980 multum
2887 2924 3166 2992 abfuerit;
3199 2922 3453 2996 priorem
3484 2919 3647 2976 illam
3682 2938 3786 2976 ac-

2122 3015 2335 3071 cidisse
2366 3014 2660 3070 credimus
2710 3015 2820 3070 sub
2867 3014 3045 3069 finem
3091 3013 3231 3068 anni
3276 3012 3404 3077 945,
3436 3010 3611 3066 istam
3642 3026 3790 3065 vero

2123 3103 2366 3159 alteram
2401 3104 2513 3158 sub
2537 3102 2771 3158 initium
2798 3102 2935 3157 anni
2956 3103 3083 3157 946.
3107 3102 3391 3157 Caeterum
3425 3098 3553 3155 Itali
3585 3098 3794 3171 reipsa

2124 3194 2352 3248 nudum
2383 3191 2537 3265 regis
2584 3190 2821 3247 titulum
2853 3191 3035 3263 Ugoni
3068 3194 3125 3246 et
3161 3189 3285 3245 filio
3328 3188 3459 3259 ejus
3509 3186 3794 3243 Lothario

2125 3280 2511 3353 reliquerunt,
2535 3280 2882 3352 Berengario
2908 3279 3089 3334 totius
3119 3277 3283 3351 regni
3315 3293 3552 3333 summa
3581 3292 3649 3331 ac
3684 3293 3793 3349 po-

350 3367 727 3440 imperatoris
764 3385 832 3424 ex
863 3366 1025 3425 Gisla
1081 3385 1283 3442 nepos,
1317 3371 1417 3441 qui
1478 3388 1631 3427 anno
1661 3372 1768 3428 930
1797 3372 2015 3446 Ugonis
2047 3358 2089 3426 C
2126 3374 2335 3427 testate
2364 3370 2578 3425 delata.

350 3457 603 3514 insidias
661 3457 1088 3525 declinaturus,
1147 3460 1300 3530 apud
1361 3460 1738 3516 Etimannum
1795 3463 2012 3518 Sueviaz

350 3546 561 3602 ducem
612 3546 972 3619 confugerat,
1027 3564 1180 3604 anno
1236 3549 1345 3603 945
1399 3566 1533 3604 cum
1593 3550 1702 3606 levi
1754 3550 2012 3607 militum

351 3635 587 3708 agmine
639 3652 744 3708 per
769 3636 1094 3693 Venusiam
1128 3636 1338 3693 vallem
1382 3637 1441 3693 in
1492 3638 1722 3695 Italiam
1776 3644 2014 3697 conten-

351 3724 521 3791 dens,
550 3727 744 3779 castra
790 3723 1075 3796 applicuit
1123 3727 1195 3781 ad
1241 3727 1633 3784 munitionem
1686 3729 2013 3785 Tridentini

353 3811 502 3884 agri,
517 3827 647 3883 qua:
666 3812 983 3867 vocabatur
1005 3814 1378 3871 Formicaria.
1404 3817 1705 3873 Manasses
1734 3818 2022 3891 archiepi-

355 3916 573 3973 scopus
601 3898 980 3967 Arelatensis,
1003 3905 1060 3957 et
1082 3901 1300 3974 Ugonis
1332 3904 1486 3975 regis
1518 3906 2013 3978 consanguineus,

355 3988 451 4063 eui
485 3988 642 4044 idem
673 4004 775 4044 rex
808 3992 927 4045 tres
976 3989 1068 4044 sui
1123 3990 1288 4061 regni
1337 3990 1623 4048 Ecclesiae
1673 3994 2015 4062 tradiderat,

357 4098 387 4126 «
411 4093 538 4145 seu,
562 4076 717 4149 quod
738 4076 934 4133 verius
955 4080 1064 4145 est,
1082 4100 1110 4127 »
1134 4077 1328 4149 inquit
1356 4079 1777 4152 Liutprandus,
1797 4104 1823 4130 ‹‹
1848 4080 1907 4137 in
1937 4100 2024 4138 es-

356 4181 488 4221 cam
518 4165 759 4221 dederat
788 4165 1078 4237 (LIUTPR.,
1112 4165 1152 4221 l.
1185 4184 1258 4234 IV,
1294 4184 1342 4222 c.
1368 4167 1445 4239 3),
1475 4190 1501 4217 ››
1530 4167 1811 4224 nimirum
1842 4170 2018 4227 Vero-

355 4269 621 4323 nensem,
648 4252 1053 4311 Tridentinam
1080 4259 1137 4311 et
1167 4255 1580 4325 Mantuanam;
1606 4274 1743 4313 cum
1776 4259 2020 4315 Triden-

352 4342 540 4399 tinam
571 4360 806 4416 quoque
851 4344 1179 4402 marchiam
1231 4345 1694 4416 administraret,
1720 4347 2022 4404 laudatam

353 4431 745 4490 munitionem
774 4433 1063 4491 Adelardo
1095 4433 1307 4491 clerico
1356 4454 1464 4491 suo
1513 4428 2027 4493 commendaverat

354 4519 486 4591 (1b.,
520 4519 561 4575 1.
585 4538 642 4586 v,
667 4537 718 4576 c.
739 4521 851 4591 12).
876 4522 1021 4578 Cum
1070 4523 1180 4580 hoc
1229 4523 1617 4599 Berengarius
1666 4525 2023 4583 collocutus’

346 4607 736 4678 jurejurando
766 4610 1102 4681 spopondit,
1132 4628 1195 4666 se
1222 4612 1479 4669 Manassi
1504 4614 1782 4670 daturum
1808 4603 2026 4672 Medio-

2195 3460 2283 3512 33.
2316 3458 2379 3513 In
2411 3457 2573 3513 hisce
2621 3473 2815 3513 rerum
2864 3455 3157 3530 angustiis
3194 3455 3318 3528 Ugo
3363 3453 3655 3527 pcenitens
3687 3470 3793 3510 eo-

2125 3564 2282 3614 rum,
2308 3563 2433 3618 quae
2481 3549 2683 3602 contra
2714 3544 3053 3601 Ratherium
3102 3546 3381 3617 gesserat,
3406 3546 3464 3597 et
3514 3542 3796 3597 fortassis

2126 3636 2301 3692 etiam
2335 3635 2642 3707 paenitens,
2668 3651 2730 3690 se
2751 3633 2810 3688 in
2835 3633 3095 3689 Ratherii
3119 3631 3458 3687 cathedram
3482 3628 3797 3686 suffecisse

2127 3724 2480 3791 Manassem,
2516 3724 2617 3795 qui
2658 3726 2778 3778 tam
2812 3726 3006 3794 aperte
3054 3721 3361 3787 defecerat,
3390 3720 3519 3790 ejus
3547 3717 3796 3774 videndi

2127 3818 2182 3869 et
2213 3812 2578 3881 restituendi,
2608 3812 2659 3867 si
2699 3815 2914 3883 posset,
2939 3808 3296 3865 desiderium
3338 3807 3560 3883 pluries
3588 3805 3796 3863 decla-

2129 3902 2277 3957 ravit
2301 3902 2476 3973 (epist.
2504 3903 2540 3956 5
2568 3901 2637 3955 ad
2659 3902 2764 3967 10.,
2799 3917 2856 3955 n.
2879 3900 2958 3971 5).
2985 3899 3044 3955 Id
3077 3902 3143 3953 ut
3180 3898 3405 3970 accepit
3445 3895 3791 3963 Ratherius,

2131 4006 2284 4045 anno
2333 3989 2555 4046 scilicet
2581 3991 2707 4056 946,
2734 4013 2761 4040 «
2791 3989 2941 4045 sedit
2989 3987 3207 4054 animo,
3236 4009 3263 4035 »
3292 3985 3484 4058 inquit
3523 3985 3697 4057 epist.
3732 3986 3792 4052 5,

2132 4102 2161 4129 «
2195 4078 2364 4133 illum
2394 4079 2574 4146 adire,
2598 4080 2843 4151 ejusque
2865 4077 3259 4134 calamitatem
3281 4074 3558 4130 omnibus
3579 4073 3796 4129 diebus

2134 4167 2412 4239 obsequio
2453 4167 2629 4223 solari
2665 4184 2677 4224 :
2711 4184 2847 4223 nam
2889 4183 2991 4221 nec
3032 4165 3313 4232 defuerat,
3331 4163 3433 4236 qui
3462 4161 3791 4229 intimaret,

2134 4272 2263 4312 sero
2293 4256 2449 4323 licet,
2475 4259 2539 4309 ut
2578 4256 2773 4322 timeo,
2811 4254 3085 4326 quodque
3126 4252 3281 4307 Deus
3313 4250 3385 4305 ab
3417 4247 3516 4304 illo
3567 4251 3796 4303 avertat

2135 4344 2387 4418 postulo,
2423 4345 2577 4418 quod
2639 4343 2922 4416 pcenitens
2977 4358 3128 4413 saepe
3185 4343 3465 4412 optasset,
3515 4341 3581 4392 ut
3625 4337 3798 4392 daret

2135 4436 2310 4500 Deus,
2343 4451 2458 4506 quo
2507 4434 2578 4489 ad
2629 4449 2764 4489 eum
2794 4432 3075 4491 venirem.
3107 4434 3166 4485 et
3195 4428 3245 4484 si
3276 4426 3514 4493 valeret,
3550 4426 3798 4482 restitu-

2134 4522 2354 4579 tionem
2388 4521 2532 4576 mihi
2564 4521 2931 4592 impetraret;
2973 4519 3066 4574 sin
3110 4517 3277 4586 alias,
3310 4517 3476 4571 daret
3527 4515 3795 4588 pecuniae

2132 4615 2469 4679 tantum,ut
2497 4608 2751 4681 amplius
2782 4625 2896 4664 non
2927 4623 3222 4681 egerem.»
3249 4604 3563 4661 Ratherius
3591 4603 3800 4676 itaque

356 4694 660 4750 lanensem
692 4694 1034 4765 Ecclesium,
1075 4699 1122 4753 si
1158 4716 1276 4755 sum
1308 4703 1457 4772 parti
1488 4720 1658 4774 opem
1690 4704 1882 4759 ferret.
1916 4705 2020 4761 Hic
2050 4727 2098 4791 D
2134 4701 2395 4772 Ugonem
2418 4702 2808 4755 conventurus
2832 4696 3068 4753 Laubiis
3089 4693 3376 4750 discessit.
3400 4696 3473 4747 At
3497 4691 3559 4747 in
3584 4692 3797 4748 itinere

358 4799 464 4858 spe
496 4782 839 4855 hujusmodi
886 4784 1138 4853 illectus,
1168 4805 1283 4843 non
1315 4790 1506 4845 solum
1556 4808 1685 4847 eam
1740 4793 2016 4849 munitio-

360 4889 497 4951 nem
539 4871 891 4945 Berengario
931 4874 1200 4942 tradidit;
1233 4893 1438 4933 verum
1470 4879 1646 4934 etiam
1688 4885 1871 4935 totam
1908 4882 2020 4937 Ita-

360 4960 509 5017 lium
544 4960 658 5032 ipsi
695 4960 1005 5018 conciliare
1028 4963 1272 5019 studuit.
1300 4965 1478 5021 Fama
1508 4966 1687 5039 hujus
1718 4968 1798 5023 rei
1849 4969 2022 5023 citius

361 5048 621 5121 vulgata,
643 5054 943 5121 cmperunt
968 5068 1101 5106 mox
1121 5051 1411 5120 nonnulli,
1428 5053 1626 5127 Ugone
1648 5055 1898 5123 deserto,
1924 5057 2027 5112 Be-

362 5136 635 5217 rengario
667 5136 985 5195 adhaerere.
1033 5136 1190 5196 Inter
1218 5140 1326 5197 hos
1358 5140 1516 5207 Milo,
1557 5160 1753 5198 comes
1782 5144 2022 5200 Veronae

363 5228 712 5298 praepotens,
738 5226 968 5299 primus
998 5227 1109 5282 fuit
1141 5244 1154 5282 :
1191 5229 1293 5300 qui
1322 5230 1463 5284 dum
1496 5230 1680 5302 Ugoni
1712 5240 2022 5304 suspectus

364 5314 605 5385 Papiam
627 5314 836 5370 fuisset
852 5322 1142 5384 evocatus,
1158 5317 1357 5389 ibique
1375 5320 1659 5390 appositis
1675 5321 1822 5376 clam
1839 5327 2029 5376 custo-

365 5402 989 5474 dibusohservaretur;
1004 5405 1288 5477 producta
1302 5422 1468 5462 coena
1483 5425 1668 5479 usque
1684 5410 1753 5464 ad
1771 5410 2022 5466 mediam

365 5491 1086 5565 noctem,custodihusque
1100 5493 1232 5551 vino
1249 5500 1306 5551 et
1319 5513 1525 5552 somno
1544 5500 1861 5571 consopitis
1889 5500 2026 5571 fuga

366 5595 430 5634 se
454 5578 757 5648 subduxit,
785 5584 841 5635 et
864 5598 978 5637 uno
1000 5587 1229 5637 tantum
1254 5585 1567 5642 comitante
1588 5587 1876 5644 Veronam
1900 5605 2025 5661 per-

364 5665 548 5733 venit,
572 5667 672 5723 ubi
716 5667 1134 5741 Berengarium
1175 5673 1376 5727 statim
1416 5673 1622 5730 accivit
1660 5680 1835 5748 atque
1866 5693 2020 5732 rece-

367 5756 474 5828 pit.
494 5753 638 5812 Aliis
670 5759 865 5812 autem
899 5762 1074 5831 atque
1095 5760 1226 5816 aliis
1245 5761 1315 5816 ad
1348 5761 1678 5836 Berengarii
1703 5771 1896 5839 partes
1922 5783 2019 5823 su-

2128 4788 2517 4861 Berengarius
2548 4788 2743 4859 ipsum
2768 4784 3228 4858 comprehendit.
3256 4784 3311 4839 Id
3340 4781 3634 4837 Manassis
3665 4785 3795 4837 stu-

2131 4879 2227 4935 dio
2265 4880 2482 4933 factum
2517 4880 2626 4946 est,
2653 4876 2869 4948 quippe
2906 4874 3007 4946 qui
3035 4873 3429 4929 Veronensem
3466 4869 3796 4927 Ecclesiam

2132 4968 2243 5024 sibi
2276 4967 2347 5023 ab
2379 4983 2445 5022 eo
2493 4965 2864 5020 adimendam
2900 4966 3207 5019 metueret.
3242 4961 3457 5017 Tribus
3505 4963 3565 5015 et
3608 4961 3797 5016 semis

2133 5056 2436 5112 mensibus
2468 5052 2782 5111 Ratherius
2835 5052 2948 5107 fuit
2996 5052 3106 5108 sub
3164 5049 3433 5107 custodia
3491 5052 3793 5117 retentus;

2131 5145 2266 5201 inde
2296 5150 2494 5200 autem
2521 5143 2797 5209 emissus,
2820 5140 3139 5197 Veronensi
3163 5139 3427 5196 Ecclesia:
3454 5138 3681 5193 reditus
3703 5143 3803 5193 est

2132 5234 2367 5290 Milonis
2420 5232 2652 5287 comitis
2700 5247 2894 5303 opera,
2925 5234 2991 5285 ut
3039 5229 3263 5286 scilicet
3314 5228 3651 5283 Manassem
3694 5243 3798 5281 ex-

2136 5322 2376 5395 pelleret
2399 5340 2411 5376 :
2436 5322 2568 5392 [ωε]
2598 5320 2845 5376 timebat
2871 5319 3050 5385 enim,
3076 5334 3148 5373 ne
3179 5318 3250 5383 is,
3273 5316 3375 5388 qui
3406 5313 3671 5387 potentia
3691 5330 3797 5371 va-

2134 5410 2288 5467 lebat
2320 5409 2665 5482 plurimum,
2695 5406 3033 5480 poenitentia
3081 5408 3315 5475 ductus,
3361 5422 3395 5461 a
3442 5404 3801 5476 Berengario

2133 5501 2429 5565 deficiens,
2455 5498 2928 5553 rt-conciliaretur
2957 5513 3091 5551 cum
3115 5496 3311 5568 Ugone
3333 5493 3627 5550 avunculo
3661 5509 3798 5562 suo,

2132 5588 2361 5659 sibique
2392 5588 2605 5643 iterum
2654 5586 2851 5641 rebelli
2893 5584 3134 5641 exitium
3183 5588 3430 5656 pareret.
3464 5582 3597 5637 Hac
3629 5587 3803 5654 gesta

2130 5693 2260 5733 esse
2289 5693 2442 5731 anno
2472 5675 2577 5730 946
2608 5675 2983 5747 perspicuum
3036 5675 3102 5729 ﬁt
3153 5689 3221 5729 ex
3266 5672 3643 5739 documento,
3677 5687 3800 5743 quo

2132 5764 2443 5823 Ratherius
2484 5765 2542 5819 in
2585 5764 2939 5820 Veronensis
2989 5763 3360 5835 episcopatus
3417 5759 3801 5833 possessione
