1984 3207
99 260 138 296 33
613 264 922 298 PROLEGOMENA.
940 282 981 291 ·-
994 267 1185 302 BATHERII
1207 271 1313 304 VITA.
1786 276 1825 308 54

98 331 250 369 praefertur
263 330 407 361 Januario
425 340 526 361 mense
543 332 614 362 anni
630 332 692 362 947.
703 333 762 362 Hoc
773 333 936 363 decumen-
950 334 979 371 Α
993 336 1107 367 Italiam
1123 338 1290 368 deseruisse
1301 339 1445 369 dicendus
1461 343 1514 370 est.
1525 340 1555 370 Id
1567 342 1682 370 tantum
1693 340 1823 372 innuunt

96 378 159 405 tum
174 385 269 414 nuper
284 377 439 414 vulgatum
453 387 470 405 a
484 378 655 407 marchione
671 379 706 407 de
721 378 869 415 Dionysiis
885 388 935 407 ca-

97 422 202 450 nonieo
216 424 325 450 nostra:
343 422 522 451 cathedralis
539 423 677 458 ecclesiae,
695 426 740 452 est
754 424 934 452 instrumen-

96 469 161 495 tum
177 467 321 504 originale
337 467 581 496 commutationis
611 471 709 496 actum
728 480 741 494 ‹‹
758 468 789 496 in
818 468 934 497 civitate

96 510 213 540 Verona
228 511 307 540 inter
320 512 465 541 domuum
481 512 654 541 Ratherium
669 513 865 541 venerabilem
876 514 934 550 epi-

98 564 222 592 scopum
252 558 360 584 sanctze
390 557 567 587 Veronensis
593 557 737 590 Ecclesia,
754 566 807 586 nec
830 566 889 586 non
905 560 934 586 et

98 600 176 628 inter
190 601 287 629 Leone
303 601 382 629 ﬁlius
398 602 547 637 quondam
563 602 749 630 Tbeudelavo
765 603 801 630 de
823 603 931 639 Arega-

96 651 152 684 sta,
161 649 232 677 »ειιὶ
244 650 343 687 etipsc
355 650 512 678 Ratherius
524 651 642 687 propria
650 660 739 679 manu
754 651 932 687 subscripsit

95 703 163 722 cum
191 694 305 723 caeteris
332 694 510 723 cathedralis
540 695 667 724 ecclesia
697 696 820 729 clericis,
841 707 855 721 ιι
885 704 929 724 re-

93 741 205 775 gnante
220 739 329 767 domno
345 742 444 767 nostro
459 740 542 776 Hugo
558 748 626 777 rege
640 740 687 768 hic
700 741 730 768 in
744 740 828 769 Italia
852 749 929 769 anno

90 783 232 812 vicesimo
248 784 354 820 primo,
373 786 402 812 et
416 785 525 812 domno
539 785 677 813 Lothario
694 785 754 813 lilio
769 786 834 821 ejus
863 794 929 821 rege

91 836 169 856 anno
186 828 385 857 sextodecimo
399 829 455 857 sub
470 829 516 857 die
533 829 568 857 de
597 838 699 858 mense
727 830 860 858 Januarii
884 830 927 858 in-

89 873 220 901 dictione
235 881 262 906 v,
277 884 291 898 ιι
308 876 379 901 sunt
392 873 578 902 characteres
609 874 679 902 anni
702 875 767 903 947.
783 875 814 903 Si
829 876 928 903 autem

88 917 233 946 Januario
248 926 350 946 mense
366 918 435 946 anni
448 919 502 946 947
514 918 673 946 Ratherius
688 919 809 954 paciﬁce
819 919 929 955 episco-

89 964 159 998 patu
177 961 346 996 fruebatur,
362 962 457 990 tribus
486 965 585 990 autem
601 965 631 990 et
655 963 745 991 semis
775 963 929 991 mensibus

90 1008 175 1035 antea
192 1006 330 1043 captivus
346 1007 442 1034 fuerat
454 1016 461 1041 ;
473 1006 626 1043 captivitas
641 1008 770 1044 profecto
780 1009 844 1043 ejus
854 1007 927 1035 inci-

91 1051 134 1079 dit
147 1051 179 1079 in
194 1059 313 1079 annum
328 1051 382 1079 946
396 1060 403 1085 ;
420 1053 448 1080 et
459 1051 640 1087 probabilius
664 1052 752 1080 etiam
782 1052 927 1081 restitutio

91 1095 228 1131 ejusdem
246 1096 276 1123 in
289 1096 491 1132 episcopatum
505 1098 572 1124 ante
587 1096 760 1124 Januarium
776 1097 846 1125 anni
874 1097 927 1124 947

90 1141 254 1168 astruenda
267 1140 394 1168 videtur.

121 1207 170 1235 34.
189 1206 231 1235 De
246 1215 324 1235 anno
339 1207 403 1243 946,
420 1207 467 1235 cui
492 1207 691 1244 captivitatem
708 1210 737 1236 et
764 1208 924 1236 restitutio-

87 1259 153 1280 nem
172 1251 307 1280 Ratherii
320 1251 351 1279 in
366 1260 454 1279 suum
468 1252 669 1288 episcopatum
695 1252 923 1289 assignavimus,

85 1303 174 1325 nemo
191 1296 333 1333 ambiget.
350 1296 476 1329 Quaestio
502 1296 599 1325 solum
629 1297 736 1325 moveri
764 1299 860 1333 potest
888 1298 923 1325 de

85 1339 157 1377 loco,
177 1340 211 1368 in
225 1349 284 1377 quo
299 1340 349 1369 ille
373 1350 390 1368 a
404 1341 578 1378 Berengario
595 1344 699 1378 captus
729 1342 785 1370 fuit
801 1351 808 1370 :
823 1351 922 1370 recen-

84 1385 140 1413 tior
166 1385 251 1413 enim
280 1386 458 1422 ceteroquin
488 1386 679 1414 doctissimus
705 1388 808 1415 auctor
840 1389 923 1414 ratus

84 1429 222 1466 Ugonem
252 1438 331 1458 anno
346 1430 399 1457 946
415 1431 581 1458 deseruisse
607 1431 727 1459 tandem
752 1431 877 1465 Italiam,
895 1433 923 1459 et

84 1474 112 1502 in
128 1474 319 1511 provinciam
336 1483 400 1504 sese
415 1475 568 1511 recepisse,
582 1475 632 1503 ubi
648 1484 819 1512 supremum
843 1476 921 1503 diem

84 1519 196 1547 clausit
226 1519 375 1555 (FLOBIUS,
404 1520 437 1548 de
460 1520 590 1556 privileg.
618 1520 725 1548 dissert.
758 1522 783 1554 2,
808 1521 920 1556 p.77):

84 1564 264 1593 Ratherium
280 1564 400 1592 Laubiis
416 1565 444 1592 in
463 1565 642 1601 provinciam
659 1566 714 1593 iter
743 1565 919 1601 suscepisse,

84 1615 115 1641 ut
130 1613 270 1650 ligonem
295 1613 474 1647 conveniret,
490 1616 518 1641 et
544 1613 598 1641 hoc
623 1614 652 1641 in
668 1614 772 1642 itinere
787 1622 921 1650 compre-

83 1657 212 1686 hensum
229 1657 436 1686 existimat.At
450 1667 528 1692 eum,
544 1659 615 1686 dum
632 1659 666 1686 ad
684 1658 813 1695 Ugoncm
826 1659 921 1687 adhuc

989 381 1112 412 alterius
1128 384 1328 414 adnotationis
1343 386 1431 414 verba
1442 397 1456 411 ‹‹
1472 389 1540 423 post
1554 387 1710 415 decessum
1726 388 1821 424 ipsius

989 427 1108 464 Ugonis,
1126 439 1140 453 ››
1157 429 1186 457 id
1203 432 1257 466 est,
1270 433 1426 467 postquam
1442 431 1503 468 Ugo
1519 440 1554 460 ex
1569 431 1654 460 Italia
1665 433 1792 462 decessit
1810 442 1816 460 :

988 479 1016 505 et
1046 478 1208 506 decessisse
1237 479 1356 515 quidem
1384 488 1483 508 mense
1499 480 1590 517 Aprili
1619 481 1689 509 anui
1702 482 1766 516 947,
1783 491 1818 510 ex

988 522 1134 551 chronicis
1150 523 1227 551 notis
1257 524 1366 552 ibidem
1391 525 1562 562 designatis,
1580 527 1768 562 agnoscitur;
1784 535 1816 555 ac

987 570 1140 603 propterea
1152 568 1219 604 jure
1230 568 1399 605 Sigebertus
1415 572 1443 597 et
1458 570 1606 598 annalists.
1621 571 1695 599 Saxo
1712 583 1726 596 «
1741 571 1815 608 Ugo-

987 620 1053 639 nem
1069 612 1228 646 Arelatum,
1241 613 1318 641 unde
1328 617 1455 648 venerat,
1466 615 1589 643 rediisse
1602 626 1615 640 ιι
1627 616 1729 644 eodem
1739 624 1816 644 anno

985 661 1125 689 referunt.
1142 662 1296 691 Enimvero
1312 663 1544 692 instrumentum
1575 665 1815 693 commutatiouis

984 706 1072 742 paulo
1086 708 1153 735 ante
1167 707 1320 736 laudatum
1335 717 1402 736 cum
1416 720 1430 734 ‹‹
1447 709 1578 745 Ugonem
1594 718 1692 746 regem
1708 709 1756 737 hic
1785 710 1814 737 in

984 751 1066 779 Italia
1077 763 1091 777 »
1105 752 1261 780 exhibebat
1277 761 1377 781 mense
1391 753 1532 782 Januario
1548 754 1618 782 anni
1628 755 1684 782 947
1696 763 1703 788 ;
1715 754 1814 790 ipsum

983 796 1038 823 hoc
1053 798 1185 832 tempore
1213 796 1310 825 adhuc
1333 797 1364 825 in
1393 797 1476 826 Italia
1502 799 1593 827 fuisse
1609 799 1812 826 demonstrat:

982 853 1079 881 neque
1107 845 1185 873 enim
1212 848 1278 882 post
1306 846 1462 875 dimissam
1490 847 1606 876 Italiam
1622 859 1636 873 ‹‹
1653 856 1703 875 rex
1717 847 1764 875 hic
1784 847 1813 875 in

983 889 1069 928 Italia
1079 900 1094 914 »
1106 889 1246 926 appellari
1258 891 1412 926 potuisset.
1430 892 1558 927 Opponit
1570 891 1747 920 Muratorius
1760 891 1812 920 Lo-

982 933 1071 961 tharii
1087 933 1218 970 diploma
1241 943 1294 970 pro
1320 935 1449 964 Ecclesia
1477 936 1614 972 Regiensi
1643 937 1745 965 datum
1766 945 1812 965 xw

982 979 1043 1006 Kal.
1059 980 1139 1007 Junii
1153 987 1225 1007 anno
1239 980 1391 1009 Dominicae
1408 981 1546 1008 Incarnat.
1563 981 1626 1015 946,
1643 989 1716 1010 anno
1730 982 1811 1010 Dom-

943 1024 967 1058 B
981 1025 1014 1052 ni
1041 1024 1169 1051 Lolhan‘i
1199 1026 1228 1051 l7
1256 1033 1307 1060 per
1332 1025 1428 1053 indict.
1441 1026 1456 1053 4
1472 1025 1595 1062 (Annal.,
1613 1034 1659 1054 an.
1689 1026 1763 1063 946),
1781 1027 1809 1054 in

981 1082 1039 1109 quo
1052 1081 1120 1100 cum
1137 1082 1194 1101 non
1212 1076 1390 1102 memoretur
1406 1082 1455 1102 rex
1468 1074 1539 1111 Ugo,
1556 1083 1624 1103 eum
1638 1077 1706 1103 ante
1730 1076 1809 1103 diem

981 1118 1015 1145 19
1031 1118 1098 1145 Maii
1115 1118 1183 1146 anni
1199 1118 1252 1146 946
1267 1127 1302 1146 ex
1318 1118 1401 1146 Italia
1412 1119 1477 1155 jam
1494 1119 1601 1148 exiisse
1616 1119 1737 1156 colligit.
1751 1120 1810 1148 Hoc

978 1170 1045 1190 vero
1075 1165 1283 1199 argumentum
1312 1163 1428 1191 minimi
1457 1164 1628 1192 habendum
1654 1167 1708 1198 est,
1737 1173 1806 1193 cum

980 1207 1122 1235 cbroniczc
1137 1210 1212 1235 notae
1229 1208 1293 1244 ejus
1317 1208 1489 1244 diplomatis‘
1517 1211 1651 1245 apertum
1681 1217 1808 1238 errorem

978 1252 1156 1279 contineant.
1168 1253 1271 1280 Annus
1283 1252 1362 1280 enim
1377 1253 1512 1282 decimus
1522 1254 1667 1289 septimus
1678 1254 1809 1282 Lotharii

978 1304 1030 1324 nec
1044 1305 1111 1324 cum
1128 1296 1288 1324 indictione
1298 1298 1313 1324 4
1325 1297 1493 1331 concordat,
1505 1305 1559 1325 nec
1573 1306 1642 1326 cum
1657 1306 1734 1326 anno
1744 1299 1806 1327 946.

978 1341 1050 1368 Cum
1068 1341 1224 1369 Lotharius
1240 1349 1364 1377 regnum
1380 1341 1561 1370 inchoaverit
1586 1344 1709 1370 exeunte
1732 1343 1808 1370 Maio

977 1390 1046 1417 anni
1062 1390 1111 1417 931
1133 1399 1139 1423 ;
1156 1399 1253 1418 annus
1267 1390 1400 1418 decimus
1415 1390 1561 1426 septimus
1576 1391 1658 1427 regni
1674 1392 1806 1427 ejusdem

977 1434 1097 1470 inempit
1108 1437 1231 1462 exeunte
1243 1435 1319 1462 Maio
1329 1435 1465 1469 anni947,
1474 1435 1561 1464 desiit
1571 1438 1669 1464 autem
1683 1439 1806 1465 exeunte

978 1479 1053 1506 Maio
1070 1479 1139 1507 anni
1164 1480 1228 1507 948.
1247 1479 1319 1507 Hinc
1347 1480 1371 1507 si
1398 1479 1529 1516 diploma
1557 1480 1721 1517 legitimum
1750 1483 1805 1514 est,

977 1524 1039 1551 dies
1056 1524 1089 1551 19
1104 1524 1172 1552 Maii
1187 1524 1256 1552 anni
1287 1524 1391 1552 decimi
1422 1525 1540 1560 septimi
1570 1525 1648 1562 regis
1677 1525 1804 1553 Lotharii

978 1568 1103 1604 pertinet
1118 1569 1153 1596 ad
1169 1577 1280 1596 annum
1296 1569 1361 1603 948,
1376 1578 1468 1605 eaque
1481 1570 1592 1598 notatio
1609 1570 1748 1598 chronica
1764 1570 1806 1599 sic

977 1618 1162 1645 emendanda
1177 1621 1221 1645 est
1236 1627 1284 1646 x1v
1299 1619 1358 1646 Kal.
1374 1619 1453 1647 Junii
1467 1627 1541 1647 anno
1550 1620 1699 1647 Dominicaa
1713 1621 1807 1648 Incer-

976 1663 1099 1690 natiom’s
1114 1662 1178 1696 948,
1194 1671 1267 1690 anno
1283 1663 1382 1691 Domni
1395 1663 1521 1691 Lotharii
1548 1664 1583 1691 17
1606 1672 1656 1700 per
1669 1664 1808 1699 indict.6;

84 1702 112 1730 in
128 1702 215 1731 Italia
232 1702 390 1739 degentem
404 1703 686 1739 proﬁcisceretur,in
703 1703 787 1731 Italia
803 1712 919 1740 quoque
936 1710 957 1743 ί]
977 1707 1230 1743 [Lxllquoquidcm
1247 1707 1466 1744 tcmporcsolus
1481 1708 1638 1737 Lotharius
1649 1717 1700 1737 rex
1713 1710 1808 1737 nomi-

60 1768 62 1771 ,
83 1747 174 1776 fuisse
189 1749 317 1784 captum
333 1755 351 1775 a
376 1747 562 1784 Bercngario,
578 1748 623 1776 vel
639 1757 673 1776 ex
696 1757 729 1776 eo
745 1751 859 1776 certum
876 1749 917 1782 lit,

83 1792 151 1828 quia
166 1791 370 1828 Berengarius
386 1792 416 1819 in
432 1791 495 1820 sola
509 1792 593 1820 Italia
607 1795 750 1829 potestate
766 1793 846 1830 regia
857 1796 918 1821 ute-

81 1836 178 1865 batur.
195 1836 320 1865 Accedit
335 1845 402 1864 vero
418 1839 447 1865 et
460 1836 544 1871 illud,
556 1838 633 1874 quod
651 1837 712 1874 Ugo
724 1846 758 1865 cx
768 1837 851 1865 Italia
862 1846 919 1865 non

82 1881 152 1910 abiit
166 1881 229 1911 nisi
247 1889 325 1910 anno
339 1882 404 1916 947,
418 1884 575 1918 postquam
592 1882 749 1911 Ratherius
774 1891 832 1910 suis
858 1882 921 1910 sedi

81 1927 243 1955 restitutus
257 1925 363 1954 fuerat'
382 1928 414 1954 In
428 1926 508 1954 brevi
525 1927 666 1955 Chronico
691 1935 794 1963 regum
820 1926 919 1960 Italiae,

82 1971 158 2007 quod
174 1970 274 1999 edidit
289 1970 479 2006 Muratorius,
496 1971 561 1999 duae
577 1972 743 2000 natationes
770 1971 919 2008 leguntur,

83 2028 143 2056 qua
153 2020 184 2049 id
197 2019 389 2056 exploratum
402 2019 510 2048 facient
522 2020 565 2056 (T.
579 2020 615 2049 IV
628 2022 688 2048 [ζον.
705 2021 780 2055 Ital,
796 2029 826 2057 p.
844 2021 918 2057 149).

82 2064 144 2093 Una
157 2065 196 2094 de
212 2067 319 2102 Ugone
334 2073 417 2102 rege:
434 2077 447 2090 τι
465 2065 607 2102 Regnavit
621 2074 714 2093 annos
729 2066 760 2093 21
779 2065 918 2102 expletos,

82 2110 109 2137 et
133 2117 260 2139 menses
287 2109 316 2144 9,
344 2111 375 2138 et
400 2110 463 2138 dies
490 2110 517 2137 3.
536 2121 550 2134 ››
566 2110 666 2138 Altera
694 2111 729 2138 de
758 2110 917 2139 Lothario:

81 2165 94 2179 «
110 2154 178 2183 Post
192 2155 356 2184 decessum
369 2154 464 2191 ipsius
480 2154 595 2191 Ughoni
611 2155 744 2192 regnavit
759 2155 822 2191 ipse
843 2156 918 2183 Lau-

81 2198 194 2228 tharius
225 2207 324 2227 annos
343 2199 360 2226 3
376 2198 517 2235 expletos,
533 2201 563 2227 et
577 2207 694 2227 menses
709 2200 736 2233 7,
755 2201 783 2227 et
813 2200 875 2228 dies
890 2202 918 2227 2.

82 2242 207 2272 Obitavit
217 2243 281 2281 [ως]
290 2243 338 2272 die
346 2243 479 2278 Veneris,
490 2244 540 2280 qui
549 2245 595 2271 est
606 2244 720 2272 decimo
731 2244 793 2272 Kal.
802 2245 920 2273 Decem-

81 2287 139 2317 bris
149 2288 224 2318 anni
239 2288 308 2316 950.
324 2299 339 2314 η
357 2288 455 2316 Verba
468 2288 558 2325 hujus
570 2289 706 2316 secundm
722 2289 919 2317 adnotationis

81 2343 95 2357 κ
104 2335 171 2369 post
181 2333 346 2372 decessum
359 2344 373 2357 »
384 2333 565 2361 Muratorius
575 2333 611 2361 de
620 2333 730 2370 Ugonis
742 2336 834 2362 morte
843 2334 918 2362 acci-

81 2381 172 2418 piens,
188 2381 378 2419 compntatis
390 2382 488 2417 annis,
502 2382 611 2419 quibus
627 2384 693 2419 post
703 2390 771 2410 eum
787 2383 919 2420 regnavit

82 2426 250 2463 [other-ius,
280 2426 362 2455 illius
392 2429 517 2455 mortem
545 2427 637 2455 affixit
664 2427 722 2454 diei
751 2428 785 2455 24
811 2428 919 2464 Aprilis

82 2471 147 2501 mni
159 2471 218 2501 949
231 2471 352 2507 (Annal.
367 2471 404 2500 ad
421 2479 468 2499 an.
485 2471 561 2506 947).
578 2471 686 2500 Verum
703 2472 783 2509 prior
798 2473 919 2501 adnota-

83 2515 119 2544 tio
134 2516 431 2546 animadversionem
447 2516 512 2552 ejus
527 2517 718 2554 cﬁ‘ugit.Cum
730 2517 808 2545 enim
817 2517 919 2545 eodem

82 2559 243 2590 Muratorio
260 2561 408 2598 probante
419 2561 480 2598 Ugo
496 2569 618 2598 regnare
633 2561 754 2598 cceperit
769 2561 846 2589 circa
865 2561 919 2590 Ju-

82 2606 161 2634 nium
191 2605 268 2635 anni
295 2606 565 2642 926geomputatis
581 2606 679 2640 annis,
706 2606 869 2640 mensibus,
887 2615 919 2635 ac

83 2649 182 2680 diebus
195 2647 230 2679 in
246 2659 286 2679 ea
304 2650 496 2679 adnotatione
512 2651 660 2685 indicatis,
678 2659 758 2679 mors
786 2652 918 2687 ejusdem

83 2697 180 2729 incidit
193 2699 228 2730 in
241 2699 444 2729 Februarium
459 2699 503 2729 vel
520 2700 660 2729 Martium
676 2700 745 2728 anni
757 2700 820 2736 948,
831 2710 918 2737 quem

83 2745 279 2774 unortualem
306 2744 430 2782 quidem
460 2744 569 2782 Ugonis
597 2754 708 2774 annum
739 2745 918 2782 Sigebertus,

84 2790 141 2818 tum
155 2789 313 2819 annalists
326 2789 404 2819 Saxo
419 2789 455 2817 ab
467 2789 595 2818 Eccardo
616 2790 715 2818 editus
731 2791 918 2819 conﬁrmant.

85 2832 150 2864 Cum
174 2843 268 2874 porro
291 2834 380 2873 idem
400 2834 462 2871 Ugo
491 2835 522 2863 in
551 2835 730 2872 provinciam
760 2837 918 2872 profectus.

89 2889 98 2903 ι
112 2879 193 2910 Brevi
209 2880 255 2910 sit
266 2879 350 2910 vim
366 2879 512 2908 universal
527 2881 625 2909 carnis
644 2880 807 2918 ingressus,
826 2893 840 2907 »
857 2882 922 2910 Liut

88 2926 192 2959 prande
221 2926 305 2955 tests
331 2924 395 2962 (lib.
414 2933 434 2958 I,
449 2933 475 2953 c.
499 2925 562 2960 t4);
579 2934 656 2954 anno
686 2927 860 2962 precedenti
886 2929 921 2956 94

14 3157 131 3207 ι-η,

976 1754 1072 1784 natur,
1090 1752 1159 1786 quia
1174 1753 1244 1779 tunc
1259 1751 1359 1787 Ugone
1371 1752 1488 1787 jamdiu
1505 1753 1572 1779 ante
1587 1760 1622 1780 ex
1639 1752 1723 1780 Italia
1737 1755 1806 1789 pro-

976 1796 1061 1828 fecto,
1077 1795 1138 1823 ima
1152 1795 1241 1823 etiam
1259 1798 1385 1828 mortuo,
1399 1796 1480 1823 solus
1494 1796 1525 1823 in
1541 1795 1624 1823 Italia
1643 1796 1723 1833 regio
1749 1806 1805 1825 no-

976 1845 1055 1873 mine
1070 1845 1231 1872 fruebatur.
1242 1845 1310 1878 Qua)
1325 1844 1491 1872 emendatio
1508 1845 1700 1873 conﬁrmatur
1714 1846 1802 1875 etiam

976 1890 1033 1918 alio
1041 1890 1215 1917 documento
1222 1889 1368 1926 originali,
1378 1889 1491 1926 quodin
1500 1890 1616 1919 archivo
1622 1891 1800 1921 Veronensis

977 1934 1147 1962 monasterii
1161 1936 1267 1962 sanctis
1283 1934 1380 1962 Maria).
1392 1935 1420 1962 in
1433 1935 1558 1968 Organis
1573 1936 1803 1971 custoditur,ubi

976 1980 1019 2007 hac
1044 1979 1186 2007 chronicze
1219 1981 1291 2007 notae
1308 1979 1447 2015 leguntur
1463 1989 1469 2008 :
1487 1992 1501 2005 ‹‹
1518 1981 1669 2017 Reguante
1695 1981 1804 2010 domno

976 2026 1075 2052 nostro
1093 2024 1229 2051 Lothario
1246 2032 1311 2060 rege
1327 2024 1374 2052 hic
1390 2024 1419 2052 in
1437 2024 1519 2053 Italia
1535 2033 1612 2053 anno
1641 2025 1723 2063 regni
1740 2026 1806 2062 ejus

975 2073 1102 2110 septimo
1118 2073 1232 2101 decimo
1262 2073 1317 2101 sub
1334 2073 1379 2101 die
1395 2074 1431 2101 de
1447 2082 1548 2102 mense
1575 2074 1726 2103 Februarii
1758 2075 1808 2103 Iu—

976 2118 1102 2146 dictione
1129 2120 1220 2146 sexta.
1252 2129 1266 2143 »
1294 2117 1394 2153 Neque
1423 2126 1492 2145 vero
1509 2118 1671 2150 sententia:
1702 2122 1808 2148 nostra:

975 2164 1146 2191 adversatur
1161 2162 1293 2198 diploma
1308 2161 1441 2197 ejusdem
1470 2161 1599 2189 Lolharii
1615 2170 1634 2190 a
1647 2162 1808 2192 Muratorio

975 2207 1126 2244 vulgatum
1137 2209 1217 2234 temo
1232 2206 1257 2232 V
1272 2205 1488 2241 Antiquitatum
1502 2205 1591 2233 Italiae
1778 2207 1808 2236 in

975 2261 1033 2288 quo
1049 2251 1142 2279 solius
1158 2250 1285 2278 Lotharii
1303 2250 1379 2286 regis
1395 2249 1428 2277 tit
1452 2250 1562 2278 mentio
1589 2250 1636 2279 his
1660 2250 1807 2280 chronicis

975 2297 1053 2325 notis
1060 2295 1242 2332 subsignatis
1251 2303 1257 2322 ι
1267 2306 1280 2319 ‹‹
1290 2294 1538 2327 Quatuordebimo
1550 2295 1746 2324 Kalendarum
1754 2297 1805 2325 Fe-

975 2340 1158 2369 bruariarum
1172 2348 1248 2367 anno
1260 2339 1417 2367 Dominiczc
1429 2339 1640 2369 incarnationis
1647 2341 1711 2375 947,
1728 2350 1804 2370 anno

935 2396 958 2428 ο
972 2398 1040 2418 vero
1047 2389 1260 2426 Lothariiregis
1272 2389 1315 2422 17,
1324 2389 1482 2417 indictione
1494 2389 1520 2418 6.
1535 2401 1548 2414 ››
1561 2389 1804 2420 Januariuscnim

976 2435 1216 2470 mensisjunclus
1232 2443 1299 2461 cum
1313 2442 1389 2462 anno
1404 2434 1532 2463 Lotharii
1547 2435 1590 2469 17,
1606 2437 1636 2463 et
1663 2444 1731 2464 cum
1760 2436 1805 2464 in-

976 2479 1103 2508 dictione
1118 2480 1144 2513 6,
1160 2478 1294 2507 convenit
1310 2487 1387 2507 animo
1412 2488 1473 2507 ιρι-ω
1502 2479 1633 2516 vulgaris
1657 2479 1710 2508 948
1728 2488 1734 2515 ;
1752 2488 1806 2508 nec

976 2523 1111 2560 componi
1125 2526 1220 2560 potest
1236 2532 1302 2551 cum
1320 2532 1397 2551 anno
1412 2524 1476 2558 947,
1492 2523 1549 2552 nisi
1565 2523 1620 2552 hoc
1645 2524 1806 2561 diplomate

976 2577 1072 2597 annus
1084 2568 1241 2597 Dominiczc
1254 2567 1466 2597 Incarnationis
1477 2570 1665 2605 computatus
1671 2569 1808 2598 credatur

976 2622 1057 2641 more
1073 2612 1240 2641 Florentino
1256 2621 1290 2640 ac
1305 2613 1426 2647 Veneto,
1439 2612 1480 2640 ita
1492 2615 1526 2641 ut
1537 2612 1658 2649 incipiat
1671 2622 1689 2641 a
1704 2613 1808 2642 Kalen-

975 2658 1021 2686 dis
1042 2657 1136 2685 Martii
1152 2665 1228 2693 :qua
1245 2658 1357 2685 ratione
1373 2657 1533 2686 Januarius
1548 2657 1617 2685 anni
1629 2657 1683 2685 947
1698 2657 1807 2686 coinci-

975 2707 1018 2735 dit
1033 2715 1100 2734 cum
1114 2706 1257 2735 Januario
1278 2705 1446 2734 communis
1461 2715 1524 2734 certe
1537 2706 1601 2734 948.
1618 2706 1678 2734 Hoc
1706 2707 1806 2734 autem

976 2754 1106 2788 tempore
1121 2751 1203 2779 solus
1220 2750 1377 2779 Lotharius
1393 2759 1442 2779 rex
1456 2753 1528 2787 erat,
1544 2750 1628 2779 Italia
1641 2751 1677 2779 ab
1706 2749 1806 2786 Ugoue

975 2795 1075 2824 relicta
1091 2803 1192 2823 mense
1202 2794 1292 2831 Aprili
1301 2795 1442 2822 anni947.
1450 2794 1700 2828 Omnibusitaque
1715 2793 1804 2820 docu-

977 2840 1097 2874 mentis,
1113 2838 1158 2867 vel
1174 2839 1348 2872 emendatis,
1365 2838 1410 2867 vel
1426 2837 1590 2867 conciliatis
1604 2839 1682 2864 stare
1708 2835 1804 2863 debet.

977 2885 1107 2922 Ugouem
1121 2885 1182 2911 toto
1189 2891 1266 2911 anno
1275 2883 1340 2918 946,
1347 2884 1376 2911 et
1388 2891 1484 2919 usque
1494 2880 1532 2909 ad
1541 2879 1671 2916 Aprilem
1678 2877 1807 2922 anni94_7

979 2917 1149 2958 stibstitisse
1165 2926 1195 2955 in
1211 2926 1304 2962 Italia,
1321 2926 1421 2962 ibique
1434 2917 1609 2955 Itatherium
1636 2927 1714 2949 anno
1741 2917 1806 2950 946»
