3968 6404
318 515 400 580 55

1284 517 1739 583 RATHERIUS
1785 516 2284 582 VERONENSIS
2324 514 2780 583 EPISCOPUS.

3663 514 3747 581 56

320 652 467 710 dum
494 651 568 709 ad
600 631 861 726 Ugonem
884 649 946 708 in
968 650 1454 726 Italiadegentem
1481 652 1965 728 proficisceretur,
1995 652 2053 721 Α
2078 652 2349 725 colligere
2378 652 2550 725 cmpit
2568 653 2805 709 eosdem
2819 651 3041 708 abusus
3057 650 3408 719 coercentes,
3425 666 3575 724 quos
3588 658 3745 725 post-

321 741 720 815 aBerengario
752 744 989 815 captum
1010 742 1213 811 fuisse,
1238 742 1450 799 Milone
1481 747 1679 800 autem
1694 743 1972 815 agentein

322 847 494 888 suam
526 831 726 887 sedem
756 832 1116 888 restitutum.

324 921 483 993 [LXII]
522 918 730 993 §VIII.
770 952 839 962 --
880 922 1017 993 Quot
1056 937 1332 977 aerumnas
1360 920 1652 977 Ratherius
1669 918 1787 993 post
1818 924 1975 977 resti-

392 992 660 1065 tutionem
708 1009 867 1049 suam
920 992 1100 1049 sedem
1154 994 1448 1065 pertularit
1504 1011 1538 1048 a
1592 992 1827 1061 clericis,
1876 995 1974 1049 Mi-

394 1064 743 1136 lonecomite
769 1065 903 1135 ipsis
926 1066 1330 1136 patrocinante.
1363 1065 1643 1136 Synodum
1671 1080 1848 1135 agere,
1881 1082 1973 1120 ca-

390 1135 571 1207 pitulo
609 1135 941 1192 clericorurn
988 1138 1264 1201 interesse,
1288 1145 1339 1191 et
1367 1135 1583 1192 ordines
1639 1138 1974 1192 ecclesiasti-

392 1222 480 1261 cos
508 1222 671 1280 agere
703 1207 835 1280 quid
889 1208 1187 1280 signiﬁcet.
1218 1210 1491 1263 Manasses
1540 1209 1976 1279 archiepiscopus

396 1278 742 1351 Arelatensis
765 1278 1054 1351 quemdam
1079 1295 1191 1334 suae
1218 1280 1460 1335 diwcesis
1487 1278 1797 1351 episcopum
1826 1278 1972 1335 ordi-

394 1356 494 1405 nat
512 1351 574 1405 in
602 1350 828 1406 titulum
863 1352 1175 1407 Veronensis
1206 1352 1481 1407 Ecclesiae.
1514 1350 1639 1405 Post
1666 1350 1975 1407 ’bicnnium

396 1420 685 1494 Ratherius
711 1438 740 1478 ε
773 1423 1069 1494 Veronensi
1096 1421 1219 1478 sede
1249 1424 1455 1477 iterum
1506 1423 1718 1494 pulsus,
1752 1430 1813 1478 ut
1858 1425 1975 1479 Ma-

394 1492 553 1548 nassi
575 1493 753 1548 locum
782 1493 1011 1549 cederet.

392 1573 481 1627 35.
516 1571 829 1628 Ratherius
857 1573 1147 1629 Veronam
1177 1573 1972 1646 restitutus,biennioepisco-

320 1664 524 1733 patum
554 1661 743 1716 tenuit
771 1662 953 1734 (epist.
984 1662 1041 1728 5,
1064 1662 1141 1717 ad
1160 1664 1264 1728 10.,
1294 1679 1352 1716 n.
1383 1664 1463 1733 6),
1497 1662 1554 1718 id
1579 1667 1668 1718 est
1717 1665 1789 1718 ab
1821 1680 1974 1719 anno

319 1748 447 1818 946,
480 1749 573 1805 cui
598 1749 1031 1806 restitutionem
1061 1751 1191 1822 ejus
1220 1751 1709 1822 adjudicavimus,
1745 1751 1816 1806 ad
1875 1768 1976 1807 an-

322 1852 465 1894 num
495 1853 684 1910 usque
712 1839 845 1896 948.
872 1838 1012 1895 Tria
1060 1856 1295 1912 quoque
1337 1844 1568 1896 vetusta
1620 1841 1974 1897 documenta

322 1926 504 1999 hujus
533 1926 817 1999 temporis
844 1924 1025 1984 ﬁdem
1056 1927 1296 1984 faciunt.
1321 1927 1582 1984 Primum
1606 1934 1694 1985 est
1718 1928 1865 1986 illud
1892 1931 1975 1985 in-

324 2018 725 2072 stramentum
738 2015 1002 2072 Januarii
1027 2017 1251 2072 mensis
1283 2017 1421 2072 anni
1447 2019 1572 2073 947.
1590 2019 1743 2090 quod
1761 2036 1977 2075 memo-
2002 2030 2053 2097 Β

324 2103 586 2160 ravimus
614 2112 781 2160 n‘nm.
813 2105 906 2161 33.
929 2104 1184 2161 Alterum
1216 2105 1355 2161 anni
1380 2106 1644 2177 ejusdem
1670 2110 1728 2162 et
1756 2108 1977 2163 mensis

324 2191 485 2250 Junii
518 2192 667 2249 vidit
693 2191 1019 2249 Alexander
1047 2193 1340 2250 Canobius
1383 2193 1444 2250 in
1496 2194 1728 2251 archivo
1760 2196 1819 2252 S.
1853 2198 1976 2253 Ste-

324 2280 527 2354 phani,
551 2281 798 2355 ejusque
827 2282 1185 2339 mentionem
1200 2282 1341 2339 facit
1369 2282 1428 2338 in
1442 2300 1612 2355 opere
1632 2282 1830 2341 ltalico
1862 2303 1974 2342 ms.

328 2371 485 2443 apud
516 2370 803 2427 Joannem
835 2370 1201 2444 Baptismam
1231 2372 1637 2428 Biancolinum
1664 2373 1974 2447 inscripto:

322 2458 532 2515 Annali
558 2459 617 2515 di
651 2462 855 2517 Verona
884 2459 986 2515 lib.
1016 2476 1095 2527 v1,
1121 2460 1214 2516 his
1251 2460 1480 2517 verbis:
1508 2466 1578 2518 In
1631 2471 1814 2535 questo
1868 2481 1977 2521 me-

321 2547 527 2605 desimo
554 2548 863 2621 anno(947)
881 2547 1146 2609 Racheaio
1173 2565 1388 2607 vescovo
1416 2551 1509 2606 nel
1539 2552 1748 2607 mesedi
1766 2552 1977 2624 Giugno

317 2639 433 2709 [eos
458 2653 574 2693 una
590 2640 1008 2710 permutazione
1035 2654 1137 2695 con
1168 2637 1505 2696 Garimberto
1549 2640 1777 2697 diacono
1831 2643 1976 2699 delia

324 2726 518 2783 Chiesa
544 2727 871 2793 cathedrale,
904 2728 950 2783 il
970 2728 1134 2801 quale
1160 2728 1221 2784 di
1247 2737 1433 2800 questo
1463 2738 1640 2801 tempo
1689 2748 1785 2788 era
1838 2749 1974 2789 anco

321 2814 541 2871 custode
567 2819 621 2870 et
650 2820 821 2871 rettor
871 2816 1019 2871 della
1063 2817 1248 2873 chiesa
1293 2818 1354 2872 di
1381 2818 1437 2873 S.
1467 2820 1707 2889 Sic/ano,
1740 2822 1797 2876 al
1844 2824 1976 2893 qual

323 2904 369 2959 il
401 2918 616 2960 vescova
645 2904 801 2961 diede
830 2904 935 2960 due
961 2906 1235 2976 scpollure
1261 2908 1497 2974 antiche,
1531 2909 1580 2963 le
1607 2910 1764 2981 quali
1808 2927 1975 2967 erano

324 2994 386 3048 in
416 3010 496 3049 an
522 2994 798 3049 cimiterio
823 2995 1004 3050 antica
1034 3011 1285 3066 appresso
1318 2997 1359 3051 il
1388 3012 1546 3068 carpo
1586 2997 1645 3052 di
1698 3000 1753 3055 S.
1789 3000 1976 3057 Mauro

322 3097 539 3140 vescovo
596 3082 656 3137 di
702 3084 910 3139 Verona
938 3103 957 3150 ;
986 3091 1038 3138 et
1068 3083 1406 3140 Garimberto
1447 3085 1602 3142 diede
1651 3088 1709 3143 al
1764 3105 1975 3147 vescovo

324 3188 441 3227 una
463 3182 634 3244 perm
662 3171 723 3229 di
748 3176 899 3228 terra
924 3174 1078 3244 fuori
1104 3173 1251 3229 della
1274 3177 1435 3245 porta
1462 3175 1521 3230 di
1550 3175 1605 3231 S.
1639 3176 1864 3250 Stefano
1916 3181 1972 3234 in

325 3261 660 3318 Fontanelle.
694 3263 767 3318 L0
795 3263 1148 3319 instromento
1176 3277 1205 3318 θ
1248 3266 1565 3322 sottosciitto
1621 3266 1717 3321 dul
1738 3284 1972 3337 vescovo,

326 3359 378 3407 et
405 3350 477 3407 da
508 3350 845 3409 Garimberto
872 3351 1066 3411 veduto
1093 3352 1238 3411 nelle
1265 3353 1521 3410 scritture
1551 3355 1611 3410 di
1664 3356 1720 3410 S.
1756 3356 1974 3429 Ste/ano

324 3441 422 3513 (De
440 3440 648 3497 duobus
673 3443 961 3513 episcopis,
986 3457 1044 3513 p.
1082 3442 1229 3513 115).
1264 3443 1524 3499 Tertium
1557 3445 1974 3504 documentum

320 3529 544 3587 editum
568 3530 962 3587 amarchione
993 3534 1050 3587 et
1079 3532 1358 3587 canonico
1408 3533 1479 3588 de
1536 3532 1827 3607 Dionysiis
1886 3542 1974 3592 est

319 3618 579 3675 Ratherii
636 3619 1018 3676 commutatio
1076 3637 1214 3677 cum
1276 3621 1588 3679 Ursenario
1643 3629 1770 3681 acta
1818 3648 1845 3675 ‹‹
1880 3643 1968 3682 re-

316 3711 533 3779 gnante
563 3706 780 3764 domno
804 3707 1078 3766 Lothario
1104 3725 1241 3782 rege
1270 3710 1364 3765 hic
1390 3711 1450 3766 in
1483 3712 1648 3770 Italia
1685 3730 1839 3771 anno
1872 3733 1968 3772 se-

314 3794 500 3867 ptimo
530 3795 779 3855 decimo.
861 3838 874 3851 .
954 3839 970 3853 .
1050 3838 1064 3852 .
1145 3838 1160 3853 .
1238 3798 1554 3856 indictione
1612 3807 1792 3859 sexta.
1847 3807 1962 3861 An-

312 3899 428 3939 nus
442 3881 700 3939 Lotharii
715 3884 868 3957 regis
880 3884 1145 3941 decimus
1158 3886 1448 3963 septimus
1471 3888 1708 3961 inccnpit
1720 3898 1964 3949 exeunte

310 3971 462 4029 Maio
492 3971 631 4028 anni
662 3972 789 4042 947,
822 3976 879 4030 et
908 3973 1085 4030 desiit
1113 3977 1247 4028 ante
1274 3973 1451 4030 ﬁnem
1482 3977 1615 4031 Maii
1665 3980 1803 4034 anni
1832 3980 1956 4036 948.

308 4059 456 4117 Cum
479 4078 650 4134 porro
678 4060 919 4119 indictio
951 4066 1111 4119 sexta
1140 4063 1379 4135 cceperit
1409 4079 1441 4120 a
1470 4066 1788 4137 Septembri
1819 4070 1957 4125 anni

304 4148 433 4218 947,
467 4149 578 4206 hoc
608 4150 1048 4220 documentum,
1074 4151 1134 4206 in
1166 4168 1281 4224 quo
1315 4153 1537 4208 mensis
1568 4153 1954 4225 desideratur,

303 4238 589 4312 scriptum
614 4240 725 4297 fuit
749 4240 903 4297 inter
916 4241 1322 4314 Septembrem
1349 4242 1486 4298 anni
1508 4242 1706 4311 947,et
1736 4245 1954 4304 Maium

297 4327 436 4384 anni
467 4328 573 4384 948
603 4334 736 4387 ante
768 4330 944 4388 finem
976 4332 1160 4402 (epist.
1194 4332 1249 4400 5,
1282 4330 1352 4386 ad
1371 4333 1474 4397 .10.,
1511 4348 1569 4387 n.
1603 4333 1676 4403 6).
1712 4337 1833 4389 Hoc
1849 4353 1953 4391 au-

294 4421 412 4474 tem
439 4418 807 4492 episcepatus
837 4419 1074 4477 biennio
1103 4419 1186 4476 ita
1216 4420 1419 4476 multis
1450 4421 1640 4494 iisque
1670 4424 1951 4496 gravissi-

294 4506 410 4562 mis
442 4507 833 4565 incommodis
873 4510 1183 4567 Ratherius
1212 4511 1392 4585 [LXIII]
1436 4511 1687 4569 afﬂictus
1718 4514 1848 4583 fuit,
1883 4519 1949 4571 ut

292 4608 427 4649 eum
458 4594 695 4651 taederet
721 4597 851 4651 vita:
882 4613 1021 4663 suae,
1055 4598 1445 4671 levioremque
1491 4601 1728 4658 duceret
1785 4590 1945 4661 cala-

291 4680 582 4747 mitatem,
613 4699 792 4754 quam
815 4683 874 4738 in
897 4684 1165 4757 Papiensi
1196 4703 1424 4742 carcere
1451 4687 1940 4759 pertulerat.Milo

2086 758 2156 799 ea
2186 743 2246 797 in
2276 742 2495 798 librum
2528 742 2777 799 inseruit
2804 741 3157 814 insosiptum
3194 764 3222 792 ‹‹
3255 741 3337 797 De
3393 744 3739 814 contemptu

2084 847 2376 887 canonum
2412 832 2582 904 (part.
2619 849 2657 898 I,
2694 849 2754 887 n.
2787 830 2841 898 l,
2873 835 2993 886 not.
3026 830 3106 902 6).
3142 852 3171 880 ››
3205 829 3404 903 Magni
3433 830 3544 886 hac
3575 830 3649 887 de
3681 846 3745 886 re

2086 925 2291 976 contra
2342 922 2684 993 episcopum
2735 936 2769 976 a
2824 919 3054 976 clericis
3107 918 3336 975 excitati
3374 918 3741 989 tumultus;

2086 1009 2275 1082 iisque
2290 1012 2507 1083 patroci
2518 1015 2690 1065 nante
2704 1009 3164 1076 Milonecomite,
3178 1010 3490 1081 episcopus
3502 1024 3745 1065 omnem

2084 1116 2253 1154 suam
2275 1116 2509 1172 operam
2544 1099 3199 1172 inutilem,omnemque
3228 1097 3441 1171 agendi
3473 1098 3745 1153 additum

2085 1188 2194 1243 sibi
2229 1187 2617 1244 interclusum
2648 1192 2920 1262 expertus
2952 1192 3059 1243 est.
3094 1189 3204 1243 Eas
3236 1186 3517 1242 nimirum
3548 1185 3608 1241 in
3642 1203 3746 1243 an-

2084 1277 2309 1350 gustias
2341 1278 2632 1333 adductus
2662 1278 2871 1345 fuit,ut
2885 1277 3029 1333 nihil
3045 1277 3155 1350 ipsi
3171 1276 3746 1349 relinquereturejus

2084 1368 2552 1439 potestatis,qua3
2584 1366 3013 1439 jurisdictionis
3050 1371 3312 1433 vocatur,
3327 1382 3394 1422 ea
3415 1364 3541 1422 sola
3579 1370 3747 1438 pote-

2083 1460 2232 1511 state
2265 1456 2570 1528 permissa,
2604 1473 2733 1528 qua)
2763 1457 2986 1512 ordinis
3016 1456 3321 1512 dicitur.ld
3352 1454 3609 1511 innuunt
3641 1453 3750 1510 illa

2083 1545 2285 1617 prima:
2318 1546 2501 1617 partis
2529 1545 2605 1601 De
2637 1551 2974 1618 contemptu
3005 1561 3320 1613 canonum,
3344 1561 3487 1600 num
3512 1544 3564 1599 1.
3590 1566 3619 1594 ‹‹
3645 1544 3749 1600 In-

2084 1638 2360 1705 surgente
2391 1638 2595 1690 contra
2624 1650 2716 1689 me
2746 1634 2886 1689 olim
2917 1633 3226 1689 rebellium
3257 1632 3607 1689 clericorum
3639 1649 3749 1689 ve-

2082 1723 2269 1791 sania,
2303 1740 2408 1780 nec
2440 1722 2662 1796 aliquid
2698 1723 2855 1779 illius
2896 1723 3065 1791 mihi,
3099 1739 3279 1796 super
3335 1739 3452 1795 quo
3504 1722 3750 1779 cuidam

2083 1813 2305 1869 dictum
2336 1814 2676 1869 est:uPasce
2707 1830 2841 1869 oves
2871 1829 3101 1881 meas,»
3134 1812 3380 1869 officii...
3403 1811 3751 1883 relinquen-

2082 1907 2161 1969 te,
2195 1907 2403 1975 prazter
2430 1902 2769 1958 chrismatis
2800 1902 3244 1969 confectionem,
3278 1905 3334 1956 et
3374 1899 3751 1958 chrismandi

2084 1990 2374 2063 quidlibet
2404 1996 2773 2064 potestatem,
2810 2014 2837 2041 »
2870 1996 3003 2059 etc.,
3038 2008 3167 2063 qua:
3198 1989 3423 2047 ordinis
3479 1994 3750 2065 potestas

2088 2086 2195 2136 est.
2228 2080 2555 2136 Audiantur
2586 2098 2711 2153 quae
2742 2080 2850 2136 hac
2878 2081 2951 2136 de
2977 2097 3038 2136 re
3066 2080 3243 2136 latius
3273 2084 3478 2152 postea
3505 2079 3754 2150 scripsit

2089 2170 2158 2226 ad
2192 2186 2493 2226 summum
2527 2171 2861 2242 pontiﬁcem
2891 2170 3210 2243 epist.5,n.
3238 2173 3293 2226 6.
3329 2191 3356 2218 »
3391 2168 3554 2234 Quod
3576 2184 3749 2225 mar-

2087 2259 2304 2332 tyrium
2338 2259 2607 2315 versutiis
2637 2257 3572 2331 ejusdemMilonisperbiennium
3606 2274 3751 2330 per-

2088 2348 2348 2417 tulerim,
2383 2352 2645 2420 satagam
2680 2348 2727 2404 si
2760 2348 2992 2415 referre,
3024 2346 3332 2403 historiam
3366 2346 3446 2420 (id
3472 2351 3563 2403 est
3579 2347 3752 2403 fabu-

2088 2437 2226 2509 lam)
2260 2437 2495 2510 putetis.
2528 2439 2835 2493 Summam
2867 2436 3277 2492 tantummodo
3300 2440 3366 2491 ut
3393 2435 3751 2492 brevissime

2087 2527 2820 2600 comprehendam,omnes
2851 2523 3115 2591 clericos,
3148 2523 3388 2591 milites,
3423 2523 3663 2580 colonos
3687 2528 3751 2580 et

2085 2616 2339 2672 famulos
2369 2617 2496 2688 ipso
2527 2621 2729 2672 contra
2758 2632 2851 2671 me
2873 2615 3425 2688 patrocinante,non
3449 2614 3749 2687 synodum

2086 2722 2277 2779 agere,
2311 2723 2428 2761 non
2460 2704 2714 2779 capitulo
2745 2704 3091 2760 clericorum
3118 2704 3423 2771 interesse,
3457 2719 3572 2758 non
3624 2702 3747 2757 ali-

2086 2794 2251 2866 quid,
2266 2794 2421 2867 quod
2436 2793 2867 2849 emendandum
2883 2792 3351 2859 esset,audebam
3369 2790 3750 2849 solummodo

2087 2900 2564 2950 commemorare,
2600 2887 2854 2938 statuere
2912 2880 3219 2953 quidlibet,
3252 2879 3338 2935 vel
3399 2880 3747 2936 destituere.

2085 2973 2387 3044 Nusquam
2420 2970 2663 3043 aliquid,
2698 2971 2854 3043 quod
2885 2970 3033 3027 scire
3050 2967 3417 3042 vellet,loqui
3452 2974 3749 3042 poteram,

2086 3063 2242 3133 quod
2275 3078 2390 3117 non
2424 3059 2699 3117 continuo
2730 3060 2923 3116 sciret.
2947 3061 3324 3115 Sacramento
3341 3058 3496 3115 enim
3520 3058 3593 3114 ab
3620 3074 3753 3115 om-

2087 3150 2261 3205 nibus
2294 3150 3008 3217 id,credo,extorserat;et
3038 3164 3171 3203 cum
3203 3164 3407 3203 omnes
3437 3146 3749 3203 suicoram

2085 3239 2184 3294 illo
2217 3239 2363 3294 mihi
2390 3239 2782 3306 detraherent,
2807 3238 2903 3293 ille
2934 3236 3096 3293 solus
3120 3241 3321 3292 contra
3350 3250 3553 3291 omnes
3568 3236 3750 3308 quasi

2087 3346 2188 3401 pro
2222 3346 2314 3384 me
2346 3328 2611 3395 faciebat,
2644 3331 2707 3382 ut
2738 3326 2957 3383 scilicet
2980 3326 3291 3400 provocati,
3327 3323 3615 3398 ampliora
3637 3326 3747 3382 de-

2004 3396 2047 3465 C
2087 3396 2343 3492 rogando
2378 3418 2551 3489 [LxIv]
2583 3418 2882 3473 referrent.
2904 3396 3171 3488 ldipsum
3199 3415 3397 3484 etiam,
3422 3396 3579 3487 quod
3606 3413 3746 3487 ipso

2083 3508 2408 3581 imperante
2439 3508 2684 3581 agebam
2710 3508 2919 3579 (neque
2948 3505 3103 3561 enim
3127 3504 3415 3560 contraire
3446 3504 3575 3575 ejus
3592 3521 3746 3577 pras-

2081 3596 2263 3668 eeptis
2297 3593 2883 3665 audcbam)vertcbat
2912 3592 2970 3648 in
3002 3591 3618 3665 culpam,clericorum
3632 3608 3745 3648 oc-

2078 3684 2230 3740 culte
2262 3688 2497 3740 strucns
2528 3687 2730 3739 contra
2759 3699 2851 3738 me
2880 3681 3259 3749 calumniam,
3294 3679 3439 3736 mibi
3472 3696 3607 3736 vero
3660 3681 3741 3738 de

2074 3774 2158 3829 eis
2189 3773 2535 3845 promittens
2567 3771 2764 3828 dolose
2790 3772 2934 3828 satis
2954 3770 3294 3827 vindictam.
3313 3769 3432 3825 Hoc
3445 3768 3589 3825 adeo
3602 3785 3743 3842 pro-

2073 3861 2267 3930 cessit,
2302 3866 2367 3917 ut
2395 3862 2653 3933 quadam
2684 3860 2796 3927 die,
2827 3861 2970 3917 dum
3003 3859 3240 3917 ordines
3300 3858 3736 3916 ecclesiasticos

2071 3967 2325 4023 agerem,
2359 3950 2805 4005 archidiaconus
2837 3966 2970 4005 cum
3001 3948 3159 4004 omni
3187 3947 3339 4003 clero
3377 3948 3597 4015 exiens,
3631 3964 3735 4006 me

2070 4039 2259 4095 solum
2295 4040 2353 4095 in
2385 4039 2630 4094 ecclesia
2659 4039 3033 4111 relinqueret,
3054 4042 3109 4093 et
3129 4035 3370 4093 alteram
3395 4032 3735 4094 sibicontra

2068 4142 2161 4184 me
2190 4128 2529 4184 vindicaret.
2563 4150 2590 4180 ››
2624 4129 2693 4183 Et
2722 4132 2854 4201 post
2884 4126 3169 4183 nonnulla
3199 4142 3212 4180 :
3249 4149 3277 4175 ‹‹
3311 4125 3534 4181 Horum
3587 4141 3727 4183 vero

2065 4219 2331 4275 omnium
2364 4235 2498 4273 cum
2532 4218 2795 4273 incentor
2826 4215 2963 4272 Milo
2994 4218 3148 4271 esset
3178 4218 3235 4271 et
3255 4218 3477 4282 auctor,
3493 4214 3606 4269 mei
3640 4219 3727 4270 ta-

2064 4324 2198 4363 men
2230 4312 2288 4363 et
2318 4307 2520 4373 videri,
2555 4312 2611 4361 et
2639 4305 2753 4361 dici
2787 4304 3082 4361 ambiebat
3110 4304 3425 4361 advocatus
3448 4307 3507 4359 et
3536 4308 3719 4359 tutor.

2062 4397 2263 4468 Itaque
2294 4396 2653 4451 calidissimo
2694 4394 3011 4466 affligebat,
3053 4398 3117 4448 ut
3167 4390 3509 4448 rarissimus
3562 4399 3722 4449 esset

2059 4486 2117 4541 in
2152 4484 2465 4559 rcgno,qni
2493 4501 2607 4539 non
2640 4481 3571 4549 aestimaret,amicissimumeum
3587 4497 3721 4539 esse

2058 4575 2202 4630 mihi
2232 4573 2628 4647 omnino.Ego
2643 4589 2775 4628 vero
2810 4570 3381 4627 misereramdiebus
3410 4569 3716 4626 noctibus-

2056 4679 2169 4735 que
2199 4662 2281 4718 ita
2330 4663 2650 4730 confectus,
2684 4666 2741 4717 et
2772 4660 3000 4716 anxius.
3035 4664 3100 4715 ut
3132 4659 3370 4715 taederet
3426 4674 3521 4714 me
3577 4659 3715 4716 vitae

288 4786 484 4828 comes
501 4747 712 4829 horum
736 4747 1028 4829 malorum
1061 4772 1329 4830 incentor
1350 4780 1407 4830 et
1435 4747 1937 4839 auctorfuit.
1972 4769 2022 4834 D
2054 4756 2290 4818 me‘e'et
2321 4750 2558 4806 manem
2588 4752 2645 4806 in
2679 4750 3063 4816 Walberti’m
3084 4747 3711 4839 9"?"dam‘“¥"‘°“la:

287 4860 447 4916 enim
480 4876 617 4917 eum
646 4861 1039 4918 revocandum
1067 4867 1334 4919 curasset
1364 4880 1433 4919 ea
1460 4868 1691 4923 tantum
1721 4875 1935 4939 mente,

284 4952 351 5004 ut
396 4947 726 5005 Manassem
758 4949 1108 5005 Veronensis
1167 4951 1324 5006 sedis
1379 4952 1726 5021 invasorem,
1760 4974 1935 5028 quem

281 5035 601 5107 metuebat,
616 5037 966 5105 excluderet;
1001 5038 1112 5095 etsi
1144 5038 1419 5095 omnibus
1450 5043 1704 5097 externis
1727 5046 1935 5103 officiis

279 5122 623 5182 Ratherium
654 5142 1038 5199 prosequens,
1056 5128 1187 5199 ejus
1206 5128 1500 5184 videretur
1512 5130 1930 5201 amicissimus;

276 5229 341 5268 re
370 5216 567 5270 tamen
599 5214 730 5287 ipsa
759 5214 1031 5271 hostilem
1054 5216 1113 5271 in
1136 5216 1408 5272 eumdem
1424 5218 1684 5275 animum
1701 5238 1927 5294 gerens,

274 5300 619 5358 clericorum
652 5303 842 5376 ipsius
871 5302 1249 5360 rebellionem
1285 5306 1511 5361 fovebat
1531 5312 1708 5380 atque
1739 5316 1929 5381 patro-

274 5390 604 5447 cinabatur.

341 5469 431 5523 36.
460 5468 784 5543 Episcopus
808 5488 1070 5528 scrorum
1107 5490 1397 5529 canonum
1433 5481 1483 5529 et
1515 5476 1921 5535 ecclesiasticae

270 5557 591 5631 disciplinae
620 5560 1095 5620 studiosissimus
1126 5562 1482 5634 multiplices
1510 5564 1689 5638 hujus
1734 5570 1920 5626 aetatis

266 5646 627 5720 corruptelas
650 5649 943 5706 eradicare
974 5652 1395 5724 peroptabat.A
1426 5654 1652 5711 clericis
1685 5656 1915 5714 initium

265 5734 516 5805 duxit,in
530 5738 748 5809 quibus
763 5740 958 5812 magni
977 5741 1200 5796 abusus
1215 5744 1915 5817 grassabantur,quorum

262 5821 403 5881 alibi
434 5825 647 5885 redibit
677 5828 916 5886 mentio.
949 5829 1065 5887 Hac
1095 5829 1397 5889 occasione
1429 5849 1624 5892 sacros
1661 5851 1913 5897 canones

2051 4857 2230 4913 quam
2288 4839 2488 4896 sedere
2520 4840 2579 4895 in
2634 4839 2951 4895 Veronensi
2993 4838 3288 4903 cathedra,
3321 4836 3547 4893 esurire
3594 4840 3714 4894 sub

2047 4930 2460 5002 Ugone,quam
2493 4928 2715 5002 epulari
2747 4945 2882 4984 cum
2914 4927 3191 4983 Milone.»
3206 4922 3711 4985 Nonnullainhoo

2045 5018 2267 5090 prolixo
2298 5017 2655 5075 testimomio
2682 5016 3252 5073 animadversionem
3286 5019 3608 5071 merentur.

2112 5125 2202 5181 37.
2234 5124 2394 5191 Quod
2426 5124 2508 5180 ait
2537 5147 2564 5173 «
2596 5141 2711 5180 non
2740 5124 3027 5195 synodum
3062 5138 3256 5195 agere,
3289 5138 3403 5178 non
3438 5121 3702 5195 capitulo

2042 5213 2384 5269 clericorum
2418 5214 2699 5270 interesse
2730 5213 3038 5281 audebam,
3059 5211 3257 5268 ndeiis
3279 5209 3705 5283 synodisetca-

2038 5302 2241 5375 pitulis
2265 5303 2669 5374 accipiendum
2703 5306 2810 5369 est,
2835 5319 2962 5375 quae
2996 5302 3056 5357 in
3085 5300 3521 5357 visitationibus
3569 5299 3700 5375 ple-

2035 5392 2198 5447 bium
2228 5391 2542 5448 dicnceseos
2566 5392 2950 5448 habebantur.
2968 5392 3031 5447 In
3061 5391 3154 5446 bis
3172 5389 3328 5446 enim
3347 5412 3373 5440 ‹‹
3397 5390 3697 5462 synodum

2032 5482 2121 5552 agi
2141 5502 2169 5533 ι
2184 5482 2213 5534 ι]
2227 5482 2471 5545 icehant,
2489 5496 2620 5536 eum
2654 5481 2964 5552 cpiscopus
2996 5484 3369 5535 convocatam
3384 5477 3615 5552 plebem
3632 5481 3695 5538 in

2029 5572 2359 5626 visitatione
2390 5570 2881 5642 alloquebatur,et
2902 5570 3189 5642 quosdam
3204 5568 3489 5624 exeadem
3519 5567 3695 5639 plebe

2028 5660 2349 5731 praecipuos
2380 5665 2746 5715 sacramento
2779 5658 3090 5715 obstrictos
3110 5658 3181 5713 de
3206 5658 3277 5713 iis
3309 5657 3686 5714 rebusinter-

2026 5749 2287 5821 rogabat,
2325 5765 2450 5819 quze
2481 5748 2541 5805 in
2574 5749 2906 5805 visitatione
2937 5747 3090 5805 circa
3120 5750 3339 5804 statum
3370 5746 3685 5820 parochia~

2025 5852 2236 5894 norum
2254 5838 2604 5909 inquirenda
2624 5837 2945 5895 erant.Haec
2980 5832 3332 5909 significatio
3364 5836 3685 5895 manifeste
