1984 3228
135 255 172 287 5‘7
647 255 957 300 PROLEGOMENA.
972 272 1012 278 —
1027 255 1219 287 RATHERII
1241 255 1346 287 VITA.
1821 254 1861 287 58

137 321 285 359 colligitur
299 330 334 350 ex
348 330 462 351 canone
477 321 593 351 concilii
619 322 866 360 Rothomagsnsis
892 323 969 360 apud
984 323 1013 359 Α
1026 331 1116 360 quam
1133 335 1147 349 κ
1164 323 1286 357 milites,
1302 322 1420 351 colonos
1432 324 1460 351 et
1474 321 1613 356 famulos,
1633 334 1646 347 ››
1660 321 1685 350 id
1703 321 1858 358 estlaicos,

138 366 318 404 Reginonem
331 366 385 395 lib.
402 375 433 402 ιι,
452 375 476 395 c.
497 367 522 401 1,
535 369 564 395 et
579 367 657 404 apud
668 367 874 395 Burchardum
883 366 973 402 lih.‘1,

139 421 163 441 c.
178 412 225 446 90,
242 411 293 440 ubi
307 411 426 449 legitur:
440 423 454 437 «
470 413 542 440 Cum
550 412 708 448 episcopus
722 421 807 440 suam
824 412 974 441 dioecesim

138 456 254 491 circuit,
271 455 497 485 archidiaconus
507 455 552 484 vel
567 456 649 484 archi
660 457 812 494 presbyter
826 466 893 486 eum
904 467 976 494 prae-

138 502 181 530 ire
197 500 284 530 debet
294 510 353 530 uno
364 503 415 529 aut
426 501 542 530 duobus
552 500 655 529 diebus
669 501 974 539 per;parochiss,quas

137 545 311 575 visitaturus
327 548 381 579 est,
398 547 428 574 et
436 546 520 583 plebe
534 549 691 575 convocata
702 548 878 576 annuntiare
888 548 975 575 debet

139 590 253 628 proprii
266 591 394 627 pastoris
405 591 607 624 adventum,et
622 593 654 619 ut
670 600 783 625 omnes,
795 593 922 628 exceptis
934 593 975 620 in—

137 635 250 669 ﬁrmis,
262 635 299 664 ad
318 636 382 672 ejus
399 644 537 664 SYNODUM
552 636 598 664 die
613 635 804 664 denominata
815 637 975 674 imprznter-

142 681 237 709 misse
253 682 419 709 occurrant.
435 691 449 706 ››
466 680 537 708 Dein
564 683 782 709 sacramentum
808 681 973 717 subjicitur,

142 725 222 762 quod
239 725 412 762 «episcopus
423 725 451 753 in
463 733 575 753 smono
586 725 718 753 residens
731 728 798 762 post
813 734 975 762 congruam

140 770 351 799 allocutionem
368 778 401 798 ne
413 770 624 798 maturioribus
636 771 663 798 et
675 769 894 799 bonestioribus
904 771 975 799 viris

137 814 285 852 exigebat,
297 823 331 842 ac
343 815 462 842 tandem
474 814 716 850 interrogationes
727 815 975 852 subduntur,qu:e

138 859 215 896 ipsis
230 861 316 888 erant
331 859 538 896 proponendm.
557 859 588 887 ld
602 859 757 887 confirmat
771 860 860 888 etiam
876 861 978 888 Gerar—

139 905 196 932 dus
212 902 243 932 in
259 904 319 932 vita
332 903 493 932 S.Udalrici
505 903 635 940 episcopi
650 905 881 941 Augustani,qui
891 904 978 933 ambo

141 948 281 978 Ratherio
298 949 386 977 coawi
402 948 589 977 exstiterunt.
606 948 647 976 De
666 949 885 977 visitationibus
900 949 979 977 enim

139 994 284 1023 dimcesos
300 1001 391 1030 agens
406 992 472 1029 cap.
488 993 515 1026 6,
534 1003 547 1017 «
562 992 720 1021 concilium
737 1005 751 1018 ››
769 1002 875 1022 vocans
901 994 978 1031 quod
993 1014 1017 1047 Β

138 1038 169 1067 in
183 1038 363 1076 praecedenti
374 1037 542 1065 testimonio
562 1038 707 1074 «synodus
724 1049 738 1063 »
753 1038 977 1075 appellatur,his

138 1082 235 1114 verbis
251 1082 349 1110 utitur
361 1081 533 1116 (MABILLON.
545 1082 602 1110 Act.
614 1082 662 1110 SS.
674 1083 741 1111 0rd.
758 1081 865 1111 Bened.
880 1086 901 1111 t.
914 1084 974 1111 VII.

140 1136 171 1165 p.
186 1127 263 1163 L28):
282 1138 297 1152 ‹‹
312 1127 354 1154 Ad
371 1126 435 1154 loca
450 1128 548 1154 autem
573 1126 624 1154 illa
638 1135 706 1154 cum
735 1127 810 1164 luxv]
827 1128 975 1164 pervenis-

140 1174 195 1206 set,
211 1171 263 1201 ubi
279 1171 405 1200 concilia
420 1172 661 1200 suadenuntiata
669 1171 785 1200 fuerant
824 1193 831 1200 .

141 1218 173 1246 in
187 1223 320 1246 (ξοπιωο
335 1216 494 1245 considens
510 1216 651 1253 populum
663 1218 729 1245 ante
742 1225 774 1245 se
788 1217 884 1245 vocari
897 1217 974 1251 fecit,

140 1261 408 1300 prudentioresque
432 1263 461 1288 et
484 1261 644 1290 veraciores
660 1264 844 1290 sacramento
855 1262 976 1290 interro-

141 1315 212 1344 gare
226 1305 374 1344 pracepit,
389 1317 402 1330 ››
418 1308 474 1333 etc.
491 1306 525 1333 Et
542 1308 650 1342 postea:
669 1317 683 1331 «
700 1306 851 1343 Completo
875 1315 975 1334 conm-

139 1360 187 1380 Lio
203 1351 241 1380 ad
255 1350 479 1379 mansiuneulas
491 1350 587 1379 rediit.
608 1362 620 1375 υ
632 1351 674 1379 Ad
687 1351 763 1379 hanc
779 1351 925 1388 synodum
935 1352 976 1379 vi—

141 1395 316 1425 sitationum
327 1395 480 1424 occasione
493 1395 668 1423 celebratam
678 1396 831 1424 referenda
839 1398 908 1424 sunt
919 1397 975 1424 Ra-

141 1440 230 1469 tberii
257 1439 347 1468 verba
374 1440 405 1468 in
422 1440 574 1468 ltinerario
591 1442 712 1469 num.5:
744 1452 758 1465 «
776 1441 867 1473 Quem
897 1440 975 1469 enim

142 1484 288 1514 laicorum
304 1483 340 1513 de
352 1484 496 1513 adulterio
511 1486 666 1513 convenire
690 1494 781 1513 ausus
807 1486 929 1514 fuissem
946 1486 975 1514 in

143 1529 269 1567 synodo,
289 1540 300 1554 ι
318 1532 384 1564 etc.,
401 1531 434 1557 ut
446 1529 555 1557 ibidem
572 1529 784 1566 explicabimus
801 1530 830 1558 in
848 1533 906 1558 not.

179 1574 226 1603 38.
243 1573 372 1611 Capitula
386 1582 454 1602 vero
468 1575 632 1602 clericorum
647 1583 681 1602 ea
701 1575 793 1603 fuisse
818 1575 976 1612 appellata,

141 1619 254 1656 quibus
270 1621 337 1656 post
346 1619 480 1656 synodum
487 1619 578 1647 totius
584 1619 678 1655 plebis
689 1620 863 1648 celebratam
874 1629 977 1649 omnes

141 1664 277 1700 ejusdem
301 1663 398 1701 plebis
425 1663 533 1697 clerici,
562 1665 680 1700 quando
696 1673 770 1701 opus
799 1668 871 1701 erat,
887 1665 976 1694 simul

1026 368 1134 397 horum
1149 370 1248 396 autem
1264 377 1358 396 causae
1370 370 1616 405 cognoscerentur
1623 376 1681 395 non
1693 367 1723 395 in
1740 367 1859 404 synodis

1028 413 1210 441 dimcesanis.
1244 413 1294 441 sed
1325 414 1354 440 in
1383 412 1444 441 illis
1468 412 1671 441 visitationum
1708 412 1860 440 occasione

1029 458 1147 492 coactis;
1165 458 1234 486 hinc
1249 458 1348 494 synodi
1371 467 1478 486 nomen
1494 458 1548 486 hoc
1575 457 1637 486 loco
1653 458 1688 486 de
1713 458 1859 493 ejusmodi

1030 503 1149 540 synodis
1165 503 1367 539 accipiendum
1384 503 1572 531 credidimus.

1064 549 1108 575 39.
1126 548 1222 576 Verba
1230 557 1316 584 porro
1329 560 1342 574 «
1355 548 1424 576 dum
1434 547 1648 576 ecclesiasticos
1661 547 1779 575 ordines
1792 556 1859 584 age-

1030 601 1102 621 rem.
1121 604 1135 618 »
1152 593 1187 621 de
1201 601 1352 621 sacrorum
1363 593 1499 621 ordinum
1511 592 1665 621 collatione
1676 592 1762 629 [LXVI]
1774 592 1860 620 intel-

1028 638 1148 675 ligenda
1163 637 1233 665 olim
1250 647 1316 666 cum
1333 638 1398 666 aliis
1421 637 1664 666 existimavimus.
1691 638 1774 665 Nunc
1793 646 1860 665 vero

1029 683 1183 711 maturiori
1198 683 1430 711 consideratione
1445 682 1556 715 habita,
1571 682 1617 710 his
1632 682 1729 710 verbis
1754 681 1860 710 solem-

1030 736 1097 756 nem
1115 727 1243 763 aliquam
1260 727 1488 756 ecclesiasticam
1505 727 1686 755 iunctionem
1701 727 1861 763 signiﬁcari

1030 773 1218 800 arbitramur.
1236 772 1331 801 Simili
1346 773 1424 801 enim
1437 772 1564 800 formula
1574 772 1733 800 Ratherius
1741 772 1827 808 epist.
1840 780 1859 799 1:

1031 818 1201 845 «Conradus
1210 817 1328 845 ordines
1336 817 1465 845 exercuit
1475 816 1705 845 ecclesiasticos»
1718 815 1860 850 scribens,

1032 870 1146 890 sacram
1162 861 1293 898 aliquam
1309 862 1499 895 functionem,
1516 869 1575 889 non
1590 869 1658 889 vero
1672 869 1786 888 sacram
1814 869 1862 888 0r-

1033 906 1214 934 dinationem
1231 906 1392 934 aConrado
1421 907 1571 942 peractam
1597 905 1750 941 expressit,
1775 907 1807 933 ut
1831 905 1860 933 in

1034 951 1168 978 eamdem
1183 950 1338 987 epistolam
1353 951 1501 978 notatione
1531 950 1617 978 tertia
1631 949 1860 978 observavimus.

1034 995 1120 1023 Enim
1131 1004 1197 1023 vero
1213 995 1237 1023 si
1253 995 1345 1023 sacris
1361 994 1514 1023 ordinibus
1531 994 1716 1022 conferendis
1730 997 1862 1022 vacasset

1033 1039 1254 1076 Ratherius;qui
1270 1039 1332 1067 fieri
1350 1040 1540 1076 potuisset,ut
1554 1047 1645 1067 omnes
1660 1038 1758 1066 clerici
1769 1039 1857 1067 etiam

1030 1085 1196 1117 ordinandi,
1215 1085 1264 1120 qui
1281 1085 1315 1112 de
1331 1085 1512 1121 promotione
1528 1092 1582 1112 sua
1597 1083 1715 1112 solliciti
1731 1092 1795 1111 esse
1810 1092 1860 1111 so-

1030 1130 1100 1164 lent,
1116 1129 1214 1165 ipsum
1230 1129 1406 1162 deserentes,
1421 1129 1510 1157 solum
1526 1129 1556 1156 in
1572 1128 1701 1156 Ecclesia
1714 1127 1859 1164 relinque—

1030 1175 1108 1203 rent?
1121 1174 1150 1202 Si
1167 1174 1202 1202 de
1223 1173 1294 1202 solis
1319 1173 1470 1201 ordinibus
1495 1173 1680 1201 conferendis
1706 1173 1858 1209 agebatur,

1029 1219 1104 1247 nihil
1120 1221 1193 1253 erat,
1221 1219 1268 1246 cui
1298 1218 1360 1246 solo
1390 1218 1526 1255 episcopo
1554 1217 1653 1246 relicto
1670 1217 1699 1245 in
1726 1217 1857 1251 ecclesia,

1030 1277 1043 1289 «
1058 1263 1284 1292 archidiaconus
1306 1271 1373 1290 cum
1402 1263 1481 1291 omni
1511 1262 1588 1290 clero
1603 1262 1713 1296 exiens,
1737 1261 1859 1290 alteram

1030 1309 1086 1337 sibi
1102 1308 1258 1337 ecclesiam
1274 1310 1375 1336 contra
1388 1307 1557 1343 episcopum
1575 1306 1745 1335 vindica-ret.
1762 1316 1777 1331 »
1794 1305 1860 1334 Hinc

1031 1355 1128 1390 aperte
1144 1352 1276 1380 indicant
1291 1352 1452 1380 solemnem
1473 1351 1601 1387 aliquam
1627 1350 1807 1378 functionem
1823 1350 1860 1378 ab

1031 1398 1167 1434 episcopo
1183 1396 1358 1425 celebratam
1375 1397 1404 1424 in
1421 1396 1591 1429 cathedrali,
1606 1396 1650 1424 cui
1662 1397 1741 1423 totus
1764 1394 1860 1423 clerus

1031 1443 1140 1477 aderat;
1158 1441 1297 1470 derelicto
1312 1444 1411 1470 autem
1428 1441 1564 1478 episcopo
1579 1441 1678 1477 ipsum
1689 1440 1799 1468 clerum
1811 1449 1859 1468 ar-

1031 1487 1202 1515 chidiacono
1217 1487 1289 1514 duce
1296 1487 1428 1515 eamdem
1439 1486 1616 1514 functionem
1629 1486 1657 1513 in
1674 1484 1860 1513 aliameccle-

1031 1532 1106 1560 siam
1122 1532 1281 1560 cathedrali
1298 1531 1460 1568 proximam
1483 1530 1681 1563 transtulisse,
1700 1539 1745 1558 ex.
1769 1538 1812 1566 gr.
1829 1529 1859 1557 in

1031 1577 1184 1605 ecclesiam
1200 1578 1228 1605 S.
1247 1577 1374 1613 Georgii,
1390 1576 1433 1604 vel
1450 1579 1478 1604 S.
1500 1576 1623 1604 Joannis
1639 1575 1669 1603 in
1694 1575 1782 1603 fonte.
1809 1575 1859 1602 Ar-

1031 1622 1385 1650 ebidiaconusAdelardus
1396 1621 1581 1657 subscriptus
1590 1621 1697 1657 legitur
1708 1619 1738 1647 in
1749 1620 1859 1647 instru-

1031 1669 1130 1695 mento
1143 1667 1382 1695 commutationis
1391 1675 1408 1694 a
1422 1666 1559 1694 Ratherio
1571 1667 1636 1702 post
1644 1664 1860 1693 restitutionem

141 1708 249 1744 coacti,
265 1716 366 1737 coram
381 1708 519 1745 episcopo
534 1709 801 1745 interrogabantur,
829 1710 927 1747 palam
943 1711 977 1738 fit
991 1702 1012 1735 (ἶ
1031 1712 1154 1739 firmatae
1171 1720 1271 1739 mense
1281 1711 1422 1739 Januario
1438 1710 1669 1746 anni947,cujus
1680 1709 1859 1737 mentionem

140 1762 176 1784 ex
189 1753 296 1784 eodem
311 1753 453 1790 Gerardo,
470 1753 521 1790 qui
536 1755 603 1790 post
617 1754 764 1791 descripta
777 1753 896 1783 laudata
906 1763 961 1783 con

139 1798 209 1828 cilia
223 1807 242 1827 ει
256 1798 287 1827 S.
304 1797 441 1827 Udalrico
457 1798 486 1825 in
503 1797 637 1835 plebibus
658 1798 761 1827 habita
784 1799 894 1827 subdit:
912 1811 925 1824 u
943 1800 975 1827 In

139 1843 322 1881 quibusdam
337 1844 438 1871 autem
454 1842 559 1871 diebus
569 1851 709 1872 CAPITULA
721 1852 789 1872 cum
801 1844 916 1872 clericis
927 1844 977 1872 ha-

137 1888 208 1921 bere
223 1882 372 1925 disposuit
387 1887 418 1915 in
433 1887 480 1916 his
494 1886 577 1922 locis,
595 1888 644 1915 ubi
659 1888 720 1915 haec
737 1888 890 1924 aptissime
914 1889 976 1916 ﬁeri

137 1932 387 1975 erebipresbyteri
415 1934 604 1969 putaverunt,
621 1934 651 1961 et
684 1933 735 1961 ubi
766 1941 834 1961 eum
858 1934 894 1962 ab
911 1933 975 1961 aliis

137 1971 302 2006 mundanis
317 1976 453 2006 conciliis
468 1988 482 2002 η
495 1977 570 2014 (quae
587 1976 698 2005 scilicet
710 1979 797 2005 antea
813 1980 976 2007 memorata

137 2021 229 2056 laicus
245 2021 454 2058 respiciebant)
468 2033 482 2047 α
494 2021 705 2050 absolutiorem
719 2030 784 2050 esse
794 2023 975 2050 arbitraban-

136 2068 197 2096 tur.
211 2061 408 2104 Congregatis
419 2068 487 2095 ante
500 2074 530 2094 se
542 2066 655 2094 clericis
666 2066 934 2104 archipresbyteros
947 2070 976 2096 et

136 2105 312 2142 decanos‘e't
322 2111 462 2148 optimos,
480 2119 554 2148 quos
569 2110 646 2139 inter
660 2120 710 2139 eos
726 2111 855 2140 invenire
868 2113 973 2149 potuit,

136 2158 222 2186 caute
235 2155 440 2193 interrogavit;
457 2166 471 2181 η
483 2158 550 2188 etc.,
563 2156 705 2184 nimirum
717 2156 751 2184 de
760 2157 974 2193 pertinentibus

137 2201 172 2230 ad
185 2196 324 2234 clericos,
340 2199 379 2229 Ec
389 2201 513 2237 antiqua
526 2200 697 2236 hujusmodi
709 2201 974 2238 interrogationum

134 2243 278 2281 formula,
294 2240 423 2282 auarum
445 2244 508 2273 alia:
533 2245 569 2273 ad
585 2245 717 2280 clericos,
743 2245 807 2274 alite
823 2247 858 2274 ad
883 2246 974 2275 laicos

135 2289 337 2328 pertinebant;
355 2289 422 2320 vide
437 2298 502 2327 qum
519 2289 647 2318 diximus
667 2290 696 2318 in
722 2291 922 2320 admonitione
938 2292 973 2319 ad

133 2335 311 2374 synodicam
320 2333 540 2364 Ratherii.Cum
556 2335 654 2371 itaque
665 2335 733 2363 Milo
744 2344 858 2364 comesa
872 2345 975 2365 omnes

1031 1756 1155 1785 fecimus
1170 1756 1354 1793 paragrapho
1370 1754 1545 1792 prmcedenti
1561 1762 1645 1781 num.
1660 1753 1705 1781 33.
1718 1755 1746 1781 ls
1762 1754 1859 1781 autem

1031 1801 1256 1829 archidiaconus
1269 1800 1293 1828 si
1309 1809 1376 1827 mox
1391 1808 1449 1827 non
1466 1798 1558 1832 obiiit,
1575 1797 1624 1826 ille
1639 1800 1684 1826 est
1704 1797 1755 1833 qui
1769 1796 1861 1832 hujus

1032 1845 1200 1873 rebellionis
1215 1845 1274 1872 dux
1290 1844 1353 1877 fuit,

1068 1890 1111 1917 40.
1131 1889 1223 1916 llliam
1241 1897 1298 1916 non
1311 1888 1448 1916 leviorem
1460 1888 1599 1924 injuriam
1611 1887 1749 1916 Ratherio
1761 1887 1861 1915 intulit

1031 1935 1182 1963 Manasses
1201 1934 1442 1970 archiepiscopus
1452 1933 1696 1969 Arclatensis,qui
1708 1933 1863 1961 interdicta

1030 1982 1059 2007 et
1075 1988 1176 2016 poenas
1191 1988 1208 2007 a
1223 1979 1314 2007 sacris
1327 1978 1490 2007 canonibus
1509 1978 1647 2012 inflictas,
1663 1977 1860 2014 metropolitis

1031 2033 1119 2052 suaru
1125 2024 1371 2060 mprovinciarum
1379 2024 1489 2052 limites
1495 2023 1780 2060 transgredientibus
1786 2022 1861 2050 nihi-

1030 2069 1091 2097 lum
1108 2069 1400 2104 metuens,utendens
1411 2069 1535 2097 instdias
1543 2067 1702 2096 Veronensi
1712 2067 1859 2104 episcopo,

1030 2114 1210 2142 consecravit
1226 2113 1396 2150 episcopum
1420 2112 1578 2149 quemdam
1604 2120 1664 2140 SINE
1680 2111 1814 2141 diaeresis
1829 2111 1860 2139 in

1030 2158 1116 2187 titulo
1131 2158 1268 2187 Ecclesia:
1282 2157 1460 2186 Veronensis
1479 2157 1567 2193 (epist.
1589 2157 1607 2184 5
1618 2156 1653 2184 ad
1666 2157 1719 2191 10.,
1742 2165 1773 2184 n.
1788 2157 1827 2190 6).
1846 2167 1860 2180 n

1029 2204 1124 2239 Hujus
1140 2211 1259 2238 quoque
1270 2201 1411 2230 molestiis
1423 2201 1603 2229 incentorem
1614 2195 1771 2228 ﬂatherius
1781 2199 1862 2228 Milo-

1031 2256 1098 2276 nem
1116 2249 1246 2280 accusat,
1262 2246 1312 2282 qui
1327 2245 1468 2282 depositis
1483 2245 1608 2273 subinde
1629 2244 1772 2281 (fortassis
1797 2246 1864 2280 post

1030 2292 1196 2319 discessum
1213 2291 1324 2327 Ugonis
1348 2299 1382 2318 ex
1399 2289 1492 2326 Italia)
1517 2289 1736 2326 suspicicnibus
1761 2291 1863 2317 contra

1030 2337 1198 2364 Manassem
1212 2339 1298 2364 antea
1313 2334 1588 2371 conceptis,amicus
1599 2335 1663 2371 ejus
1673 2335 1794 2363 etI'ectus
1806 2336 1859 2362 est.

132 2375 268 2414 clericos,
284 2379 406 2422 milites,
423 2379 542 2408 colonos
558 2381 588 2408 et
613 2379 739 2408 famulos
756 2391 770 2404 υ
787 2383 889 2409 contra
914 2381 973 2409 Ra~
988 2388 1013 2422 D
1030 2382 1103 2410 Cum
1119 2381 1429 2417 porroManassessese
1438 2380 1586 2417 praeferret
1596 2379 1862 2417 episcopumVero-

132 2423 267 2453 therium
281 2421 392 2453 foveret
406 2426 496 2461 atque
509 2424 754 2461 patrocinaretur;
772 2425 798 2453 is
817 2436 830 2451 ι(
842 2434 894 2454 nec
906 2435 973 2463 syn-

130 2469 224 2499 odum
239 2476 339 2506 agere,
357 2480 373 2495 »
388 2469 426 2498 ad
448 2477 538 2506 quam
564 2469 594 2498 in
608 2469 829 2498 visitationibus
854 2470 973 2506 milites,

130 2513 228 2543 coloni
244 2515 276 2547 et
286 2510 404 2549 famuli,
416 2513 446 2543 id
463 2516 518 2548 est,
531 2522 634 2543 omnes
645 2513 712 2542 laici
729 2513 860 2551 plebium
872 2515 974 2544 incola

131 2555 426 2595 erant‘convocandi,
441 2567 492 2587 nec
500 2559 636 2595 capitula,
650 2559 761 2596 quibus
769 2559 871 2587 adesse
887 2560 974 2589 debe-

130 2603 204 2633 bant
219 2597 334 2645 clerici,
349 2600 460 2633 habere
474 2603 618 2639 audebat;
636 2603 785 2640 siquidem
808 2613 859 2633 nec
885 2605 973 2641 quid-

131 2656 225 2690 quam
338 2644 561 2678 emendandum
571 2650 649 2677 esset
665 2657 906 2684 commemorare,
920 2658 973 2679 nec

129 2689 263 2723 statuere
282 2693 402 2731 poterat
426 2692 582 2730 quidlibet,
605 2691 651 2721 vel
678 2693 850 2723 destituere.
877 2695 977 2732 Neque

129 2745 194 2768 vero
210 2732 362 2781 npgdmus
375 2734 413 2767 de
434 2734 611 2767 clericorum
637 2738 736 2767 causis
759 2741 857 2767 actum
885 2740 976 2769 fuisse

129 2777 265 2818 etiamin
423 2782 610 2818 dimccsanis,
633 2785 666 2811 ut
691 2785 771 2820 patet
796 2792 830 2812 ex
856 2783 975 2813 laudato

128 2827 283 2860 ltineraﬁo
310 2823 342 2858 n.
356 2824 388 2856 6.
403 2828 477 2857 Cum
502 2836 570 2856 vero
591 2828 621 2856 in
650 2827 772 2859 laudata
797 2828 922 2866 cpistola
937 2830 973 2858 ad

128 2868 280 2904 summum
297 2867 474 2912 pontiﬁcem
481 2867 639 2902 Eutherius
648 2872 795 2910 synodum
806 2882 823 2902 a
832 2873 974 2910 capitulis

127 2913 300 2950 clericorum
316 2914 519 2955 distinguens,
536 2925 594 2947 non
608 2920 668 2947 tam
682 2918 796 2948 clericos
811 2922 972 2954 memOret,

50 3151 149 3216 ιλ
168 3211 170 3214 ,

1030 2434 1162 2459 nensem,
1180 2426 1374 2462 eamdemque
1386 2425 1543 2454 Ecclesium
1555 2425 1692 2453 Ratberio
1707 2424 1792 2460 pulso
1803 2432 1862 2452 non

1032 2471 1073 2499 illi
1091 2471 1196 2499 clerico
1212 2479 1266 2499 suo
1283 2471 1335 2499 abs
1350 2478 1381 2498 se
1408 2470 1543 2498 ordinato
1567 2470 1714 2507 episcopo,
1739 2468 1790 2497 sed
1806 2468 1862 2497 sibi

1030 2516 1107 2554 regis
1119 2516 1207 2552 jussu
1224 2516 1396 2544 tradendam
1415 2515 1534 2550 curarit,
1549 2517 1582 2543 ut
1597 2522 1664 2543 mox
1684 2513 1860 2548 videbimus;

1030 2570 1088 2598 quo
1102 2570 1191 2589 sensu
1211 2561 1294 2589 illum
1311 2559 1491 2588 consecrarit
1503 2571 1517 2585 (‹
1533 2559 1564 2587 in
1580 2558 1665 2587 titulo
1684 2557 1862 2586 Veronensis

1028 2605 1174 2640 Ecclesiae,
1193 2617 1207 2630 τι
1224 2605 1351 2634 aliorum
1363 2604 1511 2640 judicium
1527 2606 1601 2632 esto.
1784 2613 1786 2615 ·

1068 2651 1112 2678 lit.
1129 2661 1143 2676 «ι
1160 2650 1282 2678 Biennio
1298 2651 1326 2678 et
1341 2649 1396 2677 hoc
1412 2647 1546 2682 tolerato,
1565 2659 1578 2673 »
1594 2647 1679 2676 addlt
1693 2645 1863 2682 Eutherius,

1031 2707 1045 2721 «
1062 2695 1238 2732 gravissimo
1256 2694 1403 2729 omnium,
1420 2700 1495 2730 quos
1510 2695 1605 2727 antea,
1622 2695 1651 2721 et
1673 2693 1741 2728 post
1763 2691 1863 2727 [vau]

1030 2739 1342 2777 pertuli,miseriarum
1359 2746 1485 2772 carcere,
1497 2737 1569 2765 dum
1585 2737 1621 2765 ad
1636 2733 1863 2772 vespertinalem

1030 2784 1252 2822 persolvendum
1265 2790 1416 2820 pergerem
1430 2781 1574 2818 synaxim,
1585 2780 1680 2808 adfuit
1689 2777 1863 2822 missus—do-

1030 2819 1102 2856 mini
1120 2827 1197 2863 regis
1216 2819 1344 2855 Lotharii
1361 2823 1567 2862 praecipientis,
1583 2826 1616 2852 ut
1632 2822 1704 2851 urbe
1718 2819 1864 2863 decedens

1029 2874 1130 2903 darem
1146 2862 1244 2900 locum
1258 2869 1390 2900 Manassi
1404 2868 1503 2897 sedem
1515 2875 1612 2895 meum
1623 2862 1866 2899 invadendi;adji-

1029 2915 1111 2946 ciens
1127 2915 1251 2945 amiculo
1266 2914 1342 2944 satis
1367 2911 1537 2943 consilium,
1553 2909 1661 2938 melius
1674 2905 1787 2935 scilicet
1798 2911 1873 2937 θεαὶ
