3968 6392
150 598 157 603 _
261 502 342 566 19
1226 506 1682 574 RATHERIUS
1726 505 2223 574 VERONENSIS
2266 509 2723 574 EPISCOPUS.
3280 517 3289 525 '
3605 500 3688 564 60

260 642 328 696 ut
356 638 903 713 secederem,quam
926 640 1161 698 Milonis
1186 642 1318 698 dolo
1345 647 1447 699 aut
1468 644 1917 710 exmembrarer,
1950 644 2006 711 Α
2038 684 2053 698 .
2097 688 2109 699 .
2159 686 2172 698 .
2219 686 2231 699 .
2276 645 2518 699 Remota
2548 643 2726 716 igitur
2746 636 3353 708 difﬁcultate,utimini
3374 640 3687 711 potestate,

261 732 363 784 aut
390 727 763 794 interficerer,
788 734 908 795 aut,
932 732 1086 802 quod
1111 730 1293 787 levius
1315 732 1407 787 his
1425 733 1631 799 multo,
1658 733 1758 787 sed
1783 749 1916 805 gra-

259 817 569 873 vissimum
604 818 747 873 mihi
778 824 931 875 esset
961 821 1244 889 futurum,
1279 822 1761 894 comprehensus,
1802 840 1914 894 quo

261 905 503 962 minime
526 906 729 963 vellem
754 908 1197 965 abducercr.»ld
1215 916 1408 965 actum
1429 910 1642 982 partim
1659 911 1911 965 Milonis.

260 994 475 1068 partim
509 995 797 1051 Manassis
830 1014 1022 1068 Opera;
1059 998 1321 1071 nihilque
1354 999 1731 1071 ambigimus,
1773 1000 1913 1070 quin

262 1083 371 1141 hoc
396 1088 749 1157 princeptum
772 1086 925 1158 regis
958 1087 1213 1141 Lolharii
1236 1090 1472 1143 nomine
1505 1106 1537 1143 a
1568 1089 1914 1159 Berengario

258 1172 559 1246 prodierit,
591 1174 745 1244 apud
779 1190 954 1245 quem
981 1175 1117 1229 Milo
1151 1180 1207 1230 et
1242 1177 1542 1232 Manasses
1592 1176 1911 1249 plurimum

256 1260 546 1317 valebant.
581 1262 962 1335 Berengarius
1024 1265 1202 1329 enim,
1236 1271 1303 1319 ut
1360 1271 1529 1321 antea
1575 1266 1916 1321 monuimus

258 1367 422 1406 num.
455 1352 544 1418 32,
580 1350 638 1405 in
670 1352 925 1406 Lotharii
957 1353 1303 1408 aulaomnia
1332 1356 1586 1425 gerebat,
1613 1355 1734 1409 solo
1760 1356 1915 1427 regio

257 1438 428 1495 titulo
459 1444 515 1494 et
540 1438 759 1495 honore
790 1439 978 1495 eidem
1004 1441 1237 1497 relictis.
1264 1443 1409 1497 Huic
1436 1442 1915 1515 praaceptoliben-

259 1530 349 1584 ter
378 1528 557 1584 cessit
594 1528 926 1595 Ratherius,
962 1530 1061 1602 qui
1094 1535 1267 1587 antea
1298 1549 1331 1587 a
1360 1535 1445 1587 tot
1476 1532 1704 1588 insidiis
1737 1538 1792 1587 et
1823 1550 1917 1588 ca-

263 1615 630 1673 lamitatibus
664 1634 793 1673 sese
824 1618 1222 1686 subduxisset,
1257 1621 1367 1675 nisi
1401 1621 1618 1677 veritus
1640 1627 1815 1687 esset,
1850 1640 1919 1677 ne

258 1705 602 1761 mercenarii
633 1709 831 1761 notam
861 1706 1201 1775 incurreret,
1256 1708 1357 1781 qui
1406 1711 1614 1765 timore
1664 1711 1914 1781 fugiens,

260 1809 495 1867 gregem
553 1794 666 1851 sibi
725 1796 1111 1852 commissum
1175 1797 1331 1869 lupis
1380 1799 1650 1854 dimittit.
1711 1824 1738 1849 «
1790 1800 1917 1855 Feci

255 1883 483 1953 jussus,
515 1883 728 1954 inquit,
757 1887 909 1955 quod
934 1891 1103 1941 antea
1125 1885 1513 1944 libentissime
1539 1889 1803 1944 fecissem
1831 1890 1917 1943 in-

255 1971 490 2043 jussus,
522 1971 636 2026 nisi
667 1970 1084 2038 interdixisset,
1119 1976 1273 2046 quod
1307 1978 1389 2031 ait
1419 1977 1477 2032 in
1516 1976 1824 2049 Evangelio
1848 1979 1917 2032 de
1950 2013 1995 2077 Β

265 2059 624 2114 mercenario
654 2059 959 2126 Dominus;
992 2062 1092 2116 sed
1125 2080 1239 2117 non
1273 2064 1431 2134 potui
1464 2082 1631 2135 agere
1656 2066 1915 2137 impune.

266 2146 416 2219 Lupi
441 2146 522 2201 illi
554 2163 790 2219 gregem
823 2166 936 2204 non
972 2152 1308 2221 querebant
1341 2152 1633 2218 invadere,
1684 2156 1781 2209 sed
1817 2172 1915 2225 pa-

266 2240 507 2304 storem;
541 2242 1003 2309 persecutusque
1025 2239 1083 2293 in
1104 2257 1223 2295 una
1251 2240 1479 2296 civitate
1505 2242 1701 2315 fugere
1722 2244 1915 2298 venia-

265 2324 400 2379 Iiter
430 2326 592 2397 potui
624 2324 682 2380 in
697 2324 893 2382 aliam.
930 2350 958 2377 ››
974 2331 1116 2383 Cum
1132 2328 1587 2403 biennium,quo
1603 2332 1916 2388 Ratberius

263 2414 505 2470 Verona:
535 2413 687 2469 hanc
715 2417 1179 2487 persecutionem
1210 2435 1524 2491 perpessus
1547 2424 1655 2484 est,
1679 2420 1917 2475 desierit

266 2519 419 2559 anno
446 2504 895 2571 948;secundam
926 2506 1053 2576 ejus
1067 2506 1465 2579 expulsionem
1480 2509 1552 2562 ab
1576 2510 1912 2580 episcopatu

262 2592 582 2648 Veronensi
613 2592 672 2647 in
703 2592 860 2648 hunc
889 2611 1111 2651 annum
1140 2595 1416 2653 incidisse
1447 2597 1653 2669 liquet.

266 2680 480 2764 [nx-vnn]
505 2680 542 2764 ’ἓ
573 2682 771 2764 ἰξμ-
792 2682 1268 2764 ,ΙηἏΟθνιηίιηίαηιΑ
1282 2686 1571 2764 Ratlierius
1613 2690 1910 2759 proﬁcisci-

338 2754 704 2834 tur-LScribit
734 2754 805 2834 ad
862 2756 1173 2834 _Bruuﬁor_zem_
1232 2756 1497 2834 Ottogzis]
1528 2754 1775 2834 [mtrem
1836 2765 1916 2834 De

338 2824 503 2877 initio
536 2825 690 2894 regni
717 2824 954 2901 ejusdem
989 2827 1197 2901 Ottonis
1230 2830 1311 2901 in,
1340 2824 1536 2884 Italiaf
1570 2832 1791 2901 Aliquot
1820 2832 1911 2886 do-

337 2901 715 2976 cr'umentorum
741 2898 1411 2976 “notationesurhronictn
1446 2898 1764 2957 emendata.
1810 2904 1912 2957 lla-

340 2964 556 3047 lherius
579 2981 705 3020 eum
731 2967 923 3047 Qtlone
948 2977 997 3023 et
1025 2969 1143 3038 ﬁlio
1180 2970 1297 3047 ejus
1348 2972 1589 3047 Liutulfo
1619 2990 1762 3028 anno
1809 2976 1910 3028 951

340 3037 399 3090 in
428 3037 648 3120 Italian}
676 3037 818 3120 redit
866 3037 1228 3120 reeaperandi
1280 3037 1619 3120 episcopatus
1671 3061 1763 3116 spe
1788 3062 1913 3120 con-

336 3115 509 3190 cepta.
541 3109 759 3190 Milonis
788 3109 1007 3190 comitis
1053 3109 1322 3190 nepotem'
1344 3109 1654 3185 episcopum
1698 3109 1914 3190 :consti-

339 3181 529 3256 (alunt
544 3181 768 3256 reperit,
798 3183 891 3236 cui
908 3181 1175 3237 Manasses
1195 3181 1557 3256 episcopatum
1578 3187 1911 3243 vendiderat.

337 3250 588 3330 Appellat
602 3249 985 3330 cacuminum
1005 3249 1315 3330 pontiﬁcem
1348 3249 1400 3311 et
1427 3257 1497 3312 ad
1545 3260 1917 3330 episcoporum

336 3322 625 3392 synodum.
656 3324 766 3378 Ilac
792 3323 857 3379 de
878 3341 935 3380 re
965 3322 1072 3380 tres
1100 3322 1357 3397 epistolas
1385 3322 1591 3384 scribit:

338 3381 745 3459 42.Ratherius
774 3405 1031 3460 secando
1062 3423 1092 3461 e
1122 3381 1601 3465 Veronensisede
1624 3409 1832 3482 pulsus
1854 3409 1913 3465 in
1945 3381 1987 3448 Ο

267 3489 641 3547 Germaniam
667 3494 1041 3561 secessit,ubi
1075 3495 1235 3551 nullo
1253 3497 1545 3554 certoloco
1568 3500 1914 3567 consistens,

262 3578 393 3634 vitae
420 3580 687 3636 subsidia
717 3583 1071 3654 quassiturus
1096 3584 1210 3641 huc
1240 3584 1379 3642 illuc
1425 3587 1721 3656 discurrit;
1774 3590 1916 3644 adeo

265 3671 333 3722 ut
360 3684 662 3740 gyrovagus
690 3676 993 3728 vocaretur
1022 3674 1195 3745 (epist.
1227 3676 1281 3744 5,
1315 3693 1374 3730 n.
1408 3676 1484 3748 3).
1534 3677 1823 3746 Noricam,
1858 3678 1916 3734 id

267 3760 358 3812 est
387 3756 736 3828 Bajoariam,
768 3760 1042 3816 Sueviam
1071 3768 1244 3834 atque
1274 3766 1602 3834 Saxoniam,
1629 3784 1775 3839 quas
1798 3785 1916 3824 suae

263 3843 396 3899 vitae
426 3848 607 3901 testes
638 3853 925 3902 memorat
943 3848 1003 3902 in
1026 3850 1318 3917 Qualitatis
1339 3854 1650 3923 conjectura
1671 3872 1836 3913 num.
1860 3859 1913 3923 3,

266 3932 377 3988 hac
406 3934 712 3990 occasione
741 3952 1085 4008 peragrasse
1110 3938 1358 3995 videtur.
1392 3942 1538 3996 Hinc
1586 3945 1916 4001 subsidium

269 4021 379 4077 sibi
411 4023 733 4095 praebuisse
766 4026 1108 4096 Germanos,
1142 4027 1350 4085 harum
1383 4031 1653 4087 videlicet
1682 4034 1917 4106 provin-

267 4111 491 4167 ciarum
523 4111 849 4185 episcopos,
883 4119 1134 4171 testatur
1165 4116 1224 4172 in
1254 4117 1486 4188 litteris,
1520 4138 1668 4193 quas
1699 4122 1771 4177 ad
1806 4124 1918 4179 Ro-

204 4202 213 4207 ’
265 4216 511 4257 manum
540 4202 874 4274 pontiﬁcem
906 4205 1160 4278 scripsit,
1193 4211 1258 4262 ut
1278 4225 1384 4263 suo
1415 4208 1540 4265 loco
1562 4210 1913 4280 videbimus,

266 4306 421 4345 anno
449 4292 576 4345 951.

266 4306 421 4345 anno
449 4293 576 4346 951.

334 4370 422 4425 43.
456 4371 591 4427 Erat
619 4372 727 4429 hoc
756 4377 1020 4447 tempore
1042 4392 1157 4431 non
1177 4381 1298 4433 tam
1317 4378 1630 4452 disciplina
1658 4398 1913 4451 morum,

264 4475 442 4532 quam
473 4458 802 4518 litterarum
826 4464 1022 4520 studio
1043 4466 1289 4523 celebris
1309 4468 1734 4527 BrunoOttonis
1757 4473 1780 4527 Ι
1802 4471 1915 4529 fra-

263 4552 374 4613 ter,
407 4548 508 4618 qui
568 4554 769 4618 postea
827 4552 940 4605 fuit
998 4554 1471 4629 archiepiSCOpus
1528 4559 1913 4618 Coloniensis.

262 4634 470 4723 Aiebat
498 4635 660 4690 domi
691 4638 981 4694 doctiores
1038 4641 1218 4712 hujus
1275 4646 1460 4701 aetatis
1516 4647 1693 4716 viros,
1726 4650 1917 4723 iisque

2025 734 2372 791 scientesme
2385 734 2494 789 hoc
2506 733 2802 789 inbianter
2814 749 2907 788 am
2916 731 3331 801 bire.Praesaga
3345 728 3502 784 enim
3518 744 3690 783 mens

2026 824 2192 896 quasi
2225 823 2484 879 divinare
2533 823 2781 889 videtur,
2838 837 3027 875 meam
3056 835 3160 891 per
3204 823 3459 874 vestram
3513 817 3690 889 [LXIX]

2025 912 2434 968 claritudinem
2450 911 2817 967 relevandam
2835 908 3689 974 destitutionem,tantumeon-

2025 1001 2261 1071 dignam
2296 1016 2732 1072 congruumque
2763 1002 2951 1054 vestro
2984 996 3313 1053 dominatui
3340 995 3687 1067 impendere

2025 1090 2248 1143 valeam
2308 1090 2667 1144 servitutem.
2701 1110 2728 1138 »
2789 1088 2940 1153 Haec,
2996 1103 3132 1140 eum
3189 1088 3406 1157 egeret,
3467 1083 3692 1154 scripta

2027 1179 2282 1234 fuerunt.
2316 1179 2487 1250 Eguit
2517 1183 2710 1233 autem
2745 1177 2816 1232 ad
2849 1192 3070 1231 annum
3099 1191 3285 1246 usque
3308 1174 3409 1227 951
3446 1171 3534 1227 vel
3556 1171 3690 1242 952,

2026 1286 2161 1324 cum
2195 1268 2423 1323 duabus
2453 1267 2582 1322 aliis
2605 1265 2866 1339 epistolis
2890 1269 3051 1320 sexta
3077 1268 3133 1319 et
3158 1262 3408 1335 septima
3433 1260 3688 1317 eleemo-

2026 1375 2229 1429 synam
2263 1357 2446 1429 petiit,
2482 1362 2546 1411 ut
2577 1357 2905 1411 Romanum
2929 1354 3037 1408 iter
3062 1353 3405 1424 susciperet.
3438 1350 3586 1406 Hinc
3612 1349 3689 1404 ad

2027 1447 2359 1502 Brunonem
2393 1445 2629 1516 scripsit
2656 1444 2808 1499 inter
2837 1460 3059 1498 annum
3089 1443 3216 1503 9/18,
3243 1443 3555 1512 postquam
3575 1438 3688 1494 Ve-

2028 1553 2171 1592 rona
2203 1536 2365 1599 abiit,
2398 1539 2453 1590 et
2480 1552 2696 1589 annum
2727 1535 2826 1588 951
2861 1531 2947 1587 vel
2980 1533 3104 1587 953.
3141 1531 3203 1585 In
3236 1527 3528 1585 Brunonis
3550 1527 3692 1599 qui.-

2028 1626 2161 1680 dem
2196 1624 2330 1680 aula
2361 1629 2627 1696 receptus
2660 1622 2787 1689 fuit,
2824 1623 2923 1677 scd
2959 1638 3073 1676 non
3109 1620 3306 1675 statim
3330 1621 3462 1691 post
3486 1615 3691 1673 exelu-

2029 1714 2251 1769 sionem
2284 1731 2314 1768 e
2346 1730 2452 1768 sua
2485 1713 2644 1778 sede;
2674 1712 2891 1783 quippe
2936 1710 3047 1766 sub
3080 1713 3241 1764 tanto
3275 1706 3559 1779 principe,
3594 1704 3693 1760 cui

2028 1803 2137 1857 fuit
2167 1802 2633 1873 acceptissimus,
2668 1800 2895 1872 piorum
2946 1797 3336 1868 eleemosynis
3387 1810 3501 1850 non
3534 1791 3693 1848 indi-

2028 1893 2272 1965 guisset.
2304 1893 2453 1947 Sane
2488 1890 2544 1944 in
2577 1887 2823 1962 epistola
2854 1891 3015 1942 sexta
3045 1886 3265 1958 scripta
3285 1900 3438 1939 anno
3467 1882 3566 1937 951
3600 1880 3694 1936 vel

2027 1984 2152 2045 952,
2187 1998 2351 2035 num.
2386 1997 2421 2046 ι,
2458 1978 2749 2050 inquiens:
2786 2000 2812 2027 «
2845 1977 3151 2047 Nusquam
3183 1974 3383 2045 aliqua
3413 1970 3559 2027 mihi
3592 1969 3691 2025 vel

2026 2069 2262 2141 hospitii
2295 2070 2481 2139 quies,
2531 2083 2825 2137 nusquam
2875 2064 3111 2136 aliquod
3156 2061 3503 2133 sull‘ugium,
3569 2059 3692 2114 nisi

2025 2156 2188 2212 locus
2221 2154 2899 2218 misericordium,nsead
2914 2153 3022 2208 hoc
3054 2168 3242 2223 usque
3272 2146 3688 2222 tempusnullo

2027 2250 2180 2301 certo
2208 2245 2459 2317 hospitio
2492 2249 2790 2316 receptum
2824 2242 3035 2297 innuit.
3068 2242 3113 2295 A
3146 2242 3416 2295 Brunone
3438 2236 3684 2309 quidem

2026 2335 2277 2391 accitum
2310 2350 2462 2389 anno
2492 2334 2599 2387 952
2625 2330 2956 2387 videbimus
2988 2328 3355 2402 paragrapho
3386 2324 3680 2398 sequenti.

2099 2425 2184 2478 41.
2212 2424 2438 2479 Mortuo
2472 2421 2745 2477 Lothario
2777 2436 2910 2492 rege
2940 2437 2975 2475 κ
3008 2417 3300 2474 Kalendas
3341 2413 3683 2473 Decembris

2026 2513 2163 2567 anni
2188 2514 2313 2579 950,
2348 2516 2481 2583 post
2504 2512 2628 2566 dies
2657 2511 2747 2575 24,
2782 2509 2999 2581 quibus
3030 2507 3208 2563 Italia-
3231 2522 3475 2578 regnum
3506 2520 3680 2560 vaca-

2022 2604 2123 2669 vit,
2158 2626 2185 2652 «
2221 2602 2314 2656 die
2345 2600 2669 2667 Dominico,
2693 2617 2763 2653 xv
2786 2598 2878 2653 die
2906 2595 3240 2653 Decembris
3271 2595 3330 2649 in
3354 2592 3599 2649 basilica
3618 2592 3681 2647 S.

2025 2691 2345 2757 Michaelis,
2380 2707 2507 2762 qua:
2540 2689 2755 2744 dicitur
2778 2686 3228 2758 major,fuerunt
3249 2683 3415 2740 electi
3442 2685 3498 2737 et
3518 2697 3684 2737 coro-

2025 2781 2145 2837 nati
2171 2779 2556 2851 Berengarius
2585 2782 2643 2833 et
2674 2777 3022 2831 Adalbertus
3069 2773 3228 2829 filius
3278 2773 3406 2844 ejus
3439 2772 3496 2826 in
3532 2768 3686 2842 regi-

2024 2872 2135 2927 bus
2164 2872 2255 2939 (T.
2304 2869 2376 2924 ιν
2426 2870 2546 2923 Rer.
2594 2868 2715 2922 Ital.
2750 2884 2807 2938 p.
2842 2865 2986 2934 149).
3012 2885 3040 2913 ››
3092 2865 3177 2919 Ita
3208 2862 3377 2918 breve
3424 2860 3675 2915 Chroni-

2024 2978 2154 3027 con,
2189 2959 2343 3031 quod
2378 2956 2732 3013 Muratorius
2756 2954 3018 3026 edidit(S.
3042 2953 3218 3009 ODILO
3242 2954 3303 3006 in
3337 2952 3456 3005 Vita
3478 2948 3685 3004 S.Ade—

2026 3051 2104 3105 lai
2133 3049 2284 3121 apud
2319 3046 2662 3117 Canisium).
2704 3044 2830 3099 Non
2883 3041 3068 3098 multo
3118 3044 3249 3113 post
3295 3036 3686 3110 Berengarius

2023 3137 2359 3195 Adelaidem
2394 3134 2648 3191 Lotharii
2680 3134 3011 3205 conjugem,
3039 3131 3278 3186 viduam
3311 3129 3685 3183 innocentem

2024 3228 2188 3283 duris
2221 3225 2410 3281 modis
2440 3228 2725 3287 vexatam,
2757 3227 2973 3276 tetrum
2997 3219 3245 3291 conjecit
3271 3217 3331 3272 in
3362 3231 3683 3281 carcerem,

2025 3315 2287 3371 Carceris
2314 3314 2506 3369 locum
2532 3312 2713 3367 fuisse
2736 3310 2939 3366 Garda
2961 3314 3219 3363 castrum
3244 3306 3367 3378 agri
3390 3304 3690 3359 Veronen-

2027 3404 2108 3461 sis
2143 3403 2611 3459 munitissimum
2634 3398 2920 3455 adBenaci
2954 3395 3333 3470 ripasDonizo
3356 3392 3684 3463 tradit(l’it:

2025 3494 2196 3550 Matil.
2229 3492 2268 3547 l.
2300 3509 2341 3559 ι,
2374 3495 2417 3547 t.
2451 3492 2471 3546 Ι
2504 3492 2623 3545 Rer.
2659 3488 2826 3559 Ital.).
2855 3488 2972 3543 Hac
3022 3487 3094 3540 de
3124 3502 3183 3541 re
3216 3482 3342 3539 Itali
3385 3499 3420 3538 a
3468 3481 3687 3536 Beren-

2026 3583 2187 3656 gario
2218 3580 2449 3637 alienati
2480 3580 2751 3634 Ottonom
2788 3574 3113 3632 Germanias
3146 3588 3341 3645 regem
3376 3573 3688 3636 vocarunt,

2026 3676 2091 3727 ut
2120 3668 2477 3735 Adelaidem,
2529 3685 2656 3739 quae
2688 3683 2718 3721 e
2765 3665 2957 3722 Garda
3006 3662 3236 3736 fugiens
3267 3661 3340 3716 ab
3391 3663 3583 3715 Azone
3625 3658 3689 3713 in

1991 3763 2293 3823 .Canossre
2350 3762 2609 3814 castrum
2661 3759 2892 3827 recepta
2946 3754 3156 3818 fuerat,
3209 3767 3239 3806 e
3272 3754 3360 3805 tot
3404 3745 3692 3821 periculis

2025 3853 2276 3918 erueret,
2304 3864 2369 3903 ac
2400 3844 2815 3917 Berengarium
2848 3859 3026 3915 regno
3057 3841 3394 3896 abutentem
3447 3851 3686 3908 compe-

2027 3942 2231 3995 sceret.
2260 3937 2418 3991 Misit
2447 3935 2546 3990 ille
2569 3934 2768 3990 statim
2791 3932 2850 3987 in
2873 3930 3097 3987 Italiam
3120 3928 3445 3985 Liutulfum
3472 3924 3686 3991 ﬁlium,

2029 4029 2128 4101 qui
2161 4042 2294 4082 cum
2328 4026 2503 4080 Italos
2526 4028 2759 4096 paratos
2783 4026 2840 4077 et
2856 4022 3247 4092 obsequentes
3274 4021 3483 4073 nactus
3505 4018 3692 4083 esset,

2025 4133 2155 4173 mox
2184 4115 2363 4182 rediit,
2397 4113 2590 4185 inquit
2613 4110 2864 4168 Rosvida
2893 4110 3072 4181 hujus
3090 4107 3194 4163 aevi
3216 4105 3554 4173 historica,«
3573 4102 3692 4159 cla-

2027 4223 2160 4262 rum
2193 4206 2449 4260 referens
2482 4202 2608 4258 sine
2635 4205 2822 4256 marte
2852 4197 3243 4270 triumphum.
3274 4217 3301 4246 n
3334 4195 3500 4251 Tunc
3551 4193 3688 4249 Otto

2026 4313 2145 4351 una
2175 4310 2308 4348 cum
2329 4292 2531 4347 eodem
2562 4290 2680 4344 lilio
2700 4289 2757 4344 in
2787 4287 3016 4344 Italiam
3040 4284 3343 4343 descendit
3358 4287 3494 4339 ante
3516 4283 3690 4339 Octo-

2026 4386 2190 4441 brem
2223 4382 2359 4438 anni
2390 4381 2514 4447 95l,
2546 4379 2886 4449 ibidemque
2919 4376 3124 4432 eodem
3156 4391 3356 4431 mense
3386 4371 3565 4430 Italiae
3597 4390 3692 4428 re-

2026 4490 2160 4546 gem
2186 4472 2367 4527 fuisse
2389 4468 2748 4542 appellatum
2772 4470 3001 4522 constat
3021 4483 3089 4521 ex
3102 4465 3333 4521 duobus
3357 4462 3697 4535 diplomati-

2024 4563 2138 4618 bus
2169 4579 2204 4617 a
2232 4558 2549 4616 Muratorio
2583 4556 2857 4623 laudatis,
2891 4559 2948 4611 et
2978 4554 3168 4627 Papiae
3221 4551 3367 4609 actis
3398 4575 3426 4601 ‹‹
3459 4569 3519 4607 v1
3546 4551 3692 4607 Idus

2026 4650 2293 4709 Octobris
2349 4664 2503 4703 anno
2551 4644 2977 4702 Incarnationis
3025 4642 3259 4700 Domini
3310 4641 3496 4697 nostri
3542 4639 3693 4697 Jesu

266 4721 569 4794 magistris
593 4728 721 4813 tum
756 4725 1014 4794 Latinas,
1044 4734 1172 4784 tum
1205 4732 1583 4799 Grazcas,tum
1616 4721 1911 4809 profanas,
1943 4748 1991 4813 D
2021 4740 2237 4799 Christi
2269 4736 2713 4809 nongentesimo
2747 4731 3239 4806 quinquagesimo
3272 4730 3463 4802 primo
3484 4729 3695 4784 indic-

263 4815 393 4868 tum
425 4828 622 4869 saeras
669 4811 894 4871 litteras
954 4817 1267 4887 excolebat;
1322 4837 1391 4877 ex
1448 4841 1563 4894 quo
1595 4827 1721 4897 ejus
1771 4830 1922 4887 aedes

264 4899 597 4958 litterarum
626 4906 684 4957 et
712 4902 1103 4961 litteratorum
1136 4909 1498 4967 domicilium
1545 4914 1914 4973 videbantur.

268 4989 580 5045 Ratherius
608 4990 667 5045 in
690 5008 759 5046 ea
783 5008 978 5047 rerum
1002 4993 1405 5068 in0pia,quam
1427 5000 1918 5073 indicavimus,ad

265 5076 463 5148 ipsum
495 5077 952 5150 Prailoquiorum
978 5081 1159 5139 libros
1183 5085 1393 5141 direxit
1412 5103 1548 5143 cum
1568 5091 1832 5163 epistola,
1857 5100 1921 5150 ut

267 5183 337 5222 ex
365 5163 726 5240 illiscognito
749 5170 1305 5244 auctore,siquidem
1331 5174 1524 5247 ipsum
1549 5196 1655 5235 suo
1687 5183 1919 5239 servitio

267 5270 385 5309 non
414 5254 683 5312 inutilem
728 5265 1090 5330 agnosceret,
1141 5263 1211 5317 ad
1246 5280 1308 5318 se
1337 5272 1616 5335 evocaret,
1668 5275 1724 5325 et
1769 5272 1923 5330 inter

267 5345 506 5433 caeteros
563 5344 762 5401 aleret.
799 5369 828 5397 «
860 5348 919 5402 Si
975 5347 1174 5422 itaque
1228 5351 1418 5424 placet
1473 5372 1640 5427 opus,
1701 5361 1915 5433 inquit,

267 5430 489 5502 placeat
521 5436 578 5488 et
607 5434 799 5505 operis
831 5442 1134 5493 exsecutor
1164 5441 1448 5510 servulus,
1506 5462 1609 5502 nec
1641 5430 1917 5523 dedignes

267 5519 415 5574 mini
447 5536 760 5593 suggerere
800 5524 938 5595 quid
972 5525 1179 5584 valeat.
1215 5530 1481 5588 Forsitan
1530 5535 1682 5592 inter
1733 5519 1919 5595 millia

265 5608 738 5679 praestantiorum
770 5617 828 5668 et
854 5613 963 5670 iste
993 5632 1167 5672 suum
1192 5619 1479 5678 obtinebit
1502 5623 1718 5682 locum.
1744 5628 1917 5693 Pote-

267 5696 379 5788 stis
402 5699 677 5788 autem,si
708 5699 1147 5769 libet,eumdem
1163 5710 1219 5762 et
1231 5708 1302 5762 ad
1321 5711 1623 5769 servitium
1646 5716 1913 5788 adipisci:

269 5784 473 5843 abesse
501 5786 661 5843 enim
685 5789 971 5847 tenaciam
994 5795 1386 5854 remotissima
1406 5801 1571 5859 vobis
1602 5784 1818 5860 audivi.

2032 4831 2188 4887 tione
2221 4826 2448 4883 decima
2478 4841 2632 4881 anno
2663 4823 2827 4896 regni
2850 4822 3078 4878 Otlonis
3112 4821 3266 4894 regis
3294 4820 3355 4874 in
3388 4818 3692 4885 Francia,»

2026 4918 2251 4975 scilicet
2280 4914 2569 4979 orientali,
2602 4930 2717 4985 quo
2748 4912 2983 4969 nomine
3016 4909 3332 4967 Germania
3367 4908 3695 4964 vocabatur

2029 5007 2288 5062 «decimo
2311 5008 2491 5072 sexto,
2518 5004 2578 5058 in
2603 5001 2768 5058 Italia
2789 5001 2978 5073 primo
3002 4997 3692 5073 (Annal.ltal.,an.95l).»

2026 5093 2301 5151 Anterius
2332 5092 2597 5163 ejusdem
2630 5089 2859 5146 Ottonis
2891 5089 3040 5161 [cxx]
3072 5088 3334 5160 diploma
3386 5086 3576 5157 Papia;
3610 5085 3694 5142 si-

2028 5188 2274 5258 gnatum
2303 5199 2384 5237 v11
2414 5181 2553 5235 ldus
2582 5178 2847 5235 Octobris
2872 5177 3058 5234 edidit
3083 5175 3403 5232 canonicus
3451 5174 3524 5230 de
3554 5174 3695 5231 Dio-

2030 5272 2237 5346 nysiis,
2267 5270 2328 5325 in
2357 5285 2473 5341 quo
2505 5268 2697 5324 solum
2729 5284 2920 5324 annus
2946 5267 3056 5322 952
3100 5266 3379 5321 mendose
3430 5263 3696 5335 scriptus

2028 5362 2140 5417 fuit
2169 5377 2272 5433 pro
2304 5375 2457 5415 anno
2487 5358 2588 5416 951
2627 5358 2720 5429 (De
2738 5357 2947 5413 duobus
2976 5358 3141 5428 episc.
3168 5370 3304 5427 pag.
3341 5353 3485 5425 121).
3509 5353 3698 5411 «Dato

2028 5450 2279 5521 septimo
2310 5449 2449 5504 Idus
2480 5446 2747 5503 Octobris
2777 5462 2930 5502 anno
2986 5442 3414 5501 Incarnationis
3458 5442 3698 5499 Domini

2026 5539 2219 5595 Nostri
2253 5538 2395 5593 Jesu
2424 5535 2636 5593 Christi
2666 5537 2794 5602 952,
2826 5534 3144 5591 indictione
3194 5535 3283 5601 10,
3316 5548 3472 5589 anno
3525 5533 3698 5605 regni

2027 5626 2254 5683 Ottonis
2285 5625 2440 5698 regis
2468 5625 2529 5680 in
2576 5624 2819 5680 Francia
2872 5624 2960 5689 16,
2993 5623 3053 5678 in
3103 5621 3272 5678 Italia
3322 5623 3374 5678 1.
3410 5642 3440 5671 n
3471 5621 3700 5680 Omnes

2025 5714 2390 5772 characteres
2422 5731 2555 5769 cum
2586 5713 2818 5769 duobus
2856 5711 3319 5785 pracedentibus
3367 5710 3697 5784 privilegiis

1896 5845 1916 5865 .
2025 5802 2200 5876 plane
2231 5804 2606 5860 concinentes
2631 5802 2770 5858 anni
2791 5817 3047 5858 errorem
3070 5802 3497 5858 demonstrant.
3521 5802 3696 5858 Anno
