3968 6450
264 364 336 423 69
1290 364 1909 427 PROLEGOMENA.
1942 398 2019 409 —
2055 366 2430 427 [{ATHERII
2475 366 2680 428 VITA.
3627 377 3708 436 ’10

265 496 453 555 solum
478 496 750 553 Fulcuini
784 484 1170 554 editio'habet
1195 520 1215 547 ι
1241 503 1504 555 erratum
1536 503 1645 567 est,
1674 522 1702 548 ››
1723 513 1927 554 verum
1957 501 2013 569 Α
2039 498 2356 555 Veronensi
2391 500 2527 556 sede
2576 502 2649 557 ad
2696 502 3108 559 Leodicensem
3142 506 3330 562 fuerat
3358 509 3702 581 translatus,

266 588 438 644 etiam
462 587 758 661 Rotgerus
779 588 839 643 in
862 592 918 643 S.
946 588 1241 644 Brunonis
1261 588 1414 655 Vita,
1439 605 1507 645 ex
1528 606 1647 661 qua
1667 588 1826 643 hunc
1848 587 1932 644 lo-

268 694 398 733 cum
422 677 749 734 Fulcuinus
770 678 1148 751 transcripsit
1174 697 1187 735 :
1210 683 1267 734 et
1291 678 1508 751 duplex
1528 679 1767 751 quidem
1792 680 1931 735 Rot-

266 768 385 840 geri
407 766 587 823 editio
606 767 764 824 Surii
787 771 963 840 atque
985 767 1256 824 Leibnitii
1286 785 1355 824 ex
1374 769 1607 825 duobus
1628 768 1933 825 codicibus

266 861 505 931 sumpta
524 858 796 914 eamdem
817 856 1128 914 lectionem
1152 858 1403 931 praafert,
1429 859 1582 915 sicut
1603 864 1660 915 et
1681 858 1779 914 ille
1801 860 1933 915 Rot-

264 947 387 1020 geri
427 947 606 1003 codex
651 945 926 1003 Ratherio
964 964 1213 1008 coaevus.
1237 964 1413 1020 quem
1459 948 1783 1004 Fulcuinus
1815 966 1931 1021 prae.

265 1035 452 1092 oculis
481 1036 709 1092 habuit.
745 1037 810 1092 In
854 1039 1020 1092 tanta
1066 1053 1203 1110 ergo
1234 1037 1507 1093 codicum
1547 1037 1932 1094 consensione

265 1124 411 1181 nihil
443 1126 904 1182 emendandum.
928 1125 1185 1182 Verbum
1217 1130 1413 1183 autem
1437 1149 1466 1178 (ι
1499 1131 1756 1182 erratum
1787 1131 1929 1183 est»

264 1215 332 1270 ad
386 1214 771 1288 priscedentia
820 1215 1088 1281 refertur,
1120 1215 1338 1287 quibus
1389 1216 1677 1289 Rotgerus
1728 1234 1929 1273 narra-

260 1308 425 1359 verat
455 1304 516 1359 S.
549 1303 905 1371 Brunonem,
938 1320 1072 1359 cum
1123 1304 1465 1361 Ratherium
1510 1306 1583 1361 ad
1620 1306 1929 1361 Leodicen-

261 1409 389 1449 sem
448 1393 650 1450 sedem
702 1394 1013 1465 promovit,
1049 1394 1376 1465 speravisse
1435 1395 1554 1449 fore
1610 1398 1677 1450 ut
1710 1418 1735 1445 «
1768 1394 1931 1451 nulla

260 1481 491 1539 occasio
518 1482 777 1539 scandali
802 1488 1002 1555 posset
1022 1483 1079 1538 in
1105 1500 1304 1539 eorum
1329 1485 1603 1558 episc0po
1625 1485 1924 1557 reperiri.»

258 1572 650 1643 Partezautem
674 1572 917 1628 adversa
938 1571 1287 1644 praevalente
1303 1590 1439 1628 cum
1464 1590 1744 1646 magnum
1764 1590 1929 1629 scan-

257 1659 463 1716 dalum
502 1660 676 1717 fuerit
707 1661 961 1716 subinde
1001 1652 1343 1729 excitatum,
1374 1678 1436 1717 se
1468 1678 1695 1718 errasse
1725 1663 1927 1734 depre-

256 1748 486 1805 hendit.
511 1748 862 1821 Quanquam
897 1750 1006 1829 etsi
1049 1750 1203 1822 apud
1248 1749 1600 1829 Fulcuinum
1639 1749 1931 1824 legeretur

252 1847 531 1895 certatum
558 1843 660 1904 est,
692 1856 828 1895 cum
860 1843 1060 1895 tamen
1107 1838 1166 1893 id
1207 1839 1280 1894 de
1318 1828 1615 1908 Hatherio,
1649 1856 1825 1910 quem
1857 1839 1929 1895 ab

253 1928 439 1984 armis
471 1928 837 1985 abstinuisse
886 1927 1168 1995 vidimus,
1194 1927 1378 1999 accipi
1429 1932 1700 2000 nequeat,
1733 1929 1806 1983 ad
1838 1945 1928 1985 re-

253 2016 433 2075 belles
456 2016 670 2090 procul
692 2016 872 2072 dubio
899 2016 1269 2072 referendum
1300 2020 1474 2084 esset,
1500 2017 1651 2073 sicut
1670 2017 1741 2072 ad
1768 2018 1927 2089 ipsos

254 2111 530 2180 spectant
560 2105 871 2178 sequentia
897 2107 1153 2162 saevitum
1175 2114 1268 2173 est,
1292 2122 1392 2161 nec
1414 2114 1682 2162 cessatum
1712 2115 1807 2175 est,
1830 2108 1924 2164 do-

252 2213 343 2252 nec
368 2196 710 2269 expulsione
727 2196 846 2268 ejus
865 2195 1188 2251 crudelitati
1202 2210 1324 2252 sua?
1341 2203 1393 2251 et
1412 2197 1679 2267 nequitia
1700 2198 1923 2268 satisfa-

250 2291 449 2342 cerent.
479 2284 556 2341 Se
586 2284 744 2341 enim
789 2286 849 2340 vi
878 2285 1104 2356 publica
1134 2283 1465 2357 expulsum,
1500 2289 1559 2340 et
1588 2284 1920 2342 Baldricum

249 2372 556 2431 intrusum
585 2372 646 2429 in
678 2374 884 2429 eodem
918 2372 1201 2445 prooemio
1233 2376 1501 2429 testatur.

312 2466 403 2521 58.
428 2463 734 2536 Antiquus
767 2467 973 2518 auctor
1008 2462 1080 2517 de
1110 2462 1301 2518 Gestis
1332 2461 1743 2536 episcoporum
1770 2464 1922 2519 Tun-

246 2552 563 2625 grensium
585 2569 620 2607 a
640 2553 900 2608 Martene
931 2556 987 2607 et
1018 2552 1295 2607 Durando
1316 2552 1509 2607 editus
1540 2551 1719 2624 hujus
1741 2554 1923 2610 rebel-

244 2640 417 2698 lionis
474 2658 716 2698 causam
771 2642 949 2697 refert
993 2641 1052 2696 in
1102 2640 1385 2697 acriorem
1439 2659 1769 2709 censuram,
1802 2661 1921 2715 qua

244 2730 570 2787 Ratherius
595 2731 942 2804 depravatos
971 2731 1148 2786 etiam
1182 2731 1510 2803 potentium
1542 2748 1735 2787 mores
1767 2750 1922 2788 acer-

241 2820 375 2876 hius
407 2821 781 2893 perstrinxit.
804 2844 830 2871 «
858 2821 1005 2876 Nam
1039 2821 1180 2876 dum
1231 2820 1288 2875 in
1340 2836 1535 2876 mores
1585 2820 1917 2890 hominum,

240 2909 458 2982 inquit,
487 2915 613 2965 tam
647 2909 1102 2982 scriptis,quam
1147 2910 1320 2966 dictis
1352 2910 1725 2966 inveberetur
1753 2927 1919 2982 aequo

241 2998 615 3065 mordacius,
643 2999 751 3054 hoc
789 3016 910 3054 nnn
954 2999 1171 3054 ferente
1212 2999 1541 3071 potentium
1583 2999 1917 3067 insolentia,

236 3104 267 3143 a
296 3092 516 3145 nostra
562 3088 702 3144 sede
755 3086 1143 3144 nihilominus
1186 3088 1461 3159 dejicitur
1488 3093 1558 3156 (t.
1594 3089 1666 3144 lV
1699 3090 1916 3145 Collect.

240 3177 389 3233 Veter
421 3178 637 3249 Script.
672 3193 806 3250 pag.
839 3178 965 3245 859,
991 3195 1050 3233 n.
1085 3178 1196 3244 20).
1228 3200 1253 3226 ››
1286 3177 1514 3234 Similia
1542 3178 1786 3234 tradunt
1809 3181 1921 3234 An-

2043 593 2407 656 accusantes,
2431 597 2836 662 opposuerunt
2856 610 3053 649 sacros
3075 611 3328 652 canones
3358 598 3460 670 qui
3489 600 3707 673 episco-

2040 696 2250 751 porum
2282 678 2700 737 translationes
2725 687 2997 738 vetarunt
3026 686 3124 755 (De
3149 696 3458 760 contemptu
3479 706 3678 748 canon.
3688 733 3703 763 ,

2042 785 2098 839 p.
2128 768 2177 834 1,
2206 785 2261 823 n.
2295 769 2374 840 9).
2409 768 2506 824 llle
2536 787 2670 825 vero
2720 788 2848 827 sese
2884 772 3139 829 defendit
3169 780 3296 830 tum
3325 778 3556 834 decreto
3587 783 3706 836 An-

2039 856 2190 911 theri
2219 873 2402 929 papae,
2429 854 2583 929 quod
2614 864 2753 915 tunc
2784 861 2857 915 ab
2890 863 3166 917 omnibus
3197 864 3492 923 sincerum
3525 868 3705 925 habe-

2042 946 2237 1012 batur,
2257 952 2382 1000 tum
2409 948 2731 1018 praesertim
2755 957 3089 1005 sanctorum
3114 953 3493 1026 antiquorum
3516 974 3705 1014 exem-

2042 1029 2176 1107 plis,
2212 1035 2311 1107 qui
2345 1053 2413 1091 ex
2444 1053 2561 1092 una
2603 1037 2742 1093 sede
2789 1039 2859 1094 ad
2912 1040 3085 1095 aliam
3124 1043 3407 1101 transiere
3426 1047 3700 1115 (Condus.

2041 1141 2099 1179 n.
2137 1122 2247 1195 40).
2276 1124 2517 1180 Addidit
2573 1144 2654 1192 se,
2701 1144 2831 1183 cum
2894 1128 3106 1201 pulsus
3139 1147 3170 1187 e
3198 1131 3520 1191 Veronensi
3568 1139 3705 1195 sede

2040 1212 2377 1285 episcopatu
2413 1220 2653 1282 careret,
2674 1233 2804 1271 vere
2837 1235 2951 1275 non
2975 1237 3149 1290 posse
3178 1221 3292 1277 dici
3318 1223 3388 1289 de
3419 1242 3538 1282 una
3565 1228 3703 1284 sede

2039 1303 2110 1357 ad
2145 1302 2321 1357 aliam
2372 1304 2743 1370 traductum;
2779 1323 3033 1378 cumque
3082 1309 3240 1381 ipsas
3286 1313 3702 1373 translationes

2039 1393 2389 1462 reprendere
2420 1393 2606 1464 possit
2637 1412 2828 1461 nemo,
2862 1397 2910 1451 si
2947 1416 3060 1452 non
3096 1397 3359 1457 humana
3390 1402 3587 1477 aliqua
3618 1424 3703 1462 ra-

2039 1481 2215 1552 tione,
2240 1482 2341 1536 sed
2393 1483 2735 1575 necessitate
2766 1485 2850 1539 vel
2903 1487 3154 1544 utilitate
3202 1490 3469 1547 Ecclesiae
3522 1495 3699 1565 fiant;

2038 1571 2323 1625 monuitu
2358 1571 2464 1626 nec
2515 1572 2766 1627 avaritiae
2818 1592 3017 1641 causa,
3060 1576 3150 1633 vel
3201 1580 3491 1651 superbiae
3522 1599 3584 1638 se
3614 1584 3703 1639 in-

2037 1659 2415 1725 tronizatum,
2442 1660 2540 1715 sed
2574 1660 2813 1732 pulsum
2846 1681 2879 1718 a
2913 1666 3149 1737 propria
3174 1668 3332 1735 sede,
3358 1672 3704 1730 necessitate

2040 1751 2309 1802 coactum
2342 1748 2558 1803 adiisse
2602 1754 2739 1804 tunc
2780 1753 3065 1823 temporis
3095 1755 3433 1826 piissimum
3483 1776 3699 1833 regem,

2040 1853 2197 1890 nunc
2229 1836 2512 1892 Caesarem
2560 1838 3056 1909 gloriosissimum
3103 1844 3291 1911 illum,
3335 1849 3704 1907 consuluisse

2038 1925 2357 1997 praesulum
2391 1927 2702 1982 concilium
2738 1946 2750 1983 :
2786 1928 2916 1985 illos
2947 1948 3079 1987 vero
3122 1932 3578 1994 misericorditer
3607 1957 3701 1996 me

2037 2013 2304 2086 elegisse,
2329 2020 2386 2070 et
2414 2015 2613 2087 populi
2656 2034 2899 2074 assensu
2953 2023 3262 2093 conjuncta
3312 2024 3701 2086 fraternaliter

2037 2102 2443 2170 intronizasse,
2468 2128 2495 2153 η
2524 2105 2607 2160 Ita
2638 2106 2949 2163 Ratherius
2982 2115 3143 2180 parte
3181 2113 3373 2184 prima
3394 2135 3426 2168 ε
3456 2116 3528 2173 de
3559 2135 3696 2174 con-

2030 2195 2257 2264 temptu
2292 2210 2584 2250 canonum
2618 2217 2647 2245 ››
2680 2214 2843 2251 num.
2877 2199 2931 2266 9,
2958 2200 3055 2254 ubi
3092 2201 3554 2275 disputationem
3588 2207 3697 2264 hac

2030 2298 2209 2353 super
2229 2299 2291 2338 re
2311 2299 2445 2339 cum
2464 2284 2741 2356 quopiam
2764 2287 3160 2345 ecclesiastico
3175 2291 3405 2348 Leodici
3428 2293 3695 2353 habitam

2030 2371 2224 2426 refert.
2260 2370 2415 2426 Nihil
2448 2378 2645 2429 autem
2677 2375 2958 2446 proficere
2988 2382 3259 2449 poterant
3290 2382 3569 2453 rationes,
3593 2385 3694 2440 ubi

2032 2477 2147 2514 non
2180 2460 2348 2528 ratio,
2377 2462 2479 2516 sed
2522 2462 2612 2517 vis
2642 2464 3009 2534 praavalebat.
3036 2466 3225 2523 Cessit
3275 2475 3471 2527 autem
3521 2477 3695 2531 tantae

2029 2548 2313 2604 violentia:
2338 2551 2553 2617 Bruuo,
2576 2552 2667 2606 cui
2692 2552 2872 2607 totius
2894 2553 3056 2626 regni
3082 2556 3484 2616 Lothariens’is
3505 2561 3698 2634 dispo-

2029 2637 2185 2705 sitio,
2221 2642 2286 2693 ut
2333 2639 2615 2704 diximus,
2646 2641 2865 2696 tradita
2919 2642 3129 2700 fuerat.
3157 2668 3183 2695 ‹‹
3217 2646 3405 2702 Cessit
3434 2647 3632 2721 igitur,
3667 2673 3689 2703 ι

2030 2725 2223 2798 inquit
2253 2726 2561 2800 Rotgerus,
2594 2732 2652 2783 et
2701 2746 2769 2784 ex
2824 2747 2891 2785 eo
2952 2731 3127 2787 etiam
3182 2734 3523 2807 Fulcuinus,
3563 2763 3591 2790 «
3624 2759 3696 2796 ne

2030 2816 2362 2871 vinceretur
2391 2833 2426 2871 a
2457 2815 2632 2873 malo.
2670 2819 2770 2873 sed
2802 2820 3059 2876 vinceret
3111 2822 3169 2879 in
3221 2824 3373 2883 bono
3421 2828 3645 2885 malum
3677 2849 3690 2887 :

2029 2900 2209 2960 cessit
2267 2906 2704 2963 adversantium
2735 2907 3041 2978 voluntati,
3078 2917 3143 2967 ut
3174 2930 3280 2970 suo
3337 2932 3437 2973 eos
3496 2916 3693 2991 gladio

2021 2994 2327 3065 jugularet
2373 2995 2574 3062 (Rom.
2616 2998 2713 3052 Vit.
2767 3000 2941 3054 Brun.
2992 3017 3051 3055 n.
3101 3001 3197 3071 34;
3236 3004 3405 3060 FULc.
3440 3022 3491 3062 c.
3524 3008 3635 3079 23).
3662 3031 3691 3059 ››

2030 3082 2327 3138 Baldricus
2360 3083 2554 3157 itaque
2579 3086 2785 3156 junior
2804 3096 3181 3147 consecratur
3205 3092 3537 3166 episcopus,
3563 3100 3620 3153 et
3637 3098 3693 3153 vi

2029 3172 2263 3245 publica
2292 3173 2352 3228 in
2385 3173 2724 3231 Leodicensi
2777 3177 2915 3233 sede
2965 3180 3364 3238 constituitur.
3388 3182 3534 3240 Hinc
3555 3202 3692 3242 eum

236 3265 466 3325 selmus
517 3266 846 3324 canonicus
897 3266 1237 3323 Leodiensis
1282 3284 1408 3340 cap.
1436 3269 1525 3337 33,
1558 3272 1617 3324 et
1648 3268 1912 3341 [Egidius
1944 3250 1986 3317 Β
2028 3283 2055 3312 α
2088 3262 2275 3317 furem
2309 3267 2365 3327 et
2396 3261 2681 3320 latronem
2706 3288 2734 3315 »
2757 3266 3062 3338 appellans
3089 3269 3403 3326 Ratherius
3424 3271 3485 3327 in
3508 3296 3535 3324 «
3560 3290 3694 3330 con-

236 3356 376 3412 item
431 3355 789 3414 Leodiensis
831 3373 958 3428 cap.
996 3358 1083 3424 45,
1119 3356 1218 3427 qui
1273 3356 1693 3429 Chapeauvillii
1742 3374 1919 3430 opera

232 3444 616 3516 prodierunt.
645 3445 838 3519 Ipsam
866 3444 1269 3517 expulsionem
1293 3469 1320 3495 «
1344 3446 1580 3518 ingenio
1605 3445 1915 3516 Baldrici,»

232 3532 614 3607 Ultrajectini
648 3535 929 3609 episcopi,
955 3558 982 3585 «
1010 3538 1245 3608 patrato
1277 3535 1539 3592 Rotberti
1574 3558 1602 3586 »
1634 3533 1917 3608 archiepi-

228 3625 388 3697 scopi
445 3624 846 3693 Trevirensis,
877 3648 904 3676 ‹‹
930 3629 988 3681 et
1016 3625 1069 3681 vi
1119 3624 1357 3697 publica
1398 3624 1681 3681 comitum
1734 3625 1914 3697 Rege-

227 3713 348 3768 neri
382 3718 573 3787 atque
626 3713 939 3770 Ruodvolti
974 3737 993 3763 ι
1023 3718 1319 3786 peractam
1374 3718 1574 3772 noster
1622 3718 1826 3770 auctor
1854 3712 1915 3767 in

228 3799 468 3859 laudato
492 3804 798 3859 Phrenesis
818 3803 1102 3875 prommio
1126 3821 1293 3859 num.
1317 3805 1367 3871 1,
1392 3802 1669 3875 prodidit.
1696 3801 1918 3857 Baldri-

225 3906 326 3946 cus
351 3891 653 3948 nimirum
673 3894 986 3965 episcopus
1003 3891 1421 3962 Ultrajectinus
1443 3908 1618 3963 quem
1638 3891 1913 3946 Rotberto

223 3980 562 4039 Trevirensi
600 4003 630 4031 ‹‹
684 3982 743 4037 in
794 3981 887 4038 sui
936 3980 1328 4038 debellatione
1376 3980 1837 4054 consigniferum
1883 4002 1912 4031 ››

220 4068 371 4126 idem
400 4076 626 4127 auctor
646 4075 814 4127 vocat
838 4072 1122 4143 (Phrenes.
1153 4088 1396 4144 prorem.
1423 4088 1481 4126 n.
1505 4070 1585 4141 2),
1610 4069 1791 4126 alium
1810 4072 1909 4143 ju-

222 4157 443 4217 niorem
478 4159 836 4217 Baldricum
891 4160 1090 4216 fratris
1139 4159 1351 4231 filium,
1384 4159 1519 4215 licet
1548 4158 1713 4216 valde
1736 4161 1909 4232 juve-

221 4263 348 4303 nem
374 4249 631 4322 [Lxxxr],
652 4266 797 4322 puer
820 4249 1114 4322 siquidem
1140 4248 1462 4315 dicitur,ad
1492 4250 1907 4307 Leodicensem

222 4337 415 4395 sedem
450 4340 712 4397 evehere
756 4339 1082 4395 contendit.
1108 4341 1496 4396 Accesserunt
1526 4339 1644 4395 duo
1684 4357 1906 4397 memo-

220 4428 321 4481 rati
345 4430 613 4486 comites
642 4430 982 4502 Regenerus
1004 4433 1061 4484 et
1092 4429 1453 4485 Ruodvoltus
1485 4429 1543 4483 in
1576 4429 1694 4484 illis
1726 4429 1909 4503 regio-

222 4515 388 4573 nibus
416 4523 851 4593 prazpotentes,
878 4535 1132 4590 quorum
1165 4535 1344 4589 nepos
1375 4522 1497 4574 erat
1527 4518 1679 4574 idem
1702 4519 1909 4590 junior

217 4602 545 4676 Baldricus,
578 4631 611 4659 ‹‹
641 4607 786 4663 talia
808 4610 874 4663 ut
905 4606 1044 4679 quid
1067 4607 1438 4679 contigerint,
1464 4625 1538 4663 ne
1564 4607 1803 4663 difficile
1828 4608 1906 4663 sit
1934 4625 1982 4689 D

216 4697 533 4769 conjectari
566 4697 869 4771 (Phrcncs.
906 4713 1149 4768 pronam.
1178 4714 1236 4752 n.
1264 4698 1336 4765 1).
1366 4719 1393 4747 ››
1420 4696 1636 4767 Bruno,
1662 4696 1763 4770 qui
1797 4697 1908 4752 Ra-

215 4782 471 4845 therium
505 4786 769 4844 maximi
817 4786 1088 4851 faciebat,
1114 4786 1309 4859 ipsum
1360 4786 1419 4841 in
1471 4804 1579 4843 sua
1628 4786 1908 4843 cathedra

216 4879 550 4934 sustentare
574 4875 991 4948 concupisset;
1018 4875 1119 4931 sed
1146 4874 1374 4931 nullum
1407 4874 1525 4932 sive
1555 4893 1623 4931 ex
1648 4873 1905 4947 episcOpi

215 4966 435 5040 amicis,
475 4967 608 5025 sive
643 4983 719 5023 ex
765 4964 1079 5030 militibus,
1113 4981 1214 5021 seu
1262 4964 1640 5039 magnatibus
1674 4964 1903 5036 adjuto-

217 5068 328 5109 rem
360 5060 607 5126 nactus,
646 5072 720 5111 ac
750 5058 1032 5129 praeterea
1073 5058 1341 5111 metuens
1374 5070 1446 5110 ne
1476 5052 1699 5110 laudati
1731 5052 1906 5109 comi-

216 5146 315 5209 tes,
338 5147 441 5217 qui
475 5150 703 5202 contra
731 5144 1068 5202 Conradum
1095 5148 1235 5199 tunc
1267 5143 1540 5216 agebant,
1575 5144 1623 5199 si
1653 5142 1903 5199 Baldrici

210 5229 457 5299 junioris
512 5233 890 5309 promotioni
936 5232 1264 5301 obsisteret,
1299 5233 1370 5288 ad
1404 5232 1657 5288 Conradi
1707 5236 1903 5305 partes

216 5324 552 5393 transirent,
579 5328 644 5380 et
667 5325 872 5378 cont.a
904 5337 1100 5394 regem
1135 5320 1358 5394 aliquid
1391 5321 1759 5388 molirentur,
1784 5338 1905 5378 om-

219 5409 413 5485 nisque
458 5430 572 5487 pro
630 5410 922 5468 Ratherio
977 5411 1142 5467 nisus
1199 5410 1403 5467 irritus
1448 5411 1708 5479 caderet;
1743 5411 1901 5467 idem

220 5503 523 5560 consilium
578 5502 868 5559 deserere
917 5504 1154 5556 coactus
1204 5499 1333 5557 fuit.
1367 5499 1485 5557 Hac
1536 5518 1708 5574 porro
1750 5500 1810 5555 in
1842 5517 1905 5557 re

2027 3349 2288 3407 clusione
2333 3353 2564 3427 [Lxxxn]
2613 3354 2992 3411 deliberativa
3020 3379 3047 3406 ››
3082 3376 3245 3414 num.
3273 3363 3310 3414 2
3340 3378 3353 3415 :
3380 3384 3408 3411 «
3453 3362 3688 3435 Furem,

2027 3439 2241 3512 inquit,
2277 3441 2418 3513 quia
2447 3442 2602 3498 furto
2652 3444 2899 3499 abstulit
2942 3444 3085 3499 mihi
3119 3447 3344 3515 sedem,
3374 3448 3688 3523 latronem,

2026 3530 2166 3601 quia
2194 3530 2250 3585 vi
2282 3535 2339 3585 et
2378 3535 2665 3603 potestate
2704 3533 2942 3604 publica
2966 3555 2994 3582 »
3017 3534 3281 3603 abstulit,
3302 3553 3373 3592 ea
3408 3538 3689 3597 nimirum

2026 3641 2054 3667 α
2084 3617 2137 3673 vi
2177 3618 2435 3690 publica,
2461 3642 2487 3668 ››
2514 3637 2633 3691 qua
2662 3637 2696 3674 a
2724 3621 3042 3677 comitibus
3077 3623 3374 3696 Regenero
3406 3631 3462 3683 et
3491 3628 3687 3685 Ruod-

2024 3706 2179 3761 volto
2232 3707 2357 3779 ipse
2415 3708 2688 3765 exclusus
2743 3709 2870 3775 fuit,
2897 3734 2923 3760 ‹‹
2960 3712 3457 3772 utinstitueretur
3506 3736 3686 3793 nepos

2025 3811 2226 3850 eorum
2260 3795 2566 3853 Baldricus
2596 3799 2820 3866 (Phren.
2857 3817 2915 3855 n.
2955 3800 3028 3872 1).
3057 3824 3085 3851 ››

2093 3885 2183 3940 59.
2220 3885 2476 3943 Rebellio
2506 3887 2627 3943 haec
2674 3894 2878 3946 contra
2926 3890 3269 3950 Ratherium
3320 3894 3412 3952 die
3461 3896 3686 3955 Natalis

2023 3974 2249 4030 Domini
2278 3976 2522 4047 cmpisse
2550 3995 2583 4033 a
2602 3978 2883 4036 Fulcuino
2917 3982 3189 4051 traditur,
3215 3985 3358 4040 dum
3384 3985 3539 4042 idem
3561 3987 3683 4060 epi-

2021 4081 2233 4136 scopus
2262 4066 2495 4122 Laubiis
2528 4074 2877 4126 moraretur.
2904 4094 2931 4119 «
2956 4070 3102 4126 Cum
3134 4074 3291 4145 apud
3324 4090 3453 4142 nos,
3488 4076 3685 4148 inquit

2017 4153 2115 4209 ille
2145 4172 2194 4209 c.
2221 4156 2312 4221 23,
2344 4155 2715 4214 Nativitatsm
2748 4159 2984 4214 Domini
3014 4159 3219 4216 festive
3244 4165 3302 4217 et
3329 4163 3568 4237 opipare
3592 4182 3682 4222 ce-

2017 4242 2286 4314 lebraret,
2312 4245 2465 4301 facta
2494 4250 2584 4300 est
2634 4246 2871 4302 Leodici
2906 4251 3108 4303 contra
3153 4265 3291 4305 eum
3333 4251 3683 4322 gravissima

2017 4332 2392 4406 conspiratio.
2420 4356 2448 4383 »
2473 4333 2590 4388 Hoc
2618 4333 2956 4390 rebellionis
2986 4334 3222 4391 initium
3252 4336 3682 4409 assignandum

2016 4427 2106 4477 est
2134 4420 2325 4477 Natali
2376 4421 2679 4478 Dominico
2710 4422 2849 4478 anni
2870 4422 3007 4490 954,
3036 4422 3116 4478 ita
3165 4427 3230 4479 nt
3277 4424 3541 4498 expulsio
3567 4428 3681 4485 Ra-

2014 4509 2210 4576 therii,
2227 4526 2406 4581 quam
2429 4509 2748 4582 aliquando
2770 4515 2905 4584 post
2925 4512 3303 4570 subsecutam
3324 4514 3677 4589 videbimus,

2016 4599 2187 4655 cadat
2217 4598 2276 4653 in
2300 4615 2523 4654 annum
2545 4600 2671 4662 955.
2688 4602 2781 4656 cui
2805 4601 3042 4674 quidem
3070 4601 3232 4659 illam
3267 4603 3517 4679 afﬁgunt
3540 4625 3677 4666 cum

2020 4687 2245 4761 )Egidio
2267 4687 2575 4744 Leodiensi
2598 4688 2713 4745 duo
2745 4688 2988 4763 antiqua
3009 4691 3297 4749 Chronica
3318 4693 3601 4754 Lobiense
3623 4703 3682 4755 et

2017 4777 2389 4845 Leodicense,
2406 4777 2624 4849 quibus
2648 4778 2708 4835 in
2736 4797 2795 4835 re
2817 4780 2888 4836 ad
2922 4781 3333 4839 Leodicensem
3358 4784 3678 4845 Ecclesium

2014 4868 2341 4942 pertinente
2387 4867 2576 4941 magis
2609 4869 2989 4927 deferendum
3021 4876 3131 4941 est,
3165 4888 3345 4944 quam
3376 4872 3678 4945 Sigeberto

2015 4956 2265 5029 aliisque
2297 4955 2665 5031 chronologis
2698 4957 3071 5031 Sigebertum
3101 4961 3340 5027 secutis,
3373 4961 3474 5033 qui
3504 4963 3679 5021 sicuti

2012 5050 2285 5104 errarunt
2314 5045 2573 5102 Ratherii
2608 5048 3037 5119 promotionem
3069 5050 3142 5105 ad
3175 5050 3443 5107 eamdem
3476 5052 3677 5109 sedem

2013 5135 2374 5194 ascribentes
2425 5152 2579 5191 anno
2609 5136 2716 5192 954
2746 5153 2851 5209 pro
2879 5138 3005 5205 953,
3042 5138 3123 5194 ita
3153 5138 3333 5195 etiam
3383 5147 3675 5211 errarunt,

2013 5243 2149 5282 cum
2183 5223 2343 5280 illius
2390 5223 2793 5297 expulsionem
2844 5226 3174 5283 retulerunt
3204 5226 3262 5282 in
3293 5245 3518 5284 annum
3548 5230 3676 5287 956.

2014 5315 2180 5372 Hunc
2210 5313 2467 5387 profecto
2498 5331 2723 5370 annum
2751 5315 2858 5370 956
2887 5332 3262 5387 nequaquam
3298 5316 3512 5381 ferunt,
3549 5334 3677 5388 quas

2012 5407 2083 5462 de
2113 5421 2222 5461 sua
2243 5401 2583 5475 expulsione
2606 5403 2785 5459 tradit
2806 5403 2931 5474 ipse
2955 5402 3267 5459 Ratherius
3295 5403 3353 5458 in
3382 5403 3679 5460 Phrix-anesi

2013 5492 2356 5551 num.1.Se
2399 5492 2557 5547 enim
2607 5491 2921 5564 expulsum
2973 5491 3194 5547 indicat
3219 5490 3484 5546 Conrado
3530 5489 3681 5547 duce

221 5586 423 5648 inimici
453 5589 748 5649 Ratherii
768 5590 848 5645 'ut
868 5589 1097 5661 justam
1120 5587 1381 5661 aliquam
1405 5591 1535 5661 ejus
1555 5588 1901 5647 excludendi
2008 5584 2259 5651 vivente,
2275 5604 2305 5632 «
2325 5580 2426 5653 qui
2447 5584 2589 5637 tunc
2611 5584 2815 5636 contra
2838 5595 3033 5651 regem
3057 5579 3329 5635 Ottonem
3354 5576 3565 5647 agebat
3597 5593 3610 5629 :
3648 5599 3679 5627 η

223 5692 444 5743 causam
473 5681 871 5767 praeferrent,
914 5678 1443 5739 incardinationem
1476 5678 1688 5759 ipsius,
1716 5694 1902 5756 quare

2011 5672 2239 5734 obierat
2268 5673 2466 5739 autem
2507 5667 2603 5727 hic
2633 5668 2753 5727 dux
2784 5670 2920 5727 ante
2958 5682 3182 5725 annum
3212 5665 3339 5733 956,
3363 5663 3506 5718 dum
3538 5674 3680 5728 cum
