  <div class='ocr_page' id='page_1' title='image "/cluster/home/n/w/nwhite01/storage/ocr_20150623/136-137/uc1.31175019686917/043.png"; bbox 0 0 3968 6384; ppageno 0'>
   <div class='ocr_carea' id='block_1_1' title="bbox 326 386 3743 458">
    <p class='ocr_par' dir='ltr' id='par_1_1' title="bbox 326 386 3743 458">
     <span class='ocr_line' id='line_1_1' title="bbox 326 386 3743 458; baseline -0.001 -2"><span class='ocrx_word' id='word_1_1' title='bbox 326 386 415 458; x_wconf 79' lang='grc'>¹’71</span> <span class='ocrx_word' id='word_1_2' title='bbox 1302 391 1752 457; x_wconf 81' lang='lat' dir='ltr'>RATHERIUS</span> <span class='ocrx_word' id='word_1_3' title='bbox 1798 391 2296 457; x_wconf 79' lang='lat' dir='ltr'>VERONENSIS</span> <span class='ocrx_word' id='word_1_4' title='bbox 2341 391 2793 455; x_wconf 85' lang='lat' dir='ltr'>EPISCOPUS.</span> <span class='ocrx_word' id='word_1_5' title='bbox 3673 390 3743 451; x_wconf 71' lang='lat'>72</span> 
     </span>
    </p>
   </div>
   <div class='ocr_carea' id='block_1_2' title="bbox 342 521 3747 602">
    <p class='ocr_par' dir='ltr' id='par_1_2' title="bbox 342 521 3747 602">
     <span class='ocr_line' id='line_1_2' title="bbox 342 521 3747 602; baseline -0.001 -17"><span class='ocrx_word' id='word_1_6' title='bbox 342 530 472 602; x_wconf 90' lang='lat' dir='ltr'>ipso</span> <span class='ocrx_word' id='word_1_7' title='bbox 502 541 636 600; x_wconf 86' lang='lat' dir='ltr'>rege</span> <span class='ocrx_word' id='word_1_8' title='bbox 662 524 910 582; x_wconf 89' lang='lat' dir='ltr'>subinde</span> <span class='ocrx_word' id='word_1_9' title='bbox 935 525 1299 592; x_wconf 80' lang='lat' dir='ltr'>conciliatus,</span> <span class='ocrx_word' id='word_1_10' title='bbox 1324 530 1525 582; x_wconf 91' lang='lat' dir='ltr'>contra</span> <span class='ocrx_word' id='word_1_11' title='bbox 1555 526 1859 598; x_wconf 87' lang='lat' dir='ltr'>Hungaros</span> <span class='ocrx_word' id='word_1_12' title='bbox 1890 543 1996 599; x_wconf 90' lang='lat' dir='ltr'>pu-</span> <span class='ocrx_word' id='word_1_13' title='bbox 2025 526 2079 597; x_wconf 75' lang='grc' dir='ltr'><strong>Α</strong></span> <span class='ocrx_word' id='word_1_14' title='bbox 2111 526 2301 581; x_wconf 87' lang='lat' dir='ltr'>dicata</span> <span class='ocrx_word' id='word_1_15' title='bbox 2324 524 2384 581; x_wconf 92' lang='lat' dir='ltr'>in</span> <span class='ocrx_word' id='word_1_16' title='bbox 2418 525 2694 581; x_wconf 88' lang='lat' dir='ltr'>Phrenesi</span> <span class='ocrx_word' id='word_1_17' title='bbox 2730 541 2893 582; x_wconf 88' lang='lat' dir='ltr'>num.</span> <span class='ocrx_word' id='word_1_18' title='bbox 2930 525 2997 580; x_wconf 83' lang='grc'>16</span> <span class='ocrx_word' id='word_1_19' title='bbox 3026 523 3178 596; x_wconf 91' lang='lat' dir='ltr'>(eam</span> <span class='ocrx_word' id='word_1_20' title='bbox 3218 521 3435 579; x_wconf 84' lang='lat' dir='ltr'>ibidem</span> <span class='ocrx_word' id='word_1_21' title='bbox 3473 522 3747 596; x_wconf 81' lang='lat' dir='ltr'>explicare</span> 
     </span>
    </p>
   </div>
   <div class='ocr_carea' id='block_1_3' title="bbox 339 613 1994 691">
    <p class='ocr_par' dir='ltr' id='par_1_3' title="bbox 339 613 1994 691">
     <span class='ocr_line' id='line_1_3' title="bbox 339 613 1994 691; baseline -0.002 -19"><span class='ocrx_word' id='word_1_22' title='bbox 339 618 560 691; x_wconf 88' lang='lat' dir='ltr'>gnabat</span> <span class='ocrx_word' id='word_1_23' title='bbox 602 631 803 671; x_wconf 87' lang='lat' dir='ltr'>mense</span> <span class='ocrx_word' id='word_1_24' title='bbox 859 618 1120 687; x_wconf 88' lang='lat' dir='ltr'>Augusto</span> <span class='ocrx_word' id='word_1_25' title='bbox 1171 615 1308 670; x_wconf 88' lang='lat' dir='ltr'>anni</span> <span class='ocrx_word' id='word_1_26' title='bbox 1359 616 1465 669; x_wconf 83' lang='lat'>955</span> <span class='ocrx_word' id='word_1_27' title='bbox 1506 617 1804 685; x_wconf 70' lang='lat' dir='ltr'>(Ncrrolog.</span> <span class='ocrx_word' id='word_1_28' title='bbox 1838 613 1994 669; x_wconf 84' lang='lat' dir='ltr'>Futd.</span> 
     </span>
    </p>
   </div>
   <div class='ocr_carea' id='block_1_4' title="bbox 339 702 1996 780">
    <p class='ocr_par' dir='ltr' id='par_1_4' title="bbox 339 702 1996 780">
     <span class='ocr_line' id='line_1_4' title="bbox 339 702 1996 780; baseline -0.004 -17"><span class='ocrx_word' id='word_1_29' title='bbox 339 707 495 780; x_wconf 88' lang='lat' dir='ltr'>apud</span> <span class='ocrx_word' id='word_1_30' title='bbox 530 704 780 761; x_wconf 90' lang='lat' dir='ltr'>Leihnit.</span> <span class='ocrx_word' id='word_1_31' title='bbox 806 710 846 760; x_wconf 93' lang='lat' dir='ltr'>t.</span> <span class='ocrx_word' id='word_1_32' title='bbox 871 704 939 759; x_wconf 88' lang='lat' dir='ltr'>V.</span> <span class='ocrx_word' id='word_1_33' title='bbox 966 709 1165 759; x_wconf 82' lang='lat' dir='ltr'>Rerum</span> <span class='ocrx_word' id='word_1_34' title='bbox 1198 704 1505 777; x_wconf 76' lang='lat' dir='ltr'>Brunsrz&#39;c.)</span> <span class='ocrx_word' id='word_1_35' title='bbox 1538 706 1683 759; x_wconf 85' lang='lat' dir='ltr'>Hinc</span> <span class='ocrx_word' id='word_1_36' title='bbox 1715 703 1813 759; x_wconf 92' lang='lat' dir='ltr'>ubi</span> <span class='ocrx_word' id='word_1_37' title='bbox 1844 702 1996 775; x_wconf 70' lang='grc' dir='ltr'>Αἰεὶ-</span> 
     </span>
    </p>
   </div>
   <div class='ocr_carea' id='block_1_5' title="bbox 339 792 1994 864">
    <p class='ocr_par' dir='ltr' id='par_1_5' title="bbox 339 792 1994 864">
     <span class='ocr_line' id='line_1_5' title="bbox 339 792 1994 864; baseline -0.004 -12"><span class='ocrx_word' id='word_1_38' title='bbox 339 797 475 852; x_wconf 92' lang='lat' dir='ltr'>dius</span> <span class='ocrx_word' id='word_1_39' title='bbox 496 798 855 850; x_wconf 90' lang='lat' dir='ltr'>memoratus</span> <span class='ocrx_word' id='word_1_40' title='bbox 875 793 1285 848; x_wconf 90' lang='lat' dir='ltr'>Leodicensem</span> <span class='ocrx_word' id='word_1_41' title='bbox 1310 792 1568 847; x_wconf 84' lang='lat' dir='ltr'>Ratherii</span> <span class='ocrx_word' id='word_1_42' title='bbox 1592 793 1994 864; x_wconf 89' lang='lat' dir='ltr'>episcopatum</span> 
     </span>
    </p>
   </div>
   <div class='ocr_carea' id='block_1_6' title="bbox 341 881 1991 953">
    <p class='ocr_par' dir='ltr' id='par_1_6' title="bbox 341 881 1991 953">
     <span class='ocr_line' id='line_1_6' title="bbox 341 881 1991 953; baseline -0.004 -12"><span class='ocrx_word' id='word_1_43' title='bbox 341 908 369 935; x_wconf 83' lang='lat'><strong>«</strong></span> <span class='ocrx_word' id='word_1_44' title='bbox 393 886 509 941; x_wconf 89' lang='lat' dir='ltr'>fere</span> <span class='ocrx_word' id='word_1_45' title='bbox 532 884 720 939; x_wconf 91' lang='lat' dir='ltr'>tribus</span> <span class='ocrx_word' id='word_1_46' title='bbox 744 882 915 937; x_wconf 88' lang='lat' dir='ltr'>annis</span> <span class='ocrx_word' id='word_1_47' title='bbox 936 905 963 932; x_wconf 85' lang='lat'>»</span> <span class='ocrx_word' id='word_1_48' title='bbox 989 886 1183 937; x_wconf 84' lang='lat' dir='ltr'>actum</span> <span class='ocrx_word' id='word_1_49' title='bbox 1210 881 1432 947; x_wconf 78' lang='lat' dir='ltr'>scribit,</span> <span class='ocrx_word' id='word_1_50' title='bbox 1450 881 1660 937; x_wconf 92' lang='lat' dir='ltr'>melius</span> <span class='ocrx_word' id='word_1_51' title='bbox 1681 881 1991 953; x_wconf 88' lang='lat' dir='ltr'>legendum</span> 
     </span>
    </p>
   </div>
   <div class='ocr_carea' id='block_1_7' title="bbox 344 968 1995 1041">
    <p class='ocr_par' dir='ltr' id='par_1_7' title="bbox 344 968 1995 1041">
     <span class='ocr_line' id='line_1_7' title="bbox 344 968 1995 1041; baseline -0.005 -10"><span class='ocrx_word' id='word_1_52' title='bbox 344 997 371 1026; x_wconf 88' lang='grc'>‹‹</span> <span class='ocrx_word' id='word_1_53' title='bbox 404 974 521 1031; x_wconf 85' lang='lat' dir='ltr'>fere</span> <span class='ocrx_word' id='word_1_54' title='bbox 552 973 781 1028; x_wconf 91' lang='lat' dir='ltr'>duobus</span> <span class='ocrx_word' id='word_1_55' title='bbox 812 970 1003 1035; x_wconf 89' lang='lat' dir='ltr'>annis,</span> <span class='ocrx_word' id='word_1_56' title='bbox 1030 971 1202 1027; x_wconf 90' lang='lat' dir='ltr'>sicuti</span> <span class='ocrx_word' id='word_1_57' title='bbox 1244 970 1423 1026; x_wconf 84' lang='lat' dir='ltr'>ferme</span> <span class='ocrx_word' id='word_1_58' title='bbox 1462 969 1764 1025; x_wconf 84' lang='lat' dir='ltr'>biennium</span> <span class='ocrx_word' id='word_1_59' title='bbox 1792 992 1817 1017; x_wconf 89' lang='grc'><strong>››</strong></span> <span class='ocrx_word' id='word_1_60' title='bbox 1853 968 1995 1041; x_wconf 89' lang='lat' dir='ltr'>legi-</span> 
     </span>
    </p>
   </div>
   <div class='ocr_carea' id='block_1_8' title="bbox 337 1057 1993 1136">
    <p class='ocr_par' dir='ltr' id='par_1_8' title="bbox 337 1057 1993 1136">
     <span class='ocr_line' id='line_1_8' title="bbox 337 1057 1993 1136; baseline -0.005 -17"><span class='ocrx_word' id='word_1_61' title='bbox 337 1067 435 1120; x_wconf 90' lang='lat' dir='ltr'>tur</span> <span class='ocrx_word' id='word_1_62' title='bbox 451 1062 607 1136; x_wconf 89' lang='lat' dir='ltr'>apud</span> <span class='ocrx_word' id='word_1_63' title='bbox 631 1060 1001 1128; x_wconf 84' lang='lat' dir='ltr'>Fulcuinum,</span> <span class='ocrx_word' id='word_1_64' title='bbox 1029 1063 1093 1114; x_wconf 89' lang='lat' dir='ltr'>ut</span> <span class='ocrx_word' id='word_1_65' title='bbox 1121 1076 1188 1115; x_wconf 90' lang='lat' dir='ltr'>ex</span> <span class='ocrx_word' id='word_1_66' title='bbox 1209 1063 1572 1132; x_wconf 89' lang='lat' dir='ltr'>textu,quem</span> <span class='ocrx_word' id='word_1_67' title='bbox 1594 1058 1759 1114; x_wconf 88' lang='lat' dir='ltr'>initio</span> <span class='ocrx_word' id='word_1_68' title='bbox 1782 1057 1993 1113; x_wconf 91' lang='lat' dir='ltr'>decimi</span> 
     </span>
    </p>
   </div>
   <div class='ocr_carea' id='block_1_9' title="bbox 339 1146 1994 1223">
    <p class='ocr_par' dir='ltr' id='par_1_9' title="bbox 339 1146 1994 1223">
     <span class='ocr_line' id='line_1_9' title="bbox 339 1146 1994 1223; baseline -0.004 -16"><span class='ocrx_word' id='word_1_69' title='bbox 339 1152 492 1208; x_wconf 76' lang='lat' dir='ltr'>tertii</span> <span class='ocrx_word' id='word_1_70' title='bbox 552 1148 901 1223; x_wconf 87' lang='lat' dir='ltr'>paragraphi</span> <span class='ocrx_word' id='word_1_71' title='bbox 960 1146 1400 1220; x_wconf 79' lang='lat' dir='ltr'>explicabimus,</span> <span class='ocrx_word' id='word_1_72' title='bbox 1446 1147 1638 1219; x_wconf 90' lang='lat' dir='ltr'>palam</span> <span class='ocrx_word' id='word_1_73' title='bbox 1697 1149 1813 1202; x_wconf 81' lang='lat' dir='ltr'>fiet.</span> <span class='ocrx_word' id='word_1_74' title='bbox 1876 1146 1994 1201; x_wconf 86' lang='lat' dir='ltr'>Iloc</span> 
     </span>
    </p>
   </div>
   <div class='ocr_carea' id='block_1_10' title="bbox 338 1236 1993 1309">
    <p class='ocr_par' dir='ltr' id='par_1_10' title="bbox 338 1236 1993 1309">
     <span class='ocr_line' id='line_1_10' title="bbox 338 1236 1993 1309; baseline -0.005 -12"><span class='ocrx_word' id='word_1_75' title='bbox 338 1266 364 1292; x_wconf 86' lang='grc'>‹‹</span> <span class='ocrx_word' id='word_1_76' title='bbox 400 1242 579 1297; x_wconf 83' lang='lat' dir='ltr'>ferme</span> <span class='ocrx_word' id='word_1_77' title='bbox 618 1238 922 1295; x_wconf 90' lang='lat' dir='ltr'>biennium</span> <span class='ocrx_word' id='word_1_78' title='bbox 958 1260 983 1286; x_wconf 81' lang='grc'><strong>››</strong></span> <span class='ocrx_word' id='word_1_79' title='bbox 1018 1238 1388 1309; x_wconf 82' lang='lat' dir='ltr'>episcopatus</span> <span class='ocrx_word' id='word_1_80' title='bbox 1430 1236 1707 1301; x_wconf 78' lang='lat' dir='ltr'>Ratherii,</span> <span class='ocrx_word' id='word_1_81' title='bbox 1732 1236 1885 1307; x_wconf 91' lang='lat' dir='ltr'>quod</span> <span class='ocrx_word' id='word_1_82' title='bbox 1920 1236 1993 1291; x_wconf 92' lang='lat' dir='ltr'>ab</span> 
     </span>
    </p>
   </div>
   <div class='ocr_carea' id='block_1_11' title="bbox 337 1323 1991 1403">
    <p class='ocr_par' dir='ltr' id='par_1_11' title="bbox 337 1323 1991 1403">
     <span class='ocr_line' id='line_1_11' title="bbox 337 1323 1991 1403; baseline -0.004 -18"><span class='ocrx_word' id='word_1_83' title='bbox 337 1331 465 1402; x_wconf 88' lang='lat' dir='ltr'>ejus</span> <span class='ocrx_word' id='word_1_84' title='bbox 487 1329 847 1403; x_wconf 90' lang='lat' dir='ltr'>promotione</span> <span class='ocrx_word' id='word_1_85' title='bbox 870 1326 963 1382; x_wconf 90' lang='lat' dir='ltr'>die</span> <span class='ocrx_word' id='word_1_86' title='bbox 983 1330 1045 1383; x_wconf 86' lang='lat' dir='ltr'>2t</span> <span class='ocrx_word' id='word_1_87' title='bbox 1078 1325 1439 1398; x_wconf 82' lang='lat' dir='ltr'>Septembris</span> <span class='ocrx_word' id='word_1_88' title='bbox 1468 1324 1607 1379; x_wconf 89' lang='lat' dir='ltr'>anni</span> <span class='ocrx_word' id='word_1_89' title='bbox 1629 1326 1734 1378; x_wconf 81' lang='grc'>953</span> <span class='ocrx_word' id='word_1_90' title='bbox 1757 1323 1991 1379; x_wconf 90' lang='lat' dir='ltr'>initium</span> 
     </span>
    </p>
   </div>
   <div class='ocr_carea' id='block_1_12' title="bbox 336 1413 1990 1490">
    <p class='ocr_par' dir='ltr' id='par_1_12' title="bbox 336 1413 1990 1490">
     <span class='ocr_line' id='line_1_12' title="bbox 336 1413 1990 1490; baseline -0.005 -14"><span class='ocrx_word' id='word_1_91' title='bbox 336 1418 536 1485; x_wconf 89' lang='lat' dir='ltr'>sumit,</span> <span class='ocrx_word' id='word_1_92' title='bbox 550 1417 728 1490; x_wconf 79' lang='lat' dir='ltr'>exigit</span> <span class='ocrx_word' id='word_1_93' title='bbox 745 1421 809 1471; x_wconf 92' lang='lat' dir='ltr'>ut</span> <span class='ocrx_word' id='word_1_94' title='bbox 828 1416 1023 1489; x_wconf 86' lang='lat' dir='ltr'>ipsum</span> <span class='ocrx_word' id='word_1_95' title='bbox 1042 1415 1350 1488; x_wconf 80' lang='lat' dir='ltr'>expulsum</span> <span class='ocrx_word' id='word_1_96' title='bbox 1373 1414 1641 1469; x_wconf 80' lang='lat' dir='ltr'>dicamus</span> <span class='ocrx_word' id='word_1_97' title='bbox 1660 1431 1772 1469; x_wconf 91' lang='lat' dir='ltr'>non</span> <span class='ocrx_word' id='word_1_98' title='bbox 1793 1413 1990 1467; x_wconf 82' lang='lat' dir='ltr'>statim</span> 
     </span>
    </p>
   </div>
   <div class='ocr_carea' id='block_1_13' title="bbox 332 1502 1989 1582">
    <p class='ocr_par' dir='ltr' id='par_1_13' title="bbox 332 1502 1989 1582">
     <span class='ocr_line' id='line_1_13' title="bbox 332 1502 1989 1582; baseline -0.007 -17"><span class='ocrx_word' id='word_1_99' title='bbox 332 1514 465 1582; x_wconf 87' lang='lat' dir='ltr'>post</span> <span class='ocrx_word' id='word_1_100' title='bbox 481 1511 739 1564; x_wconf 81' lang='lat' dir='ltr'>exortam</span> <span class='ocrx_word' id='word_1_101' title='bbox 758 1504 1130 1561; x_wconf 91' lang='lat' dir='ltr'>rebellionem</span> <span class='ocrx_word' id='word_1_102' title='bbox 1153 1504 1243 1559; x_wconf 88' lang='lat' dir='ltr'>die</span> <span class='ocrx_word' id='word_1_103' title='bbox 1259 1504 1330 1559; x_wconf 84' lang='lat'>25</span> <span class='ocrx_word' id='word_1_104' title='bbox 1356 1503 1687 1558; x_wconf 75' lang='lat' dir='ltr'>Decembris</span> <span class='ocrx_word' id='word_1_105' title='bbox 1705 1502 1841 1557; x_wconf 91' lang='lat' dir='ltr'>anni</span> <span class='ocrx_word' id='word_1_106' title='bbox 1864 1503 1989 1567; x_wconf 77' lang='grc'>954,</span> 
     </span>
    </p>
   </div>
   <div class='ocr_carea' id='block_1_14' title="bbox 333 1591 1989 1669">
    <p class='ocr_par' dir='ltr' id='par_1_14' title="bbox 333 1591 1989 1669">
     <span class='ocr_line' id='line_1_14' title="bbox 333 1591 1989 1669; baseline -0.006 -14"><span class='ocrx_word' id='word_1_107' title='bbox 333 1599 434 1655; x_wconf 89' lang='lat' dir='ltr'>sed</span> <span class='ocrx_word' id='word_1_108' title='bbox 453 1596 677 1669; x_wconf 82' lang='lat' dir='ltr'>aliquot</span> <span class='ocrx_word' id='word_1_109' title='bbox 700 1612 932 1651; x_wconf 90' lang='lat' dir='ltr'>menses</span> <span class='ocrx_word' id='word_1_110' title='bbox 956 1598 1105 1667; x_wconf 90' lang='lat' dir='ltr'>post.</span> <span class='ocrx_word' id='word_1_111' title='bbox 1122 1595 1245 1649; x_wconf 73' lang='lat' dir='ltr'>Non</span> <span class='ocrx_word' id='word_1_112' title='bbox 1269 1610 1454 1665; x_wconf 87' lang='lat' dir='ltr'>pauca</span> <span class='ocrx_word' id='word_1_113' title='bbox 1475 1592 1629 1648; x_wconf 88' lang='lat' dir='ltr'>enim</span> <span class='ocrx_word' id='word_1_114' title='bbox 1655 1596 1785 1664; x_wconf 87' lang='lat' dir='ltr'>post</span> <span class='ocrx_word' id='word_1_115' title='bbox 1808 1591 1989 1646; x_wconf 83' lang='lat' dir='ltr'>rebel-</span> 
     </span>
    </p>
   </div>
   <div class='ocr_carea' id='block_1_15' title="bbox 331 1681 1990 1758">
    <p class='ocr_par' dir='ltr' id='par_1_15' title="bbox 331 1681 1990 1758">
     <span class='ocr_line' id='line_1_15' title="bbox 331 1681 1990 1758; baseline -0.005 -15"><span class='ocrx_word' id='word_1_116' title='bbox 331 1687 504 1743; x_wconf 90' lang='lat' dir='ltr'>lionis</span> <span class='ocrx_word' id='word_1_117' title='bbox 549 1685 783 1742; x_wconf 90' lang='lat' dir='ltr'>initium</span> <span class='ocrx_word' id='word_1_118' title='bbox 830 1689 993 1758; x_wconf 85' lang='lat' dir='ltr'>gesta</span> <span class='ocrx_word' id='word_1_119' title='bbox 1044 1685 1445 1753; x_wconf 85' lang='lat' dir='ltr'>intercessere,</span> <span class='ocrx_word' id='word_1_120' title='bbox 1494 1686 1808 1752; x_wconf 88' lang='lat' dir='ltr'>antequam</span> <span class='ocrx_word' id='word_1_121' title='bbox 1862 1681 1990 1752; x_wconf 85' lang='lat' dir='ltr'>ejus</span> 
     </span>
    </p>
   </div>
   <div class='ocr_carea' id='block_1_16' title="bbox 332 1769 1987 1850">
    <p class='ocr_par' dir='ltr' id='par_1_16' title="bbox 332 1769 1987 1850">
     <span class='ocr_line' id='line_1_16' title="bbox 332 1769 1987 1850; baseline -0.005 -18"><span class='ocrx_word' id='word_1_122' title='bbox 332 1775 594 1850; x_wconf 81' lang='lat' dir='ltr'>expulsio</span> <span class='ocrx_word' id='word_1_123' title='bbox 644 1780 701 1831; x_wconf 89' lang='lat' dir='ltr'>et</span> <span class='ocrx_word' id='word_1_124' title='bbox 751 1773 998 1830; x_wconf 88' lang='lat' dir='ltr'>Baldrici</span> <span class='ocrx_word' id='word_1_125' title='bbox 1031 1773 1321 1828; x_wconf 83' lang='lat' dir='ltr'>ordinatio</span> <span class='ocrx_word' id='word_1_126' title='bbox 1370 1772 1550 1827; x_wconf 82' lang='lat' dir='ltr'>ﬁeret.</span> <span class='ocrx_word' id='word_1_127' title='bbox 1583 1769 1738 1825; x_wconf 87' lang='lat' dir='ltr'>Nihil</span> <span class='ocrx_word' id='word_1_128' title='bbox 1789 1770 1987 1843; x_wconf 86' lang='lat' dir='ltr'>perlici</span> 
     </span>
    </p>
   </div>
   <div class='ocr_carea' id='block_1_17' title="bbox 332 1859 1989 1940">
    <p class='ocr_par' dir='ltr' id='par_1_17' title="bbox 332 1859 1989 1940">
     <span class='ocr_line' id='line_1_17' title="bbox 332 1859 1989 1940; baseline -0.005 -19"><span class='ocrx_word' id='word_1_129' title='bbox 332 1869 557 1940; x_wconf 85' lang='lat' dir='ltr'>poterat</span> <span class='ocrx_word' id='word_1_130' title='bbox 587 1865 713 1921; x_wconf 88' lang='lat' dir='ltr'>sine</span> <span class='ocrx_word' id='word_1_131' title='bbox 747 1862 1030 1920; x_wconf 85' lang='lat' dir='ltr'>Brunonis</span> <span class='ocrx_word' id='word_1_132' title='bbox 1074 1878 1344 1929; x_wconf 75' lang='lat' dir='ltr'>assensu,</span> <span class='ocrx_word' id='word_1_133' title='bbox 1368 1859 1466 1932; x_wconf 89' lang='lat' dir='ltr'>qui</span> <span class='ocrx_word' id='word_1_134' title='bbox 1502 1877 1611 1915; x_wconf 92' lang='lat' dir='ltr'>nou</span> <span class='ocrx_word' id='word_1_135' title='bbox 1642 1859 1831 1914; x_wconf 89' lang='lat' dir='ltr'>solum</span> <span class='ocrx_word' id='word_1_136' title='bbox 1864 1862 1989 1914; x_wconf 89' lang='lat' dir='ltr'>erat</span> 
     </span>
    </p>
   </div>
   <div class='ocr_carea' id='block_1_18' title="bbox 333 1948 1986 2025">
    <p class='ocr_par' dir='ltr' id='par_1_18' title="bbox 333 1948 1986 2025">
     <span class='ocr_line' id='line_1_18' title="bbox 333 1948 1986 2025; baseline -0.005 -16"><span class='ocrx_word' id='word_1_137' title='bbox 333 1952 808 2025; x_wconf 87' lang='lat' dir='ltr'>archiepiscopus</span> <span class='ocrx_word' id='word_1_138' title='bbox 827 1950 1298 2016; x_wconf 87' lang='lat' dir='ltr'>Coloniensis,ad</span> <span class='ocrx_word' id='word_1_139' title='bbox 1327 1966 1500 2022; x_wconf 90' lang='lat' dir='ltr'>quem</span> <span class='ocrx_word' id='word_1_140' title='bbox 1528 1948 1658 2003; x_wconf 87' lang='lat' dir='ltr'>novi</span> <span class='ocrx_word' id='word_1_141' title='bbox 1678 1948 1986 2003; x_wconf 76' lang='lat' dir='ltr'>Laodicen-</span> 
     </span>
    </p>
   </div>
   <div class='ocr_carea' id='block_1_19' title="bbox 335 2036 1983 2114">
    <p class='ocr_par' dir='ltr' id='par_1_19' title="bbox 335 2036 1983 2114">
     <span class='ocr_line' id='line_1_19' title="bbox 335 2036 1983 2114; baseline -0.004 -16"><span class='ocrx_word' id='word_1_142' title='bbox 335 2044 418 2098; x_wconf 87' lang='lat' dir='ltr'>sis</span> <span class='ocrx_word' id='word_1_143' title='bbox 449 2040 705 2114; x_wconf 87' lang='lat' dir='ltr'>episcopi</span> <span class='ocrx_word' id='word_1_144' title='bbox 746 2040 1036 2097; x_wconf 88' lang='lat' dir='ltr'>ordinatio</span> <span class='ocrx_word' id='word_1_145' title='bbox 1081 2039 1400 2111; x_wconf 85' lang='lat' dir='ltr'>spectabat,</span> <span class='ocrx_word' id='word_1_146' title='bbox 1432 2054 1631 2092; x_wconf 85' lang='lat' dir='ltr'>verum</span> <span class='ocrx_word' id='word_1_147' title='bbox 1665 2036 1838 2092; x_wconf 88' lang='lat' dir='ltr'>etiam</span> <span class='ocrx_word' id='word_1_148' title='bbox 1871 2037 1983 2092; x_wconf 90' lang='lat' dir='ltr'>Lo-</span> 
     </span>
    </p>
   </div>
   <div class='ocr_carea' id='block_1_20' title="bbox 334 2125 1981 2203">
    <p class='ocr_par' dir='ltr' id='par_1_20' title="bbox 334 2125 1981 2203">
     <span class='ocr_line' id='line_1_20' title="bbox 334 2125 1981 2203; baseline -0.005 -16"><span class='ocrx_word' id='word_1_149' title='bbox 334 2130 644 2203; x_wconf 70' lang='lat' dir='ltr'>tharingize</span> <span class='ocrx_word' id='word_1_150' title='bbox 662 2130 780 2184; x_wconf 86' lang='lat' dir='ltr'>dux</span> <span class='ocrx_word' id='word_1_151' title='bbox 810 2132 990 2183; x_wconf 91' lang='lat' dir='ltr'>totam</span> <span class='ocrx_word' id='word_1_152' title='bbox 1024 2144 1152 2183; x_wconf 90' lang='lat' dir='ltr'>eam</span> <span class='ocrx_word' id='word_1_153' title='bbox 1186 2126 1478 2198; x_wconf 85' lang='lat' dir='ltr'>regionem</span> <span class='ocrx_word' id='word_1_154' title='bbox 1512 2125 1981 2181; x_wconf 82' lang='lat' dir='ltr'>administrabat.</span> 
     </span>
    </p>
   </div>
   <div class='ocr_carea' id='block_1_21' title="bbox 332 2213 1986 2290">
    <p class='ocr_par' dir='ltr' id='par_1_21' title="bbox 332 2213 1986 2290">
     <span class='ocr_line' id='line_1_21' title="bbox 332 2213 1986 2290; baseline -0.005 -14"><span class='ocrx_word' id='word_1_155' title='bbox 332 2221 436 2276; x_wconf 85' lang='lat' dir='ltr'>Hic</span> <span class='ocrx_word' id='word_1_156' title='bbox 466 2224 663 2276; x_wconf 90' lang='lat' dir='ltr'>autem</span> <span class='ocrx_word' id='word_1_157' title='bbox 713 2234 963 2290; x_wconf 89' lang='lat' dir='ltr'>magnus</span> <span class='ocrx_word' id='word_1_158' title='bbox 993 2216 1249 2272; x_wconf 79' lang='lat' dir='ltr'>Ratherii</span> <span class='ocrx_word' id='word_1_159' title='bbox 1283 2219 1565 2289; x_wconf 84' lang='lat' dir='ltr'>patronus</span> <span class='ocrx_word' id='word_1_160' title='bbox 1612 2214 1769 2269; x_wconf 80' lang='lat' dir='ltr'>hauri</span> <span class='ocrx_word' id='word_1_161' title='bbox 1819 2213 1986 2269; x_wconf 80' lang='lat' dir='ltr'>facile</span> 
     </span>
    </p>
   </div>
   <div class='ocr_carea' id='block_1_22' title="bbox 333 2301 1986 2369">
    <p class='ocr_par' dir='ltr' id='par_1_22' title="bbox 333 2301 1986 2369">
     <span class='ocr_line' id='line_1_22' title="bbox 333 2301 1986 2369; baseline -0.004 -4"><span class='ocrx_word' id='word_1_162' title='bbox 333 2308 628 2366; x_wconf 86' lang='lat' dir='ltr'>seditiosis</span> <span class='ocrx_word' id='word_1_163' title='bbox 659 2308 852 2363; x_wconf 88' lang='lat' dir='ltr'>cessit.</span> <span class='ocrx_word' id='word_1_164' title='bbox 886 2306 988 2362; x_wconf 90' lang='lat' dir='ltr'>Illa</span> <span class='ocrx_word' id='word_1_165' title='bbox 1021 2304 1312 2369; x_wconf 85' lang='lat' dir='ltr'>Fulcuini,</span> <span class='ocrx_word' id='word_1_166' title='bbox 1335 2329 1361 2354; x_wconf 90' lang='grc'>‹‹</span> <span class='ocrx_word' id='word_1_167' title='bbox 1388 2304 1534 2369; x_wconf 88' lang='lat' dir='ltr'>Quid</span> <span class='ocrx_word' id='word_1_168' title='bbox 1568 2301 1791 2359; x_wconf 80' lang='lat' dir='ltr'>multa?</span> <span class='ocrx_word' id='word_1_169' title='bbox 1822 2304 1986 2358; x_wconf 86' lang='lat' dir='ltr'>Erra-</span> 
     </span>
    </p>
   </div>
   <div class='ocr_carea' id='block_1_23' title="bbox 331 2395 1979 2473">
    <p class='ocr_par' dir='ltr' id='par_1_23' title="bbox 331 2395 1979 2473">
     <span class='ocr_line' id='line_1_23' title="bbox 331 2395 1979 2473; baseline -0.005 -19"><span class='ocrx_word' id='word_1_170' title='bbox 331 2404 459 2454; x_wconf 89' lang='lat' dir='ltr'>tum</span> <span class='ocrx_word' id='word_1_171' title='bbox 493 2398 749 2473; x_wconf 76' lang='lat' dir='ltr'>[Lxxxui]</span> <span class='ocrx_word' id='word_1_172' title='bbox 788 2400 893 2465; x_wconf 89' lang='lat' dir='ltr'>est,</span> <span class='ocrx_word' id='word_1_173' title='bbox 929 2395 1193 2449; x_wconf 68' lang='lat' dir='ltr'>saevitum</span> <span class='ocrx_word' id='word_1_174' title='bbox 1245 2398 1353 2460; x_wconf 89' lang='lat' dir='ltr'>est,</span> <span class='ocrx_word' id='word_1_175' title='bbox 1391 2410 1495 2448; x_wconf 75' lang='lat' dir='ltr'>NEC</span> <span class='ocrx_word' id='word_1_176' title='bbox 1546 2410 1838 2447; x_wconf 75' lang='lat' dir='ltr'>CESSATUM</span> <span class='ocrx_word' id='word_1_177' title='bbox 1872 2397 1979 2462; x_wconf 87' lang='lat' dir='ltr'>est,</span> 
     </span>
    </p>
   </div>
   <div class='ocr_carea' id='block_1_24' title="bbox 330 2482 1982 2560">
    <p class='ocr_par' dir='ltr' id='par_1_24' title="bbox 330 2482 1982 2560">
     <span class='ocr_line' id='line_1_24' title="bbox 330 2482 1982 2560; baseline -0.006 -16"><span class='ocrx_word' id='word_1_178' title='bbox 330 2489 512 2543; x_wconf 85' lang='lat' dir='ltr'>donec</span> <span class='ocrx_word' id='word_1_179' title='bbox 542 2486 881 2560; x_wconf 84' lang='lat' dir='ltr'>expulsioue</span> <span class='ocrx_word' id='word_1_180' title='bbox 925 2486 1053 2556; x_wconf 83' lang='lat' dir='ltr'>ejus</span> <span class='ocrx_word' id='word_1_181' title='bbox 1085 2482 1412 2538; x_wconf 81' lang='lat' dir='ltr'>crudelitati</span> <span class='ocrx_word' id='word_1_182' title='bbox 1445 2500 1562 2536; x_wconf 65' lang='lat' dir='ltr'>sua:</span> <span class='ocrx_word' id='word_1_183' title='bbox 1612 2487 1669 2536; x_wconf 90' lang='lat' dir='ltr'>ct</span> <span class='ocrx_word' id='word_1_184' title='bbox 1714 2482 1982 2553; x_wconf 58' lang='lat' dir='ltr'>nequitia</span> 
     </span>
    </p>
   </div>
   <div class='ocr_carea' id='block_1_25' title="bbox 328 2570 1979 2647">
    <p class='ocr_par' dir='ltr' id='par_1_25' title="bbox 328 2570 1979 2647">
     <span class='ocr_line' id='line_1_25' title="bbox 328 2570 1979 2647; baseline -0.005 -14"><span class='ocrx_word' id='word_1_185' title='bbox 328 2578 751 2645; x_wconf 82' lang='lat' dir='ltr'>satisfacerent,</span> <span class='ocrx_word' id='word_1_186' title='bbox 770 2598 796 2621; x_wconf 73' lang='grc' dir='ltr'><strong>η</strong></span> <span class='ocrx_word' id='word_1_187' title='bbox 821 2575 1054 2647; x_wconf 84' lang='lat' dir='ltr'>aliquod</span> <span class='ocrx_word' id='word_1_188' title='bbox 1084 2592 1196 2629; x_wconf 90' lang='lat' dir='ltr'>non</span> <span class='ocrx_word' id='word_1_189' title='bbox 1231 2575 1400 2628; x_wconf 87' lang='lat' dir='ltr'>breve</span> <span class='ocrx_word' id='word_1_190' title='bbox 1426 2578 1657 2644; x_wconf 88' lang='lat' dir='ltr'>tempus</span> <span class='ocrx_word' id='word_1_191' title='bbox 1681 2573 1737 2625; x_wconf 91' lang='lat' dir='ltr'>in</span> <span class='ocrx_word' id='word_1_192' title='bbox 1760 2570 1866 2625; x_wconf 89' lang='lat' dir='ltr'>hac</span> <span class='ocrx_word' id='word_1_193' title='bbox 1892 2588 1979 2625; x_wconf 86' lang='lat' dir='ltr'>se-</span> 
     </span>
    </p>
   </div>
   <div class='ocr_carea' id='block_1_26' title="bbox 327 2660 1980 2734">
    <p class='ocr_par' dir='ltr' id='par_1_26' title="bbox 327 2660 1980 2734">
     <span class='ocr_line' id='line_1_26' title="bbox 327 2660 1980 2734; baseline -0.004 -14"><span class='ocrx_word' id='word_1_194' title='bbox 327 2668 548 2722; x_wconf 88' lang='lat' dir='ltr'>ditione</span> <span class='ocrx_word' id='word_1_195' title='bbox 579 2670 845 2721; x_wconf 84' lang='lat' dir='ltr'>exactum</span> <span class='ocrx_word' id='word_1_196' title='bbox 880 2664 1161 2728; x_wconf 89' lang='lat' dir='ltr'>indicant,</span> <span class='ocrx_word' id='word_1_197' title='bbox 1189 2662 1533 2734; x_wconf 88' lang='lat' dir='ltr'>priusquam</span> <span class='ocrx_word' id='word_1_198' title='bbox 1568 2662 1759 2715; x_wconf 88' lang='lat' dir='ltr'>Bruno</span> <span class='ocrx_word' id='word_1_199' title='bbox 1786 2660 1856 2715; x_wconf 93' lang='lat' dir='ltr'>ad</span> <span class='ocrx_word' id='word_1_200' title='bbox 1891 2676 1980 2713; x_wconf 87' lang='lat' dir='ltr'>ce-</span> 
     </span>
    </p>
   </div>
   <div class='ocr_carea' id='block_1_27' title="bbox 326 2749 1983 2821">
    <p class='ocr_par' dir='ltr' id='par_1_27' title="bbox 326 2749 1983 2821">
     <span class='ocr_line' id='line_1_27' title="bbox 326 2749 1983 2821; baseline -0.005 -10"><span class='ocrx_word' id='word_1_201' title='bbox 326 2755 585 2811; x_wconf 89' lang='lat' dir='ltr'>dendum</span> <span class='ocrx_word' id='word_1_202' title='bbox 616 2755 1007 2808; x_wconf 87' lang='lat' dir='ltr'>induceretur.</span> <span class='ocrx_word' id='word_1_203' title='bbox 1033 2753 1157 2807; x_wconf 90' lang='lat' dir='ltr'>Duo</span> <span class='ocrx_word' id='word_1_204' title='bbox 1189 2749 1270 2805; x_wconf 93' lang='lat' dir='ltr'>illi</span> <span class='ocrx_word' id='word_1_205' title='bbox 1295 2750 1537 2806; x_wconf 81' lang='lat' dir='ltr'>comites</span> <span class='ocrx_word' id='word_1_206' title='bbox 1562 2750 1893 2821; x_wconf 82' lang='lat' dir='ltr'>Regenerus</span> <span class='ocrx_word' id='word_1_207' title='bbox 1925 2753 1983 2803; x_wconf 92' lang='lat' dir='ltr'>et</span> 
     </span>
    </p>
   </div>
   <div class='ocr_carea' id='block_1_28' title="bbox 328 2840 1980 2912">
    <p class='ocr_par' dir='ltr' id='par_1_28' title="bbox 328 2840 1980 2912">
     <span class='ocr_line' id='line_1_28' title="bbox 328 2840 1980 2912; baseline -0.005 -13"><span class='ocrx_word' id='word_1_208' title='bbox 328 2841 687 2899; x_wconf 82' lang='lat' dir='ltr'>Ruodvoltus</span> <span class='ocrx_word' id='word_1_209' title='bbox 718 2842 775 2895; x_wconf 90' lang='lat' dir='ltr'>in</span> <span class='ocrx_word' id='word_1_210' title='bbox 808 2859 874 2897; x_wconf 91' lang='lat' dir='ltr'>ea</span> <span class='ocrx_word' id='word_1_211' title='bbox 901 2840 1133 2912; x_wconf 82' lang='lat' dir='ltr'>regione</span> <span class='ocrx_word' id='word_1_212' title='bbox 1160 2843 1565 2911; x_wconf 68' lang='lat' dir='ltr'>praepotentes,</span> <span class='ocrx_word' id='word_1_213' title='bbox 1592 2854 1842 2909; x_wconf 90' lang='lat' dir='ltr'>quorum</span> <span class='ocrx_word' id='word_1_214' title='bbox 1878 2854 1980 2891; x_wconf 91' lang='lat' dir='ltr'>ne-</span> 
     </span>
    </p>
   </div>
   <div class='ocr_carea' id='block_1_29' title="bbox 328 2927 1982 3005">
    <p class='ocr_par' dir='ltr' id='par_1_29' title="bbox 328 2927 1982 3005">
     <span class='ocr_line' id='line_1_29' title="bbox 328 2927 1982 3005; baseline -0.004 -17"><span class='ocrx_word' id='word_1_215' title='bbox 328 2949 434 3005; x_wconf 91' lang='lat' dir='ltr'>pos</span> <span class='ocrx_word' id='word_1_216' title='bbox 464 2936 588 2988; x_wconf 87' lang='lat' dir='ltr'>erat</span> <span class='ocrx_word' id='word_1_217' title='bbox 622 2930 1059 3000; x_wconf 89' lang='lat' dir='ltr'>Baldricus,pro</span> <span class='ocrx_word' id='word_1_218' title='bbox 1090 2928 1295 2984; x_wconf 89' lang='lat' dir='ltr'>Ottone</span> <span class='ocrx_word' id='word_1_219' title='bbox 1323 2944 1455 2999; x_wconf 88' lang='lat' dir='ltr'>rege</span> <span class='ocrx_word' id='word_1_220' title='bbox 1490 2927 1774 2981; x_wconf 85' lang='lat' dir='ltr'>Brunonis</span> <span class='ocrx_word' id='word_1_221' title='bbox 1809 2927 1982 2981; x_wconf 85' lang='lat' dir='ltr'>fratre</span> 
     </span>
    </p>
   </div>
   <div class='ocr_carea' id='block_1_30' title="bbox 327 3015 1982 3077">
    <p class='ocr_par' dir='ltr' id='par_1_30' title="bbox 327 3015 1982 3077">
     <span class='ocr_line' id='line_1_30' title="bbox 327 3015 1982 3077; baseline -0.005 0"><span class='ocrx_word' id='word_1_222' title='bbox 327 3022 606 3077; x_wconf 90' lang='lat' dir='ltr'>adversus</span> <span class='ocrx_word' id='word_1_223' title='bbox 642 3020 850 3075; x_wconf 89' lang='lat' dir='ltr'>ducem</span> <span class='ocrx_word' id='word_1_224' title='bbox 882 3018 1212 3073; x_wconf 90' lang='lat' dir='ltr'>Conradum</span> <span class='ocrx_word' id='word_1_225' title='bbox 1262 3019 1562 3072; x_wconf 86' lang='lat' dir='ltr'>steterant.</span> <span class='ocrx_word' id='word_1_226' title='bbox 1590 3015 1653 3069; x_wconf 90' lang='lat' dir='ltr'>In</span> <span class='ocrx_word' id='word_1_227' title='bbox 1686 3032 1753 3070; x_wconf 88' lang='lat' dir='ltr'>ea</span> <span class='ocrx_word' id='word_1_228' title='bbox 1782 3019 1982 3069; x_wconf 90' lang='lat' dir='ltr'>contra</span> 
     </span>
    </p>
   </div>
   <div class='ocr_carea' id='block_1_31' title="bbox 328 3098 1979 3179">
    <p class='ocr_par' dir='ltr' id='par_1_31' title="bbox 328 3098 1979 3179">
     <span class='ocr_line' id='line_1_31' title="bbox 328 3098 1979 3179; baseline -0.004 -14"><span class='ocrx_word' id='word_1_229' title='bbox 328 3098 669 3165; x_wconf 84' lang='lat' dir='ltr'>Ratherium</span> <span class='ocrx_word' id='word_1_230' title='bbox 698 3107 1129 3179; x_wconf 86' lang='lat' dir='ltr'>conspiratione</span> <span class='ocrx_word' id='word_1_231' title='bbox 1154 3106 1227 3160; x_wconf 81' lang='lat' dir='ltr'>ab</span> <span class='ocrx_word' id='word_1_232' title='bbox 1253 3104 1345 3160; x_wconf 90' lang='lat' dir='ltr'>his</span> <span class='ocrx_word' id='word_1_233' title='bbox 1368 3104 1689 3177; x_wconf 74' lang='lat' dir='ltr'>praesertim</span> <span class='ocrx_word' id='word_1_234' title='bbox 1719 3105 1979 3159; x_wconf 62' lang='lat' dir='ltr'>saevitum</span> 
     </span>
    </p>
   </div>
   <div class='ocr_carea' id='block_1_32' title="bbox 326 3193 1979 3265">
    <p class='ocr_par' dir='ltr' id='par_1_32' title="bbox 326 3193 1979 3265">
     <span class='ocr_line' id='line_1_32' title="bbox 326 3193 1979 3265; baseline -0.004 -10"><span class='ocrx_word' id='word_1_235' title='bbox 326 3198 458 3265; x_wconf 87' lang='lat' dir='ltr'>fuit,</span> <span class='ocrx_word' id='word_1_236' title='bbox 484 3221 511 3249; x_wconf 79' lang='grc' dir='ltr'>«ι</span> <span class='ocrx_word' id='word_1_237' title='bbox 544 3215 650 3255; x_wconf 90' lang='lat' dir='ltr'>nec</span> <span class='ocrx_word' id='word_1_238' title='bbox 690 3201 1061 3262; x_wconf 84' lang='lat' dir='ltr'>cessatum,»</span> <span class='ocrx_word' id='word_1_239' title='bbox 1093 3195 1276 3250; x_wconf 91' lang='lat' dir='ltr'>donec</span> <span class='ocrx_word' id='word_1_240' title='bbox 1331 3193 1620 3249; x_wconf 84' lang='lat' dir='ltr'>Brunonis</span> <span class='ocrx_word' id='word_1_241' title='bbox 1670 3210 1979 3249; x_wconf 87' lang='lat' dir='ltr'>assensum</span> 
     </span>
    </p>
   </div>
   <div class='ocr_carea' id='block_1_33' title="bbox 2107 612 3748 686">
    <p class='ocr_par' dir='ltr' id='par_1_33' title="bbox 2107 612 3748 686">
     <span class='ocr_line' id='line_1_33' title="bbox 2107 612 3748 686; baseline 0 -17"><span class='ocrx_word' id='word_1_242' title='bbox 2107 615 2445 671; x_wconf 86' lang='lat' dir='ltr'>studuimus</span> <span class='ocrx_word' id='word_1_243' title='bbox 2476 616 2629 671; x_wconf 89' lang='lat' dir='ltr'>notis</span> <span class='ocrx_word' id='word_1_244' title='bbox 2650 616 2720 669; x_wconf 89' lang='grc'>50</span> <span class='ocrx_word' id='word_1_245' title='bbox 2740 620 2793 668; x_wconf 87' lang='lat' dir='ltr'>et</span> <span class='ocrx_word' id='word_1_246' title='bbox 2814 616 2927 685; x_wconf 85' lang='lat'>51),</span> <span class='ocrx_word' id='word_1_247' title='bbox 2956 618 3089 669; x_wconf 89' lang='lat' dir='ltr'>ante</span> <span class='ocrx_word' id='word_1_248' title='bbox 3114 614 3303 686; x_wconf 85' lang='lat' dir='ltr'>ipsam</span> <span class='ocrx_word' id='word_1_249' title='bbox 3326 613 3453 686; x_wconf 91' lang='lat' dir='ltr'>ejus</span> <span class='ocrx_word' id='word_1_250' title='bbox 3476 612 3748 685; x_wconf 85' lang='lat' dir='ltr'>expulsio-</span> 
     </span>
    </p>
   </div>
   <div class='ocr_carea' id='block_1_34' title="bbox 2106 702 3752 776">
    <p class='ocr_par' dir='ltr' id='par_1_34' title="bbox 2106 702 3752 776">
     <span class='ocr_line' id='line_1_34' title="bbox 2106 702 3752 776; baseline -0.001 -16"><span class='ocrx_word' id='word_1_251' title='bbox 2106 721 2240 760; x_wconf 89' lang='lat' dir='ltr'>nem</span> <span class='ocrx_word' id='word_1_252' title='bbox 2274 705 2436 760; x_wconf 89' lang='lat' dir='ltr'>illata</span> <span class='ocrx_word' id='word_1_253' title='bbox 2486 706 2614 771; x_wconf 79' lang='lat' dir='ltr'>fuit,</span> <span class='ocrx_word' id='word_1_254' title='bbox 2645 710 2707 759; x_wconf 91' lang='lat' dir='ltr'>ut</span> <span class='ocrx_word' id='word_1_255' title='bbox 2739 703 3103 776; x_wconf 89' lang='lat' dir='ltr'>probabilius</span> <span class='ocrx_word' id='word_1_256' title='bbox 3153 702 3411 769; x_wconf 87' lang='lat' dir='ltr'>videtur;</span> <span class='ocrx_word' id='word_1_257' title='bbox 3454 702 3577 758; x_wconf 66' lang='lat' dir='ltr'>haec</span> <span class='ocrx_word' id='word_1_258' title='bbox 3627 720 3752 776; x_wconf 83' lang='lat' dir='ltr'>pro-</span> 
     </span>
    </p>
   </div>
   <div class='ocr_carea' id='block_1_35' title="bbox 2106 791 3751 866">
    <p class='ocr_par' dir='ltr' id='par_1_35' title="bbox 2106 791 3751 866">
     <span class='ocr_line' id='line_1_35' title="bbox 2106 791 3751 866; baseline -0.001 -18"><span class='ocrx_word' id='word_1_259' title='bbox 2106 794 2253 849; x_wconf 88' lang='lat' dir='ltr'>fecto</span> <span class='ocrx_word' id='word_1_260' title='bbox 2283 793 2541 850; x_wconf 81' lang='lat' dir='ltr'>Ratherii</span> <span class='ocrx_word' id='word_1_261' title='bbox 2572 793 2855 866; x_wconf 77' lang='lat' dir='ltr'>expulsio,</span> <span class='ocrx_word' id='word_1_262' title='bbox 2881 792 3052 849; x_wconf 90' lang='lat' dir='ltr'>sicuti</span> <span class='ocrx_word' id='word_1_263' title='bbox 3104 796 3161 847; x_wconf 91' lang='lat' dir='ltr'>et</span> <span class='ocrx_word' id='word_1_264' title='bbox 3209 791 3412 847; x_wconf 80' lang='lat' dir='ltr'>electio</span> <span class='ocrx_word' id='word_1_265' title='bbox 3464 796 3638 865; x_wconf 89' lang='lat' dir='ltr'>atque</span> <span class='ocrx_word' id='word_1_266' title='bbox 3665 810 3751 847; x_wconf 88' lang='lat' dir='ltr'>or-</span> 
     </span>
    </p>
   </div>
   <div class='ocr_carea' id='block_1_36' title="bbox 2104 879 3751 954">
    <p class='ocr_par' dir='ltr' id='par_1_36' title="bbox 2104 879 3751 954">
     <span class='ocr_line' id='line_1_36' title="bbox 2104 879 3751 954; baseline -0.001 -16"><span class='ocrx_word' id='word_1_267' title='bbox 2104 883 2326 938; x_wconf 89' lang='lat' dir='ltr'>dinatio</span> <span class='ocrx_word' id='word_1_268' title='bbox 2358 882 2631 949; x_wconf 87' lang='lat' dir='ltr'>Baldrici,</span> <span class='ocrx_word' id='word_1_269' title='bbox 2664 882 2980 953; x_wconf 79' lang='lat' dir='ltr'>rejicienda</span> <span class='ocrx_word' id='word_1_270' title='bbox 3010 880 3119 936; x_wconf 90' lang='lat' dir='ltr'>erit</span> <span class='ocrx_word' id='word_1_271' title='bbox 3166 884 3298 952; x_wconf 87' lang='lat' dir='ltr'>post</span> <span class='ocrx_word' id='word_1_272' title='bbox 3334 879 3578 951; x_wconf 87' lang='lat' dir='ltr'>Pascha,</span> <span class='ocrx_word' id='word_1_273' title='bbox 3605 882 3751 954; x_wconf 91' lang='lat' dir='ltr'>quod</span> 
     </span>
    </p>
   </div>
   <div class='ocr_carea' id='block_1_37' title="bbox 2104 968 3750 1042">
    <p class='ocr_par' dir='ltr' id='par_1_37' title="bbox 2104 968 3750 1042">
     <span class='ocr_line' id='line_1_37' title="bbox 2104 968 3750 1042; baseline 0 -17"><span class='ocrx_word' id='word_1_274' title='bbox 2104 987 2169 1026; x_wconf 91' lang='lat' dir='ltr'>eo</span> <span class='ocrx_word' id='word_1_275' title='bbox 2203 989 2357 1027; x_wconf 89' lang='lat' dir='ltr'>anno</span> <span class='ocrx_word' id='word_1_276' title='bbox 2388 972 2447 1026; x_wconf 91' lang='lat' dir='ltr'>in</span> <span class='ocrx_word' id='word_1_277' title='bbox 2479 971 2633 1026; x_wconf 91' lang='lat' dir='ltr'>diem</span> <span class='ocrx_word' id='word_1_278' title='bbox 2658 969 2943 1025; x_wconf 88' lang='lat' dir='ltr'>decimam</span> <span class='ocrx_word' id='word_1_279' title='bbox 2967 969 3233 1041; x_wconf 89' lang='lat' dir='ltr'>quintam</span> <span class='ocrx_word' id='word_1_280' title='bbox 3258 968 3472 1042; x_wconf 82' lang='lat' dir='ltr'>Aprilis</span> <span class='ocrx_word' id='word_1_281' title='bbox 3495 968 3750 1025; x_wconf 89' lang='lat' dir='ltr'>incurrit.</span> 
     </span>
    </p>
   </div>
   <div class='ocr_carea' id='block_1_38' title="bbox 2105 1058 3750 1132">
    <p class='ocr_par' dir='ltr' id='par_1_38' title="bbox 2105 1058 3750 1132">
     <span class='ocr_line' id='line_1_38' title="bbox 2105 1058 3750 1132; baseline -0.001 -17"><span class='ocrx_word' id='word_1_282' title='bbox 2105 1065 2283 1115; x_wconf 84' lang='lat' dir='ltr'>Erunt</span> <span class='ocrx_word' id='word_1_283' title='bbox 2310 1061 2575 1115; x_wconf 79' lang='lat' dir='ltr'>fortassis</span> <span class='ocrx_word' id='word_1_284' title='bbox 2597 1058 2698 1131; x_wconf 89' lang='lat' dir='ltr'>qui</span> <span class='ocrx_word' id='word_1_285' title='bbox 2729 1062 3024 1132; x_wconf 86' lang='lat' dir='ltr'>opponent</span> <span class='ocrx_word' id='word_1_286' title='bbox 3045 1058 3373 1115; x_wconf 89' lang='lat' dir='ltr'>Conradum</span> <span class='ocrx_word' id='word_1_287' title='bbox 3398 1058 3627 1129; x_wconf 88' lang='lat' dir='ltr'>ducem,</span> <span class='ocrx_word' id='word_1_288' title='bbox 3643 1074 3750 1131; x_wconf 91' lang='lat' dir='ltr'>quo</span> 
     </span>
    </p>
   </div>
   <div class='ocr_carea' id='block_1_39' title="bbox 2106 1146 3753 1223">
    <p class='ocr_par' dir='ltr' id='par_1_39' title="bbox 2106 1146 3753 1223">
     <span class='ocr_line' id='line_1_39' title="bbox 2106 1146 3753 1223; baseline -0.001 -18"><span class='ocrx_word' id='word_1_289' title='bbox 2106 1155 2311 1223; x_wconf 90' lang='lat' dir='ltr'>agente</span> <span class='ocrx_word' id='word_1_290' title='bbox 2330 1152 2530 1205; x_wconf 91' lang='lat' dir='ltr'>contra</span> <span class='ocrx_word' id='word_1_291' title='bbox 2544 1149 2811 1205; x_wconf 87' lang='lat' dir='ltr'>Ottonem</span> <span class='ocrx_word' id='word_1_292' title='bbox 2832 1147 3142 1203; x_wconf 81' lang='lat' dir='ltr'>Ratherius</span> <span class='ocrx_word' id='word_1_293' title='bbox 3166 1146 3444 1220; x_wconf 85' lang='lat' dir='ltr'>expulsus</span> <span class='ocrx_word' id='word_1_294' title='bbox 3466 1147 3593 1214; x_wconf 87' lang='lat' dir='ltr'>fuit,</span> <span class='ocrx_word' id='word_1_295' title='bbox 3608 1147 3753 1218; x_wconf 89' lang='lat' dir='ltr'>jam-</span> 
     </span>
    </p>
   </div>
   <div class='ocr_carea' id='block_1_40' title="bbox 2104 1236 3751 1310">
    <p class='ocr_par' dir='ltr' id='par_1_40' title="bbox 2104 1236 3751 1310">
     <span class='ocr_line' id='line_1_40' title="bbox 2104 1236 3751 1310; baseline -0.001 -17"><span class='ocrx_word' id='word_1_296' title='bbox 2104 1240 2203 1294; x_wconf 89' lang='lat' dir='ltr'>diu</span> <span class='ocrx_word' id='word_1_297' title='bbox 2224 1243 2356 1295; x_wconf 89' lang='lat' dir='ltr'>ante</span> <span class='ocrx_word' id='word_1_298' title='bbox 2379 1239 2486 1294; x_wconf 91' lang='lat' dir='ltr'>hoc</span> <span class='ocrx_word' id='word_1_299' title='bbox 2510 1243 2741 1310; x_wconf 87' lang='lat' dir='ltr'>tempus</span> <span class='ocrx_word' id='word_1_300' title='bbox 2763 1237 3138 1309; x_wconf 87' lang='lat' dir='ltr'>conciliatum</span> <span class='ocrx_word' id='word_1_301' title='bbox 3158 1236 3337 1293; x_wconf 88' lang='lat' dir='ltr'>fuisse</span> <span class='ocrx_word' id='word_1_302' title='bbox 3355 1254 3488 1293; x_wconf 89' lang='lat' dir='ltr'>cum</span> <span class='ocrx_word' id='word_1_303' title='bbox 3511 1236 3751 1309; x_wconf 75' lang='lat' dir='ltr'>{Lxxxn&#39;l</span> 
     </span>
    </p>
   </div>
   <div class='ocr_carea' id='block_1_41' title="bbox 2106 1325 3751 1400">
    <p class='ocr_par' dir='ltr' id='par_1_41' title="bbox 2106 1325 3751 1400">
     <span class='ocr_line' id='line_1_41' title="bbox 2106 1325 3751 1400; baseline -0.001 -17"><span class='ocrx_word' id='word_1_304' title='bbox 2106 1329 2441 1400; x_wconf 86' lang='lat' dir='ltr'>rege.Hanc</span> <span class='ocrx_word' id='word_1_305' title='bbox 2471 1327 2627 1383; x_wconf 91' lang='lat' dir='ltr'>enim</span> <span class='ocrx_word' id='word_1_306' title='bbox 2677 1327 2863 1399; x_wconf 85' lang='lat' dir='ltr'>ipsius</span> <span class='ocrx_word' id='word_1_307' title='bbox 2914 1325 3446 1382; x_wconf 87' lang='lat' dir='ltr'>reconciliationem</span> <span class='ocrx_word' id='word_1_308' title='bbox 3497 1326 3751 1400; x_wconf 87' lang='lat' dir='ltr'>plerique</span> 
     </span>
    </p>
   </div>
   <div class='ocr_carea' id='block_1_42' title="bbox 2104 1414 3752 1490">
    <p class='ocr_par' dir='ltr' id='par_1_42' title="bbox 2104 1414 3752 1490">
     <span class='ocr_line' id='line_1_42' title="bbox 2104 1414 3752 1490; baseline 0 -18"><span class='ocrx_word' id='word_1_309' title='bbox 2104 1419 2471 1490; x_wconf 89' lang='lat' dir='ltr'>conjungunt</span> <span class='ocrx_word' id='word_1_310' title='bbox 2501 1435 2633 1472; x_wconf 90' lang='lat' dir='ltr'>cum</span> <span class='ocrx_word' id='word_1_311' title='bbox 2669 1416 2785 1485; x_wconf 88' lang='lat' dir='ltr'>illa,</span> <span class='ocrx_word' id='word_1_312' title='bbox 2821 1433 2937 1489; x_wconf 91' lang='lat' dir='ltr'>qua</span> <span class='ocrx_word' id='word_1_313' title='bbox 2967 1414 3264 1472; x_wconf 85' lang='lat' dir='ltr'>Liutulqu</span> <span class='ocrx_word' id='word_1_314' title='bbox 3314 1415 3470 1488; x_wconf 89' lang='lat' dir='ltr'>regis</span> <span class='ocrx_word' id='word_1_315' title='bbox 3514 1415 3689 1481; x_wconf 83' lang='lat' dir='ltr'>filius,</span> <span class='ocrx_word' id='word_1_316' title='bbox 3720 1432 3752 1472; x_wconf 76' lang='grc' dir='ltr'>ο,</span> 
     </span>
    </p>
   </div>
   <div class='ocr_carea' id='block_1_43' title="bbox 2102 1503 3749 1579">
    <p class='ocr_par' dir='ltr' id='par_1_43' title="bbox 2102 1503 3749 1579">
     <span class='ocr_line' id='line_1_43' title="bbox 2102 1503 3749 1579; baseline -0.001 -18"><span class='ocrx_word' id='word_1_317' title='bbox 2102 1508 2364 1561; x_wconf 83' lang='lat' dir='ltr'>Conrado</span> <span class='ocrx_word' id='word_1_318' title='bbox 2395 1512 2595 1561; x_wconf 84' lang='lat' dir='ltr'>contra</span> <span class='ocrx_word' id='word_1_319' title='bbox 2624 1511 2848 1579; x_wconf 85' lang='lat' dir='ltr'>patrem</span> <span class='ocrx_word' id='word_1_320' title='bbox 2880 1504 3158 1561; x_wconf 89' lang='lat' dir='ltr'>incitatus</span> <span class='ocrx_word' id='word_1_321' title='bbox 3188 1510 3245 1560; x_wconf 87' lang='lat' dir='ltr'>et</span> <span class='ocrx_word' id='word_1_322' title='bbox 3272 1503 3563 1571; x_wconf 86' lang='lat' dir='ltr'>infensus,</span> <span class='ocrx_word' id='word_1_323' title='bbox 3586 1503 3643 1560; x_wconf 90' lang='lat' dir='ltr'>in</span> <span class='ocrx_word' id='word_1_324' title='bbox 3669 1504 3749 1576; x_wconf 85' lang='lat' dir='ltr'>ip-</span> 
     </span>
    </p>
   </div>
   <div class='ocr_carea' id='block_1_44' title="bbox 2104 1592 3750 1668">
    <p class='ocr_par' dir='ltr' id='par_1_44' title="bbox 2104 1592 3750 1668">
     <span class='ocr_line' id='line_1_44' title="bbox 2104 1592 3750 1668; baseline -0.001 -17"><span class='ocrx_word' id='word_1_325' title='bbox 2104 1596 2226 1651; x_wconf 89' lang='lat' dir='ltr'>sius</span> <span class='ocrx_word' id='word_1_326' title='bbox 2258 1596 2505 1668; x_wconf 85' lang='lat' dir='ltr'>gratiam</span> <span class='ocrx_word' id='word_1_327' title='bbox 2541 1594 2708 1651; x_wconf 90' lang='lat' dir='ltr'>rediit</span> <span class='ocrx_word' id='word_1_328' title='bbox 2738 1594 2832 1649; x_wconf 89' lang='lat' dir='ltr'>die</span> <span class='ocrx_word' id='word_1_329' title='bbox 2871 1596 2929 1648; x_wconf 84' lang='lat' dir='ltr'>l7</span> <span class='ocrx_word' id='word_1_330' title='bbox 2954 1593 3289 1648; x_wconf 89' lang='lat' dir='ltr'>Decembris</span> <span class='ocrx_word' id='word_1_331' title='bbox 3321 1610 3415 1648; x_wconf 91' lang='lat' dir='ltr'>an.</span> <span class='ocrx_word' id='word_1_332' title='bbox 3448 1592 3750 1665; x_wconf 52' lang='grc' dir='ltr'>9541ῑωὶ-</span> 
     </span>
    </p>
   </div>
   <div class='ocr_carea' id='block_1_45' title="bbox 2101 1680 3749 1755">
    <p class='ocr_par' dir='ltr' id='par_1_45' title="bbox 2101 1680 3749 1755">
     <span class='ocr_line' id='line_1_45' title="bbox 2101 1680 3749 1755; baseline -0.002 -14"><span class='ocrx_word' id='word_1_333' title='bbox 2101 1689 2307 1741; x_wconf 91' lang='lat' dir='ltr'>tuntur</span> <span class='ocrx_word' id='word_1_334' title='bbox 2344 1684 2677 1740; x_wconf 90' lang='lat' dir='ltr'>testimonio</span> <span class='ocrx_word' id='word_1_335' title='bbox 2716 1681 3213 1755; x_wconf 83' lang='lat' dir='ltr'>Witichindi,qui</span> <span class='ocrx_word' id='word_1_336' title='bbox 3257 1680 3407 1739; x_wconf 90' lang='lat' dir='ltr'>libro</span> <span class='ocrx_word' id='word_1_337' title='bbox 3437 1682 3610 1738; x_wconf 91' lang='lat' dir='ltr'>tertio</span> <span class='ocrx_word' id='word_1_338' title='bbox 3640 1698 3749 1739; x_wconf 91' lang='lat' dir='ltr'>uno</span> 
     </span>
    </p>
   </div>
   <div class='ocr_carea' id='block_1_46' title="bbox 2100 1770 3751 1845">
    <p class='ocr_par' dir='ltr' id='par_1_46' title="bbox 2100 1770 3751 1845">
     <span class='ocr_line' id='line_1_46' title="bbox 2100 1770 3751 1845; baseline -0.002 -16"><span class='ocrx_word' id='word_1_339' title='bbox 2100 1778 2368 1830; x_wconf 84' lang='lat' dir='ltr'>contextu</span> <span class='ocrx_word' id='word_1_340' title='bbox 2400 1774 2581 1845; x_wconf 78' lang='lat' dir='ltr'>ﬁlium</span> <span class='ocrx_word' id='word_1_341' title='bbox 2616 1770 2939 1827; x_wconf 88' lang='lat' dir='ltr'>Liutulfum</span> <span class='ocrx_word' id='word_1_342' title='bbox 2969 1775 3025 1826; x_wconf 91' lang='lat' dir='ltr'>et</span> <span class='ocrx_word' id='word_1_343' title='bbox 3045 1770 3377 1826; x_wconf 88' lang='lat' dir='ltr'>Conradum</span> <span class='ocrx_word' id='word_1_344' title='bbox 3399 1787 3663 1841; x_wconf 80' lang='lat' dir='ltr'>generum</span> <span class='ocrx_word' id='word_1_345' title='bbox 3681 1770 3751 1826; x_wconf 88' lang='lat' dir='ltr'>ab</span> 
     </span>
    </p>
   </div>
   <div class='ocr_carea' id='block_1_47' title="bbox 2099 1860 3748 1935">
    <p class='ocr_par' dir='ltr' id='par_1_47' title="bbox 2099 1860 3748 1935">
     <span class='ocr_line' id='line_1_47' title="bbox 2099 1860 3748 1935; baseline -0.002 -18"><span class='ocrx_word' id='word_1_346' title='bbox 2099 1864 2307 1917; x_wconf 89' lang='lat' dir='ltr'>Ottone</span> <span class='ocrx_word' id='word_1_347' title='bbox 2330 1862 2389 1917; x_wconf 89' lang='lat' dir='ltr'>in</span> <span class='ocrx_word' id='word_1_348' title='bbox 2414 1862 2659 1935; x_wconf 86' lang='lat' dir='ltr'>gratiam</span> <span class='ocrx_word' id='word_1_349' title='bbox 2686 1865 2989 1932; x_wconf 89' lang='lat' dir='ltr'>susceptos</span> <span class='ocrx_word' id='word_1_350' title='bbox 3012 1864 3279 1915; x_wconf 88' lang='lat' dir='ltr'>testatur.</span> <span class='ocrx_word' id='word_1_351' title='bbox 3305 1862 3375 1915; x_wconf 88' lang='lat' dir='ltr'>At</span> <span class='ocrx_word' id='word_1_352' title='bbox 3395 1860 3643 1916; x_wconf 90' lang='lat' dir='ltr'>Conradi</span> <span class='ocrx_word' id='word_1_353' title='bbox 3667 1875 3748 1915; x_wconf 86' lang='lat' dir='ltr'>re-</span> 
     </span>
    </p>
   </div>
   <div class='ocr_carea' id='block_1_48' title="bbox 2097 1948 3749 2024">
    <p class='ocr_par' dir='ltr' id='par_1_48' title="bbox 2097 1948 3749 2024">
     <span class='ocr_line' id='line_1_48' title="bbox 2097 1948 3749 2024; baseline -0.001 -19"><span class='ocrx_word' id='word_1_354' title='bbox 2097 1952 2557 2007; x_wconf 89' lang='lat' dir='ltr'>conciliationem</span> <span class='ocrx_word' id='word_1_355' title='bbox 2592 1956 2723 2024; x_wconf 90' lang='lat' dir='ltr'>post</span> <span class='ocrx_word' id='word_1_356' title='bbox 2752 1948 2909 2004; x_wconf 88' lang='lat' dir='ltr'>illam</span> <span class='ocrx_word' id='word_1_357' title='bbox 2940 1949 3172 2003; x_wconf 81' lang='lat' dir='ltr'>Liutulﬁ</span> <span class='ocrx_word' id='word_1_358' title='bbox 3206 1948 3413 2005; x_wconf 89' lang='lat' dir='ltr'>initam</span> <span class='ocrx_word' id='word_1_359' title='bbox 3447 1950 3630 2006; x_wconf 87' lang='lat' dir='ltr'>fuisse</span> <span class='ocrx_word' id='word_1_360' title='bbox 3653 1963 3749 2004; x_wconf 87' lang='lat' dir='ltr'>no-</span> 
     </span>
    </p>
   </div>
   <div class='ocr_carea' id='block_1_49' title="bbox 2095 2038 3747 2097">
    <p class='ocr_par' dir='ltr' id='par_1_49' title="bbox 2095 2038 3747 2097">
     <span class='ocr_line' id='line_1_49' title="bbox 2095 2038 3747 2097; baseline -0.002 -1"><span class='ocrx_word' id='word_1_361' title='bbox 2095 2041 2185 2097; x_wconf 91' lang='lat' dir='ltr'>bis</span> <span class='ocrx_word' id='word_1_362' title='bbox 2208 2041 2601 2097; x_wconf 89' lang='lat' dir='ltr'>certissimum</span> <span class='ocrx_word' id='word_1_363' title='bbox 2625 2042 2733 2095; x_wconf 90' lang='lat' dir='ltr'>est.</span> <span class='ocrx_word' id='word_1_364' title='bbox 2758 2040 2964 2095; x_wconf 90' lang='lat' dir='ltr'>Pacem</span> <span class='ocrx_word' id='word_1_365' title='bbox 2989 2055 3122 2093; x_wconf 87' lang='lat' dir='ltr'>eum</span> <span class='ocrx_word' id='word_1_366' title='bbox 3148 2038 3267 2094; x_wconf 83' lang='lat' dir='ltr'>tilio</span> <span class='ocrx_word' id='word_1_367' title='bbox 3291 2038 3510 2095; x_wconf 86' lang='lat' dir='ltr'>factum</span> <span class='ocrx_word' id='word_1_368' title='bbox 3530 2054 3747 2096; x_wconf 91' lang='lat' dir='ltr'>memo-</span> 
     </span>
    </p>
   </div>
   <div class='ocr_carea' id='block_1_50' title="bbox 2094 2126 3747 2200">
    <p class='ocr_par' dir='ltr' id='par_1_50' title="bbox 2094 2126 3747 2200">
     <span class='ocr_line' id='line_1_50' title="bbox 2094 2126 3747 2200; baseline -0.001 -16"><span class='ocrx_word' id='word_1_369' title='bbox 2094 2134 2217 2185; x_wconf 89' lang='lat' dir='ltr'>rato</span> <span class='ocrx_word' id='word_1_370' title='bbox 2250 2130 2342 2185; x_wconf 88' lang='lat' dir='ltr'>die</span> <span class='ocrx_word' id='word_1_371' title='bbox 2378 2130 2440 2184; x_wconf 91' lang='grc'>17</span> <span class='ocrx_word' id='word_1_372' title='bbox 2463 2129 2797 2185; x_wconf 89' lang='lat' dir='ltr'>Decembris</span> <span class='ocrx_word' id='word_1_373' title='bbox 2829 2128 2965 2185; x_wconf 90' lang='lat' dir='ltr'>anni</span> <span class='ocrx_word' id='word_1_374' title='bbox 2996 2126 3323 2200; x_wconf 69' lang='lat' dir='ltr'>954,1iquet</span> <span class='ocrx_word' id='word_1_375' title='bbox 3353 2144 3421 2184; x_wconf 88' lang='lat' dir='ltr'>ex</span> <span class='ocrx_word' id='word_1_376' title='bbox 3451 2129 3747 2184; x_wconf 87' lang='lat' dir='ltr'>notatione</span> 
     </span>
    </p>
   </div>
   <div class='ocr_carea' id='block_1_51' title="bbox 2094 2213 3746 2291">
    <p class='ocr_par' dir='ltr' id='par_1_51' title="bbox 2094 2213 3746 2291">
     <span class='ocr_line' id='line_1_51' title="bbox 2094 2213 3746 2291; baseline -0.002 -18"><span class='ocrx_word' id='word_1_377' title='bbox 2094 2217 2385 2273; x_wconf 87' lang='lat' dir='ltr'>Guillelmi</span> <span class='ocrx_word' id='word_1_378' title='bbox 2412 2217 2835 2291; x_wconf 88' lang='lat' dir='ltr'>archiepiscopi</span> <span class='ocrx_word' id='word_1_379' title='bbox 2860 2216 3486 2289; x_wconf 78' lang='lat' dir='ltr'>MoguntiniChronico</span> <span class='ocrx_word' id='word_1_380' title='bbox 3503 2213 3746 2274; x_wconf 82' lang='lat' dir='ltr'>Mariani</span> 
     </span>
    </p>
   </div>
   <div class='ocr_carea' id='block_1_52' title="bbox 2094 2306 3747 2380">
    <p class='ocr_par' dir='ltr' id='par_1_52' title="bbox 2094 2306 3747 2380">
     <span class='ocr_line' id='line_1_52' title="bbox 2094 2306 3747 2380; baseline -0.002 -17"><span class='ocrx_word' id='word_1_381' title='bbox 2094 2309 2247 2363; x_wconf 89' lang='lat' dir='ltr'>Scoti</span> <span class='ocrx_word' id='word_1_382' title='bbox 2281 2308 2518 2363; x_wconf 89' lang='lat' dir='ltr'>inserta.</span> <span class='ocrx_word' id='word_1_383' title='bbox 2544 2308 2649 2371; x_wconf 87' lang='lat' dir='ltr'>Qui</span> <span class='ocrx_word' id='word_1_384' title='bbox 2678 2312 2873 2363; x_wconf 91' lang='lat' dir='ltr'>autem</span> <span class='ocrx_word' id='word_1_385' title='bbox 2905 2306 3025 2361; x_wconf 83' lang='lat' dir='ltr'>fieri</span> <span class='ocrx_word' id='word_1_386' title='bbox 3060 2306 3267 2379; x_wconf 89' lang='lat' dir='ltr'>potuit,</span> <span class='ocrx_word' id='word_1_387' title='bbox 3292 2309 3357 2361; x_wconf 90' lang='lat' dir='ltr'>ut</span> <span class='ocrx_word' id='word_1_388' title='bbox 3378 2307 3581 2363; x_wconf 90' lang='lat' dir='ltr'>eodem</span> <span class='ocrx_word' id='word_1_389' title='bbox 3606 2322 3747 2380; x_wconf 90' lang='lat' dir='ltr'>quo-</span> 
     </span>
    </p>
   </div>
   <div class='ocr_carea' id='block_1_53' title="bbox 2094 2394 3745 2469">
    <p class='ocr_par' dir='ltr' id='par_1_53' title="bbox 2094 2394 3745 2469">
     <span class='ocr_line' id='line_1_53' title="bbox 2094 2394 3745 2469; baseline 0.001 -21"><span class='ocrx_word' id='word_1_390' title='bbox 2094 2415 2205 2469; x_wconf 79' lang='lat' dir='ltr'>que</span> <span class='ocrx_word' id='word_1_391' title='bbox 2239 2398 2331 2452; x_wconf 90' lang='lat' dir='ltr'>die</span> <span class='ocrx_word' id='word_1_392' title='bbox 2362 2397 2663 2452; x_wconf 88' lang='lat' dir='ltr'>Conradus</span> <span class='ocrx_word' id='word_1_393' title='bbox 2699 2412 2831 2450; x_wconf 90' lang='lat' dir='ltr'>cum</span> <span class='ocrx_word' id='word_1_394' title='bbox 2875 2412 3007 2468; x_wconf 87' lang='lat' dir='ltr'>rege</span> <span class='ocrx_word' id='word_1_395' title='bbox 3048 2411 3251 2467; x_wconf 89' lang='lat' dir='ltr'>pacem</span> <span class='ocrx_word' id='word_1_396' title='bbox 3292 2395 3505 2465; x_wconf 88' lang='lat' dir='ltr'>inierit,</span> <span class='ocrx_word' id='word_1_397' title='bbox 3532 2396 3584 2452; x_wconf 91' lang='lat' dir='ltr'>si</span> <span class='ocrx_word' id='word_1_398' title='bbox 3618 2394 3745 2452; x_wconf 85' lang='lat' dir='ltr'>Ful-</span> 
     </span>
    </p>
   </div>
   <div class='ocr_carea' id='block_1_54' title="bbox 2094 2484 3750 2558">
    <p class='ocr_par' dir='ltr' id='par_1_54' title="bbox 2094 2484 3750 2558">
     <span class='ocr_line' id='line_1_54' title="bbox 2094 2484 3750 2558; baseline -0.001 -19"><span class='ocrx_word' id='word_1_399' title='bbox 2094 2486 2265 2540; x_wconf 83' lang='lat' dir='ltr'>cuino</span> <span class='ocrx_word' id='word_1_400' title='bbox 2301 2491 2443 2541; x_wconf 88' lang='lat' dir='ltr'>teste</span> <span class='ocrx_word' id='word_1_401' title='bbox 2476 2485 2710 2540; x_wconf 81' lang='lat' dir='ltr'>rebellio</span> <span class='ocrx_word' id='word_1_402' title='bbox 2752 2485 2809 2539; x_wconf 90' lang='lat' dir='ltr'>in</span> <span class='ocrx_word' id='word_1_403' title='bbox 2856 2484 3196 2540; x_wconf 80' lang='lat' dir='ltr'>Ratherium</span> <span class='ocrx_word' id='word_1_404' title='bbox 3231 2485 3523 2558; x_wconf 87' lang='lat' dir='ltr'>posterius</span> <span class='ocrx_word' id='word_1_405' title='bbox 3554 2488 3750 2541; x_wconf 82' lang='lat' dir='ltr'>exorta</span> 
     </span>
    </p>
   </div>
   <div class='ocr_carea' id='block_1_55' title="bbox 2094 2573 3748 2647">
    <p class='ocr_par' dir='ltr' id='par_1_55' title="bbox 2094 2573 3748 2647">
     <span class='ocr_line' id='line_1_55' title="bbox 2094 2573 3748 2647; baseline 0.001 -19"><span class='ocrx_word' id='word_1_406' title='bbox 2094 2575 2201 2628; x_wconf 87' lang='lat' dir='ltr'>fuit</span> <span class='ocrx_word' id='word_1_407' title='bbox 2232 2576 2322 2629; x_wconf 83' lang='lat' dir='ltr'>die</span> <span class='ocrx_word' id='word_1_408' title='bbox 2356 2574 2539 2629; x_wconf 88' lang='lat' dir='ltr'>Natali</span> <span class='ocrx_word' id='word_1_409' title='bbox 2594 2573 2729 2629; x_wconf 89' lang='lat' dir='ltr'>anni</span> <span class='ocrx_word' id='word_1_410' title='bbox 2778 2575 3074 2645; x_wconf 81' lang='lat' dir='ltr'>ejusdem;</span> <span class='ocrx_word' id='word_1_411' title='bbox 3118 2579 3174 2629; x_wconf 90' lang='lat' dir='ltr'>et</span> <span class='ocrx_word' id='word_1_412' title='bbox 3225 2573 3525 2647; x_wconf 89' lang='lat' dir='ltr'>aliquanto</span> <span class='ocrx_word' id='word_1_413' title='bbox 3573 2575 3748 2630; x_wconf 81' lang='lat' dir='ltr'>etiam</span> 
     </span>
    </p>
   </div>
   <div class='ocr_carea' id='block_1_56' title="bbox 2094 2662 3747 2736">
    <p class='ocr_par' dir='ltr' id='par_1_56' title="bbox 2094 2662 3747 2736">
     <span class='ocr_line' id='line_1_56' title="bbox 2094 2662 3747 2736; baseline 0 -19"><span class='ocrx_word' id='word_1_414' title='bbox 2094 2668 2221 2736; x_wconf 83' lang='lat' dir='ltr'>post</span> <span class='ocrx_word' id='word_1_415' title='bbox 2254 2664 2346 2718; x_wconf 94' lang='lat' dir='ltr'>ille</span> <span class='ocrx_word' id='word_1_416' title='bbox 2377 2680 2406 2717; x_wconf 91' lang='lat' dir='ltr'>e</span> <span class='ocrx_word' id='word_1_417' title='bbox 2441 2663 2779 2719; x_wconf 83' lang='lat' dir='ltr'>Leodicensi</span> <span class='ocrx_word' id='word_1_418' title='bbox 2812 2663 2947 2717; x_wconf 90' lang='lat' dir='ltr'>sede</span> <span class='ocrx_word' id='word_1_419' title='bbox 2982 2662 3090 2717; x_wconf 91' lang='lat' dir='ltr'>fuit</span> <span class='ocrx_word' id='word_1_420' title='bbox 3120 2662 3583 2735; x_wconf 86' lang='lat' dir='ltr'>expulsus,dum</span> <span class='ocrx_word' id='word_1_421' title='bbox 3604 2664 3747 2720; x_wconf 87' lang='lat' dir='ltr'>Con—</span> 
     </span>
    </p>
   </div>
   <div class='ocr_carea' id='block_1_57' title="bbox 2093 2752 3750 2825">
    <p class='ocr_par' dir='ltr' id='par_1_57' title="bbox 2093 2752 3750 2825">
     <span class='ocr_line' id='line_1_57' title="bbox 2093 2752 3750 2825; baseline 0.001 -18"><span class='ocrx_word' id='word_1_422' title='bbox 2093 2754 2270 2808; x_wconf 88' lang='lat' dir='ltr'>radus</span> <span class='ocrx_word' id='word_1_423' title='bbox 2302 2754 2438 2819; x_wconf 81' lang='lat' dir='ltr'>dux,</span> <span class='ocrx_word' id='word_1_424' title='bbox 2466 2753 2590 2825; x_wconf 91' lang='lat' dir='ltr'>ipso</span> <span class='ocrx_word' id='word_1_425' title='bbox 2624 2757 2874 2807; x_wconf 86' lang='lat' dir='ltr'>testante</span> <span class='ocrx_word' id='word_1_426' title='bbox 2900 2752 3194 2818; x_wconf 77' lang='lat' dir='ltr'>Ratherio,</span> <span class='ocrx_word' id='word_1_427' title='bbox 3220 2752 3411 2807; x_wconf 87' lang='lat' dir='ltr'>adhuc</span> <span class='ocrx_word' id='word_1_428' title='bbox 3437 2757 3644 2808; x_wconf 91' lang='lat' dir='ltr'>contra</span> <span class='ocrx_word' id='word_1_429' title='bbox 3665 2769 3750 2807; x_wconf 88' lang='lat' dir='ltr'>re-</span> 
     </span>
    </p>
   </div>
   <div class='ocr_carea' id='block_1_58' title="bbox 2093 2840 3750 2915">
    <p class='ocr_par' dir='ltr' id='par_1_58' title="bbox 2093 2840 3750 2915">
     <span class='ocr_line' id='line_1_58' title="bbox 2093 2840 3750 2915; baseline -0.001 -19"><span class='ocrx_word' id='word_1_430' title='bbox 2093 2860 2221 2914; x_wconf 85' lang='lat' dir='ltr'>gem</span> <span class='ocrx_word' id='word_1_431' title='bbox 2246 2842 2495 2915; x_wconf 81' lang='lat' dir='ltr'>agebat?</span> <span class='ocrx_word' id='word_1_432' title='bbox 2517 2841 2711 2897; x_wconf 85' lang='lat' dir='ltr'>Palam</span> <span class='ocrx_word' id='word_1_433' title='bbox 2738 2841 2918 2913; x_wconf 83' lang='lat' dir='ltr'>igitur</span> <span class='ocrx_word' id='word_1_434' title='bbox 2940 2842 3005 2896; x_wconf 81' lang='lat' dir='ltr'>ﬁt</span> <span class='ocrx_word' id='word_1_435' title='bbox 3029 2840 3361 2896; x_wconf 89' lang='lat' dir='ltr'>Conradum</span> <span class='ocrx_word' id='word_1_436' title='bbox 3389 2845 3522 2914; x_wconf 89' lang='lat' dir='ltr'>post</span> <span class='ocrx_word' id='word_1_437' title='bbox 3544 2840 3750 2897; x_wconf 88' lang='lat' dir='ltr'>initam</span> 
     </span>
    </p>
   </div>
   <div class='ocr_carea' id='block_1_59' title="bbox 2094 2928 3750 3003">
    <p class='ocr_par' dir='ltr' id='par_1_59' title="bbox 2094 2928 3750 3003">
     <span class='ocr_line' id='line_1_59' title="bbox 2094 2928 3750 3003; baseline -0.001 -18"><span class='ocrx_word' id='word_1_438' title='bbox 2094 2930 2329 2985; x_wconf 80' lang='lat' dir='ltr'>Liutulti</span> <span class='ocrx_word' id='word_1_439' title='bbox 2383 2947 2585 3002; x_wconf 84' lang='lat' dir='ltr'>pacem</span> <span class='ocrx_word' id='word_1_440' title='bbox 2619 2946 2753 2984; x_wconf 93' lang='lat' dir='ltr'>cum</span> <span class='ocrx_word' id='word_1_441' title='bbox 2787 2934 2947 3003; x_wconf 86' lang='lat' dir='ltr'>patre</span> <span class='ocrx_word' id='word_1_442' title='bbox 2978 2928 3070 2984; x_wconf 92' lang='lat' dir='ltr'>die</span> <span class='ocrx_word' id='word_1_443' title='bbox 3104 2932 3167 2984; x_wconf 80' lang='lat' dir='ltr'>t7</span> <span class='ocrx_word' id='word_1_444' title='bbox 3210 2929 3548 2985; x_wconf 90' lang='lat' dir='ltr'>Decembris</span> <span class='ocrx_word' id='word_1_445' title='bbox 3600 2943 3750 2985; x_wconf 88' lang='lat' dir='ltr'>anno</span> 
     </span>
    </p>
   </div>
   <div class='ocr_carea' id='block_1_60' title="bbox 2088 3018 3750 3091">
    <p class='ocr_par' dir='ltr' id='par_1_60' title="bbox 2088 3018 3750 3091">
     <span class='ocr_line' id='line_1_60' title="bbox 2088 3018 3750 3091; baseline -0.001 -18"><span class='ocrx_word' id='word_1_446' title='bbox 2088 3021 2214 3085; x_wconf 74' lang='grc'>954,</span> <span class='ocrx_word' id='word_1_447' title='bbox 2239 3020 2519 3075; x_wconf 82' lang='lat' dir='ltr'>adversus</span> <span class='ocrx_word' id='word_1_448' title='bbox 2550 3036 2745 3091; x_wconf 87' lang='lat' dir='ltr'>regem</span> <span class='ocrx_word' id='word_1_449' title='bbox 2792 3018 3132 3090; x_wconf 88' lang='lat' dir='ltr'>aliquandiu</span> <span class='ocrx_word' id='word_1_450' title='bbox 3166 3018 3423 3086; x_wconf 89' lang='lat' dir='ltr'>stetisse,</span> <span class='ocrx_word' id='word_1_451' title='bbox 3451 3023 3507 3073; x_wconf 91' lang='lat' dir='ltr'>et</span> <span class='ocrx_word' id='word_1_452' title='bbox 3556 3018 3750 3076; x_wconf 90' lang='lat' dir='ltr'>solum</span> 
     </span>
    </p>
   </div>
   <div class='ocr_carea' id='block_1_61' title="bbox 2090 3106 3752 3182">
    <p class='ocr_par' dir='ltr' id='par_1_61' title="bbox 2090 3106 3752 3182">
     <span class='ocr_line' id='line_1_61' title="bbox 2090 3106 3752 3182; baseline -0.001 -18"><span class='ocrx_word' id='word_1_453' title='bbox 2090 3114 2291 3182; x_wconf 89' lang='lat' dir='ltr'>postea</span> <span class='ocrx_word' id='word_1_454' title='bbox 2322 3125 2475 3164; x_wconf 90' lang='lat' dir='ltr'>anno</span> <span class='ocrx_word' id='word_1_455' title='bbox 2496 3109 2602 3163; x_wconf 90' lang='grc'>955</span> <span class='ocrx_word' id='word_1_456' title='bbox 2626 3106 2797 3181; x_wconf 88' lang='lat' dir='ltr'>paulo</span> <span class='ocrx_word' id='word_1_457' title='bbox 2819 3111 2950 3163; x_wconf 91' lang='lat' dir='ltr'>ante</span> <span class='ocrx_word' id='word_1_458' title='bbox 2978 3121 3237 3180; x_wconf 86' lang='lat' dir='ltr'>pugnam</span> <span class='ocrx_word' id='word_1_459' title='bbox 3262 3124 3365 3179; x_wconf 88' lang='lat' dir='ltr'>pro</span> <span class='ocrx_word' id='word_1_460' title='bbox 3387 3108 3594 3164; x_wconf 91' lang='lat' dir='ltr'>eodem</span> <span class='ocrx_word' id='word_1_461' title='bbox 3619 3122 3752 3180; x_wconf 88' lang='lat' dir='ltr'>rege</span> 
     </span>
    </p>
   </div>
   <div class='ocr_carea' id='block_1_62' title="bbox 2093 3194 3752 3269">
    <p class='ocr_par' dir='ltr' id='par_1_62' title="bbox 2093 3194 3752 3269">
     <span class='ocr_line' id='line_1_62' title="bbox 2093 3194 3752 3269; baseline -0.001 -16"><span class='ocrx_word' id='word_1_462' title='bbox 2093 3198 2164 3252; x_wconf 91' lang='lat' dir='ltr'>ab</span> <span class='ocrx_word' id='word_1_463' title='bbox 2197 3215 2262 3253; x_wconf 90' lang='lat' dir='ltr'>eo</span> <span class='ocrx_word' id='word_1_464' title='bbox 2296 3202 2629 3267; x_wconf 89' lang='lat' dir='ltr'>susceptam</span> <span class='ocrx_word' id='word_1_465' title='bbox 2662 3201 2861 3252; x_wconf 87' lang='lat' dir='ltr'>contra</span> <span class='ocrx_word' id='word_1_466' title='bbox 2889 3196 3217 3268; x_wconf 85' lang='lat' dir='ltr'>Hungaros,</span> <span class='ocrx_word' id='word_1_467' title='bbox 3242 3212 3375 3251; x_wconf 91' lang='lat' dir='ltr'>cum</span> <span class='ocrx_word' id='word_1_468' title='bbox 3407 3195 3536 3269; x_wconf 89' lang='lat' dir='ltr'>ipso</span> <span class='ocrx_word' id='word_1_469' title='bbox 3570 3194 3752 3251; x_wconf 85' lang='lat' dir='ltr'>fuisse</span> 
     </span>
    </p>
   </div>
   <div class='ocr_carea' id='block_1_63' title="bbox 324 3269 3751 3360">
    <p class='ocr_par' dir='ltr' id='par_1_63' title="bbox 324 3269 3751 3360">
     <span class='ocr_line' id='line_1_63' title="bbox 324 3269 3751 3360; baseline -0.002 -16"><span class='ocrx_word' id='word_1_470' title='bbox 324 3286 1209 3360; x_wconf 81' lang='lat' dir='ltr'>extorquerent.«Tempestates</span> <span class='ocrx_word' id='word_1_471' title='bbox 1232 3282 1489 3355; x_wconf 90' lang='lat' dir='ltr'>undique</span> <span class='ocrx_word' id='word_1_472' title='bbox 1512 3282 1830 3337; x_wconf 68' lang='lat' dir='ltr'>innumerae</span> <span class='ocrx_word' id='word_1_473' title='bbox 1854 3300 1984 3337; x_wconf 86' lang='lat' dir='ltr'>con-</span> <span class='ocrx_word' id='word_1_474' title='bbox 2013 3269 2056 3337; x_wconf 84' lang='lat' dir='ltr'>C</span> <span class='ocrx_word' id='word_1_475' title='bbox 2091 3287 2487 3342; x_wconf 86' lang='lat' dir='ltr'>conciliatum.</span> <span class='ocrx_word' id='word_1_476' title='bbox 2513 3286 2658 3342; x_wconf 84' lang='lat' dir='ltr'>Hinc</span> <span class='ocrx_word' id='word_1_477' title='bbox 2686 3302 2828 3342; x_wconf 89' lang='lat' dir='ltr'>sane</span> <span class='ocrx_word' id='word_1_478' title='bbox 2860 3284 3178 3341; x_wconf 84' lang='lat' dir='ltr'>Fulcuinus</span> <span class='ocrx_word' id='word_1_479' title='bbox 3210 3300 3338 3358; x_wconf 88' lang='lat' dir='ltr'>cap.</span> <span class='ocrx_word' id='word_1_480' title='bbox 3365 3286 3455 3353; x_wconf 86' lang='lat'>25,</span> <span class='ocrx_word' id='word_1_481' title='bbox 3492 3283 3751 3341; x_wconf 85' lang='lat' dir='ltr'>narratis</span> 
     </span>
    </p>
   </div>
   <div class='ocr_carea' id='block_1_64' title="bbox 325 3371 1979 3444">
    <p class='ocr_par' dir='ltr' id='par_1_64' title="bbox 325 3371 1979 3444">
     <span class='ocr_line' id='line_1_64' title="bbox 325 3371 1979 3444; baseline -0.004 -10"><span class='ocrx_word' id='word_1_482' title='bbox 325 3378 635 3444; x_wconf 80' lang='lat' dir='ltr'>ﬂuxerunt,</span> <span class='ocrx_word' id='word_1_483' title='bbox 657 3375 777 3431; x_wconf 81' lang='lat' dir='ltr'>«ait</span> <span class='ocrx_word' id='word_1_484' title='bbox 808 3374 933 3431; x_wconf 91' lang='lat' dir='ltr'>loco</span> <span class='ocrx_word' id='word_1_485' title='bbox 955 3373 1159 3429; x_wconf 87' lang='lat' dir='ltr'>eodem</span> <span class='ocrx_word' id='word_1_486' title='bbox 1184 3372 1523 3439; x_wconf 91' lang='lat' dir='ltr'>Fulcuinus,</span> <span class='ocrx_word' id='word_1_487' title='bbox 1544 3371 1753 3427; x_wconf 77' lang='lat' dir='ltr'>nnavis</span> <span class='ocrx_word' id='word_1_488' title='bbox 1783 3372 1979 3427; x_wconf 75' lang='lat' dir='ltr'>Eccle-</span> 
     </span>
    </p>
   </div>
   <div class='ocr_carea' id='block_1_65' title="bbox 322 3460 1981 3537">
    <p class='ocr_par' dir='ltr' id='par_1_65' title="bbox 322 3460 1981 3537">
     <span class='ocr_line' id='line_1_65' title="bbox 322 3460 1981 3537; baseline -0.005 -13"><span class='ocrx_word' id='word_1_489' title='bbox 322 3469 421 3524; x_wconf 77' lang='lat' dir='ltr'>size</span> <span class='ocrx_word' id='word_1_490' title='bbox 446 3467 744 3524; x_wconf 89' lang='lat' dir='ltr'>laborante</span> <span class='ocrx_word' id='word_1_491' title='bbox 765 3465 985 3537; x_wconf 90' lang='lat' dir='ltr'>remige</span> <span class='ocrx_word' id='word_1_492' title='bbox 1005 3461 1689 3534; x_wconf 82' lang='lat' dir='ltr'>ﬂuctuavit,gubernator</span> <span class='ocrx_word' id='word_1_493' title='bbox 1710 3460 1831 3532; x_wconf 89' lang='lat' dir='ltr'>ipse</span> <span class='ocrx_word' id='word_1_494' title='bbox 1854 3478 1981 3533; x_wconf 91' lang='lat' dir='ltr'>pro-</span> 
     </span>
    </p>
   </div>
   <div class='ocr_carea' id='block_1_66' title="bbox 321 3550 1980 3629">
    <p class='ocr_par' dir='ltr' id='par_1_66' title="bbox 321 3550 1980 3629">
     <span class='ocr_line' id='line_1_66' title="bbox 321 3550 1980 3629; baseline -0.004 -16"><span class='ocrx_word' id='word_1_495' title='bbox 321 3557 543 3614; x_wconf 72' lang='lat' dir='ltr'>cellosaa</span> <span class='ocrx_word' id='word_1_496' title='bbox 566 3554 934 3629; x_wconf 88' lang='lat' dir='ltr'>tempestatis</span> <span class='ocrx_word' id='word_1_497' title='bbox 956 3553 1241 3625; x_wconf 90' lang='lat' dir='ltr'>impetum</span> <span class='ocrx_word' id='word_1_498' title='bbox 1263 3552 1411 3607; x_wconf 91' lang='lat' dir='ltr'>ferre</span> <span class='ocrx_word' id='word_1_499' title='bbox 1438 3568 1553 3606; x_wconf 92' lang='lat' dir='ltr'>non</span> <span class='ocrx_word' id='word_1_500' title='bbox 1576 3550 1980 3622; x_wconf 87' lang='lat' dir='ltr'>potuit.Cessit</span> 
     </span>
    </p>
   </div>
   <div class='ocr_carea' id='block_1_67' title="bbox 322 3639 1976 3719">
    <p class='ocr_par' dir='ltr' id='par_1_67' title="bbox 322 3639 1976 3719">
     <span class='ocr_line' id='line_1_67' title="bbox 322 3639 1976 3719; baseline -0.004 -18"><span class='ocrx_word' id='word_1_501' title='bbox 322 3646 677 3719; x_wconf 83' lang='lat' dir='ltr'>igitur,</span> <span class='ocrx_word' id='word_1_502' title='bbox 711 3644 888 3700; x_wconf 86' lang='lat' dir='ltr'>cessit</span> <span class='ocrx_word' id='word_1_503' title='bbox 932 3641 1367 3698; x_wconf 84' lang='lat' dir='ltr'>adversantium</span> <span class='ocrx_word' id='word_1_504' title='bbox 1418 3639 1723 3708; x_wconf 79' lang='lat' dir='ltr'>voluntati,</span> <span class='ocrx_word' id='word_1_505' title='bbox 1758 3645 1821 3695; x_wconf 92' lang='lat' dir='ltr'>ut</span> <span class='ocrx_word' id='word_1_506' title='bbox 1870 3657 1976 3695; x_wconf 90' lang='lat' dir='ltr'>suo</span> 
     </span>
    </p>
   </div>
   <div class='ocr_carea' id='block_1_68' title="bbox 321 3730 1975 3806">
    <p class='ocr_par' dir='ltr' id='par_1_68' title="bbox 321 3730 1975 3806">
     <span class='ocr_line' id='line_1_68' title="bbox 321 3730 1975 3806; baseline -0.005 -15"><span class='ocrx_word' id='word_1_507' title='bbox 321 3751 422 3791; x_wconf 89' lang='lat' dir='ltr'>eos</span> <span class='ocrx_word' id='word_1_508' title='bbox 452 3733 644 3806; x_wconf 89' lang='lat' dir='ltr'>gladio</span> <span class='ocrx_word' id='word_1_509' title='bbox 678 3732 996 3805; x_wconf 86' lang='lat' dir='ltr'>jugularet.</span> <span class='ocrx_word' id='word_1_510' title='bbox 1026 3731 1147 3787; x_wconf 91' lang='lat' dir='ltr'>Sibi</span> <span class='ocrx_word' id='word_1_511' title='bbox 1180 3730 1439 3785; x_wconf 89' lang='lat' dir='ltr'>obstricti</span> <span class='ocrx_word' id='word_1_512' title='bbox 1472 3733 1611 3785; x_wconf 92' lang='lat' dir='ltr'>sunt</span> <span class='ocrx_word' id='word_1_513' title='bbox 1640 3746 1975 3784; x_wconf 89' lang='lat' dir='ltr'>sacramen-</span> 
     </span>
    </p>
   </div>
   <div class='ocr_carea' id='block_1_69' title="bbox 319 3817 1974 3891">
    <p class='ocr_par' dir='ltr' id='par_1_69' title="bbox 319 3817 1974 3891">
     <span class='ocr_line' id='line_1_69' title="bbox 319 3817 1974 3891; baseline -0.004 -12"><span class='ocrx_word' id='word_1_514' title='bbox 319 3827 516 3879; x_wconf 89' lang='lat' dir='ltr'>torum</span> <span class='ocrx_word' id='word_1_515' title='bbox 547 3821 661 3877; x_wconf 84' lang='lat' dir='ltr'>ﬁde</span> <span class='ocrx_word' id='word_1_516' title='bbox 682 3817 1008 3891; x_wconf 88' lang='lat' dir='ltr'>spontanei,</span> <span class='ocrx_word' id='word_1_517' title='bbox 1028 3822 1093 3873; x_wconf 87' lang='lat' dir='ltr'>ut</span> <span class='ocrx_word' id='word_1_518' title='bbox 1115 3818 1163 3873; x_wconf 82' lang='lat' dir='ltr'>si</span> <span class='ocrx_word' id='word_1_519' title='bbox 1187 3818 1449 3888; x_wconf 90' lang='lat' dir='ltr'>accipere</span> <span class='ocrx_word' id='word_1_520' title='bbox 1472 3822 1837 3873; x_wconf 91' lang='lat' dir='ltr'>mererentur</span> <span class='ocrx_word' id='word_1_521' title='bbox 1857 3818 1974 3891; x_wconf 91' lang='lat' dir='ltr'>epi-</span> 
     </span>
    </p>
   </div>
   <div class='ocr_carea' id='block_1_70' title="bbox 319 3905 1975 3983">
    <p class='ocr_par' dir='ltr' id='par_1_70' title="bbox 319 3905 1975 3983">
     <span class='ocr_line' id='line_1_70' title="bbox 319 3905 1975 3983; baseline -0.002 -16"><span class='ocrx_word' id='word_1_522' title='bbox 319 3924 565 3983; x_wconf 90' lang='lat' dir='ltr'>scopum</span> <span class='ocrx_word' id='word_1_523' title='bbox 614 3925 791 3981; x_wconf 91' lang='lat' dir='ltr'>quem</span> <span class='ocrx_word' id='word_1_524' title='bbox 840 3907 1130 3978; x_wconf 87' lang='lat' dir='ltr'>petebant,</span> <span class='ocrx_word' id='word_1_525' title='bbox 1182 3905 1400 3961; x_wconf 88' lang='lat' dir='ltr'>invicta</span> <span class='ocrx_word' id='word_1_526' title='bbox 1446 3905 1651 3961; x_wconf 80' lang='lat' dir='ltr'>exinde</span> <span class='ocrx_word' id='word_1_527' title='bbox 1700 3907 1975 3963; x_wconf 84' lang='lat' dir='ltr'>ﬁrmitate</span> 
     </span>
    </p>
   </div>
   <div class='ocr_carea' id='block_1_71' title="bbox 317 3994 1972 4066">
    <p class='ocr_par' dir='ltr' id='par_1_71' title="bbox 317 3994 1972 4066">
     <span class='ocr_line' id='line_1_71' title="bbox 317 3994 1972 4066; baseline -0.003 -10"><span class='ocrx_word' id='word_1_528' title='bbox 317 3998 725 4057; x_wconf 88' lang='lat' dir='ltr'>auctoritatem</span> <span class='ocrx_word' id='word_1_529' title='bbox 756 3994 1023 4053; x_wconf 66' lang='lat' dir='ltr'>Ecclesiae</span> <span class='ocrx_word' id='word_1_530' title='bbox 1054 3999 1110 4050; x_wconf 89' lang='lat' dir='ltr'>et</span> <span class='ocrx_word' id='word_1_531' title='bbox 1131 3996 1234 4066; x_wconf 90' lang='lat' dir='ltr'>jus</span> <span class='ocrx_word' id='word_1_532' title='bbox 1265 3994 1705 4066; x_wconf 85' lang='lat' dir='ltr'>imperatorium</span> <span class='ocrx_word' id='word_1_533' title='bbox 1740 3998 1972 4051; x_wconf 86' lang='lat' dir='ltr'>tueren-</span> 
     </span>
    </p>
   </div>
   <div class='ocr_carea' id='block_1_72' title="bbox 316 4083 1969 4155">
    <p class='ocr_par' dir='ltr' id='par_1_72' title="bbox 316 4083 1969 4155">
     <span class='ocr_line' id='line_1_72' title="bbox 316 4083 1969 4155; baseline -0.003 -10"><span class='ocrx_word' id='word_1_534' title='bbox 316 4094 471 4145; x_wconf 86' lang='lat' dir='ltr'>tur.»</span> <span class='ocrx_word' id='word_1_535' title='bbox 495 4088 759 4144; x_wconf 88' lang='lat' dir='ltr'>Metuens</span> <span class='ocrx_word' id='word_1_536' title='bbox 791 4085 1069 4141; x_wconf 91' lang='lat' dir='ltr'>nimirum</span> <span class='ocrx_word' id='word_1_537' title='bbox 1093 4085 1304 4155; x_wconf 87' lang='lat' dir='ltr'>Bruno,</span> <span class='ocrx_word' id='word_1_538' title='bbox 1331 4099 1402 4139; x_wconf 91' lang='lat' dir='ltr'>ne</span> <span class='ocrx_word' id='word_1_539' title='bbox 1434 4083 1478 4138; x_wconf 91' lang='lat' dir='ltr'>si</span> <span class='ocrx_word' id='word_1_540' title='bbox 1510 4083 1733 4139; x_wconf 90' lang='lat' dir='ltr'>diutius</span> <span class='ocrx_word' id='word_1_541' title='bbox 1758 4100 1824 4139; x_wconf 90' lang='lat' dir='ltr'>ac</span> <span class='ocrx_word' id='word_1_542' title='bbox 1857 4084 1969 4140; x_wconf 84' lang='lat' dir='ltr'>for-</span> 
     </span>
    </p>
   </div>
   <div class='ocr_carea' id='block_1_73' title="bbox 316 4162 1970 4245">
    <p class='ocr_par' dir='ltr' id='par_1_73' title="bbox 316 4162 1970 4245">
     <span class='ocr_line' id='line_1_73' title="bbox 316 4162 1970 4245; baseline -0.002 -11"><span class='ocrx_word' id='word_1_543' title='bbox 316 4177 434 4235; x_wconf 89' lang='lat' dir='ltr'>tius</span> <span class='ocrx_word' id='word_1_544' title='bbox 466 4177 781 4243; x_wconf 89' lang='lat' dir='ltr'>resisteret,</span> <span class='ocrx_word' id='word_1_545' title='bbox 810 4176 925 4232; x_wconf 94' lang='lat' dir='ltr'>duo</span> <span class='ocrx_word' id='word_1_546' title='bbox 957 4174 1040 4230; x_wconf 88' lang='lat' dir='ltr'>illi</span> <span class='ocrx_word' id='word_1_547' title='bbox 1072 4174 1317 4231; x_wconf 90' lang='lat' dir='ltr'>comites</span> <span class='ocrx_word' id='word_1_548' title='bbox 1347 4162 1383 4229; x_wconf 65' lang='grc' dir='ltr'>τί</span> <span class='ocrx_word' id='word_1_549' title='bbox 1412 4190 1543 4245; x_wconf 85' lang='lat' dir='ltr'>rege</span> <span class='ocrx_word' id='word_1_550' title='bbox 1574 4173 1883 4229; x_wconf 85' lang='lat' dir='ltr'>deficerent</span> <span class='ocrx_word' id='word_1_551' title='bbox 1914 4178 1970 4230; x_wconf 89' lang='lat' dir='ltr'>et</span> 
     </span>
    </p>
   </div>
   <div class='ocr_carea' id='block_1_74' title="bbox 312 4263 1966 4337">
    <p class='ocr_par' dir='ltr' id='par_1_74' title="bbox 312 4263 1966 4337">
     <span class='ocr_line' id='line_1_74' title="bbox 312 4263 1966 4337; baseline -0.002 -13"><span class='ocrx_word' id='word_1_552' title='bbox 312 4267 632 4325; x_wconf 90' lang='lat' dir='ltr'>transirent</span> <span class='ocrx_word' id='word_1_553' title='bbox 675 4267 747 4323; x_wconf 91' lang='lat' dir='ltr'>ad</span> <span class='ocrx_word' id='word_1_554' title='bbox 780 4265 1137 4332; x_wconf 87' lang='lat' dir='ltr'>Conradum,</span> <span class='ocrx_word' id='word_1_555' title='bbox 1165 4288 1191 4316; x_wconf 87' lang='grc'><em>‹‹</em></span> <span class='ocrx_word' id='word_1_556' title='bbox 1228 4263 1329 4337; x_wconf 90' lang='lat' dir='ltr'>qui</span> <span class='ocrx_word' id='word_1_557' title='bbox 1367 4267 1505 4318; x_wconf 91' lang='lat' dir='ltr'>tunc</span> <span class='ocrx_word' id='word_1_558' title='bbox 1537 4267 1741 4319; x_wconf 88' lang='lat' dir='ltr'>contra</span> <span class='ocrx_word' id='word_1_559' title='bbox 1771 4280 1966 4334; x_wconf 85' lang='lat' dir='ltr'>regem</span> 
     </span>
    </p>
   </div>
   <div class='ocr_carea' id='block_1_75' title="bbox 310 4351 1963 4431">
    <p class='ocr_par' dir='ltr' id='par_1_75' title="bbox 310 4351 1963 4431">
     <span class='ocr_line' id='line_1_75' title="bbox 310 4351 1963 4431; baseline -0.003 -18"><span class='ocrx_word' id='word_1_560' title='bbox 310 4358 518 4431; x_wconf 87' lang='lat' dir='ltr'>agebat</span> <span class='ocrx_word' id='word_1_561' title='bbox 550 4356 828 4428; x_wconf 79' lang='lat' dir='ltr'>(Phrenes.</span> <span class='ocrx_word' id='word_1_562' title='bbox 861 4374 916 4411; x_wconf 91' lang='lat' dir='ltr'>n.</span> <span class='ocrx_word' id='word_1_563' title='bbox 955 4356 1026 4427; x_wconf 83' lang='lat'>1),</span> <span class='ocrx_word' id='word_1_564' title='bbox 1056 4378 1082 4404; x_wconf 91' lang='grc'><strong>››</strong></span> <span class='ocrx_word' id='word_1_565' title='bbox 1108 4354 1224 4411; x_wconf 89' lang='lat' dir='ltr'>illis</span> <span class='ocrx_word' id='word_1_566' title='bbox 1251 4353 1637 4425; x_wconf 88' lang='lat' dir='ltr'>jurejurando</span> <span class='ocrx_word' id='word_1_567' title='bbox 1669 4351 1963 4426; x_wconf 89' lang='lat' dir='ltr'>obligatis,</span> 
     </span>
    </p>
   </div>
   <div class='ocr_carea' id='block_1_76' title="bbox 310 4441 1965 4515">
    <p class='ocr_par' dir='ltr' id='par_1_76' title="bbox 310 4441 1965 4515">
     <span class='ocr_line' id='line_1_76' title="bbox 310 4441 1965 4515; baseline -0.005 -11"><span class='ocrx_word' id='word_1_568' title='bbox 310 4447 655 4503; x_wconf 82' lang='lat' dir='ltr'>Ratherium</span> <span class='ocrx_word' id='word_1_569' title='bbox 679 4448 915 4502; x_wconf 89' lang='lat' dir='ltr'>tandem</span> <span class='ocrx_word' id='word_1_570' title='bbox 941 4444 1380 4511; x_wconf 90' lang='lat' dir='ltr'>dimittendum,</span> <span class='ocrx_word' id='word_1_571' title='bbox 1408 4441 1745 4498; x_wconf 89' lang='lat' dir='ltr'>Baldricum</span> <span class='ocrx_word' id='word_1_572' title='bbox 1772 4443 1965 4515; x_wconf 88' lang='lat' dir='ltr'>junio-</span> 
     </span>
    </p>
   </div>
   <div class='ocr_carea' id='block_1_77' title="bbox 309 4531 1960 4606">
    <p class='ocr_par' dir='ltr' id='par_1_77' title="bbox 309 4531 1960 4606">
     <span class='ocr_line' id='line_1_77' title="bbox 309 4531 1960 4606; baseline -0.001 -16"><span class='ocrx_word' id='word_1_573' title='bbox 309 4553 431 4592; x_wconf 90' lang='lat' dir='ltr'>rem</span> <span class='ocrx_word' id='word_1_574' title='bbox 454 4535 916 4590; x_wconf 89' lang='lat' dir='ltr'>consecrandum</span> <span class='ocrx_word' id='word_1_575' title='bbox 950 4533 1196 4589; x_wconf 89' lang='lat' dir='ltr'>censuit.</span> <span class='ocrx_word' id='word_1_576' title='bbox 1221 4533 1305 4588; x_wconf 81' lang='lat' dir='ltr'>Ad</span> <span class='ocrx_word' id='word_1_577' title='bbox 1337 4531 1458 4588; x_wconf 76' lang='lat' dir='ltr'>haec</span> <span class='ocrx_word' id='word_1_578' title='bbox 1490 4533 1754 4606; x_wconf 87' lang='lat' dir='ltr'>producti</span> <span class='ocrx_word' id='word_1_579' title='bbox 1787 4550 1960 4589; x_wconf 89' lang='lat' dir='ltr'>cano-</span> 
     </span>
    </p>
   </div>
   <div class='ocr_carea' id='block_1_78' title="bbox 2093 3371 3747 3449">
    <p class='ocr_par' dir='ltr' id='par_1_78' title="bbox 2093 3371 3747 3449">
     <span class='ocr_line' id='line_1_78' title="bbox 2093 3371 3747 3449; baseline -0.002 -18"><span class='ocrx_word' id='word_1_580' title='bbox 2093 3378 2500 3449; x_wconf 86' lang='lat' dir='ltr'>llungarorum</span> <span class='ocrx_word' id='word_1_581' title='bbox 2533 3376 2713 3449; x_wconf 90' lang='lat' dir='ltr'>gestis</span> <span class='ocrx_word' id='word_1_582' title='bbox 2745 3375 2882 3431; x_wconf 90' lang='lat' dir='ltr'>anni</span> <span class='ocrx_word' id='word_1_583' title='bbox 2911 3376 3038 3443; x_wconf 73' lang='grc'>954,</span> <span class='ocrx_word' id='word_1_584' title='bbox 3074 3373 3444 3446; x_wconf 87' lang='lat' dir='ltr'>expositurus</span> <span class='ocrx_word' id='word_1_585' title='bbox 3475 3371 3747 3447; x_wconf 78' lang='lat' dir='ltr'>przelium</span> 
     </span>
    </p>
   </div>
   <div class='ocr_carea' id='block_1_79' title="bbox 2088 3461 3750 3538">
    <p class='ocr_par' dir='ltr' id='par_1_79' title="bbox 2088 3461 3750 3538">
     <span class='ocr_line' id='line_1_79' title="bbox 2088 3461 3750 3538; baseline -0.002 -17"><span class='ocrx_word' id='word_1_586' title='bbox 2088 3466 2223 3521; x_wconf 88' lang='lat' dir='ltr'>anni</span> <span class='ocrx_word' id='word_1_587' title='bbox 2257 3468 2382 3532; x_wconf 86' lang='lat'>955,</span> <span class='ocrx_word' id='word_1_588' title='bbox 2399 3467 2552 3538; x_wconf 90' lang='lat' dir='ltr'>quod</span> <span class='ocrx_word' id='word_1_589' title='bbox 2578 3465 2677 3519; x_wconf 89' lang='lat' dir='ltr'>illa</span> <span class='ocrx_word' id='word_1_590' title='bbox 2699 3481 2843 3536; x_wconf 86' lang='lat' dir='ltr'>gens</span> <span class='ocrx_word' id='word_1_591' title='bbox 2864 3487 2891 3513; x_wconf 90' lang='grc'><strong><em>‹‹</em></strong></span> <span class='ocrx_word' id='word_1_592' title='bbox 2918 3464 3178 3530; x_wconf 90' lang='lat' dir='ltr'>seducta,</span> <span class='ocrx_word' id='word_1_593' title='bbox 3204 3465 3398 3531; x_wconf 90' lang='lat' dir='ltr'>credo,</span> <span class='ocrx_word' id='word_1_594' title='bbox 3422 3461 3750 3536; x_wconf 86' lang='lat' dir='ltr'>superioris</span> 
     </span>
    </p>
   </div>
   <div class='ocr_carea' id='block_1_80' title="bbox 2088 3552 3750 3625">
    <p class='ocr_par' dir='ltr' id='par_1_80' title="bbox 2088 3552 3750 3625">
     <span class='ocr_line' id='line_1_80' title="bbox 2088 3552 3750 3625; baseline -0.002 -16"><span class='ocrx_word' id='word_1_595' title='bbox 2088 3555 2223 3609; x_wconf 89' lang='lat' dir='ltr'>anni</span> <span class='ocrx_word' id='word_1_596' title='bbox 2255 3571 2529 3611; x_wconf 90' lang='lat' dir='ltr'>successu</span> <span class='ocrx_word' id='word_1_597' title='bbox 2557 3578 2584 3605; x_wconf 89' lang='grc'>››</span> <span class='ocrx_word' id='word_1_598' title='bbox 2611 3554 2869 3625; x_wconf 89' lang='lat' dir='ltr'>suscepit</span> <span class='ocrx_word' id='word_1_599' title='bbox 2924 3558 2981 3609; x_wconf 89' lang='lat' dir='ltr'>et</span> <span class='ocrx_word' id='word_1_600' title='bbox 3028 3553 3311 3621; x_wconf 88' lang='lat' dir='ltr'>Conrado,</span> <span class='ocrx_word' id='word_1_601' title='bbox 3364 3570 3466 3609; x_wconf 88' lang='lat' dir='ltr'>seu</span> <span class='ocrx_word' id='word_1_602' title='bbox 3511 3552 3750 3609; x_wconf 85' lang='lat' dir='ltr'>Conone</span> 
     </span>
    </p>
   </div>
   <div class='ocr_carea' id='block_1_81' title="bbox 2086 3641 3746 3711">
    <p class='ocr_par' dir='ltr' id='par_1_81' title="bbox 2086 3641 3746 3711">
     <span class='ocr_line' id='line_1_81' title="bbox 2086 3641 3746 3711; baseline -0.002 -12"><span class='ocrx_word' id='word_1_603' title='bbox 2086 3650 2322 3699; x_wconf 91' lang='lat' dir='ltr'>strenue</span> <span class='ocrx_word' id='word_1_604' title='bbox 2354 3644 2669 3699; x_wconf 91' lang='lat' dir='ltr'>dimicante</span> <span class='ocrx_word' id='word_1_605' title='bbox 2698 3643 2920 3697; x_wconf 82' lang='lat' dir='ltr'>devicta</span> <span class='ocrx_word' id='word_1_606' title='bbox 2951 3642 3089 3711; x_wconf 86' lang='lat' dir='ltr'>fuit;</span> <span class='ocrx_word' id='word_1_607' title='bbox 3121 3662 3141 3690; x_wconf 74' lang='grc' dir='ltr'>ι</span> <span class='ocrx_word' id='word_1_608' title='bbox 3167 3643 3381 3698; x_wconf 83' lang='lat' dir='ltr'>Aderat</span> <span class='ocrx_word' id='word_1_609' title='bbox 3410 3641 3489 3697; x_wconf 89' lang='lat' dir='ltr'>ibi</span> <span class='ocrx_word' id='word_1_610' title='bbox 3525 3644 3746 3707; x_wconf 87' lang='lat' dir='ltr'>Conon,</span> 
     </span>
    </p>
   </div>
   <div class='ocr_carea' id='block_1_82' title="bbox 2084 3731 3750 3806">
    <p class='ocr_par' dir='ltr' id='par_1_82' title="bbox 2084 3731 3750 3806">
     <span class='ocr_line' id='line_1_82' title="bbox 2084 3731 3750 3806; baseline -0.002 -19"><span class='ocrx_word' id='word_1_611' title='bbox 2084 3733 2296 3806; x_wconf 91' lang='lat' dir='ltr'>inquit,</span> <span class='ocrx_word' id='word_1_612' title='bbox 2330 3750 2442 3787; x_wconf 91' lang='lat' dir='ltr'>non</span> <span class='ocrx_word' id='word_1_613' title='bbox 2464 3734 2590 3804; x_wconf 89' lang='lat' dir='ltr'>jam</span> <span class='ocrx_word' id='word_1_614' title='bbox 2623 3732 2760 3798; x_wconf 91' lang='lat' dir='ltr'>dux,</span> <span class='ocrx_word' id='word_1_615' title='bbox 2793 3732 2893 3786; x_wconf 89' lang='lat' dir='ltr'>sed</span> <span class='ocrx_word' id='word_1_616' title='bbox 2930 3731 3121 3803; x_wconf 87' lang='lat' dir='ltr'>miles,</span> <span class='ocrx_word' id='word_1_617' title='bbox 3157 3736 3276 3787; x_wconf 91' lang='lat' dir='ltr'>toto</span> <span class='ocrx_word' id='word_1_618' title='bbox 3321 3734 3386 3787; x_wconf 89' lang='lat' dir='ltr'>ut</span> <span class='ocrx_word' id='word_1_619' title='bbox 3426 3732 3750 3804; x_wconf 84' lang='lat' dir='ltr'>putabatur</span> 
     </span>
    </p>
   </div>
   <div class='ocr_carea' id='block_1_83' title="bbox 2083 3820 3749 3895">
    <p class='ocr_par' dir='ltr' id='par_1_83' title="bbox 2083 3820 3749 3895">
     <span class='ocr_line' id='line_1_83' title="bbox 2083 3820 3749 3895; baseline -0.001 -18"><span class='ocrx_word' id='word_1_620' title='bbox 2083 3823 2279 3878; x_wconf 90' lang='lat' dir='ltr'>animo</span> <span class='ocrx_word' id='word_1_621' title='bbox 2312 3838 2625 3877; x_wconf 87' lang='lat' dir='ltr'>conversus</span> <span class='ocrx_word' id='word_1_622' title='bbox 2659 3822 2731 3877; x_wconf 89' lang='lat' dir='ltr'>ad</span> <span class='ocrx_word' id='word_1_623' title='bbox 2777 3837 3006 3893; x_wconf 88' lang='lat' dir='ltr'>pacem,</span> <span class='ocrx_word' id='word_1_624' title='bbox 3029 3838 3206 3893; x_wconf 90' lang='lat' dir='ltr'>quam</span> <span class='ocrx_word' id='word_1_625' title='bbox 3248 3820 3421 3893; x_wconf 88' lang='lat' dir='ltr'>paulo</span> <span class='ocrx_word' id='word_1_626' title='bbox 3454 3824 3593 3877; x_wconf 90' lang='lat' dir='ltr'>ante</span> <span class='ocrx_word' id='word_1_627' title='bbox 3622 3820 3749 3895; x_wconf 84' lang='lat' dir='ltr'>(no-</span> 
     </span>
    </p>
   </div>
   <div class='ocr_carea' id='block_1_84' title="bbox 2082 3909 3745 3983">
    <p class='ocr_par' dir='ltr' id='par_1_84' title="bbox 2082 3909 3745 3983">
     <span class='ocr_line' id='line_1_84' title="bbox 2082 3909 3745 3983; baseline -0.005 -16"><span class='ocrx_word' id='word_1_628' title='bbox 2082 3915 2277 3967; x_wconf 89' lang='lat' dir='ltr'>tentur</span> <span class='ocrx_word' id='word_1_629' title='bbox 2322 3928 2493 3967; x_wconf 90' lang='lat' dir='ltr'>voces</span> <span class='ocrx_word' id='word_1_630' title='bbox 2550 3911 2719 3981; x_wconf 86' lang='lat' dir='ltr'>paulo</span> <span class='ocrx_word' id='word_1_631' title='bbox 2775 3910 2923 3981; x_wconf 82' lang='lat' dir='ltr'>ante)</span> <span class='ocrx_word' id='word_1_632' title='bbox 2958 3910 3230 3965; x_wconf 89' lang='lat' dir='ltr'>atrociter</span> <span class='ocrx_word' id='word_1_633' title='bbox 3276 3909 3745 3983; x_wconf 83' lang='lat' dir='ltr'>impugnabat.»</span> 
     </span>
    </p>
   </div>
   <div class='ocr_carea' id='block_1_85' title="bbox 2080 3998 3750 4073">
    <p class='ocr_par' dir='ltr' id='par_1_85' title="bbox 2080 3998 3750 4073">
     <span class='ocr_line' id='line_1_85' title="bbox 2080 3998 3750 4073; baseline -0.004 -16"><span class='ocrx_word' id='word_1_634' title='bbox 2080 4001 2271 4057; x_wconf 90' lang='lat' dir='ltr'>Solius</span> <span class='ocrx_word' id='word_1_635' title='bbox 2300 4000 2536 4073; x_wconf 87' lang='lat' dir='ltr'>quidem</span> <span class='ocrx_word' id='word_1_636' title='bbox 2564 3999 2801 4055; x_wconf 83' lang='lat' dir='ltr'>Liutulfi</span> <span class='ocrx_word' id='word_1_637' title='bbox 2835 4016 3037 4072; x_wconf 90' lang='lat' dir='ltr'>pacem</span> <span class='ocrx_word' id='word_1_638' title='bbox 3072 3998 3276 4054; x_wconf 91' lang='lat' dir='ltr'>initam</span> <span class='ocrx_word' id='word_1_639' title='bbox 3302 3998 3395 4053; x_wconf 91' lang='lat' dir='ltr'>die</span> <span class='ocrx_word' id='word_1_640' title='bbox 3418 3999 3486 4053; x_wconf 91' lang='grc'>17</span> <span class='ocrx_word' id='word_1_641' title='bbox 3508 3998 3750 4054; x_wconf 88' lang='lat' dir='ltr'>Decem-</span> 
     </span>
    </p>
   </div>
   <div class='ocr_carea' id='block_1_86' title="bbox 2081 4086 3745 4159">
    <p class='ocr_par' dir='ltr' id='par_1_86' title="bbox 2081 4086 3745 4159">
     <span class='ocr_line' id='line_1_86' title="bbox 2081 4086 3745 4159; baseline -0.003 -14"><span class='ocrx_word' id='word_1_642' title='bbox 2081 4090 2203 4146; x_wconf 90' lang='lat' dir='ltr'>bris</span> <span class='ocrx_word' id='word_1_643' title='bbox 2237 4107 2328 4145; x_wconf 91' lang='lat' dir='ltr'>an.</span> <span class='ocrx_word' id='word_1_644' title='bbox 2356 4090 2460 4144; x_wconf 79' lang='grc'>954</span> <span class='ocrx_word' id='word_1_645' title='bbox 2484 4093 2814 4145; x_wconf 85' lang='lat' dir='ltr'>memorant</span> <span class='ocrx_word' id='word_1_646' title='bbox 2834 4093 2961 4144; x_wconf 90' lang='lat' dir='ltr'>tum</span> <span class='ocrx_word' id='word_1_647' title='bbox 2988 4087 3338 4144; x_wconf 89' lang='lat' dir='ltr'>Guillelmus</span> <span class='ocrx_word' id='word_1_648' title='bbox 3360 4086 3745 4159; x_wconf 88' lang='lat' dir='ltr'>Moguntinus</span> 
     </span>
    </p>
   </div>
   <div class='ocr_carea' id='block_1_87' title="bbox 2080 4171 3743 4244">
    <p class='ocr_par' dir='ltr' id='par_1_87' title="bbox 2080 4171 3743 4244">
     <span class='ocr_line' id='line_1_87' title="bbox 2080 4171 3743 4244; baseline -0.002 -12"><span class='ocrx_word' id='word_1_649' title='bbox 2080 4178 2138 4234; x_wconf 91' lang='lat' dir='ltr'>in</span> <span class='ocrx_word' id='word_1_650' title='bbox 2173 4179 2464 4234; x_wconf 89' lang='lat' dir='ltr'>notatione</span> <span class='ocrx_word' id='word_1_651' title='bbox 2496 4176 2750 4244; x_wconf 87' lang='lat' dir='ltr'>laudata,</span> <span class='ocrx_word' id='word_1_652' title='bbox 2778 4182 2905 4233; x_wconf 90' lang='lat' dir='ltr'>tum</span> <span class='ocrx_word' id='word_1_653' title='bbox 2928 4176 3221 4232; x_wconf 90' lang='lat' dir='ltr'>Gerardus</span> <span class='ocrx_word' id='word_1_654' title='bbox 3242 4175 3301 4230; x_wconf 90' lang='lat' dir='ltr'>in</span> <span class='ocrx_word' id='word_1_655' title='bbox 3324 4175 3457 4231; x_wconf 87' lang='lat' dir='ltr'>Vita</span> <span class='ocrx_word' id='word_1_656' title='bbox 3475 4174 3537 4229; x_wconf 92' lang='lat' dir='ltr'>S.</span> <span class='ocrx_word' id='word_1_657' title='bbox 3564 4171 3743 4230; x_wconf 85' lang='lat' dir='ltr'>Udal-</span> 
     </span>
    </p>
   </div>
   <div class='ocr_carea' id='block_1_88' title="bbox 2077 4263 3741 4340">
    <p class='ocr_par' dir='ltr' id='par_1_88' title="bbox 2077 4263 3741 4340">
     <span class='ocr_line' id='line_1_88' title="bbox 2077 4263 3741 4340; baseline -0.003 -17"><span class='ocrx_word' id='word_1_658' title='bbox 2077 4268 2181 4324; x_wconf 89' lang='lat' dir='ltr'>rici</span> <span class='ocrx_word' id='word_1_659' title='bbox 2214 4266 2471 4340; x_wconf 88' lang='lat' dir='ltr'>episcopi</span> <span class='ocrx_word' id='word_1_660' title='bbox 2502 4266 2849 4339; x_wconf 81' lang='lat' dir='ltr'>Augusteni,</span> <span class='ocrx_word' id='word_1_661' title='bbox 2884 4266 2984 4337; x_wconf 90' lang='lat' dir='ltr'>qui</span> <span class='ocrx_word' id='word_1_662' title='bbox 3028 4266 3155 4337; x_wconf 89' lang='lat' dir='ltr'>ejus</span> <span class='ocrx_word' id='word_1_663' title='bbox 3201 4264 3360 4337; x_wconf 91' lang='lat' dir='ltr'>pacis</span> <span class='ocrx_word' id='word_1_664' title='bbox 3392 4263 3741 4319; x_wconf 86' lang='lat' dir='ltr'>conciliator</span> 
     </span>
    </p>
   </div>
   <div class='ocr_carea' id='block_1_89' title="bbox 2076 4351 3738 4413">
    <p class='ocr_par' dir='ltr' id='par_1_89' title="bbox 2076 4351 3738 4413">
     <span class='ocr_line' id='line_1_89' title="bbox 2076 4351 3738 4413; baseline -0.003 -1"><span class='ocrx_word' id='word_1_665' title='bbox 2076 4357 2205 4413; x_wconf 89' lang='lat' dir='ltr'>fuit.</span> <span class='ocrx_word' id='word_1_666' title='bbox 2241 4358 2299 4412; x_wconf 91' lang='lat' dir='ltr'>Si</span> <span class='ocrx_word' id='word_1_667' title='bbox 2349 4360 2545 4411; x_wconf 92' lang='lat' dir='ltr'>autem</span> <span class='ocrx_word' id='word_1_668' title='bbox 2578 4353 2969 4411; x_wconf 89' lang='lat' dir='ltr'>reconciliatio</span> <span class='ocrx_word' id='word_1_669' title='bbox 2999 4352 3247 4409; x_wconf 90' lang='lat' dir='ltr'>Conradi</span> <span class='ocrx_word' id='word_1_670' title='bbox 3278 4353 3337 4408; x_wconf 93' lang='lat' dir='ltr'>in</span> <span class='ocrx_word' id='word_1_671' title='bbox 3375 4368 3602 4407; x_wconf 90' lang='lat' dir='ltr'>annum</span> <span class='ocrx_word' id='word_1_672' title='bbox 3630 4351 3738 4407; x_wconf 87' lang='grc'>955</span> 
     </span>
    </p>
   </div>
   <div class='ocr_carea' id='block_1_90' title="bbox 2076 4441 3737 4518">
    <p class='ocr_par' dir='ltr' id='par_1_90' title="bbox 2076 4441 3737 4518">
     <span class='ocr_line' id='line_1_90' title="bbox 2076 4441 3737 4518; baseline -0.003 -17"><span class='ocrx_word' id='word_1_673' title='bbox 2076 4446 2393 4518; x_wconf 90' lang='lat' dir='ltr'>rejicienda</span> <span class='ocrx_word' id='word_1_674' title='bbox 2438 4448 2546 4512; x_wconf 89' lang='lat' dir='ltr'>est,</span> <span class='ocrx_word' id='word_1_675' title='bbox 2569 4443 2715 4500; x_wconf 91' lang='lat' dir='ltr'>nihil</span> <span class='ocrx_word' id='word_1_676' title='bbox 2770 4443 3016 4515; x_wconf 91' lang='lat' dir='ltr'>impedit</span> <span class='ocrx_word' id='word_1_677' title='bbox 3046 4443 3187 4515; x_wconf 87' lang='lat' dir='ltr'>quin</span> <span class='ocrx_word' id='word_1_678' title='bbox 3240 4443 3395 4497; x_wconf 92' lang='lat' dir='ltr'>idem</span> <span class='ocrx_word' id='word_1_679' title='bbox 3424 4441 3737 4498; x_wconf 84' lang='lat' dir='ltr'>Conradus</span> 
     </span>
    </p>
   </div>
   <div class='ocr_carea' id='block_1_91' title="bbox 2072 4530 3739 4606">
    <p class='ocr_par' dir='ltr' id='par_1_91' title="bbox 2072 4530 3739 4606">
     <span class='ocr_line' id='line_1_91' title="bbox 2072 4530 3739 4606; baseline -0.005 -15"><span class='ocrx_word' id='word_1_680' title='bbox 2072 4552 2224 4590; x_wconf 89' lang='lat' dir='ltr'>anno</span> <span class='ocrx_word' id='word_1_681' title='bbox 2256 4536 2457 4590; x_wconf 90' lang='lat' dir='ltr'>eodem</span> <span class='ocrx_word' id='word_1_682' title='bbox 2485 4534 2786 4606; x_wconf 90' lang='lat' dir='ltr'>aliquanto</span> <span class='ocrx_word' id='word_1_683' title='bbox 2811 4537 2944 4588; x_wconf 88' lang='lat' dir='ltr'>ante</span> <span class='ocrx_word' id='word_1_684' title='bbox 2967 4530 3500 4589; x_wconf 86' lang='lat' dir='ltr'>reconciliationem</span> <span class='ocrx_word' id='word_1_685' title='bbox 3533 4534 3739 4587; x_wconf 87' lang='lat' dir='ltr'>contra</span> 
     </span>
    </p>
   </div>
   <div class='ocr_carea' id='block_1_92' title="bbox 308 4621 3742 4708">
    <p class='ocr_par' dir='ltr' id='par_1_92' title="bbox 308 4621 3742 4708">
     <span class='ocr_line' id='line_1_92' title="bbox 308 4621 3742 4708; baseline -0.002 -29"><span class='ocrx_word' id='word_1_686' title='bbox 308 4640 411 4683; x_wconf 91' lang='lat' dir='ltr'>nes</span> <span class='ocrx_word' id='word_1_687' title='bbox 439 4623 510 4678; x_wconf 91' lang='lat' dir='ltr'>de</span> <span class='ocrx_word' id='word_1_688' title='bbox 538 4621 732 4677; x_wconf 86' lang='lat' dir='ltr'>vetitis</span> <span class='ocrx_word' id='word_1_689' title='bbox 763 4621 1170 4693; x_wconf 88' lang='lat' dir='ltr'>episcoporum</span> <span class='ocrx_word' id='word_1_690' title='bbox 1202 4621 1703 4690; x_wconf 88' lang='lat' dir='ltr'>translationibus,</span> <span class='ocrx_word' id='word_1_691' title='bbox 1738 4626 1795 4678; x_wconf 92' lang='lat' dir='ltr'>et</span> <span class='ocrx_word' id='word_1_692' title='bbox 1824 4640 1959 4677; x_wconf 93' lang='lat' dir='ltr'>con-</span> <span class='ocrx_word' id='word_1_693' title='bbox 1994 4643 2040 4708; x_wconf 85' lang='lat' dir='ltr'><strong>D</strong></span> <span class='ocrx_word' id='word_1_694' title='bbox 2070 4624 2341 4680; x_wconf 90' lang='lat' dir='ltr'>Ottonem</span> <span class='ocrx_word' id='word_1_695' title='bbox 2389 4627 2604 4696; x_wconf 86' lang='lat' dir='ltr'>ageret,</span> <span class='ocrx_word' id='word_1_696' title='bbox 2631 4622 2773 4678; x_wconf 91' lang='lat' dir='ltr'>adeo</span> <span class='ocrx_word' id='word_1_697' title='bbox 2805 4624 2871 4677; x_wconf 89' lang='lat' dir='ltr'>ut</span> <span class='ocrx_word' id='word_1_698' title='bbox 2910 4637 2976 4677; x_wconf 91' lang='lat' dir='ltr'>eo</span> <span class='ocrx_word' id='word_1_699' title='bbox 3028 4626 3230 4677; x_wconf 88' lang='lat' dir='ltr'>contra</span> <span class='ocrx_word' id='word_1_700' title='bbox 3276 4636 3473 4692; x_wconf 88' lang='lat' dir='ltr'>regem</span> <span class='ocrx_word' id='word_1_701' title='bbox 3525 4622 3742 4708; x_wconf 87' lang='lat' dir='ltr'>agente</span> 
     </span>
    </p>
   </div>
   <div class='ocr_carea' id='block_1_93' title="bbox 308 4709 1962 4769">
    <p class='ocr_par' dir='ltr' id='par_1_93' title="bbox 308 4709 1962 4769">
     <span class='ocr_line' id='line_1_93' title="bbox 308 4709 1962 4769; baseline 0 -1"><span class='ocrx_word' id='word_1_702' title='bbox 308 4711 550 4769; x_wconf 88' lang='lat' dir='ltr'>certatio</span> <span class='ocrx_word' id='word_1_703' title='bbox 581 4710 689 4766; x_wconf 88' lang='lat' dir='ltr'>hac</span> <span class='ocrx_word' id='word_1_704' title='bbox 733 4710 804 4765; x_wconf 91' lang='lat' dir='ltr'>de</span> <span class='ocrx_word' id='word_1_705' title='bbox 851 4726 911 4764; x_wconf 89' lang='lat' dir='ltr'>re</span> <span class='ocrx_word' id='word_1_706' title='bbox 955 4709 1155 4765; x_wconf 90' lang='lat' dir='ltr'>habita</span> <span class='ocrx_word' id='word_1_707' title='bbox 1203 4727 1236 4765; x_wconf 90' lang='lat' dir='ltr'>a</span> <span class='ocrx_word' id='word_1_708' title='bbox 1281 4710 1555 4766; x_wconf 80' lang='lat' dir='ltr'>Ratbario</span> <span class='ocrx_word' id='word_1_709' title='bbox 1606 4712 1871 4768; x_wconf 86' lang='lat' dir='ltr'>fortassis</span> <span class='ocrx_word' id='word_1_710' title='bbox 1903 4712 1962 4768; x_wconf 90' lang='lat' dir='ltr'>in</span> 
     </span>
    </p>
   </div>
   <div class='ocr_carea' id='block_1_94' title="bbox 306 4798 1959 4873">
    <p class='ocr_par' dir='ltr' id='par_1_94' title="bbox 306 4798 1959 4873">
     <span class='ocr_line' id='line_1_94' title="bbox 306 4798 1959 4873; baseline -0.001 -17"><span class='ocrx_word' id='word_1_711' title='bbox 306 4800 500 4873; x_wconf 88' lang='lat' dir='ltr'>aliquo</span> <span class='ocrx_word' id='word_1_712' title='bbox 519 4798 926 4872; x_wconf 88' lang='lat' dir='ltr'>episcoporum</span> <span class='ocrx_word' id='word_1_713' title='bbox 945 4814 1259 4871; x_wconf 89' lang='lat' dir='ltr'>congressu</span> <span class='ocrx_word' id='word_1_714' title='bbox 1278 4813 1291 4852; x_wconf 92' lang='lat'>:</span> <span class='ocrx_word' id='word_1_715' title='bbox 1310 4800 1439 4852; x_wconf 91' lang='lat' dir='ltr'>novi</span> <span class='ocrx_word' id='word_1_716' title='bbox 1462 4798 1715 4871; x_wconf 88' lang='lat' dir='ltr'>episc0pi</span> <span class='ocrx_word' id='word_1_717' title='bbox 1735 4799 1959 4869; x_wconf 88' lang='lat' dir='ltr'>electio,</span> 
     </span>
    </p>
   </div>
   <div class='ocr_carea' id='block_1_95' title="bbox 305 4885 1959 4962">
    <p class='ocr_par' dir='ltr' id='par_1_95' title="bbox 305 4885 1959 4962">
     <span class='ocr_line' id='line_1_95' title="bbox 305 4885 1959 4962; baseline -0.002 -16"><span class='ocrx_word' id='word_1_718' title='bbox 305 4890 641 4962; x_wconf 90' lang='lat' dir='ltr'>petentibus</span> <span class='ocrx_word' id='word_1_719' title='bbox 668 4886 820 4943; x_wconf 90' lang='lat' dir='ltr'>clero</span> <span class='ocrx_word' id='word_1_720' title='bbox 862 4890 918 4941; x_wconf 89' lang='lat' dir='ltr'>et</span> <span class='ocrx_word' id='word_1_721' title='bbox 957 4885 1192 4958; x_wconf 89' lang='lat' dir='ltr'>populo,</span> <span class='ocrx_word' id='word_1_722' title='bbox 1226 4886 1381 4957; x_wconf 87' lang='lat' dir='ltr'>regis</span> <span class='ocrx_word' id='word_1_723' title='bbox 1415 4903 1712 4954; x_wconf 88' lang='lat' dir='ltr'>assensus,</span> <span class='ocrx_word' id='word_1_724' title='bbox 1738 4888 1959 4958; x_wconf 89' lang='lat' dir='ltr'>episco-</span> 
     </span>
    </p>
   </div>
   <div class='ocr_carea' id='block_1_96' title="bbox 303 4974 1961 5050">
    <p class='ocr_par' dir='ltr' id='par_1_96' title="bbox 303 4974 1961 5050">
     <span class='ocr_line' id='line_1_96' title="bbox 303 4974 1961 5050; baseline -0.002 -16"><span class='ocrx_word' id='word_1_725' title='bbox 303 4995 512 5050; x_wconf 91' lang='lat' dir='ltr'>porum</span> <span class='ocrx_word' id='word_1_726' title='bbox 547 4974 904 5042; x_wconf 89' lang='lat' dir='ltr'>convocatio,</span> <span class='ocrx_word' id='word_1_727' title='bbox 929 4981 985 5030; x_wconf 89' lang='lat' dir='ltr'>et</span> <span class='ocrx_word' id='word_1_728' title='bbox 1033 4974 1145 5030; x_wconf 88' lang='lat' dir='ltr'>alia</span> <span class='ocrx_word' id='word_1_729' title='bbox 1179 4975 1236 5029; x_wconf 91' lang='lat' dir='ltr'>id</span> <span class='ocrx_word' id='word_1_730' title='bbox 1270 4991 1456 5046; x_wconf 87' lang='lat' dir='ltr'>genus</span> <span class='ocrx_word' id='word_1_731' title='bbox 1489 4975 1802 5046; x_wconf 87' lang='lat' dir='ltr'>requisita;</span> <span class='ocrx_word' id='word_1_732' title='bbox 1834 4993 1961 5048; x_wconf 74' lang='lat' dir='ltr'>quae</span> 
     </span>
    </p>
   </div>
   <div class='ocr_carea' id='block_1_97' title="bbox 302 5062 1962 5137">
    <p class='ocr_par' dir='ltr' id='par_1_97' title="bbox 302 5062 1962 5137">
     <span class='ocr_line' id='line_1_97' title="bbox 302 5062 1962 5137; baseline -0.002 -16"><span class='ocrx_word' id='word_1_733' title='bbox 302 5067 503 5121; x_wconf 90' lang='lat' dir='ltr'>omnia</span> <span class='ocrx_word' id='word_1_734' title='bbox 526 5064 933 5137; x_wconf 84' lang='lat' dir='ltr'>expulsionem</span> <span class='ocrx_word' id='word_1_735' title='bbox 954 5063 1209 5119; x_wconf 83' lang='lat' dir='ltr'>Ratherii</span> <span class='ocrx_word' id='word_1_736' title='bbox 1229 5064 1301 5117; x_wconf 93' lang='lat' dir='ltr'>ad</span> <span class='ocrx_word' id='word_1_737' title='bbox 1327 5062 1550 5133; x_wconf 90' lang='lat' dir='ltr'>aliquot</span> <span class='ocrx_word' id='word_1_738' title='bbox 1572 5080 1803 5119; x_wconf 89' lang='lat' dir='ltr'>menses</span> <span class='ocrx_word' id='word_1_739' title='bbox 1825 5065 1962 5119; x_wconf 91' lang='lat' dir='ltr'>anni</span> 
     </span>
    </p>
   </div>
   <div class='ocr_carea' id='block_1_98' title="bbox 299 5150 1961 5226">
    <p class='ocr_par' dir='ltr' id='par_1_98' title="bbox 299 5150 1961 5226">
     <span class='ocr_line' id='line_1_98' title="bbox 299 5150 1961 5226; baseline -0.001 -18"><span class='ocrx_word' id='word_1_740' title='bbox 299 5153 407 5210; x_wconf 87' lang='lat'>955</span> <span class='ocrx_word' id='word_1_741' title='bbox 437 5153 517 5210; x_wconf 92' lang='lat' dir='ltr'>ita</span> <span class='ocrx_word' id='word_1_742' title='bbox 547 5152 993 5226; x_wconf 88' lang='lat' dir='ltr'>protrahunt,ut</span> <span class='ocrx_word' id='word_1_743' title='bbox 1024 5152 1095 5207; x_wconf 91' lang='lat' dir='ltr'>ab</span> <span class='ocrx_word' id='word_1_744' title='bbox 1126 5150 1405 5207; x_wconf 90' lang='lat' dir='ltr'>electione</span> <span class='ocrx_word' id='word_1_745' title='bbox 1436 5150 1624 5223; x_wconf 90' lang='lat' dir='ltr'>ipsius</span> <span class='ocrx_word' id='word_1_746' title='bbox 1656 5153 1725 5207; x_wconf 91' lang='lat' dir='ltr'>ad</span> <span class='ocrx_word' id='word_1_747' title='bbox 1760 5152 1961 5225; x_wconf 89' lang='lat' dir='ltr'>expul-</span> 
     </span>
    </p>
   </div>
   <div class='ocr_carea' id='block_1_99' title="bbox 298 5239 1960 5314">
    <p class='ocr_par' dir='ltr' id='par_1_99' title="bbox 298 5239 1960 5314">
     <span class='ocr_line' id='line_1_99' title="bbox 298 5239 1960 5314; baseline 0.001 -17"><span class='ocrx_word' id='word_1_748' title='bbox 298 5242 525 5298; x_wconf 87' lang='lat' dir='ltr'>sionem</span> <span class='ocrx_word' id='word_1_749' title='bbox 551 5265 579 5291; x_wconf 84' lang='lat'><strong><em>«</em></strong></span> <span class='ocrx_word' id='word_1_750' title='bbox 614 5242 797 5297; x_wconf 89' lang='lat' dir='ltr'>ferme</span> <span class='ocrx_word' id='word_1_751' title='bbox 829 5240 1132 5296; x_wconf 89' lang='lat' dir='ltr'>biennium</span> <span class='ocrx_word' id='word_1_752' title='bbox 1162 5262 1189 5289; x_wconf 83' lang='grc'><strong>››</strong></span> <span class='ocrx_word' id='word_1_753' title='bbox 1225 5240 1549 5295; x_wconf 84' lang='lat' dir='ltr'>excurrisse</span> <span class='ocrx_word' id='word_1_754' title='bbox 1577 5239 1960 5314; x_wconf 85' lang='lat' dir='ltr'>intelligatur,</span> 
     </span>
    </p>
   </div>
   <div class='ocr_carea' id='block_1_100' title="bbox 297 5328 1963 5403">
    <p class='ocr_par' dir='ltr' id='par_1_100' title="bbox 297 5328 1963 5403">
     <span class='ocr_line' id='line_1_100' title="bbox 297 5328 1963 5403; baseline 0 -16"><span class='ocrx_word' id='word_1_755' title='bbox 297 5332 454 5403; x_wconf 90' lang='lat' dir='ltr'>quod</span> <span class='ocrx_word' id='word_1_756' title='bbox 486 5347 657 5387; x_wconf 90' lang='lat' dir='ltr'>secus</span> <span class='ocrx_word' id='word_1_757' title='bbox 691 5329 938 5403; x_wconf 89' lang='lat' dir='ltr'>intelligi</span> <span class='ocrx_word' id='word_1_758' title='bbox 986 5328 1150 5385; x_wconf 88' lang='lat' dir='ltr'>nulla</span> <span class='ocrx_word' id='word_1_759' title='bbox 1194 5329 1419 5385; x_wconf 89' lang='lat' dir='ltr'>ratione</span> <span class='ocrx_word' id='word_1_760' title='bbox 1468 5332 1677 5401; x_wconf 89' lang='lat' dir='ltr'>potest.</span> <span class='ocrx_word' id='word_1_761' title='bbox 1711 5330 1877 5395; x_wconf 85' lang='lat' dir='ltr'>Quod</span> <span class='ocrx_word' id='word_1_762' title='bbox 1910 5332 1963 5388; x_wconf 91' lang='lat' dir='ltr'>si</span> 
     </span>
    </p>
   </div>
   <div class='ocr_carea' id='block_1_101' title="bbox 294 5417 1959 5493">
    <p class='ocr_par' dir='ltr' id='par_1_101' title="bbox 294 5417 1959 5493">
     <span class='ocr_line' id='line_1_101' title="bbox 294 5417 1959 5493; baseline 0.001 -18"><span class='ocrx_word' id='word_1_763' title='bbox 294 5420 396 5476; x_wconf 90' lang='lat' dir='ltr'>illa</span> <span class='ocrx_word' id='word_1_764' title='bbox 454 5419 885 5493; x_wconf 90' lang='lat' dir='ltr'>qualiscunque</span> <span class='ocrx_word' id='word_1_765' title='bbox 941 5418 1467 5475; x_wconf 84' lang='lat' dir='ltr'>excommunicatio</span> <span class='ocrx_word' id='word_1_766' title='bbox 1534 5417 1663 5475; x_wconf 88' lang='lat' dir='ltr'>late‘</span> <span class='ocrx_word' id='word_1_767' title='bbox 1702 5425 1959 5492; x_wconf 85' lang='lat' dir='ltr'>sumpta,</span> 
     </span>
    </p>
   </div>
   <div class='ocr_carea' id='block_1_102' title="bbox 305 5507 1964 5582">
    <p class='ocr_par' dir='ltr' id='par_1_102' title="bbox 305 5507 1964 5582">
     <span class='ocr_line' id='line_1_102' title="bbox 305 5507 1964 5582; baseline 0.001 -17"><span class='ocrx_word' id='word_1_768' title='bbox 305 5525 484 5582; x_wconf 86' lang='lat' dir='ltr'>quam</span> <span class='ocrx_word' id='word_1_769' title='bbox 509 5512 706 5564; x_wconf 89' lang='lat' dir='ltr'>noster</span> <span class='ocrx_word' id='word_1_770' title='bbox 726 5509 1036 5581; x_wconf 89' lang='lat' dir='ltr'>episcopus</span> <span class='ocrx_word' id='word_1_771' title='bbox 1062 5507 1120 5561; x_wconf 94' lang='lat' dir='ltr'>in</span> <span class='ocrx_word' id='word_1_772' title='bbox 1144 5507 1649 5580; x_wconf 86' lang='lat' dir='ltr'>archiepiscopum</span> <span class='ocrx_word' id='word_1_773' title='bbox 1668 5510 1964 5567; x_wconf 75' lang='lat' dir='ltr'>Treviren—</span> 
     </span>
    </p>
   </div>
   <div class='ocr_carea' id='block_1_103' title="bbox 290 5595 1965 5671">
    <p class='ocr_par' dir='ltr' id='par_1_103' title="bbox 290 5595 1965 5671">
     <span class='ocr_line' id='line_1_103' title="bbox 290 5595 1965 5671; baseline 0.001 -16"><span class='ocrx_word' id='word_1_774' title='bbox 290 5604 429 5655; x_wconf 75' lang='lat' dir='ltr'>sem‘</span> <span class='ocrx_word' id='word_1_775' title='bbox 459 5614 577 5654; x_wconf 72' lang='lat' dir='ltr'>suae</span> <span class='ocrx_word' id='word_1_776' title='bbox 609 5595 972 5671; x_wconf 88' lang='lat' dir='ltr'>expulsionis</span> <span class='ocrx_word' id='word_1_777' title='bbox 1018 5597 1304 5653; x_wconf 81' lang='lat' dir='ltr'>fautorem</span> <span class='ocrx_word' id='word_1_778' title='bbox 1345 5597 1707 5655; x_wconf 87' lang='lat' dir='ltr'>inferendam</span> <span class='ocrx_word' id='word_1_779' title='bbox 1738 5602 1965 5657; x_wconf 89' lang='lat' dir='ltr'>curavit</span> 
     </span>
    </p>
   </div>
   <div class='ocr_carea' id='block_1_104' title="bbox 288 5685 1959 5756">
    <p class='ocr_par' dir='ltr' id='par_1_104' title="bbox 288 5685 1959 5756">
     <span class='ocr_line' id='line_1_104' title="bbox 288 5685 1959 5756; baseline 0.001 -9"><span class='ocrx_word' id='word_1_780' title='bbox 288 5699 349 5747; x_wconf 76' lang='lat' dir='ltr'>1n</span> <span class='ocrx_word' id='word_1_781' title='bbox 378 5688 479 5746; x_wconf 89' lang='lat' dir='ltr'>die</span> <span class='ocrx_word' id='word_1_782' title='bbox 508 5687 701 5745; x_wconf 60' lang='lat' dir='ltr'>Coena</span> <span class='ocrx_word' id='word_1_783' title='bbox 740 5686 978 5745; x_wconf 87' lang='lat' dir='ltr'>Domini</span> <span class='ocrx_word' id='word_1_784' title='bbox 1032 5685 1172 5745; x_wconf 86' lang='lat' dir='ltr'>anni</span> <span class='ocrx_word' id='word_1_785' title='bbox 1200 5685 1327 5756; x_wconf 82' lang='lat'>955,</span> <span class='ocrx_word' id='word_1_786' title='bbox 1359 5686 1528 5745; x_wconf 86' lang='lat' dir='ltr'>valde</span> <span class='ocrx_word' id='word_1_787' title='bbox 1574 5688 1820 5749; x_wconf 85' lang='lat' dir='ltr'>obscure</span> <span class='ocrx_word' id='word_1_788' title='bbox 1870 5691 1959 5749; x_wconf 88' lang='lat' dir='ltr'>in-</span> 
     </span>
    </p>
   </div>
   <div class='ocr_carea' id='block_1_105' title="bbox 2078 4707 3739 4784">
    <p class='ocr_par' dir='ltr' id='par_1_105' title="bbox 2078 4707 3739 4784">
     <span class='ocr_line' id='line_1_105' title="bbox 2078 4707 3739 4784; baseline -0.005 -15"><span class='ocrx_word' id='word_1_789' title='bbox 2078 4713 2389 4769; x_wconf 79' lang='lat' dir='ltr'>Ratherius</span> <span class='ocrx_word' id='word_1_790' title='bbox 2422 4711 2628 4784; x_wconf 89' lang='lat' dir='ltr'>pulsus</span> <span class='ocrx_word' id='word_1_791' title='bbox 2661 4711 2834 4765; x_wconf 90' lang='lat' dir='ltr'>fuerit</span> <span class='ocrx_word' id='word_1_792' title='bbox 2854 4727 3007 4766; x_wconf 91' lang='lat' dir='ltr'>anno</span> <span class='ocrx_word' id='word_1_793' title='bbox 3024 4711 3153 4780; x_wconf 85' lang='grc'>955,</span> <span class='ocrx_word' id='word_1_794' title='bbox 3179 4716 3243 4766; x_wconf 91' lang='lat' dir='ltr'>ut</span> <span class='ocrx_word' id='word_1_795' title='bbox 3272 4726 3342 4766; x_wconf 83' lang='lat' dir='ltr'>ex</span> <span class='ocrx_word' id='word_1_796' title='bbox 3361 4707 3739 4765; x_wconf 90' lang='lat' dir='ltr'>documentis</span> 
     </span>
    </p>
   </div>
   <div class='ocr_carea' id='block_1_106' title="bbox 2074 4800 3055 4873">
    <p class='ocr_par' dir='ltr' id='par_1_106' title="bbox 2074 4800 3055 4873">
     <span class='ocr_line' id='line_1_106' title="bbox 2074 4800 3055 4873; baseline -0.004 -14"><span class='ocrx_word' id='word_1_797' title='bbox 2074 4808 2245 4858; x_wconf 89' lang='lat' dir='ltr'>antea</span> <span class='ocrx_word' id='word_1_798' title='bbox 2276 4801 2660 4857; x_wconf 92' lang='lat' dir='ltr'>consideratis</span> <span class='ocrx_word' id='word_1_799' title='bbox 2691 4800 3055 4873; x_wconf 89' lang='lat' dir='ltr'>collegimus.</span> 
     </span>
    </p>
   </div>
   <div class='ocr_carea' id='block_1_107' title="bbox 2142 4888 3738 4960">
    <p class='ocr_par' dir='ltr' id='par_1_107' title="bbox 2142 4888 3738 4960">
     <span class='ocr_line' id='line_1_107' title="bbox 2142 4888 3738 4960; baseline -0.004 -14"><span class='ocrx_word' id='word_1_800' title='bbox 2142 4893 2229 4946; x_wconf 85' lang='lat'>60.</span> <span class='ocrx_word' id='word_1_801' title='bbox 2265 4890 2478 4946; x_wconf 90' lang='lat' dir='ltr'>Pulsus</span> <span class='ocrx_word' id='word_1_802' title='bbox 2509 4906 2539 4946; x_wconf 88' lang='lat' dir='ltr'>c</span> <span class='ocrx_word' id='word_1_803' title='bbox 2584 4888 2923 4945; x_wconf 88' lang='lat' dir='ltr'>Leodicensi</span> <span class='ocrx_word' id='word_1_804' title='bbox 2982 4890 3119 4945; x_wconf 89' lang='lat' dir='ltr'>sede</span> <span class='ocrx_word' id='word_1_805' title='bbox 3174 4891 3372 4944; x_wconf 91' lang='lat' dir='ltr'>noster</span> <span class='ocrx_word' id='word_1_806' title='bbox 3419 4888 3738 4960; x_wconf 88' lang='lat' dir='ltr'>episcopus</span> 
     </span>
    </p>
   </div>
   <div class='ocr_carea' id='block_1_108' title="bbox 2072 4977 3746 5052">
    <p class='ocr_par' dir='ltr' id='par_1_108' title="bbox 2072 4977 3746 5052">
     <span class='ocr_line' id='line_1_108' title="bbox 2072 4977 3746 5052; baseline -0.004 -16"><span class='ocrx_word' id='word_1_807' title='bbox 2072 4985 2203 5052; x_wconf 88' lang='lat' dir='ltr'>post</span> <span class='ocrx_word' id='word_1_808' title='bbox 2224 4980 2611 5036; x_wconf 89' lang='lat' dir='ltr'>intrusionem</span> <span class='ocrx_word' id='word_1_809' title='bbox 2629 4977 2885 5050; x_wconf 91' lang='lat' dir='ltr'>junioris</span> <span class='ocrx_word' id='word_1_810' title='bbox 2909 4977 3338 5045; x_wconf 90' lang='lat' dir='ltr'>Baldrici,dum</span> <span class='ocrx_word' id='word_1_811' title='bbox 3356 4977 3590 5033; x_wconf 90' lang='lat' dir='ltr'>Leodici</span> <span class='ocrx_word' id='word_1_812' title='bbox 3619 4992 3746 5031; x_wconf 79' lang='lat' dir='ltr'>mo-</span> 
     </span>
    </p>
   </div>
   <div class='ocr_carea' id='block_1_109' title="bbox 2073 5065 3743 5140">
    <p class='ocr_par' dir='ltr' id='par_1_109' title="bbox 2073 5065 3743 5140">
     <span class='ocr_line' id='line_1_109' title="bbox 2073 5065 3743 5140; baseline -0.004 -16"><span class='ocrx_word' id='word_1_813' title='bbox 2073 5075 2320 5137; x_wconf 90' lang='lat' dir='ltr'>raretur,</span> <span class='ocrx_word' id='word_1_814' title='bbox 2338 5068 2543 5124; x_wconf 91' lang='lat' dir='ltr'>multis</span> <span class='ocrx_word' id='word_1_815' title='bbox 2568 5068 2901 5140; x_wconf 88' lang='lat' dir='ltr'>importune</span> <span class='ocrx_word' id='word_1_816' title='bbox 2924 5068 3369 5134; x_wconf 90' lang='lat' dir='ltr'>curantibus,ut</span> <span class='ocrx_word' id='word_1_817' title='bbox 3389 5065 3477 5122; x_wconf 90' lang='lat' dir='ltr'>vel</span> <span class='ocrx_word' id='word_1_818' title='bbox 3504 5066 3633 5139; x_wconf 90' lang='lat' dir='ltr'>ipse</span> <span class='ocrx_word' id='word_1_819' title='bbox 3655 5065 3743 5119; x_wconf 88' lang='lat' dir='ltr'>in-</span> 
     </span>
    </p>
   </div>
   <div class='ocr_carea' id='block_1_110' title="bbox 2070 5156 3745 5230">
    <p class='ocr_par' dir='ltr' id='par_1_110' title="bbox 2070 5156 3745 5230">
     <span class='ocr_line' id='line_1_110' title="bbox 2070 5156 3745 5230; baseline -0.001 -18"><span class='ocrx_word' id='word_1_820' title='bbox 2070 5159 2261 5215; x_wconf 91' lang='lat' dir='ltr'>vasori</span> <span class='ocrx_word' id='word_1_821' title='bbox 2279 5158 2679 5230; x_wconf 89' lang='lat' dir='ltr'>episcopatum</span> <span class='ocrx_word' id='word_1_822' title='bbox 2698 5156 3035 5225; x_wconf 85' lang='lat' dir='ltr'>dimitteret,</span> <span class='ocrx_word' id='word_1_823' title='bbox 3051 5156 3265 5213; x_wconf 89' lang='lat' dir='ltr'>restitit</span> <span class='ocrx_word' id='word_1_824' title='bbox 3286 5156 3600 5224; x_wconf 88' lang='lat' dir='ltr'>fortiter,et</span> <span class='ocrx_word' id='word_1_825' title='bbox 3616 5171 3745 5211; x_wconf 81' lang='lat' dir='ltr'>con-</span> 
     </span>
    </p>
   </div>
   <div class='ocr_carea' id='block_1_111' title="bbox 2069 5244 3742 5319">
    <p class='ocr_par' dir='ltr' id='par_1_111' title="bbox 2069 5244 3742 5319">
     <span class='ocr_line' id='line_1_111' title="bbox 2069 5244 3742 5319; baseline -0.002 -16"><span class='ocrx_word' id='word_1_826' title='bbox 2069 5248 2372 5303; x_wconf 80' lang='lat' dir='ltr'>clusionem</span> <span class='ocrx_word' id='word_1_827' title='bbox 2393 5247 2805 5302; x_wconf 80' lang='lat' dir='ltr'>deliberativam</span> <span class='ocrx_word' id='word_1_828' title='bbox 2828 5246 3084 5318; x_wconf 86' lang='lat' dir='ltr'>scripsit,</span> <span class='ocrx_word' id='word_1_829' title='bbox 3098 5263 3216 5319; x_wconf 89' lang='lat' dir='ltr'>qua</span> <span class='ocrx_word' id='word_1_830' title='bbox 3231 5263 3335 5301; x_wconf 90' lang='lat' dir='ltr'>cur</span> <span class='ocrx_word' id='word_1_831' title='bbox 3355 5244 3659 5302; x_wconf 88' lang='lat' dir='ltr'>dimittere</span> <span class='ocrx_word' id='word_1_832' title='bbox 3681 5246 3742 5299; x_wconf 87' lang='lat' dir='ltr'>et</span> 
     </span>
    </p>
   </div>
   <div class='ocr_carea' id='block_1_112' title="bbox 2070 5332 3745 5408">
    <p class='ocr_par' dir='ltr' id='par_1_112' title="bbox 2070 5332 3745 5408">
     <span class='ocr_line' id='line_1_112' title="bbox 2070 5332 3745 5408; baseline -0.002 -16"><span class='ocrx_word' id='word_1_833' title='bbox 2070 5338 2273 5393; x_wconf 90' lang='lat' dir='ltr'>cedere</span> <span class='ocrx_word' id='word_1_834' title='bbox 2295 5354 2411 5392; x_wconf 91' lang='lat' dir='ltr'>non</span> <span class='ocrx_word' id='word_1_835' title='bbox 2436 5337 2691 5402; x_wconf 89' lang='lat' dir='ltr'>deberet,</span> <span class='ocrx_word' id='word_1_836' title='bbox 2706 5335 3097 5408; x_wconf 89' lang='lat' dir='ltr'>quadraginta</span> <span class='ocrx_word' id='word_1_837' title='bbox 3120 5335 3341 5406; x_wconf 72' lang='lat' dir='ltr'>[axxxv]</span> <span class='ocrx_word' id='word_1_838' title='bbox 3366 5332 3745 5407; x_wconf 87' lang='lat' dir='ltr'>argumentis</span> 
     </span>
    </p>
   </div>
   <div class='ocr_carea' id='block_1_113' title="bbox 2073 5423 3743 5499">
    <p class='ocr_par' dir='ltr' id='par_1_113' title="bbox 2073 5423 3743 5499">
     <span class='ocr_line' id='line_1_113' title="bbox 2073 5423 3743 5499; baseline -0.003 -17"><span class='ocrx_word' id='word_1_839' title='bbox 2073 5426 2360 5499; x_wconf 83' lang='lat' dir='ltr'>exposuit.</span> <span class='ocrx_word' id='word_1_840' title='bbox 2390 5425 2454 5480; x_wconf 92' lang='lat' dir='ltr'>In</span> <span class='ocrx_word' id='word_1_841' title='bbox 2481 5426 2589 5481; x_wconf 93' lang='lat' dir='ltr'>hoc</span> <span class='ocrx_word' id='word_1_842' title='bbox 2622 5442 2797 5497; x_wconf 89' lang='lat' dir='ltr'>opere</span> <span class='ocrx_word' id='word_1_843' title='bbox 2820 5441 2953 5480; x_wconf 91' lang='lat' dir='ltr'>cum</span> <span class='ocrx_word' id='word_1_844' title='bbox 2975 5442 3037 5481; x_wconf 88' lang='lat' dir='ltr'>se</span> <span class='ocrx_word' id='word_1_845' title='bbox 3069 5443 3103 5481; x_wconf 89' lang='lat' dir='ltr'>a</span> <span class='ocrx_word' id='word_1_846' title='bbox 3130 5425 3385 5499; x_wconf 88' lang='lat' dir='ltr'>petenda</span> <span class='ocrx_word' id='word_1_847' title='bbox 3411 5423 3615 5496; x_wconf 87' lang='lat' dir='ltr'>aliqua</span> <span class='ocrx_word' id='word_1_848' title='bbox 3650 5438 3743 5477; x_wconf 84' lang='lat' dir='ltr'>re-</span> 
     </span>
    </p>
   </div>
   <div class='ocr_carea' id='block_1_114' title="bbox 2069 5511 3744 5587">
    <p class='ocr_par' dir='ltr' id='par_1_114' title="bbox 2069 5511 3744 5587">
     <span class='ocr_line' id='line_1_114' title="bbox 2069 5511 3744 5587; baseline -0.001 -18"><span class='ocrx_word' id='word_1_849' title='bbox 2069 5515 2301 5570; x_wconf 89' lang='lat' dir='ltr'>dituum</span> <span class='ocrx_word' id='word_1_850' title='bbox 2350 5512 2877 5571; x_wconf 88' lang='lat' dir='ltr'>ecclesiasticorum</span> <span class='ocrx_word' id='word_1_851' title='bbox 2932 5514 3198 5587; x_wconf 89' lang='lat' dir='ltr'>portione</span> <span class='ocrx_word' id='word_1_852' title='bbox 3255 5513 3315 5569; x_wconf 88' lang='lat' dir='ltr'>in</span> <span class='ocrx_word' id='word_1_853' title='bbox 3345 5514 3476 5568; x_wconf 69' lang='lat' dir='ltr'>vita:</span> <span class='ocrx_word' id='word_1_854' title='bbox 3536 5511 3744 5568; x_wconf 89' lang='lat' dir='ltr'>subsi-</span> 
     </span>
    </p>
   </div>
   <div class='ocr_carea' id='block_1_115' title="bbox 2070 5600 3748 5675">
    <p class='ocr_par' dir='ltr' id='par_1_115' title="bbox 2070 5600 3748 5675">
     <span class='ocr_line' id='line_1_115' title="bbox 2070 5600 3748 5675; baseline -0.001 -16"><span class='ocrx_word' id='word_1_855' title='bbox 2070 5604 2253 5674; x_wconf 90' lang='lat' dir='ltr'>dium,</span> <span class='ocrx_word' id='word_1_856' title='bbox 2271 5608 2335 5660; x_wconf 91' lang='lat' dir='ltr'>ut</span> <span class='ocrx_word' id='word_1_857' title='bbox 2356 5603 2604 5661; x_wconf 89' lang='lat' dir='ltr'>cessioni</span> <span class='ocrx_word' id='word_1_858' title='bbox 2628 5603 2919 5675; x_wconf 88' lang='lat' dir='ltr'>ejusmodi</span> <span class='ocrx_word' id='word_1_859' title='bbox 2942 5603 3343 5674; x_wconf 86' lang='lat' dir='ltr'>assentiretur,</span> <span class='ocrx_word' id='word_1_860' title='bbox 3358 5600 3620 5659; x_wconf 86' lang='lat' dir='ltr'>maxime</span> <span class='ocrx_word' id='word_1_861' title='bbox 3643 5600 3748 5658; x_wconf 85' lang='lat' dir='ltr'>ab-</span> 
     </span>
    </p>
   </div>
   <div class='ocr_carea' id='block_1_116' title="bbox 2068 5692 3748 5774">
    <p class='ocr_par' dir='ltr' id='par_1_116' title="bbox 2068 5692 3748 5774">
     <span class='ocr_line' id='line_1_116' title="bbox 2068 5692 3748 5774; baseline 0.001 -23"><span class='ocrx_word' id='word_1_862' title='bbox 2068 5693 2403 5752; x_wconf 87' lang='lat' dir='ltr'>horrentem</span> <span class='ocrx_word' id='word_1_863' title='bbox 2441 5692 2700 5774; x_wconf 66' lang='lat' dir='ltr'>prwfert;</span> <span class='ocrx_word' id='word_1_864' title='bbox 2733 5692 2878 5751; x_wconf 88' lang='lat' dir='ltr'>dum</span> <span class='ocrx_word' id='word_1_865' title='bbox 2907 5692 3047 5752; x_wconf 87' lang='lat' dir='ltr'>huic</span> <span class='ocrx_word' id='word_1_866' title='bbox 3078 5692 3328 5755; x_wconf 78' lang='lat' dir='ltr'>cessioni</span> <span class='ocrx_word' id='word_1_867' title='bbox 3375 5707 3446 5751; x_wconf 87' lang='lat' dir='ltr'>ea</span> <span class='ocrx_word' id='word_1_868' title='bbox 3495 5707 3748 5767; x_wconf 84' lang='lat' dir='ltr'>quoque</span> 
     </span>
    </p>
   </div>
  </div>
