3968 6400
234 401 310 488 βδ
1262 407 1882 475 PROLEGOMENA.
1905 439 1986 455 -
2018 408 2398 475 RATHERII
2439 411 2649 476 VITA.
3593 405 3678 476 86

238 541 418 598 ditem
470 547 781 601 memorat.
845 542 1106 602 Primum
1165 561 1329 600 num.
1362 546 1430 602 3:
1494 568 1522 596 ‹‹
1556 543 1900 618 Imperatori
1929 544 1986 613 Α
2014 547 2314 616 gestarum
2347 545 2678 616 historiam,
2712 562 2842 620 qua
2873 548 3394 604 monumentorum
3424 546 3677 622 penuria

239 632 596 705 (Ratherius)
631 651 747 690 non
781 635 978 703 servit,
1003 634 1137 689 duci
1158 650 1555 708 nequaquam.
1589 657 1616 684 ››
1645 634 1903 690 Rursum

239 738 401 778 num.
433 723 528 778 14:
554 746 574 773 ι
604 723 734 778 Dux
763 723 980 797 inclyta
998 723 1200 791 verita,
1231 723 1522 796 inquit,ne
1538 724 1705 797 pejus
1732 723 1900 790 mihi,

238 827 414 883 quam
441 813 712 886 contigit,
751 813 1026 880 eveniret,
1060 812 1493 869 commendavit
1523 829 1616 868 me
1665 812 1901 868 tuitioni

237 901 494 958 comitis.
531 924 560 951 »
591 902 856 958 Tandem
889 903 947 957 in
979 903 1293 967 Ilz'nertm'o,
1329 919 1493 957 num.
1528 904 1581 969 4,
1632 919 1693 958 se
1727 926 1753 952 ‹‹
1787 901 1900 958 cle-

234 991 459 1045 mentia
475 990 870 1063 imperatoris,
899 992 1186 1048 subventu
1205 991 1709 1048 excellentissima:
1733 991 1901 1047 ducis

231 1083 525 1151 ereptum,
557 1081 888 1148 reductum,
925 1103 951 1130 »
985 1081 1183 1137 tradit.
1221 1083 1334 1137 Hos
1367 1105 1394 1132 ‹‹
1429 1082 1608 1138 duces
1640 1085 1897 1146 nostros,

228 1169 383 1225 hanc
415 1169 698 1244 inclytam
732 1171 940 1227 ducem
973 1194 1000 1222 ιι
1055 1187 1154 1228 eos
1207 1171 1412 1236 fuisse,
1445 1172 1547 1244 qui
1579 1169 1898 1226 Veronensi

231 1259 512 1315 marchia:
546 1265 853 1333 praeerant,
887 1277 954 1316 ex
985 1260 1336 1332 praestitutis
1368 1259 1572 1334 liquet.

298 1350 392 1404 77.
430 1349 502 1405 Ut
522 1353 722 1405 autem
754 1348 1134 1422 intelligatur,
1163 1349 1407 1420 quinam
1437 1347 1531 1404 isti
1555 1349 1666 1405 sub
1691 1348 1914 1404 Rathe-.

228 1437 314 1494 rio
338 1438 589 1508 fuerint;
610 1439 851 1504 ducum,
871 1438 971 1510 qui
989 1437 1202 1494 saeculo
1226 1457 1259 1494 χ
1282 1439 1550 1495 eamdem
1571 1437 1896 1494 marchiam

226 1526 750 1594 administrabant,
784 1530 994 1584 seriem
1019 1527 1307 1584 hactenus
1337 1545 1452 1583 non
1485 1528 1628 1584 satis
1658 1544 1896 1600 perspe-

225 1621 408 1684 ctam,
444 1620 502 1672 et
531 1617 708 1673 rebus
739 1615 1007 1689 pluribus
1039 1615 1246 1672 utilem
1279 1616 1388 1673 hoc
1436 1616 1562 1673 loco
1593 1622 1898 1673 contexere

225 1709 278 1762 et
310 1705 607 1778 explicare
631 1705 869 1777 juverit.
903 1705 1136 1762 Primus
1161 1705 1344 1777 hujus
1373 1705 1645 1761 marchize
1677 1705 1795 1760 dux
1825 1706 1898 1760 ab

224 1794 440 1851 Ottone
471 1795 494 1850 Ι
524 1795 835 1867 praefectus
863 1811 1017 1850 anno
1047 1796 1174 1858 952,
1199 1810 1317 1866 quo
1349 1792 1540 1866 ipsam
1572 1793 1898 1848 marchiam

223 1883 563 1941 institutam
593 1884 876 1950 vidimus,
913 1882 1024 1937 fuit
1053 1881 1341 1938 Henricus
1372 1883 1637 1954 ejusdem
1670 1881 1898 1938 Ottonis

221 1974 423 2041 frater,
450 1972 554 2046 qui
573 1975 702 2045 jam
730 1972 868 2028 inde
897 1972 969 2027 ab
1001 1988 1158 2029 anno
1187 1972 1294 2027 945
1310 1971 1589 2043 Bajoarizn
1613 1971 1895 2028 ducatum

221 2063 587 2120 obtinuerat.
613 2062 760 2118 Hinc
785 2062 927 2118 dum
951 2085 978 2111 «
995 2060 1372 2117 Bavariorum
1391 2061 1528 2129 dux,
1554 2065 1611 2117 et
1631 2060 1894 2117 marcbio

219 2151 480 2225 inclytus
506 2175 536 2201 »
569 2169 604 2207 a
629 2152 880 2223 Rotgero
901 2149 1251 2223 appellatur,
1275 2167 1392 2206 non
1415 2150 1678 2206 marchia
1706 2150 1890 2206 orien-

218 2241 378 2308 talis,
409 2257 573 2297 nunc
600 2240 859 2306 Austria,
883 2256 1017 2294 cum
1045 2237 1348 2296 nonnullis
1379 2238 1760 2313 intelligenda
1776 2244 1884 2308 est,

218 2331 315 2387 sed
352 2329 623 2386 marchia
651 2328 1024 2385 Veronensis.
1058 2329 1161 2384 ilic
1194 2329 1480 2385 Henricus
1510 2329 1758 2384 duxerat
1780 2329 1884 2385 Ju-

216 2421 452 2477 ditham
509 2419 757 2486 Arnulﬁ,
805 2435 906 2475 seu
954 2417 1194 2474 Arnoldi
1255 2417 1657 2490 Bajoariorum
1715 2418 1885 2475 ducis

215 2509 427 2577 ﬁliam,
452 2511 604 2580 ejus,
632 2508 897 2580 inquam,
933 2508 1030 2580 [c1]
1060 2506 1309 2573 Arnulli,
1345 2507 1446 2579 qui
1478 2523 1612 2562 cum
1643 2523 1678 2562 a
1706 2506 1882 2563 Vero-

215 2598 506 2656 nensibus
529 2597 810 2654 invitatus
828 2602 1030 2652 contra
1046 2596 1308 2670 Ugonem
1332 2612 1527 2668 regem
1549 2596 1881 2653 descendis-

214 2693 299 2744 set
327 2688 391 2744 in
414 2686 668 2755 Italiam,
694 2685 964 2759 pluribus
987 2684 1244 2742 Ratherii
1267 2685 1881 2757 calamitatibus,quas

211 2777 622 2851 exposuimus,
655 2776 1023 2832 occasionem
1055 2775 1234 2832 dedit.
1269 2775 1398 2830 Haec
1455 2775 1688 2830 Henrici
1738 2791 1882 2830 uxor

212 2864 497 2923 laudatur
525 2867 605 2936 (5)
639 2882 674 2921 a
703 2864 929 2933 multis,
964 2865 1285 2938 genuitque
1305 2881 1375 2920 ex
1396 2881 1462 2920 eo
1490 2861 1804 2920 Henricum
1830 2864 1879 2920 II

208 2956 283 3024 (6)
313 2973 414 3012 an.
451 2954 584 3009 951.
643 2953 886 3011 Henrico
948 2959 1114 3026 patre
1162 2953 1280 3009 vita
1323 2955 1522 3008 functo
1567 2969 1720 3008 anno
1748 2955 1876 3021 955,

208 3045 338 3102 Otto
365 3061 476 3101 rex
496 3043 742 3100 Henrico
766 3043 815 3099 Il
848 3067 875 3093 ‹‹
909 3047 1039 3116 ejus
1069 3042 1189 3098 {ilio
1219 3043 1499 3099 ducatum
1530 3047 1588 3098 et
1617 3059 1878 3098 marcam

207 3134 387 3203 dedit,
419 3157 449 3183 ››
486 3138 550 3188 ut
576 3133 949 3190 continuator
974 3131 1294 3205 Reginonis
1322 3135 1381 3188 et
1410 3131 1704 3188 annalista
1731 3137 1878 3189 Saxo

207 3225 502 3290 scribunt,
523 3223 800 3279 eumdem
819 3222 1042 3278 scilicet
1057 3220 1334 3294 Bajoariae
1355 3222 1635 3278 ducatum
1657 3226 1714 3278 et
1732 3239 1880 3277 mar-

2015 634 2071 689 in
2103 634 2353 692 obscuro
2383 640 2492 705 est,
2517 635 2828 710 expiscari,
2859 639 2917 692 et
2946 652 3121 709 quam
3145 636 3490 694 brevissime
3515 637 3673 708 licet,

2013 723 2333 795 producere
2379 729 2626 798 oportet.
2663 725 2910 782 Henrico
2942 725 2965 781 Ι
2996 729 3054 782 et
3083 724 3201 781 ﬁlio
3231 727 3360 798 ejus
3394 728 3674 800 Bajoariaa

2013 812 2266 870 ducibus
2296 813 2512 870 idcirco
2542 815 2897 871 Veronensis
2947 814 3211 870 marchia
3239 816 3458 872 tradita
3490 817 3674 876 fuisse

2010 901 2259 970 videtur,
2309 905 2449 977 quia
2480 909 2620 961 tunc
2677 905 2953 977 Bajoarize
3013 907 3264 962 ducatus
3307 907 3672 967 Carinthiam

2011 996 2315 1066 totamque
2347 995 2644 1067 regionem
2676 995 2727 1050 ei
2762 995 3034 1050 marchia:
3066 997 3491 1054 conterminam
3514 1015 3669 1055 com-

2011 1080 2393 1154 plectebatur,
2414 1083 2496 1139 uti
2531 1084 3028 1156 complectebatur
3052 1085 3164 1141 sub
3184 1085 3427 1142 Arnulfo
3447 1090 3504 1144 et
3534 1088 3670 1145 Ber-

2011 1169 2146 1226 tell‘o
2173 1170 2403 1227 Henrici
2434 1171 2457 1228 Ι
2494 1173 3040 1246 praedecessoribus,
3073 1190 3325 1246 quorum
3374 1175 3602 1248 primus
3633 1194 3668 1234 a

2009 1257 2370 1332 Liutprando
2429 1285 2456 1311 ‹‹
2490 1261 2893 1333 Bajoariorum
2953 1263 3070 1334 [cn]
3102 1267 3160 1318 et
3197 1263 3669 1323 Carantanorum

2009 1348 2126 1404 dux
2151 1371 2178 1398 »
2209 1349 2558 1422 appellatur,
2583 1350 2714 1407 etin
2737 1352 3090 1408 documento
3113 1352 3473 1427 Frisingensi
3494 1373 3667 1413 voca-

2005 1441 2102 1493 tur
2133 1461 2158 1488 «
2195 1439 2312 1494 dux
2343 1438 2719 1496 Bavariorum
2749 1446 2807 1496 et
2827 1439 3005 1497 etiam
3039 1441 3437 1511 adjacentium
3470 1445 3660 1518 regio-

2007 1543 2151 1582 num
2211 1528 2664 1597 (MEICHELBECH,
2695 1531 2813 1585 Hist
2841 1531 3110 1601 Frising.,
3141 1533 3284 1586 tom.
3315 1532 3358 1598 Ι,
3391 1538 3542 1604 part.
3600 1551 3666 1600 ιι,

2009 1632 2065 1687 p.
2091 1616 2240 1688 429).
2278 1639 2305 1666 ››
2334 1617 2481 1673 Hinc
2511 1618 2752 1688 quidem
2773 1617 2834 1672 in
2861 1617 3180 1690 diplomate
3201 1619 3432 1675 Ottonis
3460 1620 3509 1676 ΙΙ
3531 1621 3671 1677 anni

2005 1705 2114 1759 974
2157 1705 2519 1779 Frisingensi
2550 1704 2819 1762 Ecclesiae
2849 1722 3140 1763 concessae
3170 1707 3488 1764 traduntur
3516 1732 3545 1760 ‹‹
3578 1709 3670 1766 in-

2007 1797 2276 1850 terventu
2299 1794 2554 1851 Heinrici
2570 1816 2598 1844 »
2617 1796 2859 1852 secundi
2881 1794 3052 1851 ducis
3069 1796 3322 1852 Bavariar
3345 1819 3373 1847 ‹‹
3399 1799 3668 1870 quaadam

2009 1887 2205 1955 partes
2238 1882 2360 1938 sitae
2383 1883 2441 1938 in
2474 1883 2691 1940 ducatu
2725 1883 2947 1956 praefati
2980 1883 3170 1954 ducis,
3208 1889 3265 1940 et
3293 1884 3354 1941 in
3385 1886 3667 1944 comitatu

2005 1971 2278 2044 Poponis,
2311 1972 2470 2045 quod
2499 1971 2766 2029 Carniola
2796 1976 3058 2030 vocatur.
3096 1995 3124 2023 »
3159 1972 3218 2030 Si
3249 1975 3517 2049 Carniola
3553 1978 3665 2035 Ca-

2004 2062 2282 2118 rantania
2316 2079 2452 2135 pars
2501 2067 2627 2120 erat
2655 2063 2715 2118 in
2755 2064 3038 2120 comitatu
3097 2064 3363 2136 subjecto
3421 2067 3664 2125 ducatui

2003 2151 2228 2207 Henrici
2263 2151 2430 2208 ducis
2460 2151 2737 2219 Bavariaa,
2772 2152 3124 2208 Carantania
3154 2153 3357 2226 utique
3387 2155 3461 2211 ad
3495 2173 3664 2214 eum-

1997 2241 2129 2296 dem
2157 2241 2438 2296 ducatum
2472 2241 2825 2314 pertinebat.
2848 2245 3016 2298 Anno
3048 2245 3316 2316 sequenti
3346 2246 3473 2314 975,
3507 2247 3662 2305 bello

1994 2335 2192 2386 exorto
2213 2330 2365 2387 inter
2383 2331 2699 2387 Henricum
2722 2331 2770 2388 ΙΙ
2792 2334 2850 2386 et
2869 2331 3144 2388 Ottonem
3169 2331 3654 2408 Alemannorum,

1993 2435 2097 2475 seu
2127 2418 2344 2475 Suevia:
2375 2420 2607 2485 ducem,
2657 2420 2788 2476 Otto
2819 2420 2868 2476 II
2917 2420 3257 2494 imperator,
3310 2424 3412 2496 qui
3453 2425 3652 2483 Ottoni

1992 2507 2127 2563 duci
2161 2508 2405 2574 favebat,
2457 2507 2773 2564 Henricum
2805 2509 2978 2581 cepit,
3030 2513 3087 2564 et
3115 2525 3268 2566 anno
3297 2512 3404 2567 976
3433 2513 3652 2570 ducatu

1992 2597 2239 2668 privavit
2265 2596 2494 2670 (Annal.
2518 2601 2686 2664 Saxo,
2714 2599 2776 2652 in
2798 2596 3047 2668 Chron.).
3075 2597 3242 2653 Tunc
3261 2599 3569 2656 Carinthiaa
3593 2607 3652 2660 et
3711 2607 3720 2614 “

1992 2685 2269 2758 Bajoariaa
2293 2685 2544 2741 ducatus
2565 2684 3040 2758 divisi.Bajoari:e
3054 2685 3172 2741 dux
3193 2691 3424 2744 creatus
3446 2705 3651 2763 supra-

1990 2775 2182 2832 dictus
2203 2775 2336 2832 Otto
2358 2774 2818 2831 Alemannorum
2833 2775 2953 2831 dux
2966 2774 3205 2831 Liutulﬁ
3223 2774 3404 2847 filius;
3428 2795 3495 2835 ac
3512 2796 3648 2852 pro-

1989 2869 2188 2936 pterea
2213 2864 2271 2919 in
2303 2863 2438 2921 Vita
2465 2865 2524 2921 S.
2559 2863 2814 2920 Udalrici
2838 2864 3098 2938 episcopi
3125 2867 3455 2938 Augustani
3477 2885 3646 2942 num.

1988 2955 2077 3022 80,
2111 2953 2266 3010 idem
2300 2953 2431 3010 Otto
2460 2958 2701 3010 vocatur
2751 2955 2921 3010 «dux
2949 2953 3414 3012 Alamannorum
3445 2962 3502 3014 et
3537 2958 3644 3015 Ba-

1987 3043 2302 3110 variorum,
2327 3043 2574 3099 Henrico
2603 3043 2886 3116 deposito.
2915 3065 2942 3092 »
2970 3043 3280 3100 Carinthiaa
3302 3062 3436 3102 vero
3466 3046 3646 3103 duca-

1988 3136 2086 3188 tus
2117 3132 2363 3190 Henrico
2420 3132 2672 3201 Bertolﬁ,
2720 3149 2821 3188 seu
2883 3131 3136 3189 Bertoldi
3166 3133 3304 3190 olim
3365 3135 3647 3208 Bajoariaa

1988 3220 2154 3277 ducis
2187 3221 2306 3278 ﬁlio
2333 3222 2584 3279 traditus
2616 3221 2767 3291 fuit;
2799 3238 2866 3278 ac
2896 3227 3204 3295 propterea
3232 3223 3330 3279 hic
3360 3224 3646 3283 Henricus

207 3331 333 3369 cam
351 3312 1018 3383 Veronensem,quibus
1040 3317 1206 3384 pater
1220 3311 1434 3382 ejusab
1451 3312 1654 3367 eodem
1670 3312 1879 3368 Ottone
1908 3295 1954 3364 (ἓ
1992 3310 2050 3366 in
2082 3311 2400 3384 diplomate
2441 3311 2672 3368 Ottonis
2701 3312 2747 3368 II
2777 3311 2916 3367 anni
2962 3311 3088 3382 977,
3125 3313 3282 3385 quod
3311 3312 3372 3368 in
3401 3314 3648 3371 Addita-

205 3403 465 3459 donatus
519 3402 727 3458 fuerat.
763 3405 907 3456 Cum
939 3418 1112 3474 porro
1167 3399 1279 3456 hoc
1311 3418 1464 3457 anno
1493 3402 1622 3468 955,
1654 3406 1711 3458 et
1766 3399 1881 3456 ali-

208 3493 478 3564 quandiu
511 3491 689 3548 etiam
721 3495 856 3563 post
884 3489 1058 3546 hasce
1090 3494 1323 3546 nostras
1368 3491 1632 3564 regiones
1665 3495 1878 3547 Beren-

209 3583 409 3654 garius
444 3585 510 3638 et
559 3579 912 3637 Adelhertus
964 3585 1264 3649 tenerent;
1323 3580 1608 3636 Henricus
1642 3581 1688 3636 II
1723 3598 1875 3636 mar-

208 3671 399 3727 chiam
433 3670 841 3726 Veronensem
873 3669 1064 3741 reipsa
1094 3669 1358 3725 obtinere
1390 3687 1504 3725 non
1528 3669 1740 3741 potuit,
1763 3669 1879 3724 nisi

208 3759 460 3818 fortasse
496 3759 569 3815 iis
603 3758 930 3825 mensibus,
956 3757 1171 3830 quibus
1204 3757 1497 3813 Liutulfus
1531 3757 1878 3832 Bcrengario

204 3850 352 3906 victo
385 3849 448 3906 in
483 3848 629 3906 vivis
662 3849 809 3904 fuit:
845 3852 905 3904 at
935 3853 1088 3904 certe
1118 3846 1374 3904 obtinuit
1403 3864 1557 3903 anno
1601 3848 1726 3914 961,
1759 3864 1876 3921 quo

205 3955 296 3994 rex
321 3940 458 3996 Otto
491 3939 776 3996 eumdem
805 3936 1160 4011 expulsurus
1193 3937 1421 3993 Italiam
1457 3936 1706 4008 repetiit.
1759 3937 1876 3994 Hoc

202 4035 392 4084 autem
429 4033 701 4100 tempore
759 4043 896 4082 cum
942 4025 1099 4082 idem
1149 4025 1436 4083 Henricus
1476 4026 1568 4080 vix
1598 4026 1876 4083 decennis

205 4123 373 4185 esset,
409 4117 669 4174 Juditha
692 4118 824 4188 ejus
855 4120 1042 4171 mater
1065 4115 1167 4170 filii
1199 4115 1438 4171 nomine
1458 4115 1657 4170 omnia
1685 4116 1874 4171 admi-

207 4205 513 4264 nistrabat.
557 4207 702 4262 llinc
735 4228 762 4254 ‹‹
789 4205 968 4262 duces
990 4205 1196 4274 nostri,
1226 4231 1254 4253 υ
1285 4221 1538 4277 quorum
1562 4205 1874 4262 Ratherius

209 4297 476 4354 meminit
509 4297 571 4352 in
602 4295 777 4369 epist.
813 4298 869 4361 8,
897 4295 969 4351 ad
1003 4293 1284 4351 Milonem
1316 4293 1534 4367 scripta
1564 4311 1716 4350 anno
1745 4297 1872 4364 955,

211 4390 344 4442 sunt
374 4386 674 4444 Henricus
707 4385 755 4441 II
787 4390 845 4442 et
885 4384 1170 4441 Juditba:
1203 4405 1231 4433 «
1261 4383 1478 4439 Ducem
1511 4400 1645 4440 vero
1692 4383 1873 4457 incly-

212 4478 326 4530 tam
355 4481 414 4532 et
443 4473 1031 4539 excellentissimam,
1055 4495 1082 4522 ››
1115 4472 1170 4527 id
1195 4471 1600 4528 estJuditbam
1627 4475 1874 4528 matrem

213 4563 266 4620 in
289 4564 530 4622 duobus
555 4563 692 4620 aliis
709 4562 987 4636 operibus
1009 4560 1335 4618 lucubratis
1351 4578 1504 4618 anno
1522 4562 1628 4616 966
1649 4578 1876 4635 expres-

1990 3401 2204 3458 mentis
2223 3400 2582 3474 Ughellianis
2605 3401 2820 3472 legitur
2838 3405 2983 3457 tom.
3010 3401 3081 3467 V,
3110 3417 3243 3474 pag.
3267 3403 3356 3470 46,
3383 3424 3412 3452 ‹‹
3435 3406 3649 3460 Caran-

1990 3494 2262 3547 tanorum
2293 3491 2457 3546 dux»
2480 3489 2828 3562 appellatur.
2849 3489 3119 3554 Quandiu
3139 3506 3274 3546 vero
3296 3489 3418 3544 haec
3439 3489 3648 3548 divisio

1989 3579 2276 3646 substitit,
2300 3579 2654 3634 Veronensis
2672 3576 3266 3642 marchia,Carinthia3
3280 3577 3650 3652 circumqua-

1989 3685 2124 3740 que,
2157 3685 2272 3723 non
2301 3672 2496 3722 autem
2520 3664 2796 3738 Bajoarize
2819 3663 3090 3734 finitima,
3115 3664 3199 3720 illi
3225 3666 3489 3739 subjecta
3511 3667 3644 3740 fuit,

1989 3756 2089 3830 qui
2123 3756 2322 3812 vicinae
2353 3755 2686 3821 Carinthiaz,
2722 3771 2835 3811 non
2861 3757 3059 3812 autem
3082 3753 3166 3812 illi
3189 3755 3289 3829 qui
3312 3755 3646 3816 remotioris

1988 3845 2266 3919 Bajoaria:
2293 3845 2572 3901 ducatum
2605 3845 2935 3902 obtinebat:
2961 3862 3150 3919 neque
3169 3846 3324 3903 enim
3348 3846 3644 3920 Bajoario-

1987 3954 2118 3992 rum
2150 3936 2283 3992 duci
2317 3935 2646 3992 invenietur
2692 3935 2976 3992 attributa
3025 3953 3310 4009 unquam,
3343 3937 3460 3994 nisi
3505 3952 3642 3994 cum

1985 4025 2140 4082 idem
2165 4025 2563 4097 Bajoariorum
2579 4023 2757 4082 simul
2770 4029 2826 4082 et
2841 4025 3306 4082 Carantanorum
3329 4027 3446 4082 dux
3465 4031 3642 4084 esset.

1986 4119 2186 4188 Itaque
2215 4113 2519 4171 laudatum
2543 4114 2856 4171 Henricum
2883 4114 3137 4171 Bertoldi
3161 4114 3348 4171 filium
3364 4133 3484 4172 una
3503 4132 3642 4174 cum

1983 4204 2293 4262 Carinthiae
2325 4204 2542 4260 ducatu
2574 4202 2976 4260 Veronensem
3035 4221 3268 4277 quoque
3316 4204 3643 4262 marchiam

1986 4293 2302 4368 regendam
2335 4291 2632 4364 accepisse
2683 4291 2954 4348 dubitare
3007 4308 3125 4348 non
3157 4291 3310 4347 licet.
3341 4294 3507 4348 Anno
3536 4293 3644 4350 977

1985 4384 2098 4440 sub
2129 4384 2305 4439 ﬁnem
2337 4384 2629 4453 vergente,
2655 4380 2941 4436 Henricus
2973 4379 3039 4446 II,
3074 4380 3174 4452 qui
3206 4396 3276 4436 ex
3295 4379 3422 4436 loco
3447 4379 3507 4435 in
3527 4397 3644 4452 quo

1986 4470 2427 4528 custodiebatur
2475 4469 2760 4542 effugerat
2790 4468 3012 4540 (Annal.
3048 4467 3264 4542 Saxa),
3299 4484 3433 4524 cum
3493 4469 3645 4526 Hen-

1985 4561 2104 4617 rico
2127 4563 2587 4616 Carantanorum
2612 4557 2760 4614 duce
2778 4557 3061 4614 adversus
3073 4557 3342 4616 Ottonem
3365 4558 3644 4631 Bajoarim

212 4653 330 4710 sius
361 4653 630 4728 appellat
660 4653 857 4726 potius
897 4669 1077 4725 quam
1110 4649 1320 4718 filium,
1351 4650 1492 4721 quia
1529 4649 1650 4706 ﬁlio
1682 4650 1875 4707 adhuc
1902 4667 1954 4740 Β
1985 4651 2194 4707 ducem
2230 4647 2924 4740 conspirans‘KPataviam
2957 4648 3250 4740 civitatem
3273 4647 3507 4740 invasit,
3542 4647 3646 4706 ibi-

213 4742 454 4812 minore,
480 4749 678 4799 mater
697 4741 909 4815 potiori
934 4740 1276 4797 auctoritate
1298 4741 1620 4797 fruebatur.
1649 4741 1701 4796 Is
1723 4741 1875 4796 Hen-

212 4833 361 4889 ricus
385 4835 548 4890 hanc
569 4831 899 4888 marchiam
921 4830 1179 4887 tenuisse
1202 4830 1272 4885 ad
1294 4846 1515 4885 annum
1540 4845 1729 4902 usque
1749 4831 1875 4898 995,

213 4937 374 4995 quoe
406 4923 563 4979 vivis
621 4920 894 4989 excessit,
948 4919 1126 4976 videri
1177 4924 1368 4992 potest
1415 4937 1483 4974 ex
1528 4920 1878 4975 documento

214 5015 342 5068 anni
373 5014 508 5079 993,
543 5012 719 5084 cujus
750 5010 1027 5084 deinceps
1059 5011 1158 5066 fiet
1187 5009 1504 5065 mentio.At
1527 5026 1640 5064 non
1666 5009 1744 5064 ita
1769 5013 1873 5065 est.

212 5100 316 5157 Alii
345 5102 510 5159 enim
550 5099 905 5158 intermedio
935 5104 1199 5172 tempore
1237 5099 1506 5154 eamdem
1555 5098 1878 5154 marchiam

213 5191 507 5248 consecuti
543 5195 708 5247 sunt.

275 5283 364 5337 78.
401 5281 480 5339 Ut
514 5277 958 5345 marchionum,
1009 5278 1109 5350 qui
1142 5277 1251 5334 hoc
1284 5275 1586 5333 intervallo
1619 5281 1879 5332 nostram

217 5371 542 5428 marchiam
591 5372 890 5435 rexerunt,
926 5367 1196 5424 notitiam
1245 5366 1631 5440 proferamus,
1684 5383 1879 5422 rerum

277 5517 352 5584 (5)
382 5513 785 5584 Continuator
815 5510 1018 5582 Regin.
1050 5527 1144 5584 ain.
1195 5509 1319 5584 953.
1352 5509 1782 5584 Di_t_marus_lib.
1815 5527 1878 5584 ῃ,

255 5580 340 5665 ag.
360 5588 472 5665 33:2
505 5589 569 5640 et
601 5583 728 5665 339,
756 5587 796 5638 t.
834 5580 1372 5665 I,Ber._Brpnsvi£:,
1405 5580 1613 5662 Vit..S.
1646 5581 1881 5665 Μαρψ-

325 5627 337 5640 .
360 5601 472 5642 332
505 5601 569 5640 et
601 5601 728 5650 adu,
756 5601 796 5638 ι.
834 5601 1033 5650 1,ner.
1069 5601 1372 5648 brunsvw,
1417 5601 1520 5635 νιι.
1555 5601 1613 5636 n.
1647 5601 1880 5637 luamu-

220 5601 560 5740 giasgregipaz.
599 5656 747 5740 0.},
778 5672 814 5710 n
865 5656 950 5722 19,
987 5653 1268 5740 ιἸ,“ῐὶθι’,
1290 5652 1610 5740 ‘Brunsv‘ip;
1662 5670 1728 5740 p‘.’
1752 5655 1880 5740 901,

220 5734 268 5786 et
289 5725 612 5789 Annalists.
667 5726 820 5784 Saxo
878 5727 1034 5800 apud
1096 5725 1330 5782 Eccard.
1384 5742 1457 5782 an
1508 5725 1792 5796 915,953,
1826 5730 1884 5786 et

1985 4757 2099 4813 que
2115 4756 2247 4794 mox
2260 4739 2332 4794 ab
2345 4737 2553 4794 Ottone
2573 4737 2619 4793 Il
2642 4737 2992 4810 imperatore
3013 4738 3317 4802 obsidione
3340 4739 3644 4806 subactus,

1988 4846 2108 4887 una
2133 4846 2268 4884 cum
2300 4829 2502 4884 eodem
2536 4825 2781 4882 Henrico
2809 4826 2956 4883 duce
2981 4827 3340 4884 Carantania:
3379 4827 3438 4882 in
3492 4825 3646 4883 exsi-

1988 4918 2134 4974 lium
2171 4917 2388 4974 missus
2420 4916 2547 4972 fuit.
2583 4915 2726 4972 Hinc
2756 4915 2949 4972 Ottoni
2975 4917 3250 4989 Bajoariae
3272 4915 3407 4972 duci
3426 4915 3646 4973 Caran-

1990 5007 2293 5065 taniacum
2309 5006 2628 5063 Veronensi
2645 5004 3204 5062 marchiaattributa
3231 5005 3480 5062 videtur.
3505 5006 3645 5079 [cm]

1991 5099 2128 5154 Post
2159 5097 2390 5154 Ottonis
2416 5095 2592 5152 Ducis
2627 5099 2896 5162 mortem,
2928 5112 3055 5167 quae
3096 5094 3302 5150 incidit
3330 5095 3390 5150 in
3422 5111 3645 5152 annum

1988 5189 2114 5257 982,
2149 5188 2279 5243 Otto
2309 5186 2628 5258 imperator
2653 5199 2789 5239 cum
2843 5183 3088 5240 Henrico
3119 5182 3344 5240 minore
3394 5181 3648 5239 Bertoldi

1992 5276 2112 5332 filio
2134 5274 2498 5341 conciliatus,
2519 5273 2578 5328 in
2598 5271 2854 5329 comitiis
2871 5272 3110 5329 Veronae
3127 5271 3348 5329 habitis
3368 5286 3521 5326 anno
3541 5269 3650 5329 983

1992 5366 2182 5423 eidem
2198 5362 2475 5435 Bajoarize
2493 5366 2550 5419 et
2562 5360 2877 5418 Carinthia’.
2893 5359 3171 5417 ducaium
3185 5358 3522 5432 impertitus
3535 5361 3648 5415 est.

2177 5578 2392 5636 Chron.
2425 5572 2870 5645 Quedlimburg.
2904 5576 2948 5628 t.
2983 5572 3051 5640 ll,
3087 5572 3218 5628 Rer.
3252 5563 3554 5626 Brunsvic.
3591 5581 3649 5634 p.
