3968 6410
276 402 363 468 αν
1265 402 1727 467 RATHEBIUS‘
1760 400 2265 467 VWGNENGIS'
2288 399 2746 465 EPISGOPUS.
3624 393 3723 465 88

281 542 362 597 De
388 537 501 595 hoc
526 531 773 595 Henrico
800 533 1101 592 Ditmarus
1130 536 1397 594 scribens
1436 536 1585 593 libro
1615 535 1808 604 tertio,
1837 552 1932 592 so-
1959 536 2018 605 Αι
2046 534 2240 609 p'ala‘m
2270 537 2337 591 ﬁt
2365 550 2500 591 eum
2531 534 2779 591 Henrico
2809 533 3015 591 H-duci
3037 532 3399 592 successisse
3419 547 3578 593 anno
3596 529 3710 593 995

282 628 403 691 lius
433 626 675 699 quidem
706 624 983 697 quoarias
1009 626 1260 683 ducatus
1283 626 1583 682 meminit:
1607 625 1934 682 «Henricus
2044 626 2293 692 Quidam
2307 623 3133 697 suspicanturhuncOttonem
3145 624 3410 696 ejusdem
3425 622 3705 681 marchiaa

284 714 721 785 mi'nor'exsilio
741 713 990 782 solutus,
1024 714 1402 772 Bavariorum
1433 716 1552 772 dux
1580 716 1819 772 eﬂ‘ectus
1848 719 1938 771 est

288 807 357 880 (t.
375 810 399 860 I
419 808 540 862 Rer.
562 805 936 875 Brumvic.,p.
956 805 1141 873 363).»
1158 806 1229 860 At
1246 804 1607 860 Carinthiam
1630 804 1808 860 simul
1824 804 1936 877 ipsi

286 894 580 961 collatam,
613 897 673 949 et
701 891 1100 964 Bajoariorum
1122 893 1358 949 ducatui
1381 909 1690 960 annexam,
1711 894 1795 948 uti
1825 892 1936 947 sub

286 983 895 1040 Ottone'antecessom
927 979 1231 1048 acciderat,
1263 981 1418 1038 idem
1450 986 1653 1037 auctor
1681 980 1939 1037 ostendit

287 1072 441 1129 libro
467 1069 781 1143 quartotad
811 1076 1034 1125 annum
1063 1071 1190 1136 984,
1212 1070 1355 1126 dum
1376 1087 1512 1127 eum
1542 1088 1657 1125 non
1684 1074 1805 1125 tam
1830 1070 1938 1125 Ba-

280 1159 485 1234 joarias
500 1156 1011 1231 quam'Gerinthise
1032 1159 1240 1215 ducem
1263 1160 1625 1215 demonstrat
1643 1158 1936 1231 inquiens:

290 1274 329 1311 «;
350 1251 594 1321 Propter
612 1246 927 1304 Henricum
945 1247 1177 1315 ducem,
1202 1247 1302 1319 qui
1331 1252 1472 1303 tunc
1498 1247 1755 1303 Bavariis
1767 1251 1941 1319 atque

292 1338 559 1396 Carentis
594 1335 827 1409 prefuit
855 1334 1038 1407 (ibid.,
1071 1352 1127 1408 p.
1177 1337 1324 1408 3'48).
1355 1358 1383 1387 »
1439 1336 1525 1392 Ad
1556 1335 1712 1391 hunc
1743 1336 1942 1409 itaque

291 1426 379 1485 uti
408 1424 721 1483 Garinthia
771 1424 987 1480 ducem
1037 1424 1300 1482 marchia
1347 1425 1700 1481 Veronensis
1730 1424 1939 1481 rediit:

290 1539 333 1587 te
353 1517 539 1583 Tunc,
570 1536 601 1567 ω
632 1512 826 1586 inquit
858 1513 1176 1586 Ditma'rus,
1193 1513 1252 1571 id
1273 1519 1365 1571 est
1386 1531 1540 1572 anno
1568 1517 1696 1581 984,
1716 1538 1747 1565 «
1773 1516 1943 1571 Bava-

290 1604 394 1662 riis
424 1608 602 1677 atque
647 1602 911 1660 (intentis
964 1603 1215 1675 praefuit.
1247 1604 1394 1660 Cum
1451 1604 1609 1660 enim
1668 1620 1821 1660 anno
1853 1621 1942 1660 se-

291 1692 623 1767 quenti~985
635 1691 931 1748 Henricus
945 1690 995 1747 ll
1014 1696 1147 1764 post
1168 1692 1401 1749 Ottonis
1425 1693 1473 1748 ΙΙ
1492 1692 1718 1749 obitum
1741 1715 1770 1744 «
1793 1693 1865 1748 ad
1882 1710 1944 1750 se

289 1790 583 1857 metm
626 1783 689 1837 et
709 1788 862 1839 Vana
889 1779 1239 1838 excitatione
1270 1799 1332 1838 se
1365 1782 1658 1854 dejectum
1706 1782 1943 1855 conspi-

2044 715 2253 770 ducem
2286 714 2467 769 fuisse
2513 729 2667 769 anno
2694 714 2971 785 983,‘quo
3022 712 3341 785 imperator
3392 710 3526 770 Otto
3560 719 3617 769 ΙΙ
3644 713 3706 769 in

2046 802 2299 859 comitiis
2310 802 2745 858 Veronensibus
2773 825 2800 853 «
2825 802 3152 858 interventu
3164 805 3225 858 et
3238 801 3518 874 petitione
3534 803 3708 860 ducis

2045 892 2276 948 Ottonis
2308 894 2413 963 (lo.
2450 893 2548 959 ib.,
2584 908 2716 963 pag.
2753 892 2900 960 479).
2936 912 2964 940 »
3010 889 3308 946 Rodoaldo
3355 888 3708 963 patriath

2047 979 2405 1052 Aquileiensi
2430 977 2799 1052 privilegium
2831 978 3143 1034 concessit.
3166 980 3278 1035 Sed
3302 979 3362 1034 in
3384 975 3599 1037 iisdem
3617 996 3711 1036 co-

2048 1068 2232 1125 mitiis
2290 1068 2539 1124 Bavarize
2570 1073 2626 1124 et
2673 1067 2984 1123 Carinthite
3033 1068 3284 1125 ducatus
3313 1084 3450 1126 cum
3479 1070 3711 1127 adnexa

2049 1159 2311 1215 marchia
2357 1158 2677 1215 Veronensi
2731 1161 2802 1215 ab
2834 1160 3037 1216 eodem
3069 1160 3421 1233 imperatore
3450 1158 3711 1215 traditus

2050 1249 2161 1305 fuit
2185 1248 2430 1305 Henrico
2463 1248 2698 1314 minori,
2721 1252 2787 1305 ut
2815 1249 3090 1321 superius
3120 1248 3398 1305 vidimus.
3431 1244 3611 1304 Porro
3633 1248 3709 1304 ad

2051 1353 2119 1394 ea
2147 1337 2441 1411 generalia
2469 1337 2708 1393 comitia
2731 1352 2937 1394 omnes
2964 1337 3293 1394 Germaniae
3313 1338 3589 1410 proceres
3609 1353 3712 1393 ac-

2051 1426 2181 1495 citi;
2213 1442 2277 1482 ac
2310 1431 2614 1499 propterea
2644 1428 2763 1482 dux
2793 1425 2891 1483 ille
2938 1427 3090 1497 Otto,
3127 1426 3228 1500 qui
3254 1438 3360 1500 pro
3409 1425 3712 1483 Rodoaldo

2051 1516 2387 1589 patriarcha
2415 1514 2785 1589 privilegium
2817 1516 3003 1589 petiit,
3024 1528 3142 1572 non
3164 1516 3445 1572 continuo
3464 1512 3589 1571 dux
3607 1515 3715 1571 Cit-

2052 1605 2282 1661 rinthia‘c
2315 1609 2373 1661 et
2395 1605 2749 1661 Veronensis
2770 1605 3043 1661 marchiie
3063 1611 3190 1662 tum
3213 1605 3399 1662 fuisse
3421 1604 3716 1661 dicendus

2052 1698 2161 1751 est.
2197 1694 2252 1751 Is
2281 1698 2599 1766 antequam
2629 1693 2990 1750 Carinthiam
3008 1694 3067 1750 et
3095 1690 3358 1751 nostram
3380 1692 3711 1750 marchiam

2053 1784 2125 1839 ab
2147 1784 2355 1839 Ottone
2384 1783 2458 1839 III
2489 1782 2807 1850 obtineret,
2823 1782 3296 1851 Wormatiensis,
3328 1794 3435 1839 seu
3453 1778 3715 1838 Francia

290 1871 477 1965 ciens;
508 1869 777 1965 veniente
806 1870 1207 1965 (OttOne
1237 1870 1336 1939 ΠΙ)
1384 1871 1939 1965 in-Franconevo'rd,
1975 1898 2029 1965 Β
2054 1871 2377 1965 orientalis,
2409 1885 2569 1965 nunc
2602 1871 2935 1965 Franconiae
2975 1872 3094 1965 dua
3279 1886 3293 1927 :
3320 1884 3441 1965 quo
3490 1868 3713 1965 ducatu

288 1960 407 2019 iluc
424 1959 555 2033 ipse
573 1958 909 2027 adveniens,
933 1958 994 2014 in
1014 1962 1329 2031 conspectu
1355 1959 1540 2016 totius
1562 1960 1765 2033 pepuli
1784 1976 1943 2017 com-

290 2046 524 2124 plicatis
553 2046 850 2117 manibus,
873 2046 1119 2105 humilis
1143 2047 1347 2104 habitu
1369 2053 1429 2104 et
1448 2054 1602 2117 actu,
1624 2050 1760 2105 vera
1784 2064 1943 2105 com-

297 2141 553 2213 punctus
608 2134 953 2209 poenitentia
981 2146 1055 2193 es
1094 2136 1270 2208 regiae
1292 2136 1646 2193 reddidisset
1672 2137 1945 2210 potestati

295 2224 530 2299 (Annal.
585 2225 803 2297 sam);
825 2245 855 2275 π
889 2224 965 2281 ab
994 2224 1201 2281 eodem
1238 2228 1373 2297 r’ege’
1402 2225 1679 2283 ducatum
1711 2240 1947 2299 prome-

298 2317 437 2377 ruit.
473 2316 563 2372 Ita
587 2331 726 2372 vero
774 2322 869 2371 res
906 2313 1225 2371 conciliatis
1256 2331 1390 2370 cum
1426 2315 1669 2372 Henrico
1701 2315 1944 2385 minore,

297 2404 591 2463 ut-is‘solo
619 2402 933 2460 Corinthia:
954 2403 1173 2460 ducatu
1205 2408 1540 2472 contentus,
1568 2404 1651 2460 illi
1670 2404 1949 2478 Bajoarias

296 2495 574 2552 ducatum
624 2493 885 2551 cesserit.
935 2492 1053 2549 Hac
1083 2493 1155 2553 de
1184 2494 1365 2550 causa
1410 2494 1637 2550 Ottonis
1668 2493 1744 2551 IlI
1792 2496 1945 2569 regis

295 2584 719 2645 decententum
733 2582 872 2640 anni
886 2583 997 2637 986
1017 2583 1175 2655 apud
1196 2582 1537 2639 Hansizium
1565 2585 1771 2641 ambos
1793 2586 1943 2640 Hen-

294 2673 502 2731 rioos'u
524 2671 711 2729 duces
739 2693 768 2724 η
790 2672 1040 2744 praefert,
1064 2670 1315 2728 alterum
1338 2671 1611 2739 Bavariez,
1636 2672 1947 2730 Carinthiae

296 2761 566 2837 alterum,
623 2761 1026 2816 «interventu.
1054 2802 1069 2816 .
1096 2802 1112 2817 .
1135 2803 1148 2816 .
1182 2761 1492 2817 amborum
1526 2766 1805 2833 nepotum
1838 2780 1945 2818 no—

298 2854 557 2911 strorum
588 2848 993 2916 Henricorum,
1026 2850 1245 2905 ducum
1302 2848 1524 2905 scilicet
1572 2850 1846 2921 Bavariae,
1879 2869 1947 2907 ac

295 2935 609 2994 Carihthizn
657 2936 962 3010 regionum
1015 2938 1082 3009 (t.
1112 2942 1137 2992 Ι
1170 2936 1346 2993 Germ.
1370 2938 1515 3006 Sac.,
1547 2956 1605 3011 p.
1640 2941 1790 3011 226).
1823 2962 1850 2990 ››
1882 2941 1945 2997 In

295 3026 419 3084 alio
440 3025 583 3083 anni
610 3026 721 3081 988
763 3025 919 3098 apud
950 3024 1283 3099 Ughellium
1343 3045 1371 3080 ι
1401 3025 1685 3083 Henricus
1711 3028 1946 3103 (minor)

294 3116 758 3189 Carentencrum
789 3115 909 3171 dux
939 3134 968 3165 n
999 3118 1240 3170 vocatur
1284 3116 1347 3187 (t.
1371 3115 1419 3169 V
1441 3116 1544 3171 Ital
1571 3116 1743 3189 Sac);
1794 3119 1950 3175 sicut

293 3208 355 3261 et
382 3204 442 3260 in
468 3202 581 3260 alio
611 3201 749 3260 anni
769 3202 876 3258 989
895 3202 1031 3259 dato
1064 3202 1335 3260 Kalendis
1365 3204 1724 3272 Octobris,ut
1750 3207 1945 3265 videre

293 3296 391 3350 est
413 3291 571 3365 apud
600 3289 1017 3365 Mei‘chelbech,
1047 3294 1089 3348 t.
1123 3291 1150 3346 ι
1178 3291 1328 3347 Hist.
1358 3265 1792 3369 Ρτίείηεξραε.
1820 3296 1941 3353 185.
1974 3265 2018 3333 C

295 3381 526 3440 Mortuo
557 3384 755 3438 autem
784 3380 1033 3437 Henrico
1062 3381 1288 3437 minore
1311 3381 1422 3437 sub
1444 3382 1621 3439 ﬁnem
1652 3384 1790 3439 anni
1817 3387 1943 3454 989,

293 3470 585 3529 Henricus
610 3470 663 3527 Η
680 3469 964 3542 'Bajoaritb
983 3470 1103 3526 dux
1121 3469 1437 3527 Carinthize
1454 3471 1819 3543 ducatum,et
1841 3491 1944 3529 an-

292 3576 501 3621 nexam
531 3559 926 3618 Veronensem
984 3558 1307 3616 marchiam
1366 3560 1598 3632 recepit.
1651 3560 1712 3616 Id
1751 3562 1945 3618 mani-

295 3649 513 3709 festum
533 3649 601 3704 ﬁt
626 3656 697 3705 ex
715 3647 927 3721 placito
945 3649 1213 3721 ejusdem
1238 3649 1465 3706 llenrici
1488 3649 1725 3706 Veronae
1747 3651 1946 3708 habito

296 3744 454 3793 anno
470 3736 669 3803 9933!:
688 3742 802 3808 quo
831 3737 1173 3793 numinum
1206 3760 1226 3786 ι
1251 3738 1537 3795 Henricus
1556 3740 1675 3795 dux
1695 3741 1947 3797 Bavaro-

296 3832 455 3894 rum,
478 3832 583 3880 seu
604 3825 1466 3896 Karentanorum,atqueistius
1481 3828 1756 3885 marchim
1782 3830 1949 3885 Vero-

296 3912 574 3973 nensium
602 3912 857 3981 (DIONYS.
882 3911 1350 3984 Collect.diplom.,
1381 3931 1439 3985 p.
1466 3914 1612 3987 I76).
1642 3938 1669 3966 »
1695 3917 1798 3972 Hic
1816 3922 1948 3974 tan-

296 4002 431 4063 dem
460 4000 748 4059 Henricus
768 4001 818 4057 II
848 4000 994 4058 obiit
1014 4002 1316 4071 anuo'995,
1338 4020 1393 4059 v1
1416 4003 1539 4059 Kal.
1563 4004 1945 4077 Septembris.

294 4090 559 4151 Rursum
587 4094 786 4147 autem
816 4090 1070 4148 Haveriaa
1100 4091 1350 4147 ducatus
1380 4094 1437 4147 et
1466 4093 1772 4149 Carinthiae
1830 4094 1950 4151 dis-

285 4179 768 4253 juncti.Ducatus
788 4180 1044 4255 Bavariaa
1067 4179 1128 4236 in
1159 4181 1218 4238 S:
1240 4181 1555 4239 Henricum
1578 4182 1766 4240 tilium
1797 4186 1949 4255 ejus,

188 4266 193 4273 ”
293 4268 399 4342 qui
421 4274 627 4342 postea
652 4268 766 4328 fuit
794 4271 1130 4344 imperator,
1164 4270 1436 4327 transivit
1466 4272 1746 4342 (Chronic.
1780 4274 1949 4343 Quid-

295 4359 581 4432 limburg‘.,
612 4364 656 4419 t.
690 4360 741 4419 Ii
770 4360 893 4417 Rer.
957 4364 1185 4429 Brem;
1240 4362 1520 4434 Nccrolog.
1580 4361 1762 4431 Fuld.,
1796 4366 1839 4418 t.
1876 4364 1950 4421 ΙΙΙ

293 4447 416 4505 Iter.
449 4448 713 4521 Βηυωέ);
769 4448 1130 4507 Garinthiam
1160 4466 1296 4507 cum
1337 4450 1601 4507 marchia
1628 4451 1950 4509 Vcronensi

295 4536 558 4594 obtinuit
580 4537 737 4606 Otto,
769 4546 947 4610 quem
977 4540 1280 4596 Comedus
1310 4540 1703 4615 Lotharingiaa
1734 4542 1852 4597 dux
1881 4559 1951 4598 ex

2054 1961 2308 2018 subinde
2339 1959 2398 2015 in
2433 1958 2583 2017 ﬁlios
2603 1959 2733 2032 ejus
2751 1960 3039 2026 traducto,
3063 1957 3191 2032 ipse
3210 1956 3495 2019 ducatum
3512 1959 3715 2016 Carin-

2053 2048 2190 2106 thiae
2220 2064 2357 2106 cum
2386 2048 2709 2106 Veronensi
2741 2047 3005 2105 marchia
3030 2050 3310 2105 obtinuit.

2122 2139 2215 2194 79.
2249 2140 2392 2195 Cum
2412 2137 2784 2210 sequentium
2801 2136 2982 2210 hujus
2999 2136 3509 2194 marchiasd'ucu'm
3525 2136 3715 2195 series

2055 2226 2354 2300 explorata
2366 2228 2462 2296 sit,
2478 2227 2572 2283 hic
2594 2226 2801 2299 pedem
2825 2226 3114 2282 sistimus.
3136 2224 3713 2283 Unummonendnm

2056 2321 2342 2389 superest,
2393 2330 2698 2388 perperam
2728 2332 2764 2371 a
2792 2311 3093 2372 nonnullis
3121 2312 3525 2371 Veronensem
3555 2314 3717 2371 mar-

2054 2403 2249 2459 chiam
2282 2418 2416 2459 cum
2444 2402 2748 2458 Tarvisina
2777 2401 3078 2470 confundi,
3111 2418 3178 2458 ac
3209 2402 3260 2457 si
3281 2402 3487 2459 eadem
3509 2401 3709 2469 fuerit,

2056 2510 2183 2565 quas
2211 2508 2368 2548 nunc
2394 2490 2765 2548 Veronensis.
2791 2507 2949 2546 nunc
2971 2489 3277 2547 Tarvisina
3295 2489 3593 2563 appellata
3610 2491 3712 2550 sit.

2054 2582 2268 2637 Verum
2284 2597 2482 2636 marca
2493 2581 2801 2636 Tarvisina
2811 2578 3025 2636 saaculo
3042 2583 3273 2636 tantum
3293 2580 3521 2636 decimo
3540 2580 3715 2639 tertio

2054 2670 2244 2726 audiri
2276 2670 2472 2742 cmpit,
2502 2686 2659 2737 cum,
2709 2668 2885 2724 Italia:
2914 2667 3250 2725 civitatibus
3281 2668 3340 2723 in
3371 2668 3711 2727 libertatem

2054 2758 2549 2832 conspirantibus,
2603 2775 2800 2814 marco.
2831 2758 3189 2814 Veronensis
3215 2758 3343 2829 jam
3394 2756 3711 2815 defecerat.

2053 2848 2255 2904 Solum
2286 2852 2480 2904 autem
2513 2847 2843 2903 Tarvisium
2866 2846 3138 2903 marchim
3162 2846 3400 2902 nomine
3422 2847 3712 2903 donatum

2052 2939 2286 2994 videtur
2305 2953 2375 2993 ea
2394 2937 2539 2992 forte
2564 2937 2635 2992 de
2656 2936 3002 3009 causa,qu‘ia
3020 2936 3174 2991 inter
3194 2934 3427 2992 italicae
3446 2935 3715 2992 civitates

2053 3026 2384 3083 libertatein
2406 3030 2709 3082 assecutus
2728 3042 2798 3082 ea
2818 3026 2961 3081 urbs
2981 3024 3291 3082 limitanea-
3305 3029 3451 3082 erat.
3468 3026 3589 3082 Sed
3604 3036 3721 3099 age

2045 3118 2195 3189 jam,
2228 3117 2300 3173 ad
2335 3114 2677 3171 Ratheriu‘m
2709 3118 3089 3171 revertamur.

2054 3208 2164 3280 [ev]
2194 3208 2221 3274 §
2250 3205 2393 3260 Xlll-
2426 3236 2497 3280 -τ
2515 3204 2830 3280 ﬁnimus;
2849 3212 3000 3280 metu-
3044 3203 3237 3280 om
3262 3204 3290 3261 ι
3323 3203 3469 3260 τάδε
3497 3202 3721 3280 inﬂa-

2126 3276 2264 3334 liam
2291 3292 2437 3333 anno
2465 3277 2592 3332 961.
2624 3277 2881 3348 Difﬁcilis
2900 3276 3161 3335 Fulcuini
3189 3277 3336 3332 locus
3355 3276 3712 3348 espenditur.

2129 3349 2327 3425 Eodem
2358 3348 2546 3425 (mone
2568 3347 2782 3425 egente,
2814 3348 2910 3425 illc
2939 3348 2999 3402 in
3035 3349 3383 3425 Veronenscm
3411 3347 3718 3425 864817358-

2124 3421 2393 3476 stituitur.
2428 3419 2641 3474 Accedit
2685 3420 2891 3474 summi
2936 3420 3212 3485 pontiﬁcis
3240 3422 3291 3475 ct
3334 3418 3559 3473 concitii
3598 3417 3714 3473 ρα-

2125 3492 2329 3564 picnsis
2357 3490 2645 3546 decretum.
2680 3491 2810 3545 Acta
2839 3492 2900 3546 in
2928 3490 3132 3564 synodo
3178 3490 3442 3564 Papicnsi
3467 3491 3717 3564 ejusque

2126 3560 2357 3633 tmpus.
2390 3564 2586 3617 Petrus
2614 3564 2894 3633 cpiscopus
2922 3560 3207 3617 πωπω
3234 3560 3271 3616 ὁ
3292 3561 3415 3617 sedc
3439 3560 3713 3633 defectus,

2129 3637 2194 3690 in
2220 3632 2407 3690 eadem
2430 3632 2653 3705 synodo,
2684 3632 2843 3704 seque
2868 3650 2933 3688 ac
2963 3632 3722 3705 ΗαιΙιει-ἱυειῖουθπιςίάθσνθέ

2128 3714 2241 3762 tum
2271 3704 2491 3761 obtinet.
2526 3705 2772 3759 Edictum
2804 3706 3010 3760 Ottonis
3036 3721 3136 3775 pro
3176 3704 3450 3762 Ratherio.
3482 3706 3721 3761 Furtum

2127 3778 2367 3847 corporis
2396 3778 2574 3831 sancti
2602 3777 2877 3841 Maronis,
2926 3784 2975 3831 et
3011 3775 3280 3841 Ralhcrii;
3302 3775 3626 3847 opusculum
3654 3775 3723 3831 de

2128 3847 2314 3904 eadem
2353 3863 2412 3903 re
2440 3849 2705 3919 scriptum
2734 3864 2878 3903 anno
2906 3848 3032 3901 962.
3066 3850 3153 3905 Im
3192 3854 3375 3902 emtor
3402 3863 3432 3903 ε
3484 3847 3495 3857 ”
3580 3860 3723 3918 pum

2129 3924 2284 3974 uract
2313 3919 2385 3974 ad
2412 3920 2614 3974 milites
2642 3918 2955 3974 diriaeudos
2980 3934 3077 3974 oro
3104 3865 3383 3974 oéidio'nc

2107 3924 2284 3989 .urgct
2313 3919 2385 3974 ad
2412 3917 2614 3975 milites
2642 3918 2955 3988 dirigendos
2974 3934 3077 3991 pro
3104 3917 3383 3975 obsidiem

2129 4009 2220 4063 80.
2252 4008 2383 4064 Otto
2413 4007 2435 4063 l
2467 4006 2719 4064 comitiis
2749 4004 3283 4065 Wormatienslbus
3309 4019 3467 4063 anno
3490 4007 3597 4061 96t
3626 4010 3723 4063 oe;

2058 4096 2316 4163 lebratis,
2351 4097 2411 4151 in
2441 4096 2659 4168 quibus
2690 4098 2784 4153 die
2812 4094 3185 4153 Pentecostes
3214 4094 3375 4152 ﬁlius
3404 4095 3545 4167 ejns-
3585 4094 3727 4152 Otto

2059 4187 2384 4243 Germanias
2416 4201 2515 4241 rex
2546 4191 2776 4242 creatus
2814 4185 2943 4253 ﬁtit,
2992 4185 3304 4241 Saxoniam
3336 4180 3590 4257 repetiit,
3624 4188 3726 4241 τε-

2059 4276 2291 4347 busque
2332 4274 2550 4330 ibidem
2582 4273 2947 4347 compositis,
2983 4290 3086 4348 per
3135 4270 3458 4346 Bajoariam
3489 4288 3557 4330 ac
3589 4270 3723 4330 Tri-

2060 4365 2365 4420 dentinam
2395 4362 2608 4420 vallem
2640 4380 2775 4420 cum
2794 4364 3051 4420 exercitu
3075 4363 3134 4419 in
3161 4358 3388 4419 italiam
3408 4359 3723 4435 ingressus

2058 4458 2168 4521 est,
2200 4453 2300 4509 ubi
2333 4474 2361 4503 ‹‹
2388 4468 2595 4509 omnes
2627 4466 2775 4525 pene
2800 4452 3064 4519 comites,
3095 4455 3152 4509 et
3179 4451 3485 4525 episcopos
3514 4451 3724 4509 obvios

2061 4542 2286 4612 habuit,
2320 4545 2395 4611 et,
2428 4546 2496 4598 ut
2526 4541 2741 4609 decuit,
2775 4538 2847 4598 ab
2878 4542 2965 4597 eis
3016 4541 3335 4598 honoriﬁce
3380 4538 3719 4614 susceptus,

297 4625 441 4697 [om]?
464 4624 789 4697 Luitgarde
838 4626 1113 4683 Ottonisl
1146 4627 1269 4683 tilia
1322 4636 1680 4703 susceperat.
1713 4632 1831 4687 Hac
1882 4630 2428 4711 de'Dgpmestative,
2475 4634 2533 4686 et
2563 4630 2785 4703 absque
2819 4630 2941 4686 ulla
2970 4629 3306 4687 resistentia
3335 4627 3576 4701 Papiam
3626 4630 3723 4686 in-

297 4725 481 4771 censa
503 4712 661 4769 idem
689 4712 823 4769 Ott'o
853 4735 882 4763 «
915 4714 1361 4771 Carentinorum
1391 4718 1508 4773 dux
1537 4723 1595 4774 et
1648 4720 1950 4776 Veronen-

295 4800 461 4858 siu’m
483 4808 722 4859 conieci:
745 4801 1055 4860 a’Ditmarc
1073 4808 1131 4860 et
1150 4802 1467 4862 Aldeholdo
1482 4807 1542 4862 in
1565 4807 1698 4864 Vita
1716 4813 1773 4864 8.
1796 4810 1947 4865 Hen-

294 4888 409 4945 ric'r
432 4888 806 4963 imperatoris
832 4896 1093 4947 vocatur.
1130 4913 1159 4943 «
1188 4892 1394 4949 Comes
1424 4911 1528 4967 pro
1560 4897 1945 4955 marchione»

296 4983 659 5051 usurpatur;
705 4988 894 5052 neque
933 4980 1093 5037 enim
1124 4984 1365 5037 Verona:
1396 4987 1649 5050 tantum,
1683 4986 1783 5041 sed
1817 4985 1949 5041 uni-

292 5082 475 5125 verses
504 5067 782 5125 marehiaa
812 5069 1133 5125 Veronensi
1164 5071 1535 5142 praesidebat.
1570 5095 1598 5123 «
1623 5072 1749 5129 Dux
1779 5074 1949 5131 istius

296 5154 570 5213 murchiaa
601 5179 630 5206 »
662 5156 1017 5214 Veronensis
1068 5158 1127 5214 in
1160 5159 1294 5216 aliis
1324 5161 1694 5218 documentis
1734 5164 1950 5220 dicitur

297 5244 561 5317 (Bessis,
602 5246 841 5302 Monum.
872 5249 1001 5304 ccci.
1036 5249 1242 5320 Aq'uil.,
1275 5266 1334 5322 ρ.
1367 5250 1515 5319 497):
1573 5256 1630 5307 et
1657 5253 1950 5310 annalista

297 5333 453 5391 Saxo
469 5329 718 5405 loquens
743 5334 814 5389 de
833 5335 1107 5391 Brunone
1125 5336 1253 5407 ejus
1275 5336 1525 5409 ﬁlio,qui
1551 5338 1620 5393 ad
1643 5356 1946 5396 summum

295 5421 703 5493 pontiﬁcatum
735 5427 1039 5495 promotus
1071 5424 1201 5491 fuit,
1230 5425 1489 5497 Gregorii
1510 5426 1558 5480 V
1589 5428 1823 5484 nomine
1855 5447 1947 5486 as-

296 5514 575 5587 sumpto,
615 5528 767 5567 anno
825 5513 968 5582 996;
1028 5537 1055 5564 ‹‹
1088 5513 1443 5582 Brunonem,
1476 5513 1687 5589 inquit,
1719 5517 1947 5577 Ottonis

295 5596 510 5669 filium,
530 5596 628 5672 qui
661 5596 923 5657 marcam
947 5598 1344 5659 Veronensem
1377 5604 1664 5674 servabat,
1690 5628 1717 5657 ››
1751 5611 1861 5663 etc.
1887 5608 1945 5664 Si

295 5689 392 5746 hic
421 5688 553 5746 Otto
582 5689 977 5747 Veronensem
1002 5714 1031 5740 «
1056 5707 1356 5749 meream»
1381 5694 1618 5767 regebat
1637 5712 1791 5755 anno
1818 5696 1943 5768 996,

2059 4722 2234 4778 travit
2265 4718 2620 4793 (Continuat.
2656 4719 2861 4792 Regia.
2886 4719 3165 4775 etAnnal.
3197 4721 3410 4788 Saxo).
3446 4740 3475 4767 ››
3506 4718 3625 4775 Hac
3658 4718 3724 4775 in

2060 4810 2205 4867 urbe
2234 4807 2427 4865 natale
2460 4808 2673 4864 festum
2692 4809 2955 4879 ejusdem
2981 4808 3118 4864 anni
3144 4804 3552 4875 0eiehra'v'rt,ac
3581 4807 3725 4865 dein

2059 4900 2391 4956 Romanum
2423 4897 2533 4953 iter
2578 4898 2857 4970 suscepit,
2890 4901 2959 4953 ut
2985 4914 3022 4953 a
3056 4898 3283 4954 Joanne
3330 4896 3430 4953 Χιι
3479 4909 3724 4954 summo

2060 4989 2333 5062 pontiﬁce
2359 4987 2678 5059 imperator
2697 4991 3094 5043 coronaretur.
3118 4986 3317 5043 Romae
3344 4986 3723 5058 imperialem

2058 5093 2334 5134 coronam
2366 5075 2621 5133 obtinuit
2650 5076 2743 5132 die
2770 5079 2808 5131 2
2837 5076 3133 5133 Februarii
3166 5092 3264 5133 an.
3295 5074 3424 5131 962.
3456 5072 3577 5131 Has
3604 5074 3725 5131 cir-

2058 5164 2449 5223 cumstantias
2481 5164 2794 5221 Ratherius
2816 5182 2935 5221 suae
2958 5163 3316 5221 restitutioni
3339 5169 3731 5237 peropportu-

2058 5270 2168 5311 nas
2199 5260 2383 5321 ratus,
2412 5254 2472 5308 in
2503 5252 2736 5309 Italiam
2767 5254 2949 5319 venit,
2971 5254 3363 5325 Brunoneque
3382 5249 3725 5308 Coloniensi

2059 5361 2272 5416 magno
2286 5344 2413 5413 ejus
2430 5348 2672 5415 patrono
2696 5344 2849 5415 apud
2868 5341 3137 5400 Ottonem
3167 5354 3516 5416 germanum
3537 5340 3727 5399 Suum

2059 5438 2283 5506 agente,
2308 5432 2703 5489 Veronensem
2722 5434 2918 5489 sedem
2943 5433 3179 5506 recepit.
3197 5431 3268 5487 Ut
3282 5431 3463 5503 hujus
3480 5430 3731 5488 restitu-

2056 5523 2235 5579 tionis
2265 5527 2499 5599 tempus
2533 5524 2847 5589 statuatur,
2882 5522 3039 5596 quod
3070 5519 3505 5601 assignandum
3535 5518 3731 5601 credi-

2056 5627 2192 5667 mus
2221 5629 2375 5668 anno
2403 5613 2530 5679 961,
2565 5611 2756 5683 primo
2786 5608 3331 5669 Fulcuinidifﬁcilis
3352 5607 3601 5680 quidam
3630 5608 3727 5666 lo~

2057 5715 2185 5769 cus,
2217 5700 2320 5771 qui
2343 5700 2625 5757 nonuults
2651 5700 2851 5757 fucum
2884 5701 3040 5769 fecit,
3068 5695 3486 5775 expendend'u’e
3516 5701 3628 5755 est.
3666 5699 3729 5757 Is
