3968 6392
246 397 337 479 91,
1210 391 1665 458 RATHERIUS
1711 390 2208 459 VERONENSIS
2249 395 2702 462 EPISCOPUS.

3592 390 3683 465 92

245 534 589 608 Papiensem
608 528 904 586 indicatur
924 526 983 583 in
1003 525 1373 600 Apologetico
1393 542 1558 587 num.
1589 527 1625 579 7
1648 525 1741 581 his
1771 543 1898 582 ver-
1926 528 1984 595 Α
2009 527 2277 587 S.Petrus
2299 528 2747 602 Damianus,qui
2766 529 2917 586 libro
2940 528 3130 603 primo
3152 528 3325 602 epist.
3349 529 3407 598 9,
3425 528 3633 588 scribit
3656 538 3681 585 :

243 624 358 681 bis:
392 646 419 673 ‹‹
448 620 773 695 Episcopus
805 634 966 684 sane,
999 621 1064 672 ut
1111 617 1171 671 in
1225 616 1449 688 synodo
1489 619 1581 671 est
1628 615 1898 687 Papiensi

245 712 545 786 quondam
564 706 1337 773 clamatum,Veronensium
1363 720 1469 777 ego
1497 705 1544 759 si
1577 721 1771 771 sum,»
1787 709 1896 761 etc.

244 804 506 859 Obscura
535 803 592 855 et
622 798 967 870 plerumque
992 794 1287 867 incognita
1308 794 1489 865 hujus
1521 794 1725 865 synodi
1753 793 1898 848 noti-

242 892 325 947 tia
354 907 424 946 ex
474 886 830 962 quibusdam
888 884 1122 939 indiciis
1174 883 1526 955 expiscanda
1585 886 1693 936 est.
1754 884 1896 937 Tres

242 980 495 1051 majores
525 975 935 1049 episcoporum
969 988 1179 1027 causas
1200 972 1270 1026 ad
1304 972 1432 1042 ejus
1463 971 1665 1043 synodi
1697 970 1897 1026 Patres

243 1068 465 1126 delatas
498 1082 563 1121 ac
593 1064 867 1121 definitas
898 1059 1584 1116 invenimus.Conci1ium
1609 1060 1897 1114 Romense

242 1157 381 1215 anni
421 1156 547 1219 992,
608 1170 659 1208 c.
721 1152 789 1207 43
843 1150 1005 1222 (edit.
1069 1148 1318 1207 Wecheli
1371 1149 1736 1214 Francol‘urt,
1796 1166 1893 1203 an.

244 1248 383 1304 1600
413 1262 467 1318 p.
497 1243 610 1315 99),
643 1241 791 1297 duas
820 1256 1029 1295 causas
1088 1239 1148 1293 in
1206 1236 1481 1293 anteriori
1545 1235 1789 1291 concilio
1816 1236 1894 1290 si-

239 1335 362 1393 mul
385 1333 735 1407 dijudicatas
756 1330 1002 1403 praefert,
1028 1327 1271 1383 alteram
1294 1325 1552 1382 Rathcrii
1594 1324 1895 1379 Veronen-

239 1424 323 1481 sis
372 1421 629 1495 episcopi
674 1422 874 1475 contra
922 1416 1199 1472 Milonem
1256 1416 1605 1480 invasorem,
1652 1411 1895 1468 alteram

237 1511 387 1569 Petri
421 1506 842 1579 archiepiscopi
898 1505 1252 1561 Ravennatis
1305 1508 1509 1559 contra
1550 1502 1892 1557 Honestum.

237 1601 425 1657 «Item
454 1615 583 1671 quae
602 1597 755 1652 circa
768 1594 1111 1651 Ratberium
1123 1594 1387 1649 Veronen
1398 1608 1519 1647 sem
1532 1590 1893 1663 episcopum,

232 1690 317 1747 vel
345 1687 500 1744 eirca
529 1686 764 1742 Petrum
791 1684 1074 1739 Ravenna:
1104 1681 1609 1753 archiepiscopum
1656 1698 1766 1735 usu
1804 1679 1893 1735 vel

234 1774 655 1835 consuetudine
712 1775 1123 1846 provenerunt,
1154 1770 1228 1825 ab
1286 1769 1564 1825 omnibus
1616 1770 1895 1840 abrogata

234 1871 393 1924 sunt.
425 1866 679 1935 Uterque
727 1861 883 1917 enim
917 1876 1023 1914 nec
1080 1857 1466 1957 abdicationis
1526 1862 1788 1929 porrecto
1823 1856 1891 1911 li-
1922 1899 1974 1964 B

231 1955 405 2025 bello,
439 1970 545 2009 nec
577 1948 1037 2013 sacerdotalibus
1068 1946 1351 2020 depositis
1390 1945 1723 2019 insignibus
1756 1962 1890 2001 suc-

233 2059 525 2103 cessorem
585 2041 904 2111 acceperat,
940 2035 1254 2093 Ratherius
1303 2034 1544 2107 quidem
1587 2034 1887 2104 Milonem,

231 2135 437 2191 Petrus
465 2147 600 2188 vero
632 2130 952 2185 Honestum
975 2124 1129 2181 beati
1159 2123 1512 2197 Apollinaris
1544 2124 1837 2179 abbatem.
1859 2146 1887 2173 ››

230 2222 352 2280 Etsi
380 2221 437 2278 in
473 2220 568 2276 bis
595 2218 788 2275 verbis
818 2214 985 2272 nulla
1009 2214 1218 2287 synodi
1259 2213 1563 2286 Papiensis
1593 2213 1693 2267 fiat
1725 2228 1888 2267 men-

228 2310 331 2380 tio,
361 2313 671 2380 utramque
700 2308 897 2361 tamen
927 2300 1186 2358 Ratherii
1230 2299 1583 2356 Veronensis
1639 2304 1696 2354 et
1736 2299 1888 2355 Petri

229 2396 581 2457 Ravennatis
609 2409 851 2452 causam
884 2391 1090 2448 eodem
1119 2412 1148 2441 «
1196 2388 1463 2445 omnium
1497 2412 1524 2437 ››
1549 2387 1777 2459 judicio
1809 2388 1891 2443 di-

221 2489 549 2561 judicatam
579 2484 762 2541 fuisse
792 2482 1146 2554 liquet.Cum
1165 2495 1298 2534 vero
1329 2495 1399 2534 ex
1427 2478 1739 2549 descriptis
1770 2478 1887 2533 Ra-

226 2576 400 2634 therii
428 2574 623 2631 verbis
654 2575 851 2646 pateat
878 2570 1059 2641 hujus
1109 2584 1347 2624 causam
1397 2567 1581 2622 fuisse
1628 2565 1888 2622 decisam

227 2667 287 2723 in
320 2665 542 2739 synodo
573 2659 865 2735 Papiensi,
899 2659 1053 2715 idem
1085 2658 1156 2713 de
1188 2656 1341 2713 Petri
1374 2656 1724 2711 Ravennatis
1755 2671 1889 2710 cau-

227 2773 296 2813 sa
324 2754 638 2810 dicendum
664 2754 774 2806 est.

298 2844 389 2899 84.
450 2842 651 2897 Patres
706 2840 962 2895 Joannes
1018 2835 1367 2891 Benedictus
1426 2832 1772 2890 Mitarellius
1830 2836 1890 2890 et

226 2931 541 2990 Anselmus
570 2926 979 2994 Costadonius,
1010 2923 1112 2996 qui
1170 2921 1358 2977 multo
1416 2921 1612 2978 studio
1668 2925 1726 2977 et
1761 2938 1890 2977 eru-

231 3021 452 3079 ditione
515 3017 773 3075 Annales
850 3010 1329 3069 Camalduleoses
1407 3011 1723 3082 digesserc,
1802 3009 1888 3066 lo-

231 3115 478 3185 quentes
535 3109 608 3165 de
668 3106 941 3172 Honesto,
1004 3101 1106 3173 qui
1179 3101 1346 3156 Petro
1431 3100 1734 3165 successit,
1795 3099 1887 3155 ni-

230 3200 315 3257 hil
374 3200 445 3255 de
501 3193 803 3269 Papiensi,
871 3191 958 3249 vel
1036 3190 1153 3247 alia
1226 3189 1468 3262 synodo,
1530 3205 1654 3260 qua:
1732 3189 1885 3244 Petri

2009 640 2038 668 ‹‹
2072 618 2277 675 Petrus
2309 620 2487 677 etiam
2520 619 2999 692 archiepiscopus
3028 618 3427 675 Ravennatem
3443 618 3680 677 dimisit

2008 707 2448 775 Ecclesiam,cui
2480 726 2615 764 mox
2645 709 2839 763 adhuc
2867 706 3194 780 superstiti,
3228 708 3522 765 Honestus
3552 708 3678 781 pri-

2007 813 2103 851 mo
2133 796 2396 853 videlicet
2426 797 2631 853 Ottone
2690 796 2950 853 habenas
3006 796 3240 869 imperii
3283 797 3676 871 gubernante,

2007 886 2310 942 successit.
2342 909 2369 935 »
2394 886 2675 942 Eamdcm
2708 901 3207 957 rem,annumque
3233 900 3304 940 ex
3333 884 3447 942 alio
3471 886 3680 958 utique

2007 975 2162 1030 fonte
2175 975 2445 1047 designat
2457 975 2632 1030 etiam
2646 974 2949 1029 Albericus
2972 974 3032 1028 in
3049 973 3378 1030 Chronicon
3396 974 3676 1031 editionis

2006 1063 2275 1119 Leibnitii
2328 1064 2400 1119 ad
2454 1080 2677 1118 annum
2725 1063 2826 1116 971
2858 1080 2871 1118 :
2907 1085 2935 1112 «
2995 1063 3205 1118 Petrus
3263 1063 3676 1120 Ravennatum

2004 1153 2405 1225 episcopatum
2420 1151 2806 1222 dimisit,post
2825 1167 3002 1223 quem
3025 1150 3152 1206 loco
3177 1150 3364 1223 ipsius
3380 1153 3676 1210 Honestus

2004 1242 2322 1314 praeﬁcitur
2352 1242 2415 1312 (t.
2450 1241 2498 1296 II
2524 1245 2732 1297 Access.
2765 1242 2993 1309 Histor.,
3049 1256 3106 1311 p.
3168 1240 3277 1311 19).
3312 1262 3342 1290 ››
3374 1240 3535 1297 Idem
3565 1240 3675 1298 alii

2005 1348 2209 1404 omnes
2241 1330 2650 1397 tradunt,adco
2682 1332 2746 1385 ut
2775 1328 2928 1384 hanc
2960 1328 3311 1386 sententiam
3345 1353 3374 1379 ‹‹
3407 1346 3675 1387 commu-

2006 1435 2141 1475 nem
2177 1441 2204 1467 »
2236 1418 2347 1491 ipsi
2378 1417 2695 1473 Annalium
2729 1415 3269 1472 Camaldulensium
3291 1422 3559 1477 auctores
3592 1418 3677 1475 fa-

2003 1507 2363 1563 teantur.His
2378 1511 2570 1561 autem
2585 1505 2861 1561 omnibus
2876 1504 3091 1560 erroris
3106 1510 3303 1561 notam
3317 1505 3668 1580 impingere,

2004 1597 2245 1670 perinde
2262 1612 2327 1651 ac
2346 1596 2391 1651 si
2418 1595 2619 1649 Petrus
2631 1611 2786 1649 anno
2801 1593 2871 1648 97
2878 1594 2898 1649 Ι
2926 1610 3041 1650 non
3055 1593 3349 1651 dimiserit
3363 1594 3672 1668 episcopa-

2003 1691 2151 1751 tum,
2184 1686 2284 1740 sed
2306 1685 2377 1740 ab
2399 1684 2737 1755 episcopatu
2762 1683 3025 1754 dejectus
3047 1682 3244 1750 fuerit,
3276 1687 3409 1740 acta
3431 1684 3671 1741 concilii

2005 1774 2310 1830 Remensis
2333 1789 2446 1829 non
2464 1772 2657 1827 solum
2681 1788 2795 1829 non
2816 1775 3054 1844 cogunt,
3081 1770 3223 1843 quin
3245 1771 3442 1843 potius
3461 1772 3672 1829 viden-

2001 1870 2099 1919 tur
2110 1864 2428 1936 cxigere,ut
2452 1862 2838 1934 dejectionem
2859 1862 2989 1933 ejus
3004 1877 3069 1917 ac
3093 1860 3343 1917 subinde
3360 1861 3672 1918 restituto-

2000 1969 2135 2007 nem
2167 1951 2485 2007 evehamus
2505 1954 2639 2006 ante
2656 1966 2880 2006 annum
2895 1950 3023 2016 971,
3055 1954 3114 2005 et
3142 1948 3359 2006 idcirco
3389 1950 3671 2022 dejectio-

2002 2058 2136 2097 nem
2170 2040 2357 2113 ipsius
2389 2040 2828 2113 distinguamus
2877 2056 2912 2094 a
2956 2038 3325 2107 dimissione,
3354 2054 3482 2112 quas
3508 2056 3670 2098 anno

1998 2132 2098 2185 971
2134 2129 2487 2201 assignanda
2516 2128 2693 2183 est.ln
2726 2126 2938 2183 iisdem
2961 2128 3247 2184 nimirum
3273 2128 3669 2188 Remensibus

2000 2218 2183 2293 gestis
2209 2234 2320 2273 non
2342 2221 2572 2272 tantum
2590 2216 2740 2273 Petri
2763 2217 3219 2289 dejectio,quam
3236 2232 3416 2274 unam
3441 2216 3667 2275 laudati

1999 2313 2269 2365 auctores
2295 2306 2760 2374 consideraruut,
2795 2306 2896 2363 sed
2928 2309 2985 2362 et
3034 2306 3329 2362 restitutio
3357 2305 3668 2380 perspicue

1999 2398 2287 2463 innuitur,
2322 2412 2456 2451 cum
2487 2399 2616 2451 acta
2645 2398 2849 2451 contra
2890 2393 3108 2466 ipsum,
3160 2394 3376 2468 quibus
3433 2394 3667 2453 scilicet

1998 2488 2071 2542 ab
2104 2486 2444 2558 episcopatu
2474 2485 2665 2539 fuerat
2693 2484 2934 2555 ejectus,
2963 2504 2991 2533 «
3021 2483 3096 2539 ab
3125 2483 3401 2540 omnibus
3432 2483 3666 2556 (synodi

1998 2575 2202 2646 utique
2235 2572 2528 2643 Patribus)
2551 2571 2664 2645 [cx]
2697 2573 2979 2644 abrogata
3008 2592 3038 2621 »
3070 2570 3398 2628 tradunt.In
3429 2588 3499 2627 ea
3525 2588 3666 2628 sen-

1999 2664 2203 2731 tentia,
2236 2679 2355 2734 qua
2384 2662 2649 2732 dejectus
2677 2660 2936 2716 creditur
2979 2677 3133 2716 anno
3162 2660 3291 2729 971,
3323 2660 3578 2716 Honesto
3609 2660 3668 2718 ei

1998 2750 2413 2825 subrogato,de
2443 2750 2629 2822 ipsius
2658 2750 3025 2806 restitutione
3054 2749 3312 2806 Honeste
3333 2748 3568 2806 excluso
3588 2766 3666 2807 ne

1995 2842 2238 2898 verbum
2270 2840 2507 2912 quidem
2533 2855 2658 2907 ;nec
2688 2839 3043 2894 documenta
3063 2839 3193 2910 ejus
3221 2839 3664 2911 temporis,qua

1997 2931 2321 2987 Honestum
2352 2928 2410 2983 in
2443 2944 2552 2983 sua
2580 2928 2719 2983 sede
2744 2944 3148 2999 perseverasse
3163 2927 3477 2984 ostendant
3505 2943 3663 2987 anno

1995 3021 2104 3076 972
2132 3024 2188 3075 et
2218 3016 2603 3091 sequentibus
2633 3016 2811 3072 etiam
2842 3020 2976 3089 post
3004 3015 3158 3073 Petri
3187 3015 3663 3088 mortem,hujus

1997 3107 2428 3166 restitutionem
2460 3122 2527 3161 ac
2572 3105 2956 3161 remotioncm
2998 3105 3239 3162 Honesti
3269 3121 3338 3161 eo
3396 3108 3664 3177 tempore

1997 3213 2373 3272 nequaquam
2403 3195 2729 3269 patiuntur.
2749 3195 2925 3250 Porro
2954 3193 3015 3249 in
3038 3193 3294 3251 laudatis
3323 3193 3506 3266 gestis
3541 3193 3664 3250 Re-

226 3305 467 3346 causam
498 3264 923 3359 dijudicaverit,
955 3278 1259 3353 suspicati,
1292 3278 1413 3333 haec
1467 3281 1730 3334 actorum
1764 3279 1793 3333 F

2099 3264 2300 3342 usibus
2315 3264 2494 3340 causa
2510 3287 2567 3339 et
2588 3282 2876 3339 restitutio
2898 3280 3055 3338 Petri
3067 3298 3204 3338 cum
3223 3264 3405 3339 causa
3422 3285 3481 3338 et
3496 3282 3666 3339 resti-

229 3377 451 3435 mensis
480 3373 687 3449 synodi
734 3371 912 3427 verba
959 3367 1426 3442 praecedentibus
1484 3367 1685 3423 statim
1744 3367 1884 3423 sub-

218 3470 378 3541 jecta
427 3465 688 3522 referunt
739 3478 753 3517 :
811 3482 839 3511 «
898 3460 1105 3516 Petrus
1164 3458 1487 3514 Honestum
1545 3456 1885 3512 monasterii

226 3554 380 3613 beati
408 3551 763 3628 Apollinaris
795 3549 1067 3607 abbatem
1101 3547 1314 3619 (supple
1343 3548 1681 3617 receperat),
1707 3561 1884 3617 quem

225 3647 549 3703 Honestum
582 3641 717 3713 [CIX]
747 3640 1001 3696 domnus
1028 3638 1285 3693 Joannes
1317 3652 1467 3708 papa
1497 3640 1884 3707 cognomento

226 3734 423 3790 Bonus
454 3732 527 3788 ad
559 3727 1027 3786 consecrandum
1059 3724 1223 3797 prius
1254 3724 1366 3779 sibi
1424 3722 1687 3779 oblatum
1716 3724 1881 3794 vidit,

227 3838 407 3896 quam
429 3819 499 3875 de
519 3816 671 3874 Petri
692 3812 1129 3887 dejectione,vel
1160 3812 1318 3868 fama
1337 3811 1645 3867 nuntiante
1672 3829 1884 3886 cogno-

229 3914 408 3969 verat.
451 3931 480 3961 »
533 3907 691 3963 Duos
740 3920 911 3976 porro
966 3903 1255 3957 Honestos
1313 3898 1718 3971 distinguunt;
1763 3900 1885 3956 haec

227 4004 425 4058 autem
449 3998 626 4054 verba
656 3994 727 4051 de
746 3993 1001 4048 Honesto
1031 3990 1078 4045 II
1106 3987 1465 4062 intelligunt,
1499 4004 1674 4059 quem
1705 3990 1885 4045 Joan-

228 4107 333 4161 nes
362 4104 515 4161 papa
544 4080 923 4141 consecravit.
981 4079 1146 4135 Hunc
1188 4094 1322 4133 vero
1352 4077 1639 4133 Joannem
1672 4095 1885 4151 cogno-

228 4182 427 4236 mento
457 4198 486 4228 ‹‹
519 4176 745 4232 Bonum
780 4194 807 4222 »
839 4187 955 4226 non
1003 4168 1290 4225 Joannem
1334 4166 1435 4222 XII
1488 4167 1660 4239 cujus
1692 4184 1885 4223 mores

226 4265 737 4342 reprehensionem
797 4262 1194 4327 incurrerunt,
1258 4256 1361 4313 sed
1418 4256 1704 4313 Joannem
1757 4255 1886 4312 XIII

224 4358 406 4414 fuisse
426 4350 891 4423 existimant,qui
909 4350 982 4406 ad
996 4346 1382 4421 apostolicam
1398 4347 1597 4402 sedem
1621 4345 1889 4402 ascendit

225 4463 379 4505 anno
406 4446 535 4501 965.
568 4444 671 4500 Hic
692 4447 890 4497 autem
912 4439 963 4494 si
1012 4437 1373 4494 consecravit
1405 4436 1749 4502 Honestum,
1778 4436 1883 4490 Pa-

147 4562 172 4577 ~
224 4534 447 4609 piensis
478 4531 683 4603 utique
737 4528 996 4601 synodus
1037 4526 1176 4582 anni
1230 4527 1338 4580 962
1385 4526 1458 4581 de
1497 4541 1679 4581 causa
1728 4523 1884 4580 Petri

1992 3376 2217 3433 tutione
2247 3372 2505 3430 Ratherii
2536 3373 2618 3427 ita
2650 3371 3050 3443 conjungitur,
3077 3375 3143 3427 ut
3172 3373 3424 3443 utraque
3445 3370 3661 3429 eodem

1985 3464 2211 3539 judicio
2269 3462 2469 3519 decisa
2526 3459 2718 3527 fuerit,
2778 3464 2835 3515 et
2893 3458 3191 3532 abrogatis
3256 3458 3402 3515 actis
3452 3463 3663 3517 contra

1994 3559 2333 3625 utrumque,
2369 3550 2588 3623 quibus
2618 3550 2786 3605 Petro
2812 3549 3037 3620 dejecto
3060 3547 3658 3616 llonestus,Ratherio

1994 3648 2190 3700 autem
2223 3641 2358 3697 Milo
2383 3639 2663 3696 suffectus
2684 3638 3145 3709 fuerat,uterque
3168 3638 3226 3692 in
3257 3653 3428 3694 suam
3459 3637 3667 3695 sedem

1994 3732 2172 3789 fuerit
2192 3730 2522 3787 restitutus.
2556 3727 2720 3783 Sicut
2744 3743 2882 3799 ergo
2904 3726 3107 3783 actain
3132 3724 3478 3783 Ratherium
3489 3726 3667 3783 abro-

1993 3825 2132 3894 gata
2154 3820 2390 3875 fuerunt
2410 3816 2469 3871 in
2490 3814 2736 3871 concilio
2757 3815 3030 3888 Papiensi
3053 3815 3190 3872 anni
3207 3816 3339 3884 962,
3369 3814 3452 3870 ita
3481 3814 3667 3872 etiam

1992 3909 2213 3965 ibidem
2242 3907 2565 3977 eodemque
2590 3922 2743 3961 anno
2770 3904 2975 3972 recisa,
3008 3921 3137 3977 quas
3182 3904 3243 3961 in
3276 3904 3515 3963 Petrum.
3545 3903 3668 3960 Ra-

1992 3999 2302 4052 vennatem
2333 3998 2498 4066 gesta
2525 3992 2783 4049 fuerunt.
2817 3992 3129 4049 Restitutio
3157 3992 3339 4065 igitur
3367 3990 3551 4063 hujus
3566 3992 3670 4049 de-

1995 4088 2153 4141 creta
2182 4084 2242 4138 in
2274 4082 2494 4154 synodo
2541 4081 2812 4154 Papiensi
2860 4080 3063 4138 referri
3097 4081 3303 4153 nequit
3329 4080 3403 4138 ad
3434 4097 3669 4140 annum

1992 4174 2120 4239 971,
2154 4172 2255 4228 sed
2285 4170 2423 4227 huic
2453 4187 2605 4226 anno
2636 4169 2799 4243 afﬁgi
2830 4170 3003 4226 debet
3057 4186 3127 4226 ea
3155 4169 3536 4243 episcopatus
3570 4169 3670 4225 di-

1995 4261 2406 4333 missio,quam
2424 4260 2487 4319 S.
2503 4259 2707 4316 Petrus
2725 4259 3049 4315 Damianus
3065 4263 3123 4315 et
3146 4258 3250 4315 alii
3281 4275 3487 4315 omnes
3499 4275 3668 4316 com-

1995 4351 2162 4408 muni
2192 4349 2482 4406 sententia
2512 4348 3125 4421 prodiderunt.ltaque
3141 4348 3258 4404 duo
3280 4346 3435 4403 iacta
3453 4346 3675 4411 distin.

1995 4439 2246 4515 guenda,
2283 4437 2499 4511 quibus
2531 4437 2732 4494 omnia
2761 4436 3170 4505 conciliantur,
3204 4438 3271 4492 ut
3301 4451 3375 4492 ne
3404 4451 3555 4509 opus
3584 4435 3672 4494 sit

1995 4531 2142 4587 duos
2163 4528 2452 4584 Honestos
2484 4529 2767 4594 astruere,
2802 4542 2868 4582 ac
2916 4524 3224 4582 Remensis
3253 4523 3462 4598 synodi
3477 4525 3672 4582 verba

227 4627 430 4680 contra
456 4620 776 4675 Honestum
800 4615 1069 4687 judicare
1090 4631 1210 4670 non
1254 4614 1461 4685 potuit.
1494 4615 1745 4671 Censent
1773 4614 1884 4669 ita-
1913 4637 1962 4702 D
1993 4614 2895 4686 aliorsuminterpretari.Petrus
2927 4614 3210 4670 nimirum
3231 4612 3423 4686 primo
3441 4614 3516 4669 ab
3538 4613 3673 4686 epi-

228 4728 342 4784 que
363 4705 618 4765 laudatis
646 4705 837 4760 verbis
859 4702 1065 4774 synodi
1097 4702 1402 4757 Remensis
1429 4703 1693 4771 indicari,
1727 4703 1882 4775 quod

229 4798 443 4857 accidit
472 4812 624 4853 anno
649 4796 777 4861 971,
806 4807 922 4864 quo
953 4792 1159 4846 Petrus
1206 4791 1458 4847 Honeste
1490 4790 1884 4848 Ravennatem

230 4886 799 4963 archiepiscopatum
857 4881 1157 4937 dimisisse
1200 4880 1492 4948 traditur;
1545 4881 1644 4938 ubi
1688 4884 1885 4937 tamen

230 4982 473 5036 monent
501 4999 530 5027 ‹‹
564 4991 680 5031 non
710 4988 839 5030 esse
871 4968 1100 5027 veritati
1151 4968 1323 5041 plane
1369 4967 1629 5025 innixam
1660 4968 1888 5042 opinio-

230 5082 367 5122 nem
413 5064 599 5131 illam,
630 5079 757 5135 quae
808 5056 1139 5115 communis
1196 5060 1306 5125 est,
1368 5056 1603 5112 Petrum
1663 5056 1889 5114 scilicet

232 5158 440 5229 sponte
460 5150 759 5209 dimisisse
779 5145 1354 5205 administrationem
1382 5145 1648 5202 Ecclesiae
1670 5147 1891 5203 Raven-

232 5242 387 5299 natis
404 5241 683 5312 (Honesto
701 5238 793 5309 ΙΙ),
824 5253 959 5292 cum
992 5234 1285 5305 dejectum
1336 5234 1472 5289 sede
1511 5233 1694 5290 fuisse
1724 5250 1886 5291 asse-

232 5336 364 5388 rant
390 5332 592 5386 Patres
622 5326 933 5384 Gallicanae
980 5323 1189 5396 synodi
1220 5345 1248 5372 ››
1282 5322 1605 5379 Remensis.
1641 5323 1765 5380 Non
1797 5342 1887 5380 as-

231 5420 539 5476 sentimur.
576 5417 683 5481 Qui
736 5415 893 5471 enim
952 5413 1189 5469 Petrum
1231 5410 1429 5466 sedem
1490 5411 1885 5468 Ravennatem

230 5510 485 5565 Honesto
511 5504 809 5563 dimisisse
841 5503 1224 5569 tradunt,non
1247 5500 1600 5557 recentiores
1622 5494 1888 5561 auctores

233 5601 393 5666 sunt,
426 5597 528 5654 sed
558 5593 811 5666 antiqui,
842 5608 1012 5665 quos,
1047 5588 1161 5645 nisi
1190 5587 1332 5661 quid
1371 5588 1666 5647 evidenter
1696 5596 1885 5663 cogat,

232 5687 505 5761 deceptos
540 5684 724 5744 fuisse
745 5683 1041 5741 afﬁrmare
1071 5695 1187 5736 non
1219 5694 1556 5753 possumus.
1587 5679 1652 5738 In
1678 5679 1772 5738 his
1801 5684 1891 5739 est

1994 4710 2236 4779 scopatu
2270 4706 2601 4760 Ravennate
2632 4702 2907 4760 exclusus
2955 4703 3067 4759 sub
3124 4702 3349 4758 Joanne
3405 4700 3533 4770 XII,
3559 4717 3677 4776 qui

1995 4797 2237 4870 ignarus
2270 4793 2611 4864 dejectionis
2630 4793 2757 4863 ejus
2788 4791 3111 4849 Honestum
3142 4790 3524 4847 consecravit.
3550 4790 3672 4847 Ne-

1996 4900 2109 4956 que
2140 4886 2367 4937 moveat
2397 4895 2721 4953 cognomen
2756 4901 2786 4928 ‹‹
2819 4879 3074 4935 Bonus.»
3104 4878 3227 4936 Nisi
3250 4877 3408 4935 enim
3435 4877 3673 4936 inhanc

1996 4988 2196 5028 vocem
2227 4986 2388 5026 error
2418 4967 2935 5041 irrepsit,Joannes
2963 4968 3069 5024 ΧΙΙ
3091 4965 3423 5036 ironice,vel
3447 4982 3518 5023 ex
3546 4965 3670 5025 alio

1996 5059 2166 5115 titulo
2198 5074 2377 5131 quam
2408 5072 2479 5114 ex
2506 5056 2773 5113 moribus
2796 5080 2824 5107 ‹‹
2847 5057 3044 5113 Bonus
3077 5078 3106 5106 ››
3137 5055 3253 5111 dici
3278 5054 3673 5127 potuit.Certe

1995 5147 2207 5205 Joanni
2228 5146 2354 5202 XIII
2372 5145 2480 5203 etsi
2500 5145 2743 5218 optimis
2765 5145 3031 5202 moribus
3050 5144 3439 5218 praedito,non
3462 5147 3670 5204 tamen

1995 5260 2023 5288 ‹‹
2055 5236 2251 5304 boni,»
2285 5233 2387 5291 sed
2419 5257 2448 5283 «
2479 5233 2709 5307 gallinae
2743 5234 2889 5290 albze
2918 5250 3278 5308 iicognomen
3298 5233 3673 5290 inditumac-

1994 5326 2279 5398 cepimus.
2312 5323 2455 5379 Dein
2487 5340 2640 5380 anno
2669 5324 2778 5383 962
2808 5324 3015 5398 synodi
3034 5322 3339 5397 Papiensis
3369 5322 3672 5381 sententia

1994 5412 2293 5486 abrogatis
2322 5410 2503 5484 gestis
2535 5411 2595 5467 in
2622 5413 2863 5469 Petrum
2889 5429 3053 5485 isque
3099 5428 3165 5467 ac
3195 5411 3255 5466 in
3288 5408 3668 5482 Ratherium,

1994 5504 2168 5559 ambo
2200 5518 2321 5558 suae
2352 5501 2477 5557 sedi
2509 5500 2943 5559 restituti.Hinc
2971 5501 3212 5575 quidem
3238 5500 3393 5556 Petri
3412 5499 3543 5571 jam
3574 5517 3673 5557 ar-

1995 5590 2351 5664 chiepiscopi
2395 5595 2781 5648 monumenta
2824 5594 3145 5665 supersunt
3200 5604 3492 5645 annorum
3527 5590 3669 5661 963,

1997 5682 2123 5751 965,
2154 5681 2280 5750 967,
2314 5683 2372 5736 et
2400 5678 2623 5739 970.De
2647 5679 2759 5739 hoc
2788 5680 2979 5755 primo
3010 5679 3161 5738 facto
3191 5676 3518 5751 loquuntur
3549 5678 3672 5736 Re-
