1984 3226
143 226 178 260 93
646 226 955 260 PROLEGOMENA.
971 243 1011 250 —
1025 226 1216 259 RATHERII
1238 226 1342 258 VITA.
1814 228 1854 261 94

147 295 257 324 mensis
277 294 394 324 concilii
410 295 520 324 Patres.
533 296 653 324 Factum
669 295 794 323 alterum
814 295 844 323 S.
870 295 973 323 Petrus
984 294 1014 329 Α
1028 294 1133 322 timum
1141 294 1312 330 epi‘Scopum
1322 296 1424 322 contra
1434 294 1571 323 Milonem
1583 295 1765 332 probaret,e0
1777 305 1855 326 revo-

145 340 299 369 Damianus
315 342 343 368 et
356 341 472 377 antiqui
485 340 641 368 chronistm
664 340 812 368 memoriae
840 340 970 368 tradide-

145 387 208 413 runt
217 385 300 413 Anno
320 384 434 413 scilicet
453 386 504 413 971
523 386 637 419 Petrus,
655 385 743 413 rebus
758 393 826 413 cum
842 385 970 413 Honesto

144 430 323 466 compositis,
339 430 542 466 episcopatum
559 429 654 457 eidem
669 432 774 466 sponte
785 429 899 457 dimisit
914 439 920 463 ;
937 437 970 457 ac

145 475 292 511 propterea
303 474 515 510 subsequentia
525 474 703 502 documenta
711 474 829 502 Honesti
839 474 970 510 episcopi

145 518 318 547 mentionem
330 518 456 554 'faciunt,
471 518 521 555 qui
537 527 606 555 erga
622 519 864 554 praedecessorem
882 526 970 546 suum

144 565 252 600 gratus,
269 565 336 600 post
354 563 448 600 ipsius
464 565 588 591 mortem
604 572 680 591 anno
700 563 753 591 975
763 562 972 591 anniversaria

145 616 224 636 sacra
239 616 292 645 pro
302 608 367 644 ejus
379 608 478 636 anima
492 607 632 642 instituit,
642 610 675 636 ut
684 607 781 636 videre
792 609 836 636 est
845 608 874 635 in
881 608 971 636 docu-

145 655 241 681 mento
256 661 274 680 a
287 653 458 681 memoratis
475 652 630 681 annalistis
639 652 915 681 Camaldulensibus
926 661 971 680 re-

144 696 197 725 lato
211 699 286 725 tom.
303 697 326 732 ι,
347 698 412 734 [cxi]
429 697 599 734 appendicis
616 706 682 734 pag.
698 698 743 726 93.

177 742 221 770 85.
238 742 322 770 Nunc
337 742 454 770 tertiam
471 742 624 779 Papiensis
646 743 750 780 synodi
766 751 886 771 causam
902 751 971 779 pro-

145 786 282 816 feramus.
294 787 478 816 Frodoardns
487 787 523 816 ad
533 796 644 816 annum
651 788 707 816 762
713 796 831 816 causam
841 787 973 824 suggerit

145 830 275 868 Hugonis
301 831 465 866 Remensis,
494 840 585 868 quam
611 832 640 859 in
671 832 803 860 Romana
830 831 971 867 primum,

144 877 240 912 postea
249 883 318 904 vero
329 876 360 903 in
376 876 514 912 Papiensi
523 877 635 913 synodo
645 876 685 912 dij
690 876 837 904 udicatam
849 878 974 904 testatur

145 919 256 949 Mortuo
284 919 397 948 scilicet
419 920 537 948 Attaldo
550 921 710 948 Remorum
729 920 861 948 antistite
882 920 974 957 pridie

145 963 201 993 Kal.
209 964 348 993 Octobris
358 965 429 992 anni
436 964 500 999 961,
508 965 544 992 de
550 973 718 993 successore
726 964 859 1001 eligendo
869 973 976 1002 magna

147 1009 293 1037 contentio
309 1009 376 1042 fuit,
387 1017 451 1045 quae
463 1009 499 1037 ad
515 1017 627 1037 annum
644 1011 815 1045 sequentem
831 1011 977 1045 protracta

145 1053 355 1090 est.Hugonem
365 1053 443 1082 enim
452 1053 626 1090 episcopum
639 1055 725 1082 antea
746 1054 977 1082 excommuaica—

146 1099 204 1126 tum
221 1100 296 1126 ante
308 1097 465 1135 depulsum
476 1098 686 1135 consanguinei
702 1099 767 1134 ejus
778 1099 976 1135 redintegrare

147 1142 354 1177 moliebantur,
364 1142 478 1170 favente
493 1142 613 1179 Hugone
624 1143 698 1171 duce
714 1143 904 1171 Francorum.
922 1143 974 1171 Lo.

146 1186 256 1216 tharius
269 1186 435 1215 Galliarum
447 1195 496 1215 rex
505 1199 519 1213 «
529 1187 645 1215 locutus
656 1196 724 1215 cum
734 1189 857 1225 Hugone
872 1196 976 1216 conso-

146 1231 228 1261 brino
237 1240 322 1266 suo,»
336 1231 378 1259 ait
390 1231 574 1260 Frodoardus
586 1232 616 1260 in
626 1232 768 1260 Chronico
779 1241 826 1260 an.
837 1232 900 1266 962,
913 1241 978 1268 «pe-

148 1275 216 1304 titus
225 1277 274 1305 est
283 1276 319 1304 ab
331 1284 375 1310 eo,
390 1278 422 1304 ut
437 1277 555 1313 praefato
567 1277 682 1313 Hugoni
694 1277 869 1305 Remensem
890 1278 976 1306 resti—

145 1321 206 1348 tuat
214 1320 420 1357 episcopatum
431 1329 437 1354 ;
446 1321 573 1357 indeque
585 1320 719 1349 inducias
732 1321 922 1358 paeiscuntur
930 1331 977 1350 us-

145 1372 198 1400 que
204 1364 241 1393 ed
248 1364 382 1393 medium
390 1365 500 1393 mensis
507 1365 766 1402 Aprilis.Synodus
772 1367 911 1394 tredecim
919 1367 978 1403 epi-

145 1416 300 1446 scoporum
309 1409 338 1437 in
347 1418 423 1446 pago
430 1409 571 1438 Mcldensi
579 1411 835 1447 superMaternam
843 1411 860 1438 fl
866 1411 975 1446 uvium,

149 1461 182 1481 ex
194 1453 335 1483 Rsmensi
349 1454 484 1482 videlicet
500 1463 533 1483 ac
542 1455 704 1484 Senonensi
716 1456 834 1484 dicecesi
847 1456 977 1484 celebra-

148 1499 204 1534 tur,
219 1498 398 1535 prasidente
426 1499 589 1527 Senonensi
618 1500 752 1536 praesule,
774 1501 976 1537 satagentibus

149 1543 329 1579 quibusdam
345 1543 502 1580 episcopis,
519 1546 552 1572 ut
567 1544 682 1581 Hugoni
699 1553 776 1581 saepe
792 1545 869 1573 dicto
878 1546 977 1574 redde-

148 1589 226 1616 retur
254 1588 401 1618 Remense
428 1588 631 1625 episcopium;
657 1589 852 1618 renitentibus
877 1593 975 1619 autem

146 1632 290 1670 pracipue
305 1633 448 1662 Roricone
463 1634 830 1667 Laudunensi,etGibuino
842 1635 975 1664 Catalau-

147 1669 240 1706 nensir
255 1677 446 1715 prasulibus,
463 1680 492 1706 et
505 1679 716 1713 asserentibus,
733 1679 811 1716 quod
827 1689 845 1708 a
857 1682 899 1708 tot
913 1681 973 1717 epi-
990 1669 1012 1703 (ἶ

146 1721 241 1758 scopis
246 1722 551 1758 excommunicatus,a
557 1723 792 1752 minorinumero
799 1725 909 1753 absolvi
917 1735 975 1754 non

148 1768 267 1802 poterat.
281 1767 327 1796 Ita
348 1767 527 1804 relinquitur
554 1776 649 1804 usque
664 1769 700 1796 ad
715 1769 975 1806 interrogationem

147 1812 226 1848 papae
242 1811 379 1840 Romani.
397 1823 412 1837 »
427 1812 463 1840 Et
486 1814 554 1849 post
578 1812 721 1841 nonnulla
749 1814 850 1842 endem
877 1823 974 1843 anno:

148 1866 161 1880 κ
172 1854 290 1893 legatio
299 1856 421 1885 veniens
435 1857 473 1884 ab
487 1857 600 1886 Joanne
614 1858 838 1894 papaintimatae
845 1859 975 1895 prl‘atum

147 1898 298 1937 nugonem
311 1901 463 1938 quondam
479 1902 651 1938 episcopum
665 1904 727 1930 tam
743 1903 779 1930 ab
808 1903 873 1939 ipso
888 1912 974 1940 papa,

147 1951 234 1980 quam
248 1945 286 1974 ab
301 1946 383 1974 omni
400 1946 534 1975 Romana
548 1947 660 1983 synodo
675 1948 974 1984 excommunicatum,

149 1988 199 2017 sed
213 1990 251 2019 ab
266 1990 327 2019 alia
340 1991 453 2028 synodo
469 1991 547 2027 apud
568 1991 688 2027 Papiam
713 1991 867 2021 celebrata.
885 1993 975 2030 Cujus

145 2031 297 2070 legationis
312 2035 419 2064 redditi
435 2035 572 2064 certiores
587 2044 639 2072 per
653 2036 820 2065 Brunonem
836 2038 977 2076 archiepi-

146 2085 265 2116 scopum
280 2080 510 2116 (Goloniensem)
531 2080 676 2118 elegimus
706 2082 743 2109 ad
772 2082 974 2119 episcopatum

147 2121 319 2154 Remensem
338 2124 509 2154 Odalricum
534 2124 683 2154 illustram
707 2126 891 2156 clericum...
907 2129 974 2164 qui-

146 2173 200 2203 que
211 2168 312 2198 Remis
326 2169 482 2198 ordinatur
497 2170 534 2198 ab
547 2170 693 2207 episcopis
709 2171 833 2200 Widone
844 2173 974 2201 Suessio-

146 2210 219 2247 nioo,
233 2213 379 2243 Roricone
406 2215 604 2249 Laudunensi,
623 2227 637 2240 η
652 2217 708 2244 etc.
726 2215 853 2244 Inducia:
875 2226 892 2246 a
907 2226 974 2255 rege

145 2255 277 2288 lnlhario
291 2261 321 2288 et
347 2259 471 2296 liugone
497 2259 572 2288 duce
600 2259 709 2289 idcirco
732 2263 822 2296 pactae
837 2262 974 2291 videntur

145 2311 159 2326 α
174 2309 267 2339 usque
277 2303 315 2332 ad
325 2303 458 2332 medium
474 2304 586 2332 mensis
600 2304 709 2341 Aprilis
721 2316 735 2329 υ
747 2306 816 2333 anni
827 2306 973 2343 962,quod

1025 341 1118 374 catur,
1136 338 1207 375 quia
1231 338 1311 367 nullo
1341 340 1482 367 canonico
1494 340 1606 376 judicio
1623 341 1786 377 depositus,
1801 351 1853 370 nec

1024 385 1130 420 sponte
1144 384 1261 417 cedens,
1279 384 1329 411 sed
1347 384 1410 412 sola
1425 384 1451 411 vi
1468 384 1604 413 exclusus
1628 385 1728 414 Miloni
1756 387 1853 415 locum

1024 429 1153 457 dederat.
1171 428 1237 456 Hac
1253 431 1351 457 autem
1367 429 1440 457 ratio
1450 436 1523 457 ‘cum
1543 430 1593 458 illa
1606 431 1742 465 concinit,
1759 440 1822 468 quae
1838 441 1855 460 a

1025 471 1162 508 Papiensi
1178 472 1301 500 concilio
1316 473 1486 509 approbata,
1504 473 1534 501 in
1551 474 1623 502 actis
1639 475 1794 504 Remensis
1807 485 1854 513 sy-

1026 517 1095 544 nodi
1111 517 1180 544 anni
1194 517 1243 545 99!
1258 517 1407 545 indicatur
1419 518 1456 546 iis
1470 519 1567 547 verbis
1580 527 1586 546 :
1600 531 1614 544 ‹‹
1626 520 1683 548 Nec
1694 520 1854 549 abdicatio-

1026 561 1073 588 nis
1080 561 1326 597 porrectolibello,
1336 571 1388 590 nec
1397 564 1628 593 sacerdotalibus
1640 565 1856 601 depositisinsi—

1026 605 1134 642 gnibus
1150 614 1349 634 successorem
1366 610 1523 643 receperat.
1541 620 1555 633 ››

1062 651 1106 678 86.
1123 650 1282 679 Ratherius
1313 651 1342 679 in
1369 652 1453 688 epist.
1470 654 1487 679 8
1501 653 1537 680 ad
1561 653 1710 689 Milonem,
1728 663 1809 683 num.
1827 656 1854 690 3,

1027 695 1178 731 imperiale
1194 696 1322 724 edictum
1341 700 1494 731 memorat,
1506 698 1765 734 etjusjurandum,
1777 701 1855 736 quod

1026 748 1084 767 non
1093 742 1153 768 tam
1170 740 1436 777 Ratherius,quam
1452 742 1521 770 Milo
1532 742 1629 770 Ottoni
1647 744 1855 780 praestiterunt.

1028 785 1169 813 «Suadeo
1199 785 1319 821 cogites,
1336 785 1441 822 inquit,
1469 795 1559 823 quam
1589 790 1690 816 contra
1714 789 1854 825 teipsum,

1027 837 1096 857 cum
1111 832 1265 865 persancte
1288 830 1470 866 imperatori,
1488 833 1521 859 ut
1536 834 1565 859 et
1578 840 1641 869 ego,
1658 832 1747 861 ﬁdem
1774 834 1857 870 jura-

1028 873 1116 907 veris,
1126 882 1196 910 agas
1209 883 1217 908 ;
1228 882 1296 902 cum
1308 874 1421 902 editum
1437 875 1516 903 illius
1528 877 1679 905 destruere
1693 877 1817 911 moliris,
1829 881 1859 907 et

1029 917 1105 952 illos,
1119 918 1169 954 qui
1177 918 1203 946 ei
1214 918 1292 946 idem
1302 919 1514 955 jusjurandum
1528 921 1668 956 fecerunt,
1680 923 1758 959 quod
1767 925 1809 957 tu,
1822 924 1858 951 ad

1030 963 1073 990 tui
1089 962 1119 990 in
1136 962 1190 990 hoc
1206 963 1347 991 trahendo
1363 964 1505 992 auxilium
1521 965 1656 1001 pejurare
1667 968 1830 1004 compellis.
1844 979 1858 993 »

1033 1007 1167 1035 Edictum
1185 1007 1310 1041 Ottonis,
1326 1009 1404 1044 quod
1420 1009 1488 1037 Milo
1501 1012 1604 1046 postea
1619 1011 1740 1041 molitus
1752 1015 1798 1041 est
1812 1013 1860 1041 de-

1031 1054 1154 1085 struere,
1164 1060 1230 1080 cum
1248 1053 1420 1081 Ratherium
1435 1062 1604 1091 oppugnare
1620 1064 1678 1085 non
1691 1056 1814 1092 destitit,
1831 1060 1860 1087 et

1031 1098 1213 1125 Veronenses
1230 1096 1350 1126 clericos
1365 1098 1493 1127 fautores
1508 1108 1577 1128 suos
1589 1100 1619 1128 in
1629 1101 1766 1130 eumdem
1779 1111 1860 1131 com-

1030 1141 1130 1175 movit,
1143 1141 1216 1169 illud
1231 1149 1295 1170 esse
1305 1142 1430 1177 videtur,
1441 1152 1498 1180 quo
1508 1144 1646 1174 laudatus
1654 1154 1703 1174 rex
1713 1146 1859 1176 Veronam

1030 1185 1193 1222 ingressus,
1206 1186 1377 1215 Ratherium
1393 1187 1421 1215 in
1434 1197 1519 1216 suam
1530 1189 1629 1218 sedem
1644 1191 1815 1226 restituens,
1828 1194 1861 1221 ut

1030 1229 1196 1267 legitimum
1214 1231 1385 1267 episcopum
1401 1233 1438 1260 ab
1454 1233 1594 1261 omnibus
1609 1234 1699 1271 recipi
1714 1235 1815 1269 voluit,
1833 1238 1861 1265 et

1030 1283 1067 1303 ne
1082 1275 1153 1311 quid
1168 1275 1198 1302 in
1210 1284 1277 1303 eum
1289 1278 1462 1312 tentaretur,
1475 1278 1628 1314 praecepit:
1640 1279 1719 1308 unde
1730 1283 1801 1308 sunt
1810 1280 1862 1310 illa

1032 1319 1061 1347 in
1070 1320 1173 1348 eadem
1180 1320 1216 1348 ad
1229 1319 1367 1348 Milonem
1379 1320 1502 1357 epistola
1515 1330 1521 1349 :
1535 1334 1549 1347 (ι
1562 1323 1860 1360 Contraimperatoris

1031 1363 1110 1392 mala
1116 1363 1215 1392 omnia
1226 1364 1429 1393 interdicentis
1436 1368 1861 1406 praaceptum.».lusjurandum

1031 1417 1108 1442 vero,
1123 1417 1181 1444 quo
1194 1411 1257 1436 tum
1271 1409 1350 1443 Milo,
1365 1419 1427 1437 tum
1440 1410 1605 1446 Ratherius,
1618 1414 1681 1440 tum
1695 1414 1790 1441 czeteri
1801 1422 1861 1442 om-

1031 1462 1084 1481 nes
1095 1454 1189 1482 eidem
1201 1454 1327 1490 principi
1340 1455 1425 1482 [idem
1438 1455 1560 1491 polliciti
1571 1459 1651 1491 sunt,
1663 1458 1728 1494 ejus
1744 1467 1860 1495 quoque

1032 1499 1118 1526 edicti
1134 1498 1330 1527 obedientiam
1344 1500 1530 1535 requirebat;
1548 1508 1581 1529 ac
1610 1504 1765 1538 propterea
1789 1504 1860 1531 dum

1032 1543 1099 1571 Milo
1107 1546 1207 1571 contra
1214 1544 1385 1572 Ratherium
1393 1545 1494 1573 turbas
1500 1546 1644 1581 excitavit,
1652 1546 1724 1575 illud
1731 1548 1860 1577 edictum

1032 1588 1115 1617 nisus
1130 1588 1220 1616 fuisse
1236 1589 1395 1623 destruere,
1411 1591 1439 1617 et
1450 1598 1508 1618 una
1523 1599 1590 1618 cum
1608 1591 1772 1620 fautoribus
1798 1592 1861 1621 suis

1033 1634 1153 1670 perjurii
1168 1634 1278 1662 crimen
1293 1633 1402 1661 dicitur
1416 1634 1583 1664 incurrisse.
1603 1635 1640 1663 Ut
1654 1635 1722 1664 Milo
1748 1637 1785 1664 ad
1814 1646 1861 1665 ce-

1031 1679 1161 1707 dendum
1173 1678 1310 1706 Ratherio
1321 1679 1523 1715 episcopatum
1534 1679 1651 1708 facilius
1661 1680 1859 1716 induceretur,

1032 1724 1151 1760 sponsio
1167 1724 1299 1757 forsitan,
1315 1726 1366 1751 aut
1378 1723 1484 1752 saltem
1496 1733 1605 1761 magna
1614 1733 1682 1761 spes
1691 1726 1860 1754 succedenti

1032 1769 1074 1796 illi
1090 1769 1241 1805 proposita
1256 1769 1322 1802 fuit,
1339 1777 1406 1795 cum
1423 1768 1496 1796 alter
1510 1771 1589 1796 esset
1598 1769 1655 1797 fere
1666 1772 1861 1806 septuagena-

1031 1813 1105 1846 rius,
1112 1813 1186 1841 alter
1198 1821 1265 1841 vero
1276 1813 1312 1840 ad
1320 1812 1576 1848 modumjuvenis.
1585 1813 1657 1841 Hinc
1668 1813 1861 1843 Ratheriusin

1032 1859 1195 1886 memorata
1207 1857 1330 1894 epistola
1340 1856 1493 1892 inquirens
1503 1866 1556 1885 cur
1566 1867 1582 1885 a
1595 1857 1701 1887 Milone
1710 1867 1860 1896 oppugne-

1032 1904 1081 1930 tur
1097 1911 1103 1930 :
1120 1902 1184 1930 Haec
1201 1910 1301 1935 causa,
1314 1901 1444 1937 inquit,»
1456 1903 1608 1937 recentior,
1626 1903 1685 1931 imo
1697 1904 1862 1940 prsesentis-

1031 1949 1108 1977 sima
1136 1949 1190 1982 est,
1207 1947 1285 1983 quod
1316 1955 1369 1974 nec
1384 1947 1504 1981 morior,
1520 1956 1573 1976 nec
1598 1948 1674 1982 ineo,
1692 1951 1724 1976 ut
1743 1949 1859 1984 incitas,

1027 1994 1133 2030 fugam
1151 2000 1157 2021 :
1176 2004 1189 2018 »ι
1207 1992 1346 2020 alterutro
1368 1992 1447 2020 enim
1462 1993 1549 2021 modo
1580 1992 1628 2021 ille
1642 1993 1672 2021 in
1700 1993 1862 2021 Veronensi

1030 2038 1199 2075 episcopatu
1215 2037 1418 2070 successisset,
1434 2036 1477 2065 uti
1490 2038 1610 2074 quidem
1624 2038 1776 2073 successit,
1793 2047 1861 2067 cum

1031 2083 1188 2111 Ratherius
1204 2090 1281 2110 anno
1296 2082 1350 2109 968
1365 2081 1568 2118 episcopatum
1585 2091 1708 2118 prorsus
1718 2083 1842 2112 dimisit.

1064 2128 1110 2155 87.
1122 2127 1152 2155 S.
1165 2126 1306 2154 Metronis
1317 2134 1435 2162 corpus,
1447 2126 1525 2162 quod
1537 2126 1568 2154 in
1581 2126 1703 2154 basilica
1713 2128 1742 2154 S.
1756 2126 1861 2155 Vitalis

1031 2171 1169 2208 martyris
1183 2170 1399 2205 continebatur,
1409 2178 1442 2197 ac
1457 2169 1725 2198 innumerabilibus
1733 2170 1863 2199 clarebat

1031 2215 1192 2250 miraculis,
1202 2215 1279 2243 clam
1289 2214 1462 2250 subreptum
1473 2214 1599 2250 [cxm]et
1609 2214 1666 2242 alio
1679 2216 1862 2251 asportatum

1030 2261 1087 2290 fuit
1103 2261 1149 2288 die
1160 2261 1195 2287 27
1204 2258 1338 2287 Januarii
1353 2258 1434 2286 annii
1448 2259 1513 2293 962,
1525 2261 1558 2287 ut
1572 2258 1861 2296 indicavimuspaulo

1031 2308 1109 2338 ante,
1126 2303 1365 2339 num.81,Hujus
1375 2304 1494 2340 quidem
1506 2304 1575 2332 furti
1588 2304 1863 2342 dubiuminspergit

146 2345 198 2374 sub
207 2345 238 2375 id
246 2349 366 2385 tempus
378 2348 617 2377 controversiain
629 2349 741 2386 synodo
753 2349 892 2379 Mcldensi
904 2352 974 2380 diri-
990 2357 1014 2389 Ι)
1031 2350 1188 2379 Ratherius
1197 2350 1225 2377 in
1237 2349 1321 2377 titulo
1333 2349 1492 2383 Invoctivm,
1501 2349 1663 2378 hisverbis:
1672 2362 1685 2375 «
1694 2349 1861 2386 Exportatio

145 2390 249 2420 menda
261 2395 442 2429 speraretur.
454 2392 528 2421 Cum
542 2401 611 2422 vero
621 2393 751 2430 episcopi
761 2394 792 2422 in
806 2397 904 2431 partes
914 2396 973 2424 dis-

144 2433 210 2464 cissi
217 2437 353 2474 eamdem
362 2446 484 2466 causam
491 2438 528 2466 ad
539 2438 665 2466 Romani
673 2439 975 2476 pontiﬁcisjudicium

144 2479 337 2518 remisissent,
347 2482 482 2511 Romane
496 2483 628 2519 synodus
640 2485 707 2519 post
721 2483 850 2520 Aprilem
862 2484 973 2521 habita,

144 2524 172 2551 et
176 2522 334 2562 aliquando
340 2527 429 2556 etiam
436 2527 581 2564 posterior
587 2527 719 2564 synodus
729 2527 881 2565 Papiensis
888 2538 975 2567 agno-

145 2567 243 2598 scitur.
258 2569 302 2600 Ne
316 2579 404 2608 porro
419 2571 494 2600 duas
508 2572 638 2608 synodos
652 2572 749 2608 Papia:
765 2572 820 2601 hoc
835 2582 912 2602 anno
921 2574 975 2603 962

146 2611 306 2644 celebratas
319 2615 433 2653 absque
453 2616 628 2645 necessitate
643 2619 824 2651 astruamus,
848 2627 974 2655 quarum

145 2655 233 2687 altera
245 2659 283 2688 de
298 2659 438 2690 Ratherio
459 2661 628 2690 Veronensi-
647 2669 680 2690 ac
695 2661 780 2690 Petro
796 2663 974 2700 Ravennate,

146 2700 233 2732 altera
247 2703 284 2733 de
299 2704 423 2742 Bagoae
438 2705 576 2734 Remensi
592 2706 770 2734 sententiam
785 2707 903 2742 tulerit;
916 2711 974 2736 tres

145 2746 289 2783 ejusmodi
303 2757 395 2779 causa
408 2749 440 2778 in
455 2750 558 2779 eadem
573 2751 686 2788 synodo
698 2750 833 2787 Papiensi
846 2753 902 2780 sub
917 2761 975 2781 me-

145 2790 223 2821 dium
236 2793 310 2822 anni
319 2793 462 2832 962(c:u)
470 2795 605 2832 cognitas
613 2795 705 2823 fuisse
720 2804 752 2824 ac
766 2796 902 2825 deﬁnitas
908 2806 974 2834 pro-

147 2833 271 2868 habilius
299 2838 492 2874 arbitramur,
515 2839 610 2874 Ratio,
640 2848 730 2876 quam
760 2833 917 2870 Ratherius
944 2842 975 2871 in

146 2881 226 2917 epist.
241 2883 314 2916 15,ιά
328 2883 474 2915 Joannem
489 2884 659 2921 pontiﬁcem
670 2884 803 2922 protulit,
816 2888 848 2916 ut
858 2894 889 2917 se
904 2886 975 2924 legi-

1031 2395 1201 2432 deploratur
1215 2394 1305 2423 sextis
1321 2396 1444 2422 exeunte
1464 2394 1539 2422 Jano
1567 2394 1717 2428 Kalendis,
1734 2394 1863 2423 inaniter

1032 2439 1177 2477 quamvis.
1193 2440 1315 2468 Factum
1331 2447 1460 2475 namque
1476 2438 1515 2466 sit
1526 2447 1579 2467 nec
1595 2447 1642 2473 ne,
1652 2437 1862 2475 temporalium

1030 2485 1104 2513 nulli
1121 2484 1272 2521 cognitum
1289 2484 1362 2512 bene
1378 2483 1475 2511 fuerit.
1493 2494 1508 2508 »
1525 2484 1642 2512 Addens
1666 2491 1756 2520 porro
1764 2494 1778 2508 ‹‹
1794 2482 1863 2512 licet

1029 2529 1199 2562 verisimile,
1214 2531 1284 2557 tunc
1299 2528 1441 2564 temporis
1454 2536 1522 2556 cum
1538 2530 1637 2556 actum
1662 2530 1716 2561 est,
1732 2527 1863 2556 creditur

1030 2576 1107 2603 certe
1125 2582 1131 2601 ί
1150 2584 1163 2598 ››
1178 2573 1329 2611 vulgarem
1344 2573 1379 2601 de
1395 2573 1474 2601 furto
1485 2571 1633 2609 ejusmodi
1644 2572 1814 2609 opinionem
1825 2572 1863 2600 si-

1029 2619 1163 2656 gniﬁcat:
1172 2627 1205 2646 ac
1217 2618 1245 2645 in
1258 2617 1323 2654 ipsa
1331 2618 1468 2646 Invectan
1479 2617 1591 2645 furtum
1601 2617 1700 2653 ipsum
1709 2618 1862 2653 peractum

1030 2662 1191 2700 praesumit.
1202 2663 1284 2691 Certe
1299 2671 1367 2690 vero
1382 2661 1426 2689 vel
1441 2662 1666 2690 idemsanctum
1677 2660 1862 2697 corpussub-

1031 2710 1147 2744 raptum
1164 2716 1220 2735 non
1237 2706 1301 2741 fuit,
1318 2706 1361 2734 vel
1377 2714 1435 2734 non
1454 2705 1546 2733 multo
1562 2707 1630 2741 post
1644 2705 1862 2741 recuperatum;

1030 2760 1097 2780 cum
1111 2760 1145 2779 ex
1155 2750 1381 2779 immemorabili
1393 2749 1585 2778 traditionein
1593 2745 1865 2777 S.Vitalisecclesia

1030 2796 1223 2830 custodiatur,
1232 2795 1371 2832 nullaque
1385 2794 1443 2822 alia
1452 2794 1555 2822 civitas
1567 2801 1699 2828 unquam
1710 2788 1865 2832 fueritmut

1031 2849 1111 2870 nunc
1126 2840 1174 2874 sit,
1191 2847 1256 2876 qua:
1279 2831 1352 2868 illud
1381 2838 1438 2867 sibi
1466 2835 1631 2869 vindicarit,
1648 2837 1699 2863 aut
1721 2831 1862 2876 vindicet.

1031 2885 1136 2916 Confer
1152 2875 1216 2920 quae
1245 2883 1301 2914 hac
1329 2884 1366 2912 de
1394 2891 1426 2910 re
1453 2877 1659 2910 animadvertit
1684 2878 1716 2907 Ρ.
1731 2875 1868 2903 Joannes
