3968 6392
286 410 368 481 οι
1248 412 1703 479 RA’I‘HEMUS
1740 411 2235 479 VERONENSIE
2273 406 2727 476 EPISCOPUS.
3627 406 3715 473 96

290 546 637 607 Franciscus
649 546 990 605 M'anzonius
1005 546 1253 605 Oratorii
1268 548 1643 622 presbyteris
1656 547 1940 622 opusculo
1967 547 2026 616 Α
2053 550 2340 620 praecepto
2368 545 2610 619 perinde
2631 543 2951 611 constricti,
2973 542 3204 599 veniam
3222 541 3568 600 earumdem
3591 541 3713 598 cri-

287 638 710 696 cditoVeroms
742 653 836 692 an.
870 638 1033 702 i756,
1064 636 1156 691 cui
1185 637 1397 694 titulus
1432 655 1444 693 :
1480 639 1692 693 Notizie
1720 640 1940 693 interno

287 730 506 784 asanto
535 726 788 783 Matrona.
818 725 1113 797 Frequens
1165 730 1290 781 erat
1346 743 1450 798 per
1497 726 1619 782 haec
1676 731 1941 798 tempora

286 832 483 875 sacras
514 813 795 886 reliquias
820 819 923 870 aut
953 830 1199 887 corpora
1226 815 1428 870 furari.
1452 815 1570 871 Hoc
1601 819 1798 871 autem
1823 816 1940 869 fur-

282 909 413 961 tum
444 920 510 959 eo
541 902 773 960 facilius
806 903 1036 970 accidit,
1071 904 1211 976 quia
1249 920 1384 958 cum
1441 920 1510 958 ex
1559 905 1689 974 ejus
1748 904 1938 959 aetatis

285 994 475 1050 abusa
494 994 621 1064 ja‘m
649 1008 684 1047 a
704 993 1007 1064 sexaginta
1028 991 1199 1047 annis
1220 991 1468 1047 laudatae
1482 989 1734 1047 basilicae
1753 991 1940 1046 reddi-

283 1087 380 1139 tus
409 1081 576 1138 laic‘is
606 1081 666 1135 in
688 1080 1038 1137 beneficium
1064 1080 1314 1136 militare
1335 1080 1532 1135 traditi
1561 1084 1778 1146 essent,
1812 1078 1939 1134 nul-

282 1170 378 1226 lus
409 1170 715 1243 presbyter
742 1168 863 1224 illic
893 1168 1157 1238 degebat,
1191 1168 1294 1239 qui
1351 1185 1583 1223 sacrum
1636 1184 1849 1239 corpus
1881 1171 1939 1223 et

283 1258 591 1317 ecclesiam
614 1258 953 1315 custodiret.
978 1261 1052 1311 Ut
1075 1257 1331 1329 primum
1354 1257 1492 1312 furti
1516 1256 1792 1312 notitiain
1808 1255 1936 1311 vul-

282 1361 423 1422 gum
444 1347 661 1420 prodiit
685 1347 856 1419 (forte
887 1346 1169 1419 procediit
1192 1345 1285 1401 die
1306 1349 1508 1401 octava
1526 1345 1684 1413 Maii,
1712 1362 1826 1417 qua
1845 1345 1941 1399 dc-

282 1438 496 1510 positio
517 1437 576 1493 S.
600 1435 880 1493 Metrcnis
908 1434 1254 1505 celebratur)
1274 1434 1471 1506 plures
1504 1436 1562 1489 in
1594 1422 1936 1506 episcopum

279 1526 514 1599 culpam
547 1524 808 1596 rejicere,
841 1529 900 1579 et
931 1523 1126 1579 acrius
1155 1523 1415 1596 obloqui,
1449 1541 1514 1579 ac
1545 1523 1595 1579 si
1624 1524 1813 1595 ipsius
1844 1539 1939 1578 ne-

277 1615 576 1689 gligentia,
603 1613 691 1669 vel
748 1612 925 1669 ctiam
980 1628 1272 1668 consensu
1319 1612 1542 1667 furtum
1593 1610 1935 1682 bujusmodi

278 1708 574 1777 patratum
603 1701 832 1758 fuisset.
866 1706 1011 1757 Cum
1041 1700 1374 1773 episcopus,
1409 1700 1508 1772 qui
1538 1700 1931 1772 pungebatur,

276 1797 431 1851 esset
466 1791 593 1865 ipse
652 1789 987 1857 Ratherius,
1024 1790 1375 1845 Invectivam
1435 1788 1783 1855 lucubravit,
1817 1805 1935 1859 qua

276 1882 419 1940 dum
443 1881 505 1937 in
536 1879 691 1937 alios
712 1879 947 1951 cuipam
980 1878 1172 1944 refert,
1195 1895 1256 1934 se
1278 1878 1476 1950 ipsum
1508 1877 1787 1933 defendit.
1814 1877 1932 1932 Hoc

278 1968 629 2044 opusculum
642 1972 774 2040 post
788 1968 1021 2023 tertiam
1037 1966 1295 2023 Ratherii
1316 1965 1745 2022 restitutionem
1768 1965 1934 2020 lucu-

278 2060 514 2117 bratum
546 2057 691 2115 satis
726 2056 947 2115 indicat
977 2055 1367 2129 Frisingensis
1389 2056 1587 2123 codex,
1610 2055 1671 2110 in
1694 2071 1809 2126 quo
1841 2055 1935 2110 in-

278 2150 516 2220 tegrum
544 2146 901 2202 describitur
933 2161 945 2201 :
981 2144 1040 2199 in
1071 2160 1137 2201 eo
1169 2144 1326 2200 enim
1358 2144 1548 2216 ipsius
1578 2159 1755 2215 opera
1805 2147 1937 2215 post

277 2236 514 2292 tertiam
535 2234 972 2291 restitutionem
1000 2233 1218 2305 scripta
1236 2231 1610 2288 solummodo
1633 2232 1934 2288 continen-

277 2328 395 2381 tur.
431 2324 590 2381 Idem
610 2322 795 2379 multo
828 2321 1153 2378 evidentius
1182 2321 1492 2377 Confirmat
1513 2343 1541 2371 «
1565 2319 1935 2392 imperatoris

276 2414 575 2488 Augusti»
599 2411 810 2469 titulus
834 2411 1030 2468 Ottoni
1052 2410 1310 2466 tributus
1341 2426 1505 2464 num.
1533 2410 1588 2476 3,
1614 2408 1713 2481 qui
1734 2424 1935 2464 mense

278 2500 590 2559 Februario
620 2501 758 2557 anni
786 2500 897 2556 962
915 2500 993 2555 ab
1010 2499 1213 2555 eodem
1245 2502 1590 2570 assumptus
1623 2498 1750 2553 fuit.
1777 2498 1937 2553 Licet

277 2606 449 2664 porro
477 2590 675 2663 ipsum
707 2589 932 2646 furtum
964 2586 1273 2660 contigerit
1303 2587 1395 2643 die
1417 2591 1486 2642 27
1505 2587 1770 2644 Januarii
1793 2587 1932 2642 anni

274 2681 561 2753 ejusdem,
584 2682 651 2736 ut
670 2678 861 2734 fusius
892 2677 950 2733 in
982 2676 1379 2734 admonitione
1408 2676 1789 2747 conjecimus;
1823 2675 1931 2733 boc

275 2774 475 2827 tamen
504 2767 855 2842 opusculum
888 2765 1163 2839 deinceps
1187 2770 1508 2829 exaratum,
1535 2765 1726 2821 eidem
1751 2782 1930 2835 anno,

275 2857 366 2913 vel
397 2857 471 2913 ad
501 2872 806 2912 summum
836 2855 1063 2911 ineunti
1096 2872 1251 2911 anno
1281 2854 1548 2927 sequenti
1570 2854 1930 2926 afﬁgendum

276 2934 489 3004 suadet
518 2944 793 3003 laudatus
848 2944 1241 3017 Frisingensis
1268 2944 1467 3011 codex,
1502 2942 1561 2997 in
1622 2960 1737 3015 quo
1794 2959 1929 2998 cum

278 3035 480 3093 omnia
510 3033 769 3091 Ratherii
801 3049 978 3106 opera
1006 3032 1067 3088 in
1100 3031 1570 3105 chronologicam
1601 3031 1812 3088 seriem
1841 3031 1930 3087 vi-

274 3126 494 3181 dentur
521 3123 831 3196 disposita,
864 3127 992 3179 tum
1019 3138 1154 3179 vero
1185 3119 1294 3177 hoc
1334 3119 1685 3193 opusculum
1741 3121 1929 3193 primo

274 3214 404 3271 loco
433 3211 789 3270 describitur
818 3215 953 3267 ante
985 3209 1241 3267 Ratberii
1275 3210 1443 3280 [cxrv]
1473 3209 1825 3266 sententiam
1867 3210 1928 3265 in

2047 636 2274 691 minum
2290 636 2690 707 deprecantes,
2706 649 2808 706 per
2822 632 2950 688 loca
2960 648 3128 689 sacra
3148 629 3709 705 peregrinabantur;

2047 729 2288 780 sanctus
2324 728 2520 779 autem
2548 723 2730 778 Mctro
2751 724 2955 777 catena
2977 720 3109 793 pedi
3148 719 3713 792 imposita,piumbo

2048 828 2177 868 eam
2209 812 2268 867 in
2301 829 2514 884 magno
2541 810 2733 883 lapide
2754 814 2888 865 ante
2902 811 3152 881 januam
3174 809 3424 865 laudata:
3446 807 3713 865 ecclesia

2045 903 2388 968 obiirmans,
2421 899 2725 973 septentrio
2757 898 2977 955 ibidem
3010 899 3299 971 paenitens
3348 898 3712 955 immorata:

2044 996 2153 1058 est,
2187 991 2369 1046 donec
2400 989 2599 1055 clavis,
2631 1005 2749 1061 qua
2777 993 2994 1044 catena:
3047 1000 3243 1043 seram
3293 986 3608 1054 clauserat,
3641 986 3711 1044 in

2046 1080 2379 1152 proximum
2395 1078 2658 1135 Athesim
2681 1078 2752 1133 ab
2774 1077 2901 1150 ipso
2928 1077 3331 1149 projecta,D'eo
3352 1076 3711 1150 disponente

2043 1168 2277 1224 inventa
2310 1169 2439 1224 iuit.

2116 1261 2205 1313 88.
2238 1259 2323 1313 Ad
2358 1258 2466 1313 hoc
2499 1257 2729 1312 circiter
2756 1260 2992 1328 tempus
3022 1255 3326 1311 referenda
3373 1258 3513 1311 sunt
3566 1270 3706 1327 qua

2046 1352 2247 1403 narrat
2304 1346 2614 1403 Rathcrius
2664 1350 2818 1419 part.
2853 1362 2872 1401 ι
2903 1350 2984 1401 De
3041 1345 3349 1416 contemptu
3402 1358 3709 1414 canonum,

2046 1452 2208 1491 num.
2232 1438 2285 1491 8.
2313 1458 2342 1485 «
2370 1436 2517 1490 Nam
2539 1438 2597 1490 et
2621 1451 2726 1507 ego
2750 1434 2871 1505 ipse
2896 1434 3217 1506 quondam,
3244 1446 3379 1489 cum
3392 1431 3706 1505 imperiali

2046 1528 2329 1597 praecepto
2361 1540 2703 1595 urgeremur
2731 1523 2983 1579 Gardam
3015 1523 3283 1578 obsidere
3326 1527 3610 1589 castrum,
3641 1525 3708 1579 et

2046 1613 2301 1685 episcopi
2336 1616 2391 1668 et
2421 1611 2615 1667 clerici
2648 1610 2821 1667 istius
2854 1610 3183 1683 provinciae,
3218 1627 3335 1667 non
3395 1609 3704 1683 religionis

2043 1701 2281 1773 quidem
2312 1718 2529 1766 amore,
2563 1702 2663 1756 sed
2699 1699 2919 1756 laboris
2977 1700 3363 1756 obtenderent
3415 1698 3570 1767 odio,
3600 1699 3707 1771 sui

2042 1790 2151 1846 hoc
2163 1789 2385 1846 ordinis
2402 1790 2643 1845 minime
2658 1791 2807 1845 forte
2826 1788 3135 1861 petulanti,
3149 1792 3397 1861 utsepe,
3422 1788 3706 1861 rasp‘ondi

2042 1895 2312 1935 sermone
2346 1897 2358 1935 :
2392 1878 2465 1935 Ut
2495 1895 2611 1933 non
2644 1877 2993 1951 permittunt
3020 1886 3274 1932 canones
3329 1876 3539 1933 clerico
3587 1882 3707 1949 pu-

2045 1983 2245 2041 gnare,
2277 1968 2357 2023 ita
2378 1983 2486 2023 nec
2517 1971 2810 2039 stuprare.
2848 1987 2877 2017 »
2907 1966 3147 2021 Factum
3196 1964 3512 2032 indicatur,
3537 1967 3705 2037 quod

2045 2057 2369 2129 contigerat
2391 2055 2546 2112 circa
2573 2072 2793 2111 annum
2813 2055 2941 2110 962.
2963 2057 3108 2110 Cum
3135 2052 3293 2109 enim
3324 2054 3463 2111 Otto
3491 2054 3551 2111 in
3583 2053 3707 2111 Ita-

2042 2144 2181 2201 liam
2215 2145 2471 2200 venisset
2499 2144 2609 2200 sub
2643 2145 2821 2200 tinem
2852 2142 2991 2199 anni
3016 2142 3143 2210 961,
3165 2146 3231 2198 ut
3276 2141 3706 2216 Berengarium

2046 2234 2091 2289 Il
2123 2238 2270 2304 [cxv]
2300 2233 2615 2304 subigeret,
2632 2231 2683 2287 is
2704 2232 2763 2287 in
2785 2236 2843 2287 S.
2860 2230 3067 2287 Leonis
3092 2229 3703 2303 oppidumseserece~

2045 2322 2149 2395 pit,
2183 2320 2356 2379 Wilia
2383 2326 2579 2378 autem
2610 2322 2739 2393 ejus
2767 2332 2915 2377 uxor
2940 2320 2999 2375 in
3052 2320 3373 2391 quamdam
3411 2318 3699 2393 insulamn,

2043 2429 2170 2483 qua:
2193 2410 2408 2467 dicitur
2422 2410 2494 2465 ad
2514 2411 2571 2465 S.
2587 2409 2834 2476 Julium,
2853 2424 2921 2464 ac
2938 2412 3217 2480 praeterea
3233 2411 3356 2464 tres
3367 2406 3493 2465 alia
3505 2408 3705 2466 muni-

2042 2501 2252 2566 tiones,
2284 2500 2495 2565 Garda,
2520 2497 2904 2568 Travallium,
2927 2502 2984 2553 et
3004 2496 3167 2553 lacus
3196 2496 3449 2554 Cumani
3475 2497 3701 2567 issula,

2041 2591 2119 2646 ab
2144 2589 2409 2661 ejusdem
2441 2587 2768 2644 fautoribus
2796 2586 3166 2645 tenebantur.
3198 2590 3367 2641 Anno
3395 2585 3505 2641 962
3532 2589 3703 2659 post-

2042 2694 2219 2750 quam
2254 2678 2409 2733 idem
2440 2677 2574 2733 Otto
2606 2677 2801 2732 Romae
2832 2675 3150 2749 imperator
3169 2674 3541 2733 renuntiatus
3558 2676 3700 2747 fuit,

2041 2766 2297 2823 insulam
2320 2767 2391 2823 ad
2418 2767 2477 2824 ὃ.
2496 2765 2720 2822 Julium
2747 2765 2939 2838 coepit.
2959 2767 3107 2823 Cum
3126 2764 3438 2839 verozaiias
3459 2782 3705 2839 quoque
3810 2776 3819 2783 “

2042 2856 2401 2912 munitiones
2431 2864 2772 2927 oppugnare
2802 2854 3102 2928 cogitaret,
3135 2855 3246 2911 sub
3269 2854 3425 2911 idem
3454 2858 3705 2928 tempus

2039 2945 2345 3018 episcopos
2377 2950 2435 3000 et
2465 2944 2706 3001 clericos
2736 2944 2909 3001 istius
2930 2944 3244 3017 provindiae
3293 2944 3581 3017 compulit
3618 2948 3700 3004 ad

2039 3033 2406 3090 obsidionem
2424 3033 2646 3101 Gardee,
2667 3050 2794 3106 qua:
2821 3038 3015 3089 tamen
3031 3038 3276 3090 exeunte
3291 3036 3523 3090 tantum
3540 3038 3704 3092 anno

2036 3123 2143 3178 963
2172 3123 2232 3179 in
2263 3123 2392 3194 ejus
2421 3126 2768 3195 potestatem
2798 3123 2978 3193 venit,
3010 3127 3077 3179 ut
3107 3122 3478 3179 continuato:-
3519 3124 3705 3198 Regi-

2038 3211 2211 3266 nonis
2236 3215 2294 3267 et
2323 3210 2621 3267 annalists.
2652 3212 2801 3268 Saxo
2837 3210 3227 3267 tradiderunt.
3262 3212 3392 3267 Haec
3430 3216 3704 3271 castrum

272 3303 516 3360 clericos
540 3302 612 3358 ab
642 3300 911 3357 invasere
941 3299 1261 3366 ordinatos,
1286 3314 1464 3370 quam
1486 3299 1684 3354 datam
1706 3298 1926 3354 videbi-
1956 3289 2003 3356 Ο
2038 3304 2162 3356 erat
2192 3299 2659 3357 munitissimum
2690 3300 2751 3356 in
2781 3299 3013 3357 ὀίωοθεί
3058 3300 3377 3358 Veronensi
3408 3301 3481 3358 ad
3528 3318 3702 3360 oram

272 3405 415 3451 mas
428 3392 630 3453 Idibus
651 3389 949 3447 Februarii
977 3388 1114 3446 anni
1136 3387 1455 3461 sequentis.
1485 3387 1566 3443 Idi
1574 3402 1747 3459 psum
1768 3404 1927 3443 com-

269 3482 479 3556 probat
506 3480 798 3555 particula
821 3498 848 3532 ‹‹
874 3495 1062 3552 nuper
1091 3498 1120 3528 »
1149 3477 1208 3534 in
1235 3492 1550 3533 numerum
1573 3477 1812 3533 tertium
1838 3476 1927 3532 in-

269 3577 445 3645 serta,
504 3582 622 3645 qua
679 3574 884 3627 auctor
940 3569 1090 3625 hanc
1150 3566 1502 3623 Invectivam
1564 3582 1680 3622 non
1741 3564 1927 3622 multo

268 3665 402 3734 post
429 3659 801 3733 imperatdris
830 3658 1168 3730 ingressum
1201 3656 1261 3711 in
1291 3655 1520 3711 Italiam
1548 3656 1827 3727 scriptam
1845 3655 1928 3712 si-

268 3748 530 3822 gniﬁcat.
553 3748 714 3804 Idem
745 3751 942 3802 autem
968 3744 1322 3818 opusculum
1346 3744 1586 3801 maximi
1610 3744 1810 3800 haberi
1828 3744 1925 3800 de-

268 3840 367 3897 bet
397 3854 412 3896 :
444 3837 663 3894 etenim
718 3834 1013 3891 vetustius
1069 3838 1159 3889 est
1214 3834 1661 3903 documentum,
1693 3850 1762 3890 ex
1809 3847 1925 3905 quo

271 3929 330 3986 S.
364 3926 646 3983 Meti-onis
672 3922 997 3998 gesta,licct
1019 3921 1281 3995 pressius
1300 3921 1655 3989 indicata,ad
1675 3940 1781 3977 nos
1803 3940 1932 3994 pera-

267 4015 732 4075 venerunt.Dum
754 4011 1068 4069 Ratherius
1088 4013 1312 4078 num.2,
1327 4010 1621 4066 veteribus
1643 4010 1927 4082 laudatis,

267 4107 371 4181 qui
399 4108 739 4162 sanctorum
772 4101 1149 4174 antiquorum
1180 4103 1312 4156 acta
1343 4098 1632 4171 scripsere
1658 4117 1671 4168 ;
1705 4122 1734 4151 «
1768 4114 1926 4155 nunc

263 4204 423 4265 vero,
466 4194 613 4268 proh
644 4191 869 4268 pudor!
897 4213 925 4242 ››
949 4190 1169 4259 subdit,
1205 4213 1233 4241 «
1261 4188 1482 4245 nostris
1529 4189 1733 4261 utique
1792 4206 1924 4246 avo-

265 4298 519 4359 rumque
546 4283 981 4357 temporibus...
1016 4284 1180 4337 tanta
1210 4280 1415 4336 orbem
1455 4278 1654 4351 inopia
1711 4277 1928 4336 invasit

263 4376 641 4449 scriptorum,
672 4378 739 4430 ut
769 4371 817 4429 si
849 4388 967 4445 qua
994 4369 1083 4427 vel
1116 4369 1358 4437 nostris,
1383 4367 1473 4424 vel
1502 4366 1927 4441 illorum,quos

262 4461 911 4540 protu-lit,temporibus
943 4460 1143 4532 aliqua
1171 4458 1516 4515 meritorum
1543 4455 1764 4515 effulsit
1786 4474 1927 4530 prrs-

262 4552 542 4628 regativav,
557 4550 748 4623 magis
779 4549 889 4605 hoc
918 4548 1149 4621 vulgus,
1170 4562 1351 4621 quam
1383 4546 1632 4619 quilibet
1653 4546 1926 4603 extulerit

262 4641 579 4707 litteratus;
596 4659 630 4688 δ»
647 4637 869 4694 nullam
883 4638 942 4693 S.
959 4637 1238 4694 MetrOnis
1251 4636 1431 4691 vitam
1441 4635 1623 4703 ,nulla
1635 4636 1925 4693 miracula
1953 4657 2002 4722 Π

264 4729 484 4802 scripta
516 4727 699 4783 fuisse
721 4725 1051 4798 signiﬁcat;
1085 4724 1389 4795 solamque
1411 4738 1719 4797 superesse
1744 4726 1922 4781 tradi-

265 4819 486 4877 tionem
514 4815 840 4890 vulgarem,
862 4830 929 4870 ex
960 4830 1078 4885 qua
1104 4829 1224 4868 una
1254 4812 1381 4884 ipse
1406 4812 1685 4883 proficere
1708 4813 1918 4885 potuit.

262 4908 455 4965 Verba
470 4918 926 4980 porrmravorum
942 4902 1340 4974 temporibus»
1360 4901 1632 4957 eumdem
1651 4906 1923 4959 sanctum

269 5020 299 5053 α
334 5002 574 5053 avorum
607 5016 637 5044 ››
665 4991 823 5049 aetati
850 5007 1188 5063 supparem,
1218 4988 1308 5045 vel
1340 4988 1548 5045 saltem
1584 5006 1701 5045 non
1735 4989 1923 5046 multo

270 5082 663 5155 antiquiorem
691 5081 970 5146 innuunt,
1004 5077 1107 5151 qui
1139 5081 1445 5150 propterea
1473 5077 1546 5132 ad
1580 5094 1801 5133 nonum
1831 5078 1921 5135 vel

268 5176 542 5233 octavum
603 5168 886 5228 saeculum
938 5167 1229 5241 pertinere
1285 5166 1533 5221 videtur.
1565 5165 1923 5225 Pmnitentim

266 5259 605 5336 gdnus,-cui
652 5257 751 5315 ille
805 5273 934 5314 sese
964 5254 1206 5323 addixit,
1240 5257 1307 5309 ut
1335 5252 1520 5311 ferrea
1549 5256 1754 5312 catena
1782 5272 1922 5313 saxo

258 5350 541 5424 alligatus
560 5352 707 5406 ante
737 5352 793 5403 S.
822 5345 1033 5402 Vitalis
1064 5342 1341 5415 martyris
1371 5342 1678 5399 ecclesiam
1716 5346 1921 5402 tandiu

264 5443 471 5506 sum“;
494 5436 688 5510 quoad
706 5436 861 5491 Deus
876 5434 1045 5507 signo
1067 5432 1265 5504 aliquo
1285 5434 1520 5502 peccata
1540 5430 1652 5487 sibi
1674 5432 1922 5490 dimissa

264 5527 736 5593 ostenderet,usu
752 5523 1037 5595 frequenti
1057 5523 1358 5592 receptum
1379 5518 1628 5576 aliorum
1651 5529 1922 5594 exempta

263 5612 633 5675 aMa‘bilOnic
663 5609 842 5667 allata
870 5608 1170 5666 declarant
1196 5607 1443 5677 (Praefat.
1468 5607 1540 5663 ad
1571 5608 1690 5666 Saee
1711 5609 1917 5668 11.0rd,

264 5703 467 5770 Βοηεά·
490 5719 550 5761 ιι-
566 5704 641 5770 4)·
666 5698 781 5761 Alii
796 5698 991 5759 solum
1012 5699 1088 5757 ob
1127 5695 1376 5756 crimina
1396 5695 1633 5771 publica
1659 5699 1921 5777 episcopi

2036 3388 2202 3445 lacus
2232 3388 2461 3455 Benasi,
2495 3388 2555 3444 in
2588 3405 2703 3460 quo
2735 3387 2911 3461 paulo
2941 3392 3075 3445 ante
3103 3388 3412 3447 Adelaides
3432 3390 3702 3449 Lctharii

2037 3478 2191 3551 regis
2221 3477 2397 3533 vidua
2427 3478 2661 3550 (Dourzo
2716 3480 2834 3535 Vita
2862 3478 3059 3546 Matil.,
3079 3477 3181 3534 lib.
3212 3478 3249 3551 I)
3278 3495 3314 3535 a
3342 3479 3701 3554 Berengario

2037 3566 2087 3623 II
2114 3567 2345 3639 captiva
2373 3567 2610 3623 detenta
2640 3567 2849 3623 fuerat.
2883 3566 3151 3639 Episcopi
3205 3584 3338 3624 vero
3381 3571 3439 3625 et
3494 3567 3702 3628 clerici

2036 3656 2208 3713 istius
2234 3653 2562 3728 provincias,
2585 3672 2733 3727 quos
2764 3655 2896 3711 Otto
2920 3656 2992 3711 ad
3026 3656 3282 3712 Gardam
3301 3656 3701 3717 obsidendam

2035 3744 2320 3815 incitavit,
2343 3744 2430 3800 illi
2452 3746 2710 3812 fuerunt,
2727 3744 2826 3816 qui
2855 3744 3008 3801 banc
3038 3744 3216 3801 Italis:
3239 3749 3463 3818 partem
3489 3746 3701 3804 Gal-dm

2034 3833 2372 3891 viciniorem
2403 3832 2755 3902 incolebant,
2772 3850 2889 3889 non
2915 3850 3048 3890 vero
3071 3850 3275 3891 omnes
3296 3834 3460 3909 regni
3472 3834 3700 3908 Italici,

2035 3927 2138 3978 aut
2164 3922 2603 3996 Longobardiaa,
2637 3926 2703 3979 ut
2730 3939 2848 3979 non
2874 3922 3096 3979 nemini
3151 3923 3346 3980 visum
3402 3928 3513 3981 est.
3546 3925 3704 3983 Nam

2034 4011 2216 4066 Valdo
2232 4011 2545 4084 episcopus
2555 4011 2859 4068 Comensis
2873 4011 2933 4068 in
2945 4011 3063 4068 alia
3075 4012 3313 4069 militari
3324 4012 3704 4085 expeditione

2035 4104 2376 4172 occupatus,
2400 4099 2656 4156 insulam
2679 4100 2740 4157 in
2760 4100 2890 4156 lacu
2923 4099 3185 4158 Cumano
3204 4100 3561 4174 expugnavit
3581 4119 3685 4159 an.

2033 4189 2162 4261 964,
2177 4193 2242 4244 ut
2267 4187 2583 4261 Reginonis
2612 4188 2984 4246 continuator
3012 4194 3230 4247 narrat.
3263 4190 3540 4264 Episcopi
3591 4191 3692 4247 ni-

2035 4277 2253 4335 mirum
2283 4282 2341 4334 et
2363 4276 2557 4334 clerici
2574 4278 2702 4350 jam
2733 4277 2871 4335 inde
2902 4296 2936 4334 a
2962 4278 3153 4336 Caroli
3184 4280 3383 4353 Magni
3416 4281 3703 4353 tempori-

2033 4367 2146 4423 bus
2173 4382 2339 4423 arma
2380 4367 2642 4434 induere,
2674 4371 2734 4424 et
2776 4367 2838 4424 in
2888 4369 3206 4425 exercitum
3263 4369 3558 4443 proficisci
3615 4370 3698 4426 ab

2035 4456 2181 4529 ipsis
2214 4455 2450 4530 regibus
2480 4457 2839 4530 cogebantur
2866 4474 2934 4515 eo
2981 4458 3238 4527 nomine,
3272 4459 3428 4531 quod
3485 4456 3699 4516 multis

2034 4545 2333 4620 regalibus
2362 4546 2716 4614 iruerentur,
2736 4550 2795 4603 et
2815 4546 3071 4603 ferendis
3091 4546 3480 4605 vaesallorum
3506 4548 3703 4605 oneri-

2032 4636 2144 4693 bus
2203 4636 2580 4693 crederentur
2634 4634 2920 4692 obstricti.
2954 4636 3072 4692 Hac
3128 4637 3369 4710 quidem
3408 4638 3480 4693 de
3510 4640 3699 4696 causa

2037 4746 2066 4777 «
2096 4724 2314 4782 dicitur
2342 4724 2517 4781 hodie
2563 4723 2954 4794 levissimum,
2985 4725 3182 4798 inquit
3237 4726 3575 4795 Ratherins,
3623 4733 3701 4786 ut

2032 4813 2203 4887 quasi
2234 4818 2473 4887 prcpter
2502 4813 2844 4871 ﬁdelitatem
2872 4815 2965 4871 s'ui
2996 4814 3249 4873 senioris
3263 4814 3347 4887 (id
3376 4820 3467 4873 est
3482 4816 3705 4889 princi-

2032 4903 2147 4975 pis)
2179 4903 2348 4961 malit
2373 4902 2676 4976 presbyter
2702 4901 2984 4960 loricatus
3016 4902 3290 4977 pmliari,
3324 4911 3504 4977 quam
3560 4920 3702 4978 perv-

2024 4993 2201 5064 jurus
2253 4991 2654 5060 vocari;cum
2704 4982 3283 5066 tamen’perjurium
3341 4993 3701 5067 gravissima

2033 5081 2394 5154 poenitentia,
2428 5080 2587 5137 istud
2612 5098 2747 5138 vero
2776 5081 2942 5137 nulla
2971 5083 3194 5155 expiari
3226 5081 3457 5139 dicatur
3487 5083 3639 5155 (.Par.
3675 5101 3697 5140 ι

2029 5172 2106 5227 De
2127 5178 2439 5243 contemptu
2465 5186 2586 5227 con.
2617 5185 2678 5227 n.
2707 5170 2776 5226 12
2804 5170 2935 5243 (col.
2966 5172 3093 5241 351,
3127 5172 3211 5243 h).
3242 5194 3274 5224 η

2103 5260 2192 5316 89.
2226 5260 2402 5316 Plura
2427 5259 2608 5332 hujus
2632 5260 2976 5333 corruptela:
3006 5260 3276 5334 exempla
3293 5261 3466 5318 affert
3492 5261 3695 5317 Muru-

2031 5350 2221 5406 torius
2255 5349 2318 5420 (ι.
2352 5349 2404 5405 Il
2430 5348 2615 5422 Antiq.
2667 5349 2847 5407 Italic.
2895 5350 3038 5406 diss.
3096 5351 3211 5424 26).
3272 5350 3434 5410 Licet
3489 5353 3692 5408 autem

2030 5437 2428 5494 immanitatis
2459 5436 2832 5511 privilegium
2862 5439 2933 5495 ab
2965 5440 3075 5496 hoc
3104 5441 3344 5497 servitio
3384 5439 3691 5501 eximeret.

2029 5544 2147 5584 non
2175 5532 2375 5584 tamen
2427 5526 2717 5585 eximebat
2758 5532 3039 5598 omnino;
3074 5530 3231 5587 unde
3289 5528 3694 5603 inprivilegio

2028 5616 2446 5685 immanitatis,
2475 5617 2632 5690 quod
2655 5617 2730 5674 ab
2761 5617 2971 5676 Ottone
2992 5620 3383 5677 I'ccnuss‘sum
3413 5618 3697 5693 episeopo

2028 5706 2447 5767 Wormatiensi
2477 5716 2641 5766 anno
2658 5706 2767 5766 966
2788 5709 2946 5781 apud
2973 5709 3252 5769 eumdem
3278 5707 3692 5769 numnum
