3968 6452
262 461 373 526 101

1288 465 1910 533 PROLEGOMENA.
1945 505 2025 516 —
2056 467 2434 535 RATHERII
2482 470 2692 537 VITA.

3597 474 3715 540 102

266 596 699 671 morphitarum
730 594 974 658 haeresis
1005 604 1212 658 renata
1237 600 1298 657 in
1342 602 1581 659 dioecesi
1628 602 1938 660 Vicentina
1963 608 2021 674 Α
2049 621 2316 678 mosyna,
2350 623 2418 662 ac
2472 608 2817 680 pcenitentia
2867 624 3004 663 cum
3049 606 3279 679 jejunio
3333 609 3712 681 copulantur.

263 684 590 745 Veronensi
620 689 895 757 ﬁnitima,
927 708 1104 764 quam
1137 691 1461 747 confutavit
1482 691 1799 749 Ratherius
1821 710 1937 749 ser-

265 791 441 834 mone
470 795 513 834 ιι
543 778 711 836 valde
749 779 974 854 prolixo
1005 781 1077 838 de
1123 780 1609 854 Quadragesima.
1650 802 1672 830 ι
1704 781 1936 839 Nudius

264 865 423 924 enim
454 867 687 937 tertius,
704 891 734 920 »
764 869 959 942 inquit
981 868 1254 936 num.29,
1276 890 1298 920 ι
1325 869 1566 942 quidam
1580 872 1934 928 nostratium

264 956 466 1013 retulit
493 959 689 1032 nobis,
724 961 1097 1034 presbyteros
1129 959 1450 1015 Vicentinae
1500 961 1791 1030 dioecesis,
1826 979 1936 1017 no-

266 1050 424 1104 stros
455 1048 661 1121 utique
688 1050 933 1118 vicinos,
959 1054 1166 1122 putare
1194 1062 1539 1122 corporeum
1565 1050 1749 1107 Deum
1783 1067 1933 1119 esse,

266 1135 377 1192 hac
407 1137 702 1211 siquidem
716 1139 1025 1196 occasione
1040 1139 1333 1207 inductos,
1358 1140 1515 1212 quod
1536 1140 1595 1196 in
1612 1140 1936 1213 Scripturis

265 1223 519 1299 legatur:
580 1226 740 1285 Oculi
788 1230 1011 1285 Domini
1036 1245 1201 1301 super
1253 1229 1442 1298 iustos,
1493 1237 1545 1286 et
1599 1245 1763 1286 aures
1818 1230 1936 1302 ejus

264 1316 329 1371 in
351 1332 541 1389 preces
587 1334 778 1375 eorum
830 1319 1004 1392 (Psal.
1053 1334 1256 1386 xxxm,
1311 1318 1423 1390 16);
1457 1322 1554 1375 et:
1606 1320 1799 1375 Manus
1829 1327 1937 1374 tuae

263 1406 517 1477 fecerunt
555 1424 643 1465 me
695 1408 869 1481 (Psal.
903 1424 1099 1475 cxvm,
1133 1407 1265 1479 73);
1315 1411 1372 1463 et
1420 1409 1706 1466 Faciamus
1758 1409 1934 1464 homi-

263 1510 396 1551 nem
422 1496 495 1552 ad
522 1498 827 1568 imaginem
848 1501 898 1554 et
943 1498 1373 1554 similitudinem
1420 1506 1670 1554 nostram
1705 1497 1860 1571 (Gen.
1893 1514 1933 1568 1,

261 1584 380 1656 26).
408 1609 432 1639 ι
467 1585 531 1641 ld
558 1602 695 1642 cum
714 1586 1134 1660 permovissset
1153 1584 1517 1659 episcopum,
1536 1586 1738 1643 habito
1757 1586 1816 1641 in
1841 1602 1938 1658 po-

264 1673 406 1747 pulo
437 1691 731 1743 sermone,
766 1691 883 1748 quo
914 1675 1062 1732 tanti
1094 1675 1309 1732 erroris
1340 1675 1667 1747 periculum
1700 1692 1734 1730 a
1776 1690 1931 1730 com-

264 1762 454 1821 misso
482 1763 595 1821 sibi
627 1778 804 1838 grege
834 1767 1077 1832 arceret,
1110 1762 1500 1836 deprehendit
1546 1763 1824 1819 eumdem
1854 1763 1941 1818 ita

267 1853 631 1925 quibusdam
660 1853 995 1918 inhaesisse,
1023 1857 1090 1908 ut
1111 1851 1429 1908 nonnullos
1449 1852 1630 1909 etiam
1651 1851 1943 1908 Veronen-

264 1958 363 1999 ses
383 1944 725 2003 sacerdotes
755 1945 1090 2015 occuparet,
1127 1940 1506 2014 quiepiscopi
1537 1939 1816 1998 concione
1838 1956 1940 1997 au-

264 2031 394 2088 dita
440 2032 973 2089 obmurmurantes
1017 2030 1314 2086 dixerunt:
1349 2051 1378 2080 ‹‹
1409 2029 1557 2094 Quid
1608 2029 1942 2086 faciemus?

259 2120 465 2195 Usque
498 2138 661 2177 nunc
692 2120 917 2193 aliquid
940 2120 1133 2176 visum
1165 2123 1256 2176 est
1282 2118 1457 2175 nobis
1505 2119 1578 2175 de
1607 2118 1727 2175 Deo
1766 2118 1936 2176 scire.

262 2210 441 2268 Modo
469 2209 710 2267 videtur
733 2208 925 2276 nobis,
962 2209 1117 2281 quod
1140 2207 1544 2264 nihilomnino
1589 2206 1667 2264 sit
1696 2206 1937 2276 Deus,si

260 2302 448 2373 caput
466 2315 585 2356 non
615 2298 816 2367 habet,
852 2297 1053 2354 oculos
1085 2313 1200 2354 non
1231 2296 1428 2367 habet,
1458 2312 1673 2354 manus
1703 2313 1819 2353 non
1841 2295 1939 2352 ha-

257 2389 387 2457 bet,
411 2389 593 2462 pedes
642 2405 760 2445 non
818 2387 1015 2443 habet.
1052 2408 1080 2436 »
1125 2386 1389 2443 Tantum
1433 2386 1634 2459 itaque
1678 2402 1935 2441 errorem

260 2478 449 2535 ofﬁcii
480 2476 574 2533 sui
603 2492 734 2533 esse
764 2474 931 2532 duxit
950 2474 1131 2531 latius
1155 2474 1413 2531 refellere
1443 2475 1503 2531 in
1544 2473 1782 2531 laudato
1814 2489 1936 2530 ser-

258 2583 447 2625 mone
477 2566 735 2623 secundo
755 2565 828 2621 de
842 2564 1324 2636 Quadragesima,
1349 2563 1448 2636 qui
1468 2563 1553 2620 sic
1571 2562 1935 2620 inscribitur:

265 2676 298 2711 σ
327 2656 544 2712 Sermo
570 2653 738 2711 valde
769 2652 1033 2727 prolixus
1066 2653 1137 2708 de
1167 2651 1631 2727 Quadragesima
1678 2650 1939 2708 Ratherii

256 2744 653 2813 Veronensis,
684 2742 774 2800 vel
810 2743 1081 2799 inefﬁcax
1110 2760 1173 2799 se
1203 2741 1451 2810 vivente,
1484 2745 1552 2796 ut
1580 2745 1671 2798 est
1700 2740 1814 2798 sibi
1851 2740 1937 2796 vi-

257 2851 432 2905 sum,
465 2832 741 2906 gari-itus.
777 2855 806 2882 »
838 2832 1004 2888 Hunc
1027 2847 1359 2893 sermonem
1383 2830 1673 2904 pertinere
1693 2830 1765 2885 ad
1788 2831 1937 2894 Qua-

257 2922 674 2995 dragesimam
704 2920 843 2977 anni
872 2921 981 2976 964
997 2937 1065 2977 ex
1095 2924 1217 2976 not.
1244 2921 1268 2974 1
1304 2919 1672 2992 exploratum
1696 2920 1814 2975 ﬁet.
1842 2919 1942 2975 ilic

256 3028 494 3080 sermo,
529 3026 635 3066 seu
662 3009 857 3083 potius
887 3012 1175 3066 tractatus
1203 3008 1430 3065 divisus
1460 3008 1520 3065 in
1541 3007 1942 3081 paragraphos

261 3103 363 3171 41,
402 3116 592 3157 ιιιιιιω
619 3106 711 3156 est
729 3098 1245 3173 cxinsignioribus
1274 3115 1337 3154 ec
1368 3097 1721 3171 perutilibus
1752 3097 1940 3170 operi-

261 3191 389 3248 bus
418 3206 555 3262 quaa
602 3188 919 3245 Ratherius
948 3187 1206 3260 scripsit.
1257 3188 1487 3244 Etenim
1534 3203 1670 3243 cum
1724 3185 1942 3260 stylum

256 3280 419 3337 satis
452 3277 713 3337 nitidum
735 3278 989 3351 prefert,
1021 3280 1150 3333 tum
1181 3292 1315 3334 vero
1347 3280 1556 3351 praeter
1585 3274 1942 3333 confutatio-

2111 695 2203 749 95.
2237 695 2448 752 Praeter
2474 696 3209 770 Anthropomorphitarum
3233 696 3506 754 haeresim
3530 715 3710 773 quam

2044 780 2223 838 latius
2245 787 2301 839 et
2330 784 2556 841 naviter
2583 785 2818 854 refellit,
2852 784 3032 841 alium
3066 785 3415 842 crassiorem
3456 802 3714 844 errorem

2044 871 2105 928 in
2137 873 2342 929 eodem
2370 890 2641 931 sermone
2688 874 3051 947 perstringit,
3105 891 3220 946 quo
3251 876 3310 931 S.
3372 875 3713 934 Michaelem

2045 960 2190 1034 feria
2218 963 2477 1018 secunda
2490 963 2734 1021 missam
2762 968 2997 1019 cantare
3020 962 3261 1036 quidam
3286 964 3710 1035 existimantes,

2045 1050 2352 1107 ecclesiam
2384 1053 2511 1123 ejus
2541 1054 2745 1109 eodem
2778 1053 2872 1107 die
2899 1052 3096 1123 potius
3118 1068 3294 1123 quam
3319 1053 3452 1109 aliis
3478 1054 3715 1111 visitare

2046 1139 2315 1211 religioni
2347 1141 2662 1198 ducebant.
2693 1142 2871 1198 Recta
2902 1141 3039 1196 licet
3067 1145 3124 1197 et
3148 1159 3295 1197 sana
3324 1149 3479 1199 esset
3527 1144 3587 1199 in
3623 1144 3716 1201 his

2046 1227 2307 1285 Ratherii
2339 1230 2624 1300 doctrina;
2656 1231 2839 1287 vitare
2862 1235 3057 1286 tamen
3104 1248 3217 1287 non
3276 1233 3469 1304 potuit
3515 1250 3715 1306 repre-

2018 1364 2021 1369 ,
2044 1316 2391 1376 hensionem
2406 1319 2956 1392 nonnullorum,qui
2980 1319 3203 1392 aliquot
3224 1322 3549 1380 sententias
3570 1339 3711 1380 con-

2044 1408 2137 1462 tra
2181 1407 2838 1481 Anthropomorphitas,
2888 1413 2948 1464 et
2979 1414 3185 1466 contra
3232 1410 3711 1482 superstitiosum

2044 1499 2101 1551 Β.
2136 1495 2438 1554 Michaelis
2469 1497 2696 1554 cultum
2729 1497 2929 1553 minus
2970 1502 3125 1553 recte
3157 1499 3389 1554 fuerant
3435 1500 3713 1557 assecuti.

2048 1584 2248 1657 Itaque
2278 1602 2407 1642 sese
2437 1586 2653 1643 clarius
2686 1585 2976 1659 explicare
3007 1586 3420 1659 debuit,idque
3446 1588 3719 1660 appendi-
3806 1584 3813 1591 ’

2030 1673 2099 1728 .ci
2127 1672 2497 1746 apologeticae
2529 1675 2796 1746 ejusdem
2828 1675 3122 1730 sermonis
3152 1692 3394 1731 causam
3424 1676 3606 1732 dedit.

2049 1779 2232 1853 §XV.
2265 1812 2335 1819 —
2365 1780 2527 1835 Liber
2583 1780 2856 1847 Ratherii;
2917 1782 2989 1836 De
3016 1852 3021 1853 γ
3045 1788 3364 1853 contemptu
3420 1796 3717 1850 canonum,

2125 1851 2256 1928 Qua:
2280 1923 2290 1928 _
2315 1867 2498 1907 causae
2516 1854 2733 1928 fuerint
2755 1852 3106 1928 scribendi.”
3126 1851 3277 1928 Vitia
3298 1857 3352 1928 et
3397 1855 3599 1928 abusus
3623 1859 3722 1928 qui

2128 1924 2186 1977 in
2237 1923 2385 1995 clero
2431 1924 2855 1992 grassabantur.
2909 1925 2983 1979 De
3041 1924 3346 1995 illegitimis
3392 1923 3720 1983 clericorum

1975 1981 2019 2047 Β
2121 1981 2522 2067 ροηάιιρίίδῘΠθ
2548 1997 2737 2050 minus
2766 2011 2924 2067 (eq-ua
2956 1981 3273 2067 redditum):
3316 1981 3717 2065 ecelrsiusticoQ

2119 2082 2249 2140 rum
2275 2066 2679 2140 distributione,
2710 2076 2762 2122 et
2792 2066 2956 2140 malis
2983 2066 3186 2140 exinde
3232 2070 3510 2140 profectis.
3555 2070 3718 2127 Nisus

2117 2138 2369 2193 Ratherii
2390 2141 2452 2193 ut
2476 2139 2776 2209 tequiorem
2826 2138 3275 2194 distributionem
3318 2138 3623 2210 induceret,
3664 2150 3723 2202 et

2115 2211 2428 2282 potestatem
2486 2212 2863 2282 episcoporum
2921 2210 3225 2266 canonibus
3278 2220 3547 2269 assertum
3593 2213 3718 2270 vin-

2116 2279 2340 2336 dicaret.
2373 2279 2995 2349 Quantum'obstiterint
3022 2283 3232 2349 clerici,
3263 2291 3317 2338 et
3343 2300 3463 2340 cur.

2115 2388 2206 2442 96.
2242 2387 2365 2443 Sub
2396 2390 2636 2460 tempus
2663 2387 2807 2458 (vid.
2860 2392 2982 2445 not.
3036 2388 3096 2443 in
3128 2387 3231 2444 lib.
3284 2391 3358 2446 De
3409 2396 3719 2466 contemptu

2044 2474 2194 2547 can.)
2229 2476 2694 2549 quadragesimae
2728 2477 2871 2533 anni
2917 2477 3027 2532 964
3060 2476 3220 2532 aliud
3280 2478 3514 2552 insigne
3569 2497 3718 2553 opus

2047 2564 2362 2621 Ratherius
2375 2564 2797 2638 ediditduplici
2817 2564 2992 2621 titulo
3010 2566 3386 2638 inscriptum,
3406 2567 3717 2641 Perpendi-

2047 2652 2385 2729 culum,seu
2405 2655 2479 2710 De
2493 2658 2830 2727 contemptu
2849 2670 3162 2712 canonum.
3186 2654 3259 2710 Ut
3271 2659 3509 2727 pateant
3529 2673 3719 2714 causa

2047 2742 2232 2814 hujus
2263 2741 2476 2816 operis,
2510 2759 2627 2816 quo
2658 2743 2825 2799 vitiis
2858 2743 2917 2799 in
2949 2742 3103 2799 clero
3151 2744 3566 2817 grassantibus
3617 2746 3719 2802 ob-

2046 2832 2202 2889 viam
2234 2832 2340 2899 ire,
2371 2838 2427 2889 et
2448 2849 2751 2889 sacrorum
2785 2849 3078 2891 canonum
3099 2833 3534 2892 observantiam
3557 2852 3717 2895 revo-

2049 2937 2182 2977 care
2211 2920 2441 2977 studuit
2469 2921 2707 2995 [cxxni],
2741 2939 2835 2977 res
2855 2921 3039 2978 altius
3068 2924 3386 2995 repetenda
3409 2927 3518 2981 est.
3545 2925 3719 2982 Sem-

2050 3027 2153 3083 per
2174 3011 2301 3082 jam
2332 3009 2469 3067 inde
2500 3028 2535 3066 a
2562 3011 2653 3067 sui
2685 3012 3060 3085 episcopatus
3092 3011 3257 3068 initio
3297 3012 3452 3069 inter
3503 3013 3719 3070 Ruthe-

2051 3100 2205 3157 rium
2245 3105 2303 3156 et
2332 3099 2574 3157 clericos
2603 3100 2967 3158 Veronenses
3002 3101 3317 3157 dissidium
3348 3101 3542 3176 viguit
3569 3103 3720 3176 (Dis-

2049 3189 2257 3256 cordia,
2319 3207 2379 3246 n.
2436 3191 2487 3258 1,
2521 3189 2603 3261 5),
2664 3190 2820 3265 quod
2880 3207 2949 3247 ex
2978 3190 3407 3248 sententiarum
3467 3191 3718 3251 dissidio

2051 3277 2339 3351 originem
2366 3280 2633 3335 duxerat.
2652 3278 2979 3352 Episcopus
3003 3279 3161 3336 enim
3192 3280 3252 3335 in
3276 3279 3463 3349 sacris
3486 3279 3721 3337 canoni-

253 3386 403 3427 nem
454 3366 701 3425 haeresis
736 3349 1476 3440 Anthropomorphitarum
1528 3364 1748 3422 multas
1795 3362 1942 3421 alias
1972 3349 2016 3420 C
2052 3349 2168 3424 bus
2195 3367 2482 3436 eruditus,
2515 3384 2652 3423 cum
2667 3349 2768 3424 eos
2785 3349 3048 3425 desertos
3068 3372 3126 3424 et
3150 3367 3449 3440 neglectos
3468 3367 3716 3436 videret,

251 3457 542 3534 egregias
572 3455 996 3514 instructiones
1037 3456 1318 3513 continet.
1375 3455 1549 3512 Initio
1599 3453 1947 3529 perstringit

251 3547 567 3622 quosdam
588 3544 1061 3618 abusus,quibus
1082 3544 1547 3618 quadragesima:
1573 3544 1948 3601 observantia

249 3634 821 3695 inﬁciebatur.lllos
848 3635 1161 3707 vituperat,
1188 3634 1287 3713 qui
1311 3633 1537 3690 alterno
1560 3632 1653 3690 die
1666 3634 1947 3705 jejunan-

248 3731 367 3797 tes,
428 3730 497 3783 et
545 3723 773 3782 alterno
831 3723 1085 3796 crapula:
1143 3727 1200 3779 et
1228 3722 1496 3779 ebrietati
1547 3720 1944 3795 indulgentes,

249 3816 795 3893 quadragesimum
825 3832 887 3871 se
915 3815 1224 3871 observare
1244 3811 1683 3878 existimabant,
1706 3826 1841 3866 cum
1864 3808 1947 3864 vi-

247 3907 409 3982 ginti
444 3909 688 3963 tantum
721 3903 931 3978 jejunii
962 3904 1088 3962 dies
1117 3903 1480 3971 vicesimam,
1506 3918 1623 3957 non
1643 3917 1778 3956 vero
1801 3916 1947 3972 qua-

248 3994 677 4072 dragesimum
706 3995 984 4051 facerent.
1012 3991 1275 4065 Antiqua
1291 3989 1604 4063 jejunandi
1635 3987 1948 4061 disciplina

239 4088 377 4159 jam
406 4084 716 4159 mitigata,
745 4082 961 4139 licebat
1018 4098 1174 4139 nona
1204 4080 1351 4137 hora
1370 4079 1667 4152 jejunium
1700 4077 1942 4135 solvere.

249 4174 526 4243 Quidam
558 4190 698 4235 vero
726 4172 839 4228 hac
871 4187 1151 4229 concessa
1181 4169 1327 4227 hora
1350 4167 1498 4224 nihil
1528 4171 1851 4238 sumentes,
1878 4184 1945 4223 eo

245 4265 372 4323 ﬁne
405 4265 488 4321 ad
523 4267 763 4319 noctem
797 4277 986 4334 usque
1017 4258 1282 4333 quotidie
1297 4258 1673 4331 jejunabant,
1705 4262 1772 4314 ut
1794 4280 1822 4308 (ι
1849 4273 1947 4313 no-

246 4359 344 4411 cte
377 4352 570 4428 quasi
604 4366 741 4407 cum
772 4349 1013 4406 licentia
1056 4351 1317 4405 ventrem
1368 4346 1627 4403 valerent
1676 4346 1946 4421 ingurgi-

232 4448 401 4517 tare.
445 4465 481 4494 »
512 4441 681 4499 Alios
709 4439 927 4513 arguit,
957 4437 1279 4511 quijejunii
1300 4435 1779 4495 solvendihoram
1803 4436 1947 4492 adeo

241 4531 715 4608 preveniebant
748 4530 876 4604 ipso
898 4528 1153 4585 Sabbato
1176 4528 1399 4593 sancto,
1433 4529 1498 4580 ut
1526 4524 1671 4583 hora
1689 4525 1861 4581 tertia
1873 4524 1947 4582 ob

242 4622 580 4699 crapulam
612 4624 671 4677 et
700 4619 1045 4676 ebrietatem
1079 4616 1329 4690 pedibus
1362 4617 1658 4683 natarent;
1692 4630 1798 4671 nec
1828 4631 1945 4670 non

240 4711 411 4780 illos,
449 4709 569 4785 qui
604 4708 699 4765 die
730 4707 917 4763 Coena:
948 4705 1182 4763 Domini
1216 4709 1352 4761 ante
1374 4719 1589 4759 nonam
1622 4702 1839 4759 missas
1862 4719 1950 4760 ce-
1978 4724 2028 4791 D

238 4802 608 4865 lebrabant,
643 4797 842 4870 [cxxn]
872 4800 932 4851 ct
983 4795 1235 4852 subinde
1276 4792 1574 4867 jejunium
1626 4792 1947 4849 solvebant:

240 4889 718 4960 nonnullasque
741 4885 1037 4943 exstitisse
1059 4882 1417 4949 subindicat,
1452 4881 1552 4955 qui
1572 4881 1947 4938 violationem

240 4981 465 5055 iejunii
500 4978 612 5036 bis
643 4977 882 5034 duobus
910 4974 1118 5030 diebus
1140 4974 1324 5030 Cinnae
1359 4971 1587 5029 Domini
1621 4975 1678 5027 et
1706 4970 1946 5027 Sabbati

241 5071 446 5127 sancti
483 5086 564 5127 ea
588 5066 814 5124 ratione
827 5063 1224 5121 excusandam
1245 5061 1550 5136 putabant,
1571 5060 1726 5133 quod
1750 5059 1809 5115 hi
1832 5059 1948 5116 duo

244 5160 376 5218 dies
410 5153 808 5231 compensari
835 5152 1097 5209 dicerent
1116 5152 1349 5208 duobus
1370 5149 1502 5217 aliis
1515 5149 1727 5221 jejunii
1741 5149 1950 5205 diebus

242 5245 750 5324 quadragesimae
785 5240 1056 5314 adjectis,
1091 5239 1375 5296 nimirum
1410 5241 1623 5311 quarta
1650 5241 1707 5294 et
1745 5236 1951 5310 quinta

242 5338 394 5398 feria
426 5342 584 5396 ante
619 5333 877 5408 primam
909 5328 1277 5388 Dominicam
1298 5325 1784 5401 quadragesimae,
1809 5343 1944 5382 cum

241 5429 386 5487 olim
423 5452 457 5481 ‹‹
494 5426 692 5498 caput
716 5420 936 5496 jejunii
970 5441 999 5469 ι)
1030 5436 1064 5475 a
1093 5418 1287 5493 prima
1304 5416 1609 5473 Dominica
1644 5416 1945 5489 inciperet.

239 5519 371 5578 Alia
402 5523 607 5591 atque
642 5510 760 5569 alia
789 5510 933 5567 vitia
961 5509 1021 5566 in
1042 5507 1385 5582 jejunantes
1415 5506 1736 5579 irrepentia
1763 5510 1945 5575 notat,

230 5606 371 5683 “qua
407 5601 662 5665 nostris
691 5614 932 5676 quoque
981 5596 1349 5671 temporibus
1398 5595 1739 5655 communia
1786 5599 1948 5665 sunt;

238 5711 587 5773 veramque
600 5690 866 5765 explicat
877 5685 1193 5761 jejunandi
1219 5683 1529 5757 rationem,
1545 5701 1665 5759 qua
1688 5701 1804 5742 non
1826 5688 1947 5741 tam

242 5807 279 5856 ι
305 5790 485 5863 cibis,
523 5790 730 5865 quam
752 5795 789 5839 a
814 5776 1072 5857 peccatis
1098 5774 1432 5841 abstinetur
1459 5779 1518 5837 et
1545 5773 1752 5846 oratio,
1799 5773 1948 5835 elec-

2051 3472 2254 3513 eorum
2267 3456 2698 3513 observantiam
2713 3455 3036 3528 disciplinae
3048 3454 3454 3511 zelovolebant
3474 3454 3719 3511 induce-

2053 3544 2347 3602 re.Clerici
2360 3548 2601 3601 econtra
2615 3544 2838 3600 abusus
2852 3541 3213 3615 adisciplina
3223 3558 3517 3598 canonum
3533 3542 3721 3599 maxi-

2056 3650 2149 3690 me
2161 3630 3254 3704 abhorrentes,quilatiusinoleverant,
3273 3630 3721 3690 consuetudinis

2055 3722 2293 3779 nomine
2323 3721 2517 3777 licitos
2546 3721 2680 3789 rati,
2735 3721 3009 3793 episcopo
3055 3719 3360 3790 obsistere,
3410 3737 3483 3777 ne
3508 3736 3544 3777 a
3572 3720 3718 3791 suis,

2055 3811 2140 3866 uti
2161 3810 2464 3879 vocabant,
2510 3808 3040 3868 consuetudinibus
3089 3809 3543 3880 abducerentur,
3598 3826 3718 3867 non

2055 3900 2424 3958 desinebant.
2457 3899 2603 3956 Hinc
2663 3899 2723 3956 in
2754 3898 2905 3956 libro
2962 3899 3300 3969 Discordiae,
3357 3916 3524 3956 num.
3561 3900 3617 3969 1,
3660 3915 3723 3957 se

2054 4007 2361 4063 nunquam
2392 3990 2654 4064 potuisse
2685 3988 2767 4046 ait
2783 4006 2921 4045 cum
2947 3988 3158 4047 iisdem
3178 3987 3406 4047 clericis
3425 3987 3574 4045 mire
3590 4004 3726 4044 con-

2053 4080 2337 4147 cordiam,
2372 4102 2401 4130 «
2436 4095 2572 4136 cum
2594 4077 2677 4135 illi
2699 4078 3432 4150 semperconsuetudinem
3457 4079 3722 4135 anteces-

2053 4184 2256 4226 sorum
2286 4167 2665 4241 pontiﬁcibus
2696 4167 2822 4224 suis
2853 4166 3220 4223 incessanter
3241 4164 3570 4233 rebellium,
3594 4182 3727 4222 san-

2054 4258 2165 4315 ctis
2195 4261 2253 4314 et
2282 4274 2316 4313 a
2346 4257 2463 4313 Deo
2490 4255 2741 4312 decretis
2796 4253 3164 4327 praetulerint
3210 4253 3564 4310 canonibus:
3616 4269 3723 4327 ego

2056 4350 2290 4405 sanctos
2321 4350 2379 4402 et
2408 4362 2443 4401 a
2467 4345 2584 4401 Deo
2615 4344 2879 4399 decretos
2892 4357 3146 4397 canones
3163 4339 3446 4397 adiabolo
3471 4340 3724 4399 inventis

2055 4434 2446 4508 praeferendos
2476 4431 2806 4505 putaverim
2830 4430 3060 4487 usibus.
3087 4453 3116 4482 »
3140 4428 3434 4487 Maximus
3455 4427 3722 4503 quidem,

2055 4528 2115 4582 et
2144 4540 2179 4580 a
2207 4522 2390 4579 sacris
2422 4520 2750 4577 canonibus
2788 4519 3045 4577 maxime
3095 4519 3446 4594 reprobatus
3495 4520 3723 4578 abusus

2056 4617 2181 4670 erat
2211 4610 2555 4668 clericorum
2588 4632 2617 4661 «
2655 4608 3078 4680 mulierositas,
3112 4631 3140 4659 »
3172 4626 3352 4682 quam
3383 4607 3500 4666 late
3525 4612 3583 4666 et
3613 4626 3724 4683 pu-

2057 4702 2207 4759 blice
2236 4704 2606 4775 grassantem
2639 4699 2700 4756 in
2732 4699 3036 4756 Discordia
3087 4697 3181 4756 his
3230 4698 3423 4756 verbis
3471 4698 3725 4772 explicat

2060 4807 2226 4847 num.
2264 4791 2315 4845 1:
2354 4811 2382 4840 ‹‹
2414 4788 2747 4845 Prohibitas
2779 4787 2936 4844 enim
2963 4788 3023 4844 in
3054 4787 3289 4845 Nicaeus.
3336 4787 3558 4860 synodo
3591 4805 3723 4845 mu-

2057 4878 2232 4935 lieres
2247 4882 2369 4935 tam
2384 4876 2733 4935 consuetudi
2742 4876 3217 4949 naliter,tamque
3231 4874 3463 4949 publice
3484 4874 3721 4943 habere,

2058 4974 2179 5026 tam
2215 4968 2566 5042 parvipensa
2614 4967 2709 5023 Dei
2740 4970 2798 5022 et
2845 4965 3156 5022 hominum
3202 4963 3543 5032 reverentia,
3594 4964 3723 5036 ipso

2060 5076 2176 5132 quo
2231 5058 2444 5114 timore
2518 5055 2795 5131 gehennae
2868 5054 3164 5110 intantum
3238 5051 3596 5126 posthabito,
3657 5057 3724 5110 ut

2058 5152 2268 5222 putent
2291 5148 2435 5204 adeo
2466 5146 2593 5201 fieri
2627 5161 2745 5201 non
2777 5145 2953 5200 modo
2985 5143 3180 5210 licere,
3214 5142 3316 5199 sed
3346 5141 3525 5199 etiam
3543 5158 3720 5214 opor-

2058 5240 2201 5306 tere,
2234 5240 2298 5292 ut
2328 5251 2500 5291 nemo
2531 5234 2641 5290 hoc
2675 5234 2860 5291 facere
2891 5232 3156 5294 devitans
3180 5230 3450 5286 videatur
3478 5229 3563 5285 eis
3585 5246 3721 5302 pes-

2057 5325 2208 5385 simo
2230 5324 2351 5392 illo,
2385 5323 2542 5397 quod
2573 5316 2890 5396 Apostolus
2922 5321 2982 5377 in
3011 5317 3273 5392 Epistola
3302 5318 3373 5373 ad
3426 5317 3725 5373 Romanos

2058 5417 2365 5481 memorat,
2395 5411 2613 5469 scelere
2641 5426 2813 5484 posse
2830 5425 3048 5475 carere,
3068 5425 3183 5465 non
3202 5406 3308 5463 tibi
3337 5405 3573 5460 videtur
3594 5403 3719 5458 dia-

2056 5502 2260 5562 bolum
2286 5498 2610 5557 invenisse?
2641 5521 2669 5550 »
2702 5496 2908 5555 Clerici
2934 5497 3157 5554 scilicet
3184 5494 3268 5550 ita
3318 5491 3542 5566 passim
3592 5506 3722 5543 mu-

2056 5592 2231 5661 lieres
2260 5588 2578 5660 habebant,
2612 5592 2677 5644 ut
2729 5584 3031 5642 crederent
3077 5583 3304 5639 licitum
3356 5576 3514 5649 quod
3563 5590 3726 5661 com.

2057 5680 2226 5740 muni
2259 5694 2373 5735 usu
2403 5680 2528 5751 erat
2556 5679 2880 5747 receptum;
2904 5677 2963 5729 et
2981 5688 3098 5729 non
3129 5668 3323 5756 solum
3346 5659 3726 5756 licitu.m,.‘sed

2059 5765 2463 5837 necessarium
2488 5740 2711 5825 ietiamf
2735 5759 3038 5830 haberent,
3067 5770 3141 5815 ne
3188 5751 3324 5827 quis
3372 5740 3731 5805 mulieribus
