3968 6392
313 407 429 468 103

1281 406 1732 472 RATBERIUS
1772 406 2266 472 VERONENSIS
2312 407 2768 476 EPISCOPUS.

3611 412 3742 474 104

312 556 538 614 expers,
573 539 824 596 nefando
849 556 915 596 ac
938 540 1195 612 pessimo
1227 541 1626 616 sceleri,quod
1647 543 1969 598 detestatur
1993 541 2052 608 Α
2082 559 2240 598 num.
2293 544 2344 612 4,
2396 550 2599 600 auctor
2645 546 2842 600 noster
2880 542 3121 602 clericos
3171 548 3335 606 notat
3385 567 3412 595 α
3443 545 3739 614 canonica;

309 627 646 702 Apostolus,
679 628 1014 685 deserviret.

381 763 472 817 97.
506 761 624 818 Hoc
655 761 864 817 vitium
896 767 1016 817 tam
1047 762 1160 818 late
1192 763 1512 829 obtinebat,
1546 768 1611 818 ut
1641 780 1706 819 eo
1731 781 1844 820 non
1878 781 1969 820 so-

309 840 436 907 lum
469 853 720 922 majores
749 851 1058 908 etditiores
1075 852 1289 920 clerici,
1323 854 1424 910 sed
1449 854 1707 908 minores
1727 853 1974 909 etiamet

309 940 689 1012 pauperiores
722 939 1074 996 laborarent.
1104 941 1353 1013 Majores
1373 943 1612 1013 quidem
1643 960 1708 998 ac
1731 942 1970 998 ditiores

311 1032 592 1086 notantur
614 1033 764 1101 part.
803 1031 826 1084 1
865 1029 945 1084 De
977 1034 1315 1102 contemptu
1347 1047 1660 1097 canonum,
1697 1048 1861 1085 num.
1914 1032 1966 1098 4,

315 1133 449 1173 cum
481 1134 579 1173 eos
613 1118 939 1190 potioribus
964 1123 1020 1174 et
1042 1119 1430 1190 amplioribus
1454 1120 1716 1176 Ecclesiae
1738 1119 1973 1175 redditi-

308 1207 420 1263 bus
452 1207 666 1263 ditatus
699 1207 806 1262 hac
838 1209 909 1263 de
941 1224 1121 1264 causa
1151 1209 1304 1264 inter
1333 1214 1568 1264 caeteras
1596 1210 1809 1279 tradat,
1845 1233 1871 1258 ‹‹
1908 1213 1972 1263 ut

299 1294 566 1352 habeant
593 1312 846 1368 quoque,
885 1297 1038 1352 unde
1069 1296 1206 1353 ﬁliis
1236 1314 1464 1364 uxores,
1501 1297 1735 1353 filiabus
1772 1297 1970 1369 acqui-

309 1389 443 1439 rmt
475 1385 740 1440 maritos.
778 1407 804 1434 »
839 1385 1093 1441 Minores
1125 1403 1259 1441 vero
1291 1392 1345 1441 et
1378 1387 1756 1458 pauperiores
1777 1385 1969 1441 clerici

305 1471 644 1528 indicantur
675 1473 734 1528 in
766 1475 1089 1542 Discordia,
1124 1493 1286 1530 num.
1321 1477 1374 1542 6,
1412 1476 1509 1530 ubi
1534 1480 1844 1548 postquam
1872 1491 1971 1530 eos

303 1560 374 1616 ad
400 1560 680 1618 mulieres
709 1561 1090 1619 dimittendas
1109 1563 1397 1636 imperiali
1422 1570 1710 1636 praecepto
1733 1566 1971 1620 adactos

302 1650 580 1722 prodidit,
615 1651 767 1706 hanc
800 1668 1006 1707 eorum
1039 1653 1480 1709 excusationem
1518 1653 1738 1708 subdit:
1772 1676 1799 1702 ‹‹
1833 1654 1969 1708 Om-

303 1739 467 1796 nium
499 1756 648 1813 pene
677 1742 977 1797 excusatio
1006 1743 1251 1810 exstitit,
1274 1761 1388 1799 non
1412 1759 1582 1816 posse
1602 1742 1971 1814 prepterino-

302 1825 458 1900 piam
491 1828 602 1884 hoc
620 1828 740 1884 ullo
774 1830 947 1885 modo
973 1831 1116 1898 fieri;
1142 1831 1404 1903 potuisse
1424 1848 1557 1888 vero
1578 1836 1896 1902 utcunque,
1917 1831 1967 1886 si

2081 632 2192 704 legi
2229 633 2503 690 adversos
2534 649 2724 705 usque
2774 634 2845 692 ad
2877 639 3130 707 nuptum
3181 633 3507 708 publicum.
3544 658 3574 684 »
3608 635 3742 706 (Ne-

2081 739 2192 794 quc
2241 722 2333 778 his
2386 722 2792 779 contradicunt
2845 723 2946 779 illa
2997 724 3254 780 auctoris
3309 723 3487 790 verba
3541 723 3680 782 libri
3701 741 3745 778 .v

2079 810 2559 883 Praeloquiorum,
2595 829 2758 866 num.
2810 813 2896 879 18,
2931 812 3041 868 col.
3086 814 3207 881 155,
3259 829 3308 867 c.
3345 813 3562 886 quibus
3593 812 3747 882 inter

2081 908 2196 964 alia
2246 909 2592 966 discrimina
2635 909 3168 966 ceclesiasticorum
3219 928 3253 966 a
3282 910 3448 968 laicis
3480 915 3746 972 recenset

2080 998 2258 1064 istud,
2295 999 2511 1070 «quod
2571 1015 2683 1053 non
2728 1016 2763 1053 a
2795 998 2983 1065 nobis,
3044 1005 3109 1053 ut
3138 999 3210 1054 ab
3274 999 3379 1065 eis,
3440 1000 3745 1058 ducuntur

2081 1105 2308 1142 uxores.
2345 1110 2374 1138 »
2407 1088 2534 1142 Hinc
2577 1088 2734 1143 enim
2767 1089 2838 1143 ab
2889 1087 3019 1159 ipso
3051 1089 3271 1161 scripta
3311 1088 3545 1160 jamdiu
3578 1093 3741 1156 ante,

2079 1194 2147 1231 ex
2180 1181 2298 1231 toto
2333 1181 2603 1232 contextu
2665 1194 2779 1232 non
2814 1177 3150 1232 referuntur
3207 1176 3279 1232 ad
3329 1176 3592 1244 clericos,
3635 1178 3741 1240 sed

2079 1265 2151 1322 ad
2183 1267 2509 1338 episcopos,
2542 1266 2612 1319 de
2642 1282 2893 1336 quorum
2941 1265 3206 1321 moribus
3253 1265 3472 1334 ibidem
3502 1283 3572 1322 ex
3602 1284 3743 1340 pro-

2082 1363 2271 1436 posito
2303 1363 2563 1425 disserit.
2595 1363 2756 1419 Alias
2811 1379 2946 1418 vero
2980 1369 3144 1434 parte
3193 1364 3454 1422 secunda
3494 1363 3574 1422 De
3604 1381 3745 1422 con-

2079 1458 2304 1524 temptu
2340 1469 2654 1517 canonum,
2690 1469 2854 1508 num.
2887 1457 2945 1522 2,
2978 1452 3086 1507 col.
3138 1453 3266 1518 367,
3297 1469 3348 1508 c.
3384 1452 3482 1508 ubi
3511 1452 3639 1524 agit
3669 1453 3744 1512 de

2081 1543 2344 1598 moribus
2400 1540 2765 1608 clericorum,
2817 1558 2951 1597 cum
2991 1541 3144 1598 inter
3200 1542 3548 1600 discrimina
3597 1541 3744 1600 isto-

2082 1650 2214 1688 rum
2250 1649 2283 1687 a
2326 1631 2516 1698 laicis,
2567 1631 2774 1687 iisdem
2825 1633 2941 1688 fere
2990 1631 3444 1703 Praeloquiorum
3495 1631 3745 1700 vocibus

2079 1723 2353 1786 referens,
2388 1738 2516 1792 qua:
2551 1719 2776 1776 clericis
2810 1726 2950 1777 sunt
2981 1737 3115 1778 cum
3141 1720 3435 1792 episcopis
3465 1737 3745 1780 commu-

2079 1821 2178 1876 nia
2205 1820 2385 1885 istud,
2419 1842 2446 1868 ‹‹
2483 1819 2639 1890 quod
2673 1835 2787 1873 non
2821 1818 2892 1873 ab
2924 1818 3090 1890 ipsis,
3124 1823 3188 1874 ut
3218 1835 3252 1873 a
3280 1817 3467 1886 laicis,
3513 1819 3744 1874 ducun-

303 1917 667 1990 stipendium
692 1919 896 1988 [cxxiv]
917 1919 1180 1974 debitum
1198 1937 1265 1974 ex
1292 1921 1466 1976 rebus
1489 1919 1837 1976 habuissent
1860 1921 1870 1974 l

2193 1924 2421 1973 uxores,
2459 1929 2486 1956 »
2517 1905 2732 1961 idcirco
2763 1905 2994 1972 videtur
3025 1906 3316 1973 omisisse,
3349 1905 3489 1977 quia
3513 1906 3740 1977 nuptis:

303 2005 517 2061 clesite.
555 2028 584 2056 »
613 2006 892 2062 Notandaz
921 2025 1088 2063 voces
1140 2031 1166 2056 ‹‹
1202 2009 1466 2064 omnium
1504 2033 1530 2057 »
1582 2014 1637 2064 et
1669 2034 1694 2058 «
1730 2012 1965 2081 propter

304 2093 588 2165 inopiam,
625 2115 654 2144 ››
683 2111 808 2166 quae
841 2111 963 2150 rem
997 2096 1443 2167 pauperioribus
1491 2097 1658 2154 valde
1697 2114 1962 2154 commu-

304 2197 438 2237 nem
490 2183 819 2254 designant.
879 2185 1177 2246 Quatenus
1235 2191 1430 2240 autem
1487 2185 1746 2258 «inopiae
1783 2209 1808 2234 ››
1861 2203 1964 2258 per

304 2269 583 2326 mulieres
645 2271 1064 2344 prospicerent,
1127 2272 1401 2345 explicari
1467 2280 1658 2346 potest
1713 2293 1781 2330 ex
1839 2275 1960 2346 epi-

303 2359 456 2415 stola
487 2360 658 2415 cozevi
691 2360 946 2434 episcOpi
977 2362 1204 2417 Attonis
1245 2362 1630 2418 Vercellensis
1679 2364 1749 2418 ad
1785 2380 1958 2418 suum

301 2447 523 2505 clerum
557 2449 838 2505 adversus
869 2450 1108 2506 clericos
1143 2451 1570 2508 incontinentes
1612 2455 1678 2524 (t.
1716 2453 1734 2506 Ι
1763 2454 1957 2524 szcz'l.

299 2539 543 2605 Asnam,
578 2556 634 2610 p.
666 2540 813 2610 MO).
847 2563 874 2589 ι(
910 2540 1060 2595 Sunt
1091 2540 1190 2611 qui
1230 2541 1302 2595 de
1353 2541 1704 2596 feminarum
1755 2546 1959 2596 contu-

297 2626 500 2683 bernio
535 2644 596 2682 se
621 2643 900 2684 excusare
920 2633 1207 2700 quaerunt,
1231 2630 1371 2684 dum
1392 2648 1559 2686 suam
1580 2630 1749 2701 quasi
1768 2648 1958 2686 neces-

300 2715 534 2771 sitatam
564 2722 882 2787 exponunt.
915 2718 1096 2773 Aiunt
1123 2719 1302 2784 enim,
1335 2720 1474 2791 quia
1524 2721 1634 2774 nisi
1694 2721 1956 2792 ipsarum

301 2804 579 2860 manibus
627 2809 1113 2874 sustentaremur,
1157 2808 1285 2877 jam
1344 2809 1517 2875 fame,
1561 2807 1646 2862 vel
1692 2808 1956 2864 nuditate

302 2891 713 2948 deficeremus.

371 3021 461 3076 98.
495 3021 762 3078 Dubitari
796 3027 1005 3096 potest,
1065 3043 1209 3080 num
1252 3026 1374 3082 haec
1427 3027 1771 3086 clericorum
1825 3047 1956 3086 mu-

301 3109 594 3168 lierositas
627 3113 768 3168 adeo
825 3114 1156 3170 communis
1186 3119 1243 3170 et
1302 3115 1554 3189 publica,
1618 3135 1744 3190 qua:
1798 3118 1957 3174 licita

302 3197 648 3269 habebatur,
683 3202 754 3256 de
811 3202 1177 3271 concubinis,
1212 3221 1247 3276 q
1281 3223 1387 3261 uas
1417 3205 1543 3277 ipso
1601 3207 1797 3263 divino
1823 3208 1955 3278 jure

300 3283 625 3360 prohibitas
659 3289 925 3362 ignorare
955 3296 1182 3364 poterat
1213 3311 1404 3359 nemo,
1434 3294 1813 3368 intelligenda
1856 3297 1949 3352 sit.
1981 3286 2027 3353 C

299 3375 609 3432 Ratberius
625 3380 860 3450 quidem
878 3402 905 3429 «
935 3381 1274 3454 conjugium
1299 3405 1327 3431 »
1352 3383 1749 3441 intercessisse
1773 3385 1953 3456 signi-

297 3465 452 3533 ﬁcat,
483 3483 618 3522 cum
644 3466 701 3522 in
735 3467 1046 3533 Qualitatis
1077 3472 1428 3543 conjectura,
1466 3489 1627 3529 num.
1660 3473 1955 3530 2clericos

295 3554 588 3624 ejusmodi
621 3557 971 3613 mulieribus
1019 3561 1260 3630 junctos
1311 3561 1585 3617 adulterii
1645 3580 1950 3632 accusans,

299 3665 327 3694 ‹‹
360 3643 587 3716 illegale
616 3647 956 3718 conjugium
1008 3650 1275 3706 nominat
1324 3650 1700 3720 adulterium;
1740 3676 1765 3700 ι)
1807 3658 1864 3709 ct
1893 3654 1950 3710 in

295 3731 686 3806 Apologetico,
751 3739 979 3790 num.7
1013 3737 1084 3792 de
1140 3738 1367 3794 clericis
1425 3743 1794 3814 monogamis
1851 3742 1949 3798 ait:

302 3841 330 3870 «
361 3821 728 3888 Adulterium
761 3824 1064 3895 publicum
1098 3826 1240 3881 dum
1291 3827 1514 3899 illegale
1560 3831 1761 3902 utique
1811 3848 1953 3887 con-

290 3908 528 3982 jugium
561 3911 656 3979 sit;
696 3934 724 3960 n
777 3917 833 3967 et
863 3913 921 3966 in
973 3913 1298 3984 Discordia,
1349 3933 1513 3971 num.
1548 3920 1597 3974 1:
1651 3943 1677 3968 ‹‹
1710 3919 1954 3974 Adulter

281 3988 455 4052 enim
489 3997 658 4054 nobis
688 4003 795 4067 est,
830 3999 928 4071 qui
958 4005 1160 4057 contra
1190 4018 1442 4059 canones
1493 4005 1733 4062 uxorius
1781 4011 1888 4062 est.
1925 4029 1952 4055 »

296 4083 419 4160 Vox
451 4109 478 4136 ‹‹
514 4086 751 4144 uxorius
787 4111 815 4138 »
866 4089 1205 4163 conjugium
1257 4108 1391 4148 cum
1441 4093 1684 4151 muliere
1739 4095 1953 4152 initum

295 4175 618 4246 praesumit.
652 4176 795 4233 Hinc
825 4178 1123 4234 decretum
1157 4182 1362 4252 synodi
1419 4182 1773 4242 Ravennatis
1816 4203 1952 4242 con-

292 4267 383 4319 tra
414 4263 756 4323 clericorum
793 4268 1279 4336 mulierositatcm
1331 4276 1457 4328 tum
1508 4273 1754 4329 Romani
1807 4292 1951 4347 pon-

290 4352 464 4409 tificis
495 4357 840 4414 auctoritate
884 4363 1009 4414 tum
1064 4359 1438 4432 imperatoris
1487 4368 1773 4436 praecepto
1823 4381 1952 4419 mu-

290 4442 504 4519 nitum,
538 4445 849 4502 Ratherius
881 4446 937 4501 in
975 4448 1290 4514 Discordia,
1326 4468 1490 4507 nnm.
1523 4453 1576 4507 6.
1611 4452 1701 4508 his
1759 4453 1952 4517 verbis

291 4531 598 4604 expressit:
635 4554 663 4580 ‹‹
696 4533 841 4588 Cum
874 4535 945 4589 de
972 4535 1321 4594 dimittenda
1371 4539 1793 4598 mulierositate
1841 4545 1954 4598 Au-

291 4617 543 4690 gustalis
577 4618 931 4677 intonuisset
963 4624 1240 4682 adversus
1268 4626 1398 4683 illos
1429 4629 1721 4697 voluntas,
1758 4654 1777 4679 ι»

294 4705 352 4759 in
397 4705 643 4779 epistola
699 4725 833 4764 vero
892 4711 963 4765 ad
1023 4712 1366 4770 Nannonem
1426 4735 1587 4773 num.
1644 4722 1679 4772 2
1731 4721 1952 4780 vocavit

295 4817 323 4845 «
360 4794 707 4867 legationem
742 4797 930 4868 ipsius
952 4815 1112 4871 papa;
1141 4801 1213 4856 de
1238 4805 1950 4864 uxoribusdimittendiszn

295 4883 376 4938 ita
408 4889 474 4938 ut
531 4884 688 4941 idem
733 4885 810 4942 sit
859 4909 884 4935 «
921 4887 991 4942 de
1039 4888 1387 4946 dimittenda
1444 4896 1884 4965 mulierositate,
1922 4921 1950 4949 ››

295 4987 360 5026 ac
387 4993 414 5020 ‹‹
449 4972 520 5026 de
547 4973 831 5028 uxoribus
863 4974 1250 5033 dimittendis.
1287 5000 1315 5027 ››
1365 4980 1580 5038 Uxores
1636 4984 1816 5055 igitur
1847 4986 1950 5042 ha-

295 5059 604 5125 bebantur,
639 5079 765 5131 qua:
792 5079 925 5116 cum
957 5062 1180 5120 clericis
1208 5065 1621 5126 coliabitabant
1653 5073 1948 5130 mulieres:

295 5147 473 5219 idque
533 5149 642 5202 etsi
691 5149 1014 5207 canonibus
1072 5158 1231 5210 esset
1283 5154 1680 5227 interdictum,
1715 5166 1771 5217 et
1801 5185 1827 5212 «
1860 5162 1952 5219 lex

296 5233 460 5290 nulla
491 5235 697 5292 altaris
730 5239 1018 5296 ministris
1064 5241 1364 5314 indulgeat
1412 5248 1686 5321 conjugis
1737 5251 1949 5321 (Itiner.

295 5342 351 5380 n.
417 5325 528 5394 15);
591 5348 619 5374 ››
681 5343 853 5382 omne
909 5333 1104 5385 tamen
1153 5330 1499 5400 hujusmodi
1573 5335 1951 5396 interdictum

295 5414 723 5501 consuetudine
755 5417 1121 5489 abrogatum,
1151 5423 1208 5475 et
1240 5425 1480 5478 eatenus
1513 5423 1634 5482 haec
1680 5428 1954 5501 coniugia

293 5500 467 5556 licere
517 5503 919 5572 credebantur;
981 5511 1038 5561 et
1067 5506 1148 5564 ita
1193 5509 1580 5568 credebantur
1633 5513 1826 5584 licere,
1869 5500 1952 5573 ut

292 5591 522 5664 absque
578 5588 696 5644 ulla
749 5593 1061 5657 formidine
1119 5597 1347 5667 publice
1406 5601 1582 5660 etiam
1633 5621 1666 5660 a
1727 5604 1952 5664 clericis

292 5677 605 5744 inirentur.
629 5679 824 5747 Quare
857 5683 915 5748 in
957 5699 1229 5744 sermone
1275 5687 1346 5746 de
1379 5689 1564 5752 Maria
1611 5696 1668 5756 et
1698 5692 1946 5768 Martha,

1816 4637 1948 4722 etc.,
1985 4656 2029 4722 D

2075 2017 2188 2055 non
2250 1997 2329 2050 ita
2383 1999 2549 2049 erant
2605 2011 2638 2047 a
2690 1993 2936 2058 clericis,
2997 1997 3061 2048 ut
3118 1993 3191 2048 ab
3255 1992 3544 2065 episcopis
3593 1991 3738 2048 alie-

2073 2088 2202 2159 na.)
2262 2090 2380 2140 lloc
2441 2085 2638 2154 itaque
2711 2082 2919 2138 saeculo
2979 2082 3035 2138 in
3098 2082 3314 2138 nostris
3393 2079 3738 2153 regionibm

2072 2194 2188 2233 non
2216 2177 2466 2231 obscura
2494 2172 2748 2228 emicant
2797 2171 2964 2226 initia
3019 2172 3150 2242 ejus
3227 2169 3571 2243 corruptela
3603 2187 3736 2242 quo

2075 2265 2346 2338 sequenti
2407 2261 2617 2318 saeculo
2677 2261 2866 2333 magis
2915 2261 3102 2317 multo
3151 2261 3460 2329 deferbuit,
3515 2259 3736 2316 multo-

2071 2380 2185 2435 que
2217 2363 2349 2417 nisu
2407 2360 2648 2416 defensa
2701 2359 2812 2413 fuit
2861 2376 2895 2414 a
2949 2358 3153 2414 multis
3212 2357 3736 2444 propugnantibus

2070 2451 2241 2507 licere
2300 2449 2572 2521 conjugia
2625 2447 2991 2504 clericorum.
3056 2449 3140 2502 Ita
3197 2447 3374 2503 etiam
3452 2447 3563 2504 sub
3619 2447 3735 2504 hoc

2057 2546 2302 2614 tempus
2361 2539 2534 2611 «ipsi
2595 2537 2787 2594 clerici
2839 2537 3032 2610 palam
3083 2554 3295 2593 uxores
3349 2537 3663 2604 ducebant,
3694 2559 3726 2586 »

2068 2631 2152 2684 uti
2214 2629 2463 2684 habetur
2521 2628 2862 2699 (MABILLON.
2921 2643 2971 2681 c.
3030 2628 3064 2680 7
3104 2629 3219 2682 Act.
3275 2627 3376 2683 SS.
3440 2627 3504 2682 0.
3567 2627 3630 2682 Β.
3669 2643 3730 2699 p.

2065 2721 2190 2788 841)
2223 2719 2279 2772 in
2328 2717 2460 2772 Vita
2489 2717 2548 2771 S.
2598 2715 2893 2770 Adalberti
2951 2715 3208 2788 episcopi
3259 2714 3568 2786 Pragensis
3617 2731 3731 2769 saa-

2067 2807 2183 2862 culi
2219 2807 2403 2877 [cxxv]
2437 2804 2646 2860 decimi
2681 2820 2844 2858 num.
2880 2805 2968 2869 11,
3002 2803 3296 2859 necnonin
3315 2801 3543 2875 Anglia,
3569 2803 3735 2858 utvi-

2065 2897 2200 2951 dere
2232 2899 2321 2950 est
2334 2895 2487 2966 apud
2506 2894 2842 2949 Ordericum
2860 2892 3131 2958 Vitalem,
3151 2891 3253 2946 lib.
3270 2909 3306 2945 v
3327 2891 3542 2947 Hister.
3569 2891 3729 2947 Eccl.

2064 3002 2196 3057 pag.
2227 2985 2380 3050 574,,
2397 2983 2643 3054 ejusque
2664 2982 2741 3037 rei
2773 2981 3055 3037 indicium
3078 2985 3270 3037 exstat
3292 2980 3471 3036 etiam
3503 2979 3561 3034 in
3585 2979 3729 3036 Vita

2065 3083 2123 3137 S.
2157 3080 2478 3136 Etholvoldi
2511 3079 2767 3152 episcopi
2797 3078 3224 3135 Wintoniensis
3246 3095 3304 3133 n.
3335 3079 3402 3133 16
3431 3078 3728 3158 (ΜΑΒιιιτ,

2066 3171 2164 3237 ib.,
2200 3187 2255 3242 p.
2287 3171 2436 3241 602).
2467 3169 2907 3224 Observandum
2938 3185 3072 3223 vero
3109 3172 3197 3224 est
3228 3167 3348 3223 hinc
3380 3166 3662 3244 conjugia
3693 3185 3732 3224 a

2064 3259 2291 3314 clericis
2321 3258 2527 3314 saltem
2562 3256 2856 3330 plerisque
2885 3256 3031 3313 inita
3056 3261 3190 3312 ante
3223 3255 3459 3311 ordines
3499 3272 3727 3325 sacros,

2063 3348 2146 3403 ita
2176 3353 2368 3403 tamen
2403 3353 2467 3403 ut
2497 3347 2597 3420 qui
2629 3346 2711 3402 sic
2759 3345 3064 3402 duxissent
3112 3362 3320 3401 uxores
3370 3361 3486 3400 non
3517 3345 3727 3400 dimit-

2061 3441 2250 3492 terent
2280 3437 2521 3503 clerum,
2540 3436 2638 3491 sed
2655 3436 2712 3490 in
2731 3453 2798 3490 eo
2823 3439 3324 3508 permanerent,et
3342 3434 3412 3489 ab
3437 3434 3727 3491 uxoribus

2065 3552 2435 3607 nequaquam
2469 3534 2741 3606 separati,
2774 3535 2845 3589 ad
2880 3551 3076 3589 sacros
3106 3534 3281 3609 etiam
3313 3531 3548 3587 ordines
3583 3549 3724 3603 pro-

2064 3629 2452 3680 movercntur.
2496 3624 2683 3694 Hujus
2734 3622 2814 3679 rei
2844 3622 3134 3694 praecipua
3185 3622 3458 3677 videntur
3502 3621 3732 3694 indicia

2063 3714 2119 3768 in
2153 3713 2436 3785 opusculo
2497 3712 2754 3768 Ratherii
2814 3711 2885 3766 de
2936 3712 3131 3783 Nuptu
3182 3710 3404 3766 illicito.
3457 3710 3727 3786 Nuptum

2064 3803 2357 3870 illicitum,
2395 3803 2564 3873 cujus
2586 3818 2764 3856 causa
2785 3800 2893 3855 hoc
2915 3799 3264 3872 opusculum
3280 3799 3535 3872 scripsit,
3561 3799 3732 3855 fuere

2062 3892 2281 3963 nuptiae
2313 3891 2620 3962 cujusdam
2679 3889 2894 3956 clerici,
2957 3906 3131 3961 quem
3179 3893 3341 3960 pater
3390 3889 3519 3959 ejus
3580 3885 3728 3944 item

2065 3977 2312 4034 clericus
2343 3977 3520 4048 cumclericitiliamatrimoniojunxerat.
3545 3975 3729 4032 Aliud

2064 4085 2295 4140 quoque
2327 4067 2570 4124 alterius
2593 4067 3151 4139 clericiconjugium
3176 4072 3336 4139 patre
3370 4071 3731 4138 procurante

2062 4164 2276 4220 initum
2299 4165 2516 4221 ibidem
2540 4168 2844 4223 memorat.
2871 4164 2986 4219 Hos
3017 4169 3212 4219 autem
3244 4167 3302 4218 et
3329 4161 3476 4218 alios
3497 4161 3732 4232 similes

2065 4254 2308 4310 clericos
2339 4254 2596 4328 conjugii
2630 4271 2809 4309 causa
2839 4271 2954 4309 non
2986 4253 3243 4308 evasisse
3290 4250 3492 4322 laicos,
3527 4251 3628 4306 sed
3661 4251 3727 4308 in

2063 4343 2216 4400 clero
2249 4344 2576 4416 perstitisse
2609 4343 2866 4398 innuunt
2888 4341 2990 4398 illa
3011 4359 3174 4397 num.
3209 4343 3260 4408 4,
3287 4339 3500 4414 quibus
3523 4344 3734 4396 noster

2064 4435 2371 4506 episcopus
2403 4432 2643 4488 clericos
2675 4431 3105 4488 incontinentes
3137 4429 3465 4502 alloquens,
3503 4453 3531 4479 «
3564 4428 3732 4492 Quo-

2063 4521 2233 4588 circa,
2267 4544 2293 4572 »
2329 4521 2540 4593 inquit,
2576 4545 2602 4571 ‹ι
2639 4520 2914 4576 monendi
2963 4524 3020 4576 et
3069 4517 3434 4583 obsecrandi,
3485 4517 3728 4590 fratres,

2062 4615 2127 4665 ut
2158 4609 2298 4682 quia
2329 4609 2647 4682 prohiberi,
2681 4609 2825 4682 proh
2858 4608 3040 4666 dolor!
3077 4625 3111 4664 a
3138 4606 3484 4669 mulieribus
3514 4603 3730 4672 valetis

2065 4708 2227 4764 nullo
2256 4709 2449 4776 modo;
2487 4707 2636 4762 filios
2669 4709 2737 4763 de
2774 4707 2936 4763 vobis
2986 4712 3295 4781 generatos
3347 4703 3729 4768 dimitteretis

2064 4797 2269 4853 saltem
2304 4813 2431 4852 esse
2463 4795 2663 4864 laicos,
2700 4795 2849 4852 filias
2879 4796 3044 4852 laicis
3068 4793 3418 4869 jungeretis,
3449 4798 3512 4850 ut
3538 4793 3626 4848 vel
3661 4793 3728 4868 in

2062 4888 2175 4942 fine
2236 4885 2442 4941 saltem
2501 4890 2690 4940 vestro
2744 4886 3176 4952 terminaretur,
3240 4887 3296 4938 et
3330 4899 3626 4954 nusquam
3663 4883 3729 4956 in

2063 4977 2239 5030 tinem
2273 4974 2470 5030 saeculi
2505 4975 2740 5030 duraret
2773 4975 3124 5030 adulterium
3153 4978 3436 5043 vestrum.
3475 4994 3502 5021 ››
3537 4971 3728 5040 Adul-

2061 5064 2273 5118 terium
2306 5063 2400 5118 hic
2445 5080 2678 5134 quoque
2732 5068 2898 5118 vocat
2951 5063 3297 5118 clericorum
3351 5060 3725 5136 conjugium.

2062 5175 2088 5200 «
2123 5152 2428 5223 Nusquam
2465 5175 2491 5200 ››
2524 5169 2658 5207 vero
2692 5175 2718 5202 «
2754 5152 2810 5207 in
2847 5153 3023 5208 finem
3063 5151 3257 5207 saeculi
3293 5173 3318 5199 ››
3353 5151 3567 5206 durare
3615 5167 3728 5223 po-

2063 5248 2275 5304 tuisset
2306 5248 2660 5304 adulterium
2685 5266 2753 5304 ex
2787 5249 3124 5306 memoratis
3181 5247 3498 5319 conjugiis,
3533 5246 3581 5302 si
3612 5246 3727 5302 filii

2061 5336 2251 5392 clerici
2284 5343 2415 5409 post
2465 5337 2806 5409 coniugium
2861 5337 3212 5393 excidissent
3264 5353 3294 5392 e
3326 5335 3502 5406 clero,
3552 5340 3609 5390 et
3660 5336 3727 5396 in

2060 5423 2343 5480 laicorum
2372 5426 2625 5497 gradum
2650 5425 3022 5484 transissent.
3053 5425 3185 5482 Ideo
3209 5429 3406 5490 autem
3434 5423 3492 5478 in
3517 5440 3730 5498 perpe-

2059 5517 2228 5570 tuum
2261 5514 2607 5572 duraturum
2644 5516 2914 5583 traditur,
2949 5516 3087 5590 quia
3117 5532 3248 5572 cum
3283 5511 3367 5568 illi
3397 5521 3535 5586 post
3583 5531 3733 5574 con-

2052 5611 2290 5686 jugium
2321 5617 2519 5670 essent
2546 5611 2606 5668 in
2626 5611 2859 5680 clero,et
2871 5615 2943 5688 ad
2969 5613 3237 5671 altiorem
3250 5612 3432 5672 etiam
3451 5611 3729 5686 ordinem

2057 5706 2560 5778 promoverentur,
2583 5701 2748 5762 ﬁlios:
2769 5700 3730 5786 ex-hiijusmodiconjugio,susse:
