1984 3206
127 213 183 246 105

640 221 947 254 PROLEGOMENA.
963 239 1002 245 —
1018 223 1206 255 RATHERII
1230 226 1332 257 VITA.

1791 232 1849 262 106

128 286 193 320 ptes
217 284 296 313 clero
329 285 508 320 addicerent,
534 290 562 315 et
579 289 769 317 matrimonio
793 290 961 327 jungercnt,
976 289 1209 322 Aecclesiarum
1233 293 1373 321 omnibus
1394 293 1522 322 ecclesia:
1543 293 1667 329 clericis,
1693 296 1744 324 sed
1761 298 1848 333 juxta

129 328 326 366 similiterque
347 328 378 359 in
402 332 492 360 finem
514 332 774 362 seculi-contracta
786 334 961 363 clericorum

129 373 278 410 conjugia,
303 375 484 404 adulterium
507 379 684 414 perpetuum
701 379 873 408 redderent.
899 380 962 407 Huc

129 417 278 453 pertinent
298 419 350 448 illa
375 420 510 456 ejusdem
534 422 647 450 numeri
662 431 668 450 :
683 434 697 448 «ι
711 423 785 451 Cum
797 424 959 460 presbjdzer,

129 463 346 498 aut‘diaconus,
358 473 480 494 uxorem
494 466 654 503 legitimam
671 476 730 495 non
745 468 838 504 possit
854 466 961 497 habere

128 506 155 535 si
168 506 265 536 tilium
279 508 316 536 de
330 508 395 545 ipsa
410 509 612 545 fornicatione,
631 511 685 546 vel,
703 513 781 548 quod
803 513 888 549 pejus
904 515 958 546 est,

128 551 275 581 adulterio
300 554 445 590 genitum,
471 566 486 580 »
509 555 637 584 subaudi
661 567 674 581 ‹‹
692 559 720 584 et
740 557 928 586 matrimonio
944 567 961 585 ιι

127 597 352 633 patrejuuctum
365 599 434 627 facit
445 600 648 636 presbyterum
661 610 667 635 ;
684 601 732 629 ille
748 601 916 629 alterumde
929 611 960 630 se

127 640 270 670 similiter
291 643 424 679 genitum
449 643 518 671 facit
538 645 762 681 presbyterum;
787 645 836 674 ille
852 646 958 674 iterum

126 693 218 714 suum
231 694 336 721 ;suum
347 687 422 716 alter
432 689 538 717 iterum
553 698 560 724 ;
574 690 724 726 pullulans
736 690 807 719 illud
825 699 918 727 usque
928 691 959 719 in

125 730 219 760 ﬁnem
234 730 331 760 taliter
345 733 535 767 adulterium,
560 735 645 770 cujus
666 738 720 768 est,
737 735 794 763 nisi
810 735 891 764 illius
907 735 958 772 qui

123 774 200 804 illud
208 775 346 812 primitus
352 778 528 806 seminavit?
536 779 958 808 nNotandadistinctioidilium

124 819 162 848 de
178 820 381 856 fornicatione,
405 823 461 856 vel,
478 823 557 859 quod
574 824 660 860 pejus
683 826 738 858 est,
764 825 800 852 de
812 824 958 854 adulterio

124 864 380 901 genitumli‘ilium
393 867 428 895 de
440 868 632 896 fornicatione
644 879 658 893 ι)
669 877 738 897 eum
749 871 852 897 auctor
862 869 961 906 appel-

124 908 270 946 latyquem
277 910 402 939 clericus
408 911 849 950 exliberamuliere,[cvxvr]seu
856 922 962 941 concu-

124 953 198 982 bina
206 955 406 991 suscepisset;
420 968 434 981 u
447 957 484 983 de
494 956 638 984 adulterio
648 969 662 982 »ι
675 960 772 994 autem
789 965 959 994 eum,quem
975 977 1000 1010 Β

125 999 348 1010 -.-..---ΔΑ-ΑΔ-η
361 999 548 1010 ἔῑιγᾲλὶὲκκηέ
578 1001 599 1010 γ’
704 1002 742 1010 In
768 1002 785 1010 ιι
835 1002 850 1008 ἐ
862 1002 877 1010 ι·

123 999 350 1035 susoepissetex
361 999 470 1036 illegali
481 1001 713 1037 conjugio,quod
723 1002 851 1029 Ratherii
861 1002 960 1039 lingua

125 1053 139 1069 α
163 1043 348 1072 adulterium
373 1055 386 1069 »
412 1045 530 1073 dicitur.
555 1046 643 1073 Erant
664 1046 755 1082 igitur
779 1046 888 1082 clerici,
908 1047 958 1083 qui

124 1088 311 1117 concubinas
330 1088 459 1122 alebant,
484 1093 568 1118 erant
583 1090 632 1118 alii
647 1091 698 1126 qui
715 1099 828 1120 uxores.
847 1092 958 1120 Horum

122 1134 226 1162 autem
237 1132 288 1161 ﬁlii
297 1134 356 1161 fere
371 1142 475 1162 omnes
485 1135 603 1162 erantin
620 1135 731 1163 olerum
742 1136 873 1172 ascripti,
885 1137 957 1164 adeo

123 1180 159 1206 ut
172 1177 204 1205 in
220 1189 235 1203 α
251 1178 404 1207 ltinerario
418 1190 431 1203 ›ι
444 1187 527 1207 num.
538 1181 565 1208 5.
581 1180 627 1208 vix
642 1179 771 1216 aliquem
797 1181 955 1217 puerulum

124 1221 156 1250 in
172 1221 250 1251 clero
260 1222 415 1250 inventum
426 1222 461 1250 iri
475 1223 611 1257 afﬁrmet,
629 1224 678 1261 qui
693 1236 707 1250 ‹‹
721 1233 881 1260 mnnzcres,
894 1237 908 1250 ››
927 1225 956 1254 id

122 1269 171 1296 est
184 1274 220 1294 ex
232 1267 433 1301 fornicatione,
448 1271 499 1296 aut
513 1269 658 1297 adulterio
671 1272 758 1297 natus
771 1278 827 1298 non
840 1272 929 1298 esset.
941 1281 956 1295 »

124 1310 156 1340 Si
181 1319 334 1340 manzeres
357 1311 524 1348 abjicerem,
551 1321 639 1349 quem
654 1321 689 1341 ex
703 1314 808 1342 iisdem
825 1314 956 1351 puerulis

123 1355 239 1384 starein
247 1355 335 1384 choro
349 1357 550 1392 permitterem
566 1359 580 1384 ?
590 1368 603 1382 ››
621 1358 729 1386 Omnes
744 1358 815 1386 item
828 1360 956 1395 exceptis

123 1399 260 1436 puerulis
279 1399 334 1429 hoc
348 1400 459 1437 illegali
475 1401 748 1438 conjugioirretitos
768 1403 866 1431 innuit
881 1403 955 1431 scri-

123 1443 268 1472 bens.»8i
291 1444 475 1473 multinubos
486 1454 503 1473 a
522 1445 659 1474 clericatu
676 1447 856 1483 repellercm,
867 1456 953 1483 quem

123 1488 182 1517 nisi
208 1488 350 1524 puerulos
366 1489 395 1518 iu
411 1489 534 1518 ecclesia
544 1491 739 1527 relinquerem
750 1492 763 1519 ?
790 1504 800 1516 η
819 1493 887 1520 Esto
904 1501 956 1528 per

123 1532 315 1570 hyperbolem
327 1536 356 1562 et
367 1536 620 1571 exaggerationem
634 1536 794 1572 scripserit,
809 1546 843 1564 ex
854 1536 900 1565 his
910 1540 954 1565 tae

122 1584 193 1606 mea
218 1578 359 1607 omnibus
380 1579 480 1615 negari
497 1587 554 1607 non
573 1582 669 1616 potest
688 1581 791 1609 vitium
808 1582 955 1618 ejusmodi

122 1622 236 1651 multos
248 1622 307 1651 imo
322 1622 479 1660 plerosque
488 1624 609 1653 clericos
624 1633 794 1661 occupasse.

157 1667 204 1696 99.
217 1667 394 1696 Inferiorum
405 1668 800 1698 clericorumcxcusationcm
814 1683 827 1695 ει
836 1673 954 1708 propter

119 1712 254 1748 inopiam
268 1723 282 1737 υ
307 1712 396 1749 paulo
412 1715 480 1741 ante
493 1713 699 1742 indicavimus.
713 1715 795 1743 Alius
811 1715 953 1743 nimirum

119 1757 235 1785 abusus
249 1756 425 1791 increverat,
439 1766 497 1794 quo
512 1766 579 1786 cum
597 1759 722 1795 majores
739 1758 834 1787 clerici
851 1769 953 1788 omnes

119 1802 182 1830 fere
195 1800 329 1830 ecclesiis
345 1801 478 1831 redditus
494 1802 550 1831 sibi
570 1802 780 1839 vindicassent,
801 1804 954 1833 inferiores

120 1846 253 1875 maxime
265 1848 397 1883 egestate
413 1847 631 1883 premebantur.
646 1859 660 1873 η
673 1848 769 1876 Causa
779 1859 793 1874 »
807 1849 834 1876 id
850 1851 955 1883 est,res

119 1894 149 1919 et
161 1891 240 1920 bona
253 1903 268 1917 ι(
282 1891 404 1919 illorum
418 1903 432 1916 »
442 1891 615 1920 clericorum
631 1892 760 1920 ecclesias
777 1892 955 1920 cathedralis

120 1943 221 1965 «,cum
235 1935 295 1964 Deo
306 1936 402 1972 gratia
417 1944 475 1964 non
488 1936 645 1964 mediocris
660 1937 753 1970 sit,ita
775 1945 826 1973 per
842 1945 954 1966 massa-

119 1980 204 2009 Iitias
219 1982 254 2008 et
262 1979 322 2009 alia
337 1980 528 2015 husjusmodi
547 1983 642 2008 exstat
665 1980 768 2015 divisa,
788 1983 819 2008 ut
835 1981 955 2016 quidam

118 2025 240 2054 illorum
264 2025 335 2053 inde
358 2025 513 2059 ditescant,
531 2025 689 2053 multitudo
703 2034 769 2054 vero
783 2028 955 2062 paupertate

120 2068 319 2107 hngueseat;
334 2071 364 2098 et
382 2069 468 2106 (proh
485 2069 598 2104 nefas!)
612 2070 662 2106 qui
680 2070 776 2106 majus
792 2071 850 2098 Deo
863 2071 893 2098 in
908 2079 953 2099 ec-

121 2113 213 2143 clesia
220 2113 363 2143 exhibent
373 2113 593 2148 servitium,aut
604 2113 687 2148 nihil,
697 2117 746 2142 aut
755 2114 903 2142 modicum
911 2123 956 2143 ac-

121 2159 237 2196 cipiant
246 2167 254 2194 ;
262 2158 316 2196 qui
322 2167 397 2196 pene
404 2158 477 2186 nihil
487 2159 523 2186 de
535 2158 679 2187 famulitio
687 2168 818 2195 unquam
834 2159 957 2187 actitant

120 2200 252 2239 Domini;
262 2203 427 2240 locupletes
450 2203 487 2232 de
512 2203 601 2231 rebus
622 2203 828 2232 ecclesiasticis
842 2205 923 2231 ﬁant.
942 2215 956 2228 η

120 2247 165 2277 ιω
177 2247 210 2276 in
225 2247 370 2277 Discordia
385 2255 469 2276 num.
480 2248 507 2275 6.
519 2259 532 2272 ιι
543 2247 598 2275 Per
611 2247 793 2275 massaritias
806 2259 819 2272 η
829 2248 957 2276 dividere

119 2292 201 2321 idem
224 2294 281 2327 est,
307 2299 342 2320 ac
364 2300 417 2327 per
442 2300 553 2328 campos
567 2294 593 2319 et
615 2300 708 2320 vmcas
723 2292 860 2326 dividere,
878 2293 956 2329 quod

1016 334 1163 370 propriam
1176 336 1357 365 voluntatem
1370 338 1620 373 solisdiaconibus
1633 341 1847 378 etpresbyteris

1015 378 1132 414 debent,
1158 388 1222 416 quae
1247 381 1408 410 Veronensi
1433 383 1560 411 ecclesiae
1583 383 1687 412 collata
1703 389 1782 420 sunt,
1799 395 1846 415 ce-

1015 423 1096 458 dere,
1110 425 1124 449 »‘
1135 426 1190 452 etc.
1199 426 1303 453 Confer
1310 426 1400 455 etiam
1407 427 1627 464 Apologeticum
1635 427 1749 466 [cxxvu)
1761 439 1844 459 num.

1014 466 1041 493 7.
1057 468 1138 499 Quod
1154 479 1167 495 ‹‹
1178 469 1249 497 solis
1265 468 1438 499 diaconibus
1452 473 1480 500 et
1495 472 1700 508 presbyteris»
1716 474 1768 509 ait,
1786 483 1844 504 non

1016 512 1054 539 de
1066 513 1206 542 omnibus
1214 514 1387 544 diaconibus
1398 518 1426 544 et
1432 517 1610 554 presbyteris
1620 517 1844 556 intelligendum

1015 559 1069 590 est,
1086 558 1136 585 sed
1152 558 1188 586 de
1204 559 1377 594 majoribus,
1393 569 1468 597 quos
1482 562 1627 590 canonicos
1641 558 1824 599 appellamus
1837 573 1843 599 ;

1015 604 1099 629 erant
1110 602 1188 630 enim
1200 602 1408 633 aliiinferiores
1417 606 1590 642 presbyteri,
1605 607 1655 643 qui
1673 608 1702 635 in
1717 609 1844 637 Judzcato

1015 645 1185 674 indicantur
1207 656 1361 685 pauperes,
1389 652 1417 677 et
1431 661 1446 675 ‹‹
1471 651 1635 688 presbyteri
1660 652 1803 689 capellani
1830 665 1843 679 η

1015 690 1218 720 nominantur:
1230 693 1284 721 hos
1292 695 1390 722 autem
1399 697 1466 722 ante
1475 695 1695 732 presbyteratus
1709 698 1843 728 ordinem

1013 734 1044 762 in
1059 736 1215 765 diaconatu
1230 737 1403 774 aliquandiu
1419 740 1589 769 constitisse
1604 740 1678 770 nihil
1694 745 1739 770 est
1755 744 1843 771 dubi-

1015 780 1148 808 tandum.

1051 824 1113 851 100.
1125 824 1189 852 Haec
1201 826 1300 855 minus
1308 828 1567 865 aequareddituum
1577 829 1843 861 ecclesiasticorum

1015 867 1185 898 distributio
1193 869 1319 899 aliorum
1328 868 1444 908 quoque
1451 873 1670 910 vitiorum,qua3
1678 877 1708 903 et
1716 877 1843 912 majores

1016 914 1044 939 ct
1059 912 1212 942 inferiores
1225 914 1346 944 clericos
1357 912 1539 952 inﬁciebant,
1552 926 1672 947 causam
1680 914 1844 956 praebuisse

1015 956 1143 1001 traditur
1158 958 1206 994 (De
1220 961 1374 996 contemptu
1388 969 1462 995 cum,
1480 964 1557 998 part.
1585 971 1604 997 ι,
1621 971 1650 990 n.
1663 964 1701 999 4).
1719 964 1843 1001 Majores

1016 1000 1094 1029 enim
1120 1002 1214 1037 ditati,
1239 1003 1353 1033 facilius
1377 1008 1478 1034 contra
1506 1007 1678 1044 episcopum
1707 1000 1843 1045 poterant

1015 1045 1168 1082 rebellare,
1192 1050 1219 1075 ct
1246 1048 1285 1076 ita
1310 1049 1455 1078 dominari
1474 1050 1674 1086 inferioribus,
1698 1056 1731 1081 ut
1745 1062 1795 1082 eos
1811 1055 1841 1082 in

1013 1098 1083 1118 suas
1110 1094 1218 1127 partes,
1243 1101 1311 1121 cum
1335 1093 1451 1130 vellent,
1474 1095 1564 1124 etiam
1589 1105 1641 1133 per
1664 1100 1839 1134 potestatem

1012 1134 1115 1162 laicam
1128 1136 1312 1173 compellere,
1329 1140 1358 1166 et
1372 1140 1624 1175 adjusjurandum
1632 1141 1781 1171 fidelitatis
1791 1143 1840 1172 alii

1011 1179 1158 1216 episcopo,
1187 1190 1275 1217 quem
1304 1184 1706 1221 attraxissent,przestandum
1726 1196 1839 1225 cogere,

1012 1226 1038 1250 et
1052 1223 1077 1251 si
1093 1233 1150 1252 non
1166 1226 1328 1261 obedircnt,
1345 1228 1380 1256 dc
1395 1228 1632 1258 ecclesia‘etiam
1652 1223 1839 1269 ejicercvpos-

1011 1272 1086 1296 sent.
1113 1270 1268 1298 Inferiores
1293 1274 1392 1301 autem
1412 1279 1479 1301 cum
1507 1282 1564 1302 non
1587 1274 1740 1310 baberent,
1762 1278 1840 1305 unde

1011 1321 1140 1350 congrue
1153 1315 1293 1349 viverent,
1309 1318 1338 1344 et
1347 1317 1624 1354 studiisofficiisque
1635 1319 1841 1350 ecclesiasticis

1011 1355 1157 1392 vacarent,
1175 1359 1236 1386 tunc
1252 1360 1385 1388 deserere
1407 1361 1452 1389 vel
1469 1362 1617 1399 negligere
1632 1371 1690 1392 non
1703 1365 1841 1393 vereban-

1011 1404 1073 1434 tur;
1091 1411 1124 1430 ex
1140 1411 1197 1439 quo
1214 1404 1297 1431 initia
1310 1404 1682 1441 detegunturctcauszecur
1691 1409 1839 1439 minorum

1011 1446 1148 1475 ordinum
1188 1448 1283 1476 ol’licia
1316 1448 1473 1483 declinare,
1503 1460 1536 1479 ac
1573 1452 1684 1481 sensim
1716 1454 1839 1483 deficere

1011 1491 1159 1527 cmperint.
1191 1493 1293 1521 Tantis
1326 1494 1413 1522 malis
1437 1497 1470 1523 ut
1498 1497 1662 1525 remedium
1696 1499 1840 1534 praeberet

1010 1536 1337 1573 episcopus,requiorcm
1353 1539 1521 1568 reddituum
1532 1541 1771 1571 distributionem
1790 1544 1838 1572 in-

1010 1581 1174 1609 ducendam
1186 1582 1319 1610 credidit.
1332 1583 1362 1610 Id
1374 1592 1433 1611 sure
1445 1585 1599 1621 potestatis
1610 1589 1838 1616 essecontende-

1009 1625 1059 1653 bat
1083 1634 1117 1653 cx
1138 1627 1229 1655 sacris
1251 1628 1424 1662 cauonibus,
1442 1638 1516 1665 quos
1542 1630 1572 1658 in
1600 1631 1677 1660 hanc
1692 1640 1755 1660 rem
1771 1635 1837 1661 ante

1009 1678 1094 1698 suam
1118 1672 1277 1699 secundam
1302 1673 1505 1708 cxpulsionem
1528 1676 1676 1703 memorias
1697 1677 1835 1712 juvandzn

1008 1723 1099 1742 causa
1113 1715 1279 1751 collegerat.
1291 1716 1391 1753 Neque
1405 1726 1472 1746 vero
1488 1718 1653 1755 mens'ejus
1668 1723 1730 1748 erat
1738 1721 1837 1749 cathe-

1009 1758 1101 1787 dralis
1116 1759 1243 1788 ecclesia:
1259 1760 1345 1788 bonis
1361 1761 1524 1797 quidquam
1535 1761 1699 1800 decerpere,
1713 1763 1838 1802 aliisque

1010 1803 1171 1838 vindicare;
1180 1804 1229 1831 sed
1238 1803 1267 1831 id
1275 1811 1367 1836 unum
1376 1805 1618 1841 prospiciebat,ut
1633 1816 1697 1844 quae
1703 1809 1837 1845 ejusdem

1011 1847 1138 1875 ecclesia:
1160 1847 1237 1875 clero
1259 1849 1421 1884 generatim
1447 1850 1563 1878 fuerant
1587 1851 1701 1888 collata,
1718 1854 1838 1890 aequiori

1011 1891 1167 1928 partitione
1190 1893 1362 1929 congruenti
1387 1894 1519 1922 omnium
1541 1897 1685 1934 cujusque
1700 1899 1837 1927 ordinum

1011 1937 1182 1965 clericorum
1196 1938 1402 1966 sustentationi
1414 1940 1592 1975 sufﬁcerent,
1600 1950 1636 1970 ne
1647 1942 1765 1972 divinus
1780 1944 1839 1972 cul-

1011 1983 1058 2009 tus
1075 1985 1102 2009 et
1118 1990 1201 2010 sacra
1216 1982 1312 2010 oflicia
1328 1983 1536 2014 detrimentum
1548 1989 1727 2022 cuperent,et
1740 1987 1788 2016 alii
1801 1989 1837 2017 ob

1010 2027 1132 2055 nimiam
1148 2035 1247 2055 rerum
1262 2023 1476 2063 abundantiam
1489 2032 1577 2067 atque
1587 2033 1750 2071 potentiam
1761 2033 1839 2062 inso-

1011 2071 1164 2104 lescerent,
1181 2071 1231 2099 alii
1244 2073 1282 2100 ob
1296 2073 1400 2108 inopiae
1412 2075 1617 2111 causationem
1629 2077 1838 2106 mulierositati

1011 2116 1172 2149 studerent,
1196 2124 1358 2152 omnesque
1371 2117 1409 2155 in
1424 2118 1530 2155 diversi
1546 2120 1663 2155 generis
1677 2121 1749 2150 vitia
1763 2122 1839 2151 dila-

1013 2161 1160 2188 bcrentur.
1177 2160 1256 2188 Nihil
1269 2154 1390 2196 justius,
1407 2163 1436 2189 et
1451 2154 1727 2193 sacﬁsicanonibus
1742 2166 1839 2203 magis

1012 2213 1186 2232 consonum.
1203 2204 1275 2232 Huic
1285 2207 1386 2232 tamen
1395 2206 1559 2234 auctoritati
1571 2210 1600 2234 et
1609 2208 1740 2243 aequitati
1749 2209 1840 2238 Vero-

1014 2257 1121 2277 ncnses
1137 2248 1234 2276 clerici
1260 2247 1492 2285 haudquaquam
1517 2250 1730 2287 acquiscentes,
1745 2253 1839 2281 solam

1013 2293 1060 2320 cui
1073 2292 1285 2326 innitebantur,
1298 2292 1545 2328 przedecessorum
1557 2303 1679 2323 suorum
1687 2300 1842 2326 consuetu-

118 2335 355 2379 inequnlitatcm
367 2335 454 2365 facile
470 2337 585 2364 induxit
605 2337 647 2374 (ν.
662 2338 721 2365 not.
734 2337 761 2370 7,
778 2337 806 2364 in
822 2338 956 2374 Dz'scord.)
972 2346 997 2381 Ι)
1014 2338 1113 2366 dinem
1124 2336 1840 2378 opponchant,eamquecuiqueazquitati,quibus-

114 2381 307 2410 Potentiam
314 2381 394 2410 enim
403 2383 432 2410 et
439 2382 566 2417 majores
572 2381 669 2410 clerici
677 2381 775 2418 plures
781 2390 813 2409 ac
823 2382 958 2411 meliores

120 2426 317 2463 “possim
327 2425 598 2459 vindicaveraut,ex
612 2426 720 2462 quibus
735 2427 958 2461 praebendorum

115 2466 318 2509 pinguior-um
333 2470 418 2507 origo
442 2470 637 2507 dignoscitur.
656 2470 797 2498 Similiter
812 2470 841 2498 in
857 2471 958 2499 eodem

122 2516 213 2552 opere
232 2523 318 2543 num.
340 2516 369 2543 2.
395 2514 611 2551 conqueritur:
642 2526 656 2540 «
680 2515 761 2547 Quod
785 2515 960 2551 generaliter

121 2558 269 2588 omnibus
275 2557 443 2588 estclericis
450 2558 673 2595 delegatum,ita
683 2558 866 2595 inaequaliter
875 2561 902 2586 ct
908 2568 960 2595 per

121 2603 314 2632 munitius
329 2603 484 2636 dividitur,
500 2605 533 2631 ut
547 2603 668 2639 quidam
680 2603 797 2631 illorum
809 2603 876 2632 inde
888 2605 960 2632 fiant

120 2647 610 2684 expauperrimislocupletissimi,
628 2647 748 2684 quidam
763 2648 959 2684 mediocriter,

119 2692 252 2731 quidam
269 2691 345 2720 nihil
363 2699 400 2721 ex
422 2699 457 2720 eo
473 2692 619 2729 accipiant
631 2693 752 2720 omnino
766 2701 817 2729 per
832 2702 919 2721 usum
933 2696 962 2722 et

121 2736 385 2770 consuetudinem,
399 2747 414 2761 n
427 2744 488 2773 qua
502 2745 537 2765 ea
551 2737 657 2776 divisio
673 2737 961 2774 propugnabatur.Et

121 2783 200 2820 pert.
227 2782 241 2811 1
269 2781 311 2813 De
329 2775 490 2817 contemptu
511 2789 658 2820 caprinum,
688 2790 769 2810 num.
791 2783 807 2809 4
830 2791 836 2810 :
861 2793 875 2807 τι
902 2782 961 2819 Ipsi

121 2825 224 2856 dorici
246 2825 495 2863 dividunt‘inter
518 2834 559 2860 se,
584 2829 672 2862 prout
700 2826 824 2863 quilibet
857 2835 960 2862 eorum

116 2864 276 2915 potentior
289 2872 339 2901 σοι
351 2871 382 2900 et
397 2877 458 2900 non
477 2870 570 2908 juxta
579 2871 821 2902 consuetudinem
837 2871 961 2903 aliarum

276 2931 427 2985 Ῥιηοι.
448 2933 604 2980 CXXXVI,

1014 2391 1070 2419 quc
1077 2381 1239 2409 canonibus
1248 2381 1465 2410 anteferendum
1476 2384 1667 2420 putabant.Et
1675 2395 1733 2415 non
1743 2387 1840 2416 solum

1015 2428 1143 2462 majores
1158 2425 1255 2454 clerici
1273 2426 1387 2461 divites,
1402 2435 1504 2456 verum
1520 2429 1608 2457 etiam
1624 2430 1715 2466 (quod
1732 2431 1840 2460 mirum

1014 2471 1135 2506 accidet)
1151 2470 1303 2499 inferiores
1319 2480 1463 2508 pauperes
1477 2473 1695 2510 congruentiori
1711 2474 1753 2502 illi
1767 2474 1841 2504 divi-

1014 2516 1087 2544 sioni
1097 2516 1472 2553 reddituum,qua:[cxxvm]
1480 2518 1535 2546 sibi
1543 2518 1841 2554 profuissetmaxime

1014 2561 1198 2589 obsistebant
1213 2560 1330 2588 duabus
1345 2561 1380 2588 de
1396 2562 1566 2598 causis(lbi.
1583 2571 1613 2590 η.
1625 2563 1652 2597 4,
1663 2565 1692 2591 et
1700 2564 1842 2593 Discordia

1015 2615 1044 2633 n.
1061 2606 1087 2633 6.
1102 2614 1109 2633 :
1127 2605 1234 2641 prima,
1251 2608 1284 2632 ut
1306 2606 1489 2641 paupertatis
1511 2606 1665 2636 occasione
1679 2616 1711 2636 se
1725 2608 1842 2636 facilius

1015 2652 1136 2687 possent
1150 2659 1167 2678 θ.
1182 2649 1280 2677 divino
1291 2649 1408 2678 servitio
1419 2650 1709 2686 subducere;altera,
1721 2652 1799 2689 quod
1811 2661 1843 2680 se

1017 2694 1102 2731 quisq
1108 2702 1143 2722 ue
1149 2693 1689 2731 sperarettandiuvicturum,quoadin
1695 2695 1842 2731 majorum

1016 2738 1189 2767 obeuntium
1205 2738 1330 2774 gradum
1344 2737 1503 2777 aliquando
1518 2739 1743 2768 ascendet-emta
1755 2746 1844 2774 porro

1015 2783 1154 2812 omnibus
1165 2781 1366 2810 obnitentibus
1377 2782 1512 2818 cpiscOpo
1524 2781 1599 2810 nihil
1609 2781 1783 2819 episcopalis
1794 2790 1846 2817 po-

1015 2827 1131 2857 testatis
1145 2827 1203 2855 sibi
1225 2826 1361 2854 relictum
1372 2825 1511 2862 queritur
1522 2827 1656 2863 «prater
1676 2824 1848 2854 chrismatis

1018 2871 1242 2908 contentionem,
1258 2871 1288 2899 et
1303 2865 1493 2900 chrismandi
1515 2867 1661 2909 quidlibet
1669 2867 1850 2905 potestatein
