  <div class='ocr_page' id='page_1' title='image "/cluster/home/n/w/nwhite01/storage/ocr_20150623/136-137/uc1.31175019686917/061.png"; bbox 0 0 3968 6424; ppageno 0'>
   <div class='ocr_carea' id='block_1_1' title="bbox 228 421 346 482">
    <p class='ocr_par' dir='ltr' id='par_1_1' title="bbox 228 421 346 482">
     <span class='ocr_line' id='line_1_1' title="bbox 228 421 346 482; baseline -0.025 1"><span class='ocrx_word' id='word_1_1' title='bbox 228 421 346 482; x_wconf 81' lang='grc'>107</span> 
     </span>
    </p>
   </div>
   <div class='ocr_carea' id='block_1_2' title="bbox 1178 400 2672 486">
    <p class='ocr_par' dir='ltr' id='par_1_2' title="bbox 1178 400 2672 486">
     <span class='ocr_line' id='line_1_2' title="bbox 1178 400 2672 486; baseline -0.003 -4"><span class='ocrx_word' id='word_1_2' title='bbox 1178 400 1645 486; x_wconf 51' lang='lat' dir='ltr'>armemus</span> <span class='ocrx_word' id='word_1_3' title='bbox 1688 410 2182 484; x_wconf 78' lang='lat' dir='ltr'>VERONENSIS</span> <span class='ocrx_word' id='word_1_4' title='bbox 2228 410 2672 482; x_wconf 85' lang='lat' dir='ltr'>EPISCOPUS.</span> 
     </span>
    </p>
   </div>
   <div class='ocr_carea' id='block_1_3' title="bbox 3525 410 3645 480">
    <p class='ocr_par' dir='ltr' id='par_1_3' title="bbox 3525 410 3645 480">
     <span class='ocr_line' id='line_1_3' title="bbox 3525 410 3645 480; baseline 0.033 -4"><span class='ocrx_word' id='word_1_5' title='bbox 3525 410 3645 480; x_wconf 87' lang='lat'>108</span> 
     </span>
    </p>
   </div>
   <div class='ocr_carea' id='block_1_4' title="bbox 228 549 3645 627">
    <p class='ocr_par' dir='ltr' id='par_1_4' title="bbox 228 549 3645 627">
     <span class='ocr_line' id='line_1_4' title="bbox 228 549 3645 627; baseline -0.001 -17"><span class='ocrx_word' id='word_1_6' title='bbox 228 555 325 627; x_wconf 89' lang='lat' dir='ltr'>(De</span> <span class='ocrx_word' id='word_1_7' title='bbox 353 560 679 626; x_wconf 85' lang='lat' dir='ltr'>comtemptu</span> <span class='ocrx_word' id='word_1_8' title='bbox 710 557 992 626; x_wconf 87' lang='lat' dir='ltr'>can.part.</span> <span class='ocrx_word' id='word_1_9' title='bbox 1025 553 1143 625; x_wconf 75' lang='lat' dir='ltr'><strong>xxx)</strong></span> <span class='ocrx_word' id='word_1_10' title='bbox 1183 569 1196 607; x_wconf 89' lang='lat'><strong>:</strong></span> <span class='ocrx_word' id='word_1_11' title='bbox 1232 576 1260 603; x_wconf 85' lang='lat'>»</span> <span class='ocrx_word' id='word_1_12' title='bbox 1284 553 1410 610; x_wconf 88' lang='lat' dir='ltr'>sola</span> <span class='ocrx_word' id='word_1_13' title='bbox 1440 552 1663 609; x_wconf 85' lang='lat' dir='ltr'>scilicet</span> <span class='ocrx_word' id='word_1_14' title='bbox 1692 557 1880 625; x_wconf 84' lang='lat' dir='ltr'>potcs-</span> <span class='ocrx_word' id='word_1_15' title='bbox 1906 551 1964 619; x_wconf 73' lang='grc' dir='ltr'><strong>Α</strong></span> <span class='ocrx_word' id='word_1_16' title='bbox 1993 567 2235 621; x_wconf 91' lang='lat' dir='ltr'>scopum</span> <span class='ocrx_word' id='word_1_17' title='bbox 2281 552 2637 607; x_wconf 86' lang='lat' dir='ltr'>concitatum</span> <span class='ocrx_word' id='word_1_18' title='bbox 2684 549 2945 618; x_wconf 81' lang='lat' dir='ltr'>vidisset,</span> <span class='ocrx_word' id='word_1_19' title='bbox 2978 553 3214 623; x_wconf 82' lang='lat' dir='ltr'>tempus</span> <span class='ocrx_word' id='word_1_20' title='bbox 3243 552 3645 622; x_wconf 89' lang='lat' dir='ltr'>opportunum</span> 
     </span>
    </p>
   </div>
   <div class='ocr_carea' id='block_1_5' title="bbox 225 638 1876 716">
    <p class='ocr_par' dir='ltr' id='par_1_5' title="bbox 225 638 1876 716">
     <span class='ocr_line' id='line_1_5' title="bbox 225 638 1876 716; baseline -0.002 -18"><span class='ocrx_word' id='word_1_21' title='bbox 225 638 346 699; x_wconf 87' lang='lat' dir='ltr'>tate</span> <span class='ocrx_word' id='word_1_22' title='bbox 392 642 617 699; x_wconf 86' lang='lat' dir='ltr'>ordinis</span> <span class='ocrx_word' id='word_1_23' title='bbox 642 642 756 716; x_wconf 89' lang='lat' dir='ltr'>ipsi</span> <span class='ocrx_word' id='word_1_24' title='bbox 795 642 1105 715; x_wconf 90' lang='lat' dir='ltr'>permissa,</span> <span class='ocrx_word' id='word_1_25' title='bbox 1138 645 1397 715; x_wconf 80' lang='lat' dir='ltr'>potestas</span> <span class='ocrx_word' id='word_1_26' title='bbox 1420 641 1876 713; x_wconf 86' lang='lat' dir='ltr'>jurisdictionis,</span> 
     </span>
    </p>
   </div>
   <div class='ocr_carea' id='block_1_6' title="bbox 224 726 1878 803">
    <p class='ocr_par' dir='ltr' id='par_1_6' title="bbox 224 726 1878 803">
     <span class='ocr_line' id='line_1_6' title="bbox 224 726 1878 803; baseline -0.002 -16"><span class='ocrx_word' id='word_1_27' title='bbox 224 726 616 800; x_wconf 85' lang='lat' dir='ltr'>distributiva,</span> <span class='ocrx_word' id='word_1_28' title='bbox 645 736 704 788; x_wconf 89' lang='lat' dir='ltr'>et</span> <span class='ocrx_word' id='word_1_29' title='bbox 751 731 1103 787; x_wconf 88' lang='lat' dir='ltr'>vindicativa</span> <span class='ocrx_word' id='word_1_30' title='bbox 1152 730 1391 786; x_wconf 88' lang='lat' dir='ltr'>omnino</span> <span class='ocrx_word' id='word_1_31' title='bbox 1423 730 1878 803; x_wconf 80' lang='lat' dir='ltr'>impediebatur.</span> 
     </span>
    </p>
   </div>
   <div class='ocr_carea' id='block_1_7' title="bbox 299 820 1879 894">
    <p class='ocr_par' dir='ltr' id='par_1_7' title="bbox 299 820 1879 894">
     <span class='ocr_line' id='line_1_7' title="bbox 299 820 1879 894; baseline -0.003 -17"><span class='ocrx_word' id='word_1_32' title='bbox 299 820 426 877; x_wconf 80' lang='grc'><strong>401.</strong></span> <span class='ocrx_word' id='word_1_33' title='bbox 476 822 915 894; x_wconf 90' lang='lat' dir='ltr'>Canoncs,quos</span> <span class='ocrx_word' id='word_1_34' title='bbox 964 825 1167 877; x_wconf 90' lang='lat' dir='ltr'>contra</span> <span class='ocrx_word' id='word_1_35' title='bbox 1225 820 1404 876; x_wconf 90' lang='lat' dir='ltr'>hosce</span> <span class='ocrx_word' id='word_1_36' title='bbox 1463 821 1686 877; x_wconf 87' lang='lat' dir='ltr'>abusus</span> <span class='ocrx_word' id='word_1_37' title='bbox 1747 824 1879 874; x_wconf 90' lang='lat' dir='ltr'>ante</span> 
     </span>
    </p>
   </div>
   <div class='ocr_carea' id='block_1_8' title="bbox 221 902 1878 983">
    <p class='ocr_par' dir='ltr' id='par_1_8' title="bbox 221 902 1878 983">
     <span class='ocr_line' id='line_1_8' title="bbox 221 902 1878 983; baseline -0.003 -16"><span class='ocrx_word' id='word_1_38' title='bbox 221 902 544 967; x_wconf 68' lang='lat' dir='ltr'>Secundam</span> <span class='ocrx_word' id='word_1_39' title='bbox 557 908 963 983; x_wconf 86' lang='lat' dir='ltr'>expulsionem</span> <span class='ocrx_word' id='word_1_40' title='bbox 977 909 1376 983; x_wconf 88' lang='lat' dir='ltr'>collegerat,in</span> <span class='ocrx_word' id='word_1_41' title='bbox 1395 914 1718 965; x_wconf 85' lang='lat' dir='ltr'>memorato</span> <span class='ocrx_word' id='word_1_42' title='bbox 1732 908 1878 963; x_wconf 92' lang='lat' dir='ltr'>libro</span> 
     </span>
    </p>
   </div>
   <div class='ocr_carea' id='block_1_9' title="bbox 226 996 1878 1072">
    <p class='ocr_par' dir='ltr' id='par_1_9' title="bbox 226 996 1878 1072">
     <span class='ocr_line' id='line_1_9' title="bbox 226 996 1878 1072; baseline -0.004 -16"><span class='ocrx_word' id='word_1_43' title='bbox 226 998 308 1056; x_wconf 91' lang='lat' dir='ltr'>De</span> <span class='ocrx_word' id='word_1_44' title='bbox 336 1003 674 1072; x_wconf 85' lang='lat' dir='ltr'>contemptu</span> <span class='ocrx_word' id='word_1_45' title='bbox 721 1015 1011 1055; x_wconf 88' lang='lat' dir='ltr'>canonum</span> <span class='ocrx_word' id='word_1_46' title='bbox 1045 1000 1154 1054; x_wconf 88' lang='lat' dir='ltr'>sub</span> <span class='ocrx_word' id='word_1_47' title='bbox 1197 996 1713 1071; x_wconf 86' lang='lat' dir='ltr'>quadragesimam</span> <span class='ocrx_word' id='word_1_48' title='bbox 1741 996 1878 1053; x_wconf 87' lang='lat' dir='ltr'>anni</span> 
     </span>
    </p>
   </div>
   <div class='ocr_carea' id='block_1_10' title="bbox 229 1086 1881 1161">
    <p class='ocr_par' dir='ltr' id='par_1_10' title="bbox 229 1086 1881 1161">
     <span class='ocr_line' id='line_1_10' title="bbox 229 1086 1881 1161; baseline -0.001 -19"><span class='ocrx_word' id='word_1_49' title='bbox 229 1088 337 1143; x_wconf 84' lang='grc'>964</span> <span class='ocrx_word' id='word_1_50' title='bbox 382 1087 649 1161; x_wconf 83' lang='lat' dir='ltr'>digessit,</span> <span class='ocrx_word' id='word_1_51' title='bbox 697 1092 756 1144; x_wconf 88' lang='lat' dir='ltr'>et</span> <span class='ocrx_word' id='word_1_52' title='bbox 803 1086 1005 1143; x_wconf 85' lang='lat' dir='ltr'>edidit.</span> <span class='ocrx_word' id='word_1_53' title='bbox 1065 1088 1168 1143; x_wconf 89' lang='lat' dir='ltr'>Hic</span> <span class='ocrx_word' id='word_1_54' title='bbox 1217 1087 1365 1143; x_wconf 88' lang='lat' dir='ltr'>liber</span> <span class='ocrx_word' id='word_1_55' title='bbox 1408 1086 1468 1141; x_wconf 90' lang='lat' dir='ltr'>in</span> <span class='ocrx_word' id='word_1_56' title='bbox 1505 1087 1654 1142; x_wconf 90' lang='lat' dir='ltr'>duas</span> <span class='ocrx_word' id='word_1_57' title='bbox 1685 1089 1881 1158; x_wconf 87' lang='lat' dir='ltr'>partes</span> 
     </span>
    </p>
   </div>
   <div class='ocr_carea' id='block_1_11' title="bbox 231 1174 1881 1250">
    <p class='ocr_par' dir='ltr' id='par_1_11' title="bbox 231 1174 1881 1250">
     <span class='ocr_line' id='line_1_11' title="bbox 231 1174 1881 1250; baseline -0.002 -18"><span class='ocrx_word' id='word_1_58' title='bbox 231 1175 639 1250; x_wconf 81' lang='lat' dir='ltr'>distinguitur.</span> <span class='ocrx_word' id='word_1_59' title='bbox 676 1176 735 1231; x_wconf 87' lang='lat' dir='ltr'>lu</span> <span class='ocrx_word' id='word_1_60' title='bbox 772 1176 964 1248; x_wconf 89' lang='lat' dir='ltr'>prima</span> <span class='ocrx_word' id='word_1_61' title='bbox 993 1179 1126 1248; x_wconf 92' lang='lat' dir='ltr'>post</span> <span class='ocrx_word' id='word_1_62' title='bbox 1162 1177 1334 1231; x_wconf 82' lang='lat' dir='ltr'>breve</span> <span class='ocrx_word' id='word_1_63' title='bbox 1360 1174 1729 1247; x_wconf 66' lang='lat' dir='ltr'>prooemium,</span> <span class='ocrx_word' id='word_1_64' title='bbox 1764 1190 1881 1246; x_wconf 93' lang='lat' dir='ltr'>quo</span> 
     </span>
    </p>
   </div>
   <div class='ocr_carea' id='block_1_12' title="bbox 230 1263 1883 1331">
    <p class='ocr_par' dir='ltr' id='par_1_12' title="bbox 230 1263 1883 1331">
     <span class='ocr_line' id='line_1_12' title="bbox 230 1263 1883 1331; baseline -0.003 -10"><span class='ocrx_word' id='word_1_65' title='bbox 230 1264 525 1321; x_wconf 89' lang='lat' dir='ltr'>scribendi</span> <span class='ocrx_word' id='word_1_66' title='bbox 570 1263 936 1320; x_wconf 83' lang='lat' dir='ltr'>occasionem</span> <span class='ocrx_word' id='word_1_67' title='bbox 987 1263 1227 1331; x_wconf 84' lang='lat' dir='ltr'>indicat,</span> <span class='ocrx_word' id='word_1_68' title='bbox 1281 1279 1533 1318; x_wconf 87' lang='lat' dir='ltr'>canones</span> <span class='ocrx_word' id='word_1_69' title='bbox 1562 1267 1619 1318; x_wconf 86' lang='lat' dir='ltr'>et</span> <span class='ocrx_word' id='word_1_70' title='bbox 1651 1263 1883 1318; x_wconf 90' lang='lat' dir='ltr'>decreta</span> 
     </span>
    </p>
   </div>
   <div class='ocr_carea' id='block_1_13' title="bbox 230 1340 1882 1426">
    <p class='ocr_par' dir='ltr' id='par_1_13' title="bbox 230 1340 1882 1426">
     <span class='ocr_line' id='line_1_13' title="bbox 230 1340 1882 1426; baseline -0.002 -18"><span class='ocrx_word' id='word_1_71' title='bbox 230 1352 520 1426; x_wconf 90' lang='lat' dir='ltr'>producit,</span> <span class='ocrx_word' id='word_1_72' title='bbox 549 1352 766 1425; x_wconf 87' lang='lat' dir='ltr'>quibus</span> <span class='ocrx_word' id='word_1_73' title='bbox 796 1352 1070 1425; x_wconf 87' lang='lat' dir='ltr'>episcopo</span> <span class='ocrx_word' id='word_1_74' title='bbox 1102 1368 1218 1407; x_wconf 90' lang='lat' dir='ltr'>non</span> <span class='ocrx_word' id='word_1_75' title='bbox 1249 1340 1442 1407; x_wconf 82' lang='lat' dir='ltr'>solum</span> <span class='ocrx_word' id='word_1_76' title='bbox 1473 1367 1670 1407; x_wconf 90' lang='lat' dir='ltr'>rerum</span> <span class='ocrx_word' id='word_1_77' title='bbox 1710 1348 1882 1422; x_wconf 87' lang='lat' dir='ltr'>spiri-</span> 
     </span>
    </p>
   </div>
   <div class='ocr_carea' id='block_1_14' title="bbox 229 1439 1876 1513">
    <p class='ocr_par' dir='ltr' id='par_1_14' title="bbox 229 1439 1876 1513">
     <span class='ocr_line' id='line_1_14' title="bbox 229 1439 1876 1513; baseline -0.002 -17"><span class='ocrx_word' id='word_1_78' title='bbox 229 1440 482 1497; x_wconf 89' lang='lat' dir='ltr'>tualium</span> <span class='ocrx_word' id='word_1_79' title='bbox 514 1442 614 1497; x_wconf 91' lang='lat' dir='ltr'>sed</span> <span class='ocrx_word' id='word_1_80' title='bbox 641 1440 1052 1513; x_wconf 81' lang='lat' dir='ltr'>temporalium</span> <span class='ocrx_word' id='word_1_81' title='bbox 1084 1440 1260 1496; x_wconf 89' lang='lat' dir='ltr'>etiam</span> <span class='ocrx_word' id='word_1_82' title='bbox 1292 1439 1548 1496; x_wconf 68' lang='lat' dir='ltr'>ecclesia:</span> <span class='ocrx_word' id='word_1_83' title='bbox 1587 1441 1876 1495; x_wconf 87' lang='lat' dir='ltr'>bonorum</span> 
     </span>
    </p>
   </div>
   <div class='ocr_carea' id='block_1_15' title="bbox 233 1528 1883 1601">
    <p class='ocr_par' dir='ltr' id='par_1_15' title="bbox 233 1528 1883 1601">
     <span class='ocr_line' id='line_1_15' title="bbox 233 1528 1883 1601; baseline -0.001 -18"><span class='ocrx_word' id='word_1_84' title='bbox 233 1545 376 1584; x_wconf 92' lang='lat' dir='ltr'>cura</span> <span class='ocrx_word' id='word_1_85' title='bbox 406 1533 463 1585; x_wconf 89' lang='lat' dir='ltr'>et</span> <span class='ocrx_word' id='word_1_86' title='bbox 493 1529 851 1601; x_wconf 85' lang='lat' dir='ltr'>dispensatio</span> <span class='ocrx_word' id='word_1_87' title='bbox 879 1530 1305 1584; x_wconf 89' lang='lat' dir='ltr'>committitur:</span> <span class='ocrx_word' id='word_1_88' title='bbox 1338 1545 1454 1601; x_wconf 90' lang='lat' dir='ltr'>qua</span> <span class='ocrx_word' id='word_1_89' title='bbox 1497 1529 1545 1584; x_wconf 90' lang='lat' dir='ltr'>si</span> <span class='ocrx_word' id='word_1_90' title='bbox 1578 1533 1789 1595; x_wconf 86' lang='lat' dir='ltr'>careat,</span> <span class='ocrx_word' id='word_1_91' title='bbox 1825 1528 1883 1582; x_wconf 89' lang='lat' dir='ltr'>in</span> 
     </span>
    </p>
   </div>
   <div class='ocr_carea' id='block_1_16' title="bbox 230 1615 1888 1690">
    <p class='ocr_par' dir='ltr' id='par_1_16' title="bbox 230 1615 1888 1690">
     <span class='ocr_line' id='line_1_16' title="bbox 230 1615 1888 1690; baseline 0 -19"><span class='ocrx_word' id='word_1_92' title='bbox 230 1615 375 1690; x_wconf 85' lang='lat' dir='ltr'>ipsis</span> <span class='ocrx_word' id='word_1_93' title='bbox 407 1618 583 1673; x_wconf 89' lang='lat' dir='ltr'>rebus</span> <span class='ocrx_word' id='word_1_94' title='bbox 607 1617 1014 1689; x_wconf 86' lang='lat' dir='ltr'>spiritualibus</span> <span class='ocrx_word' id='word_1_95' title='bbox 1038 1618 1357 1684; x_wconf 90' lang='lat' dir='ltr'>modicum,</span> <span class='ocrx_word' id='word_1_96' title='bbox 1383 1621 1483 1672; x_wconf 90' lang='lat' dir='ltr'>aut</span> <span class='ocrx_word' id='word_1_97' title='bbox 1510 1616 1764 1671; x_wconf 87' lang='lat' dir='ltr'>nihilum</span> <span class='ocrx_word' id='word_1_98' title='bbox 1790 1632 1888 1687; x_wconf 86' lang='lat' dir='ltr'>po-</span> 
     </span>
    </p>
   </div>
   <div class='ocr_carea' id='block_1_17' title="bbox 225 1702 1885 1777">
    <p class='ocr_par' dir='ltr' id='par_1_17' title="bbox 225 1702 1885 1777">
     <span class='ocr_line' id='line_1_17' title="bbox 225 1702 1885 1777; baseline -0.001 -17"><span class='ocrx_word' id='word_1_99' title='bbox 225 1704 640 1773; x_wconf 89' lang='lat' dir='ltr'>terit.Etenim,</span> <span class='ocrx_word' id='word_1_100' title='bbox 661 1705 1047 1777; x_wconf 87' lang='lat' dir='ltr'>inquit,num.</span> <span class='ocrx_word' id='word_1_101' title='bbox 1076 1708 1130 1774; x_wconf 82' lang='grc'><strong>4,</strong></span> <span class='ocrx_word' id='word_1_102' title='bbox 1167 1728 1193 1755; x_wconf 88' lang='grc'>‹‹</span> <span class='ocrx_word' id='word_1_103' title='bbox 1215 1722 1349 1761; x_wconf 90' lang='lat' dir='ltr'>cum</span> <span class='ocrx_word' id='word_1_104' title='bbox 1367 1704 1667 1760; x_wconf 87' lang='lat' dir='ltr'>rarissime</span> <span class='ocrx_word' id='word_1_105' title='bbox 1689 1702 1885 1760; x_wconf 90' lang='lat' dir='ltr'>videas</span> 
     </span>
    </p>
   </div>
   <div class='ocr_carea' id='block_1_18' title="bbox 226 1792 1882 1866">
    <p class='ocr_par' dir='ltr' id='par_1_18' title="bbox 226 1792 1882 1866">
     <span class='ocr_line' id='line_1_18' title="bbox 226 1792 1882 1866; baseline -0.001 -19"><span class='ocrx_word' id='word_1_106' title='bbox 226 1793 411 1866; x_wconf 80' lang='lat' dir='ltr'>gratis</span> <span class='ocrx_word' id='word_1_107' title='bbox 424 1793 781 1865; x_wconf 86' lang='lat' dir='ltr'>aliquos,sed</span> <span class='ocrx_word' id='word_1_108' title='bbox 795 1796 897 1850; x_wconf 90' lang='lat' dir='ltr'>aut</span> <span class='ocrx_word' id='word_1_109' title='bbox 909 1794 1247 1858; x_wconf 88' lang='lat' dir='ltr'>timore,aut</span> <span class='ocrx_word' id='word_1_110' title='bbox 1259 1792 1640 1849; x_wconf 69' lang='lat' dir='ltr'>confaaderari</span> <span class='ocrx_word' id='word_1_111' title='bbox 1656 1809 1882 1860; x_wconf 89' lang='lat' dir='ltr'>amore;</span> 
     </span>
    </p>
   </div>
   <div class='ocr_carea' id='block_1_19' title="bbox 1989 637 3646 711">
    <p class='ocr_par' dir='ltr' id='par_1_19' title="bbox 1989 637 3646 711">
     <span class='ocr_line' id='line_1_19' title="bbox 1989 637 3646 711; baseline 0 -17"><span class='ocrx_word' id='word_1_112' title='bbox 1989 638 2254 705; x_wconf 88' lang='lat' dir='ltr'>credidit,</span> <span class='ocrx_word' id='word_1_113' title='bbox 2285 655 2400 711; x_wconf 91' lang='lat' dir='ltr'>quo</span> <span class='ocrx_word' id='word_1_114' title='bbox 2431 640 2698 711; x_wconf 89' lang='lat' dir='ltr'>ejusdem</span> <span class='ocrx_word' id='word_1_115' title='bbox 2723 638 2859 695; x_wconf 89' lang='lat' dir='ltr'>cleri</span> <span class='ocrx_word' id='word_1_116' title='bbox 2892 637 3185 711; x_wconf 90' lang='lat' dir='ltr'>capitibus</span> <span class='ocrx_word' id='word_1_117' title='bbox 3200 654 3403 694; x_wconf 88' lang='lat' dir='ltr'>secum</span> <span class='ocrx_word' id='word_1_118' title='bbox 3423 638 3646 700; x_wconf 83' lang='lat' dir='ltr'>ascitis,</span> 
     </span>
    </p>
   </div>
   <div class='ocr_carea' id='block_1_20' title="bbox 1989 726 3649 801">
    <p class='ocr_par' dir='ltr' id='par_1_20' title="bbox 1989 726 3649 801">
     <span class='ocr_line' id='line_1_20' title="bbox 1989 726 3649 801; baseline 0 -18"><span class='ocrx_word' id='word_1_119' title='bbox 1989 726 2049 783; x_wconf 90' lang='lat' dir='ltr'>in</span> <span class='ocrx_word' id='word_1_120' title='bbox 2076 742 2210 783; x_wconf 89' lang='lat' dir='ltr'>eum</span> <span class='ocrx_word' id='word_1_121' title='bbox 2244 727 2466 801; x_wconf 88' lang='lat' dir='ltr'>aliquid</span> <span class='ocrx_word' id='word_1_122' title='bbox 2498 726 2812 783; x_wconf 89' lang='lat' dir='ltr'>violentius</span> <span class='ocrx_word' id='word_1_123' title='bbox 2844 731 3117 783; x_wconf 82' lang='lat' dir='ltr'>tentaret.</span> <span class='ocrx_word' id='word_1_124' title='bbox 3145 727 3649 799; x_wconf 84' lang='lat' dir='ltr'>Hujusconspira-</span> 
     </span>
    </p>
   </div>
   <div class='ocr_carea' id='block_1_21' title="bbox 1988 814 3650 889">
    <p class='ocr_par' dir='ltr' id='par_1_21' title="bbox 1988 814 3650 889">
     <span class='ocr_line' id='line_1_21' title="bbox 1988 814 3650 889; baseline 0.001 -18"><span class='ocrx_word' id='word_1_125' title='bbox 1988 816 2397 872; x_wconf 90' lang='lat' dir='ltr'>tionisindicia</span> <span class='ocrx_word' id='word_1_126' title='bbox 2430 815 2849 873; x_wconf 85' lang='lat' dir='ltr'>suboleverunt</span> <span class='ocrx_word' id='word_1_127' title='bbox 2870 838 2892 866; x_wconf 74' lang='grc' dir='ltr'>ι</span> <span class='ocrx_word' id='word_1_128' title='bbox 2915 815 3145 888; x_wconf 62' lang='lat' dir='ltr'>inclytae</span> <span class='ocrx_word' id='word_1_129' title='bbox 3178 814 3262 870; x_wconf 90' lang='lat' dir='ltr'>illi</span> <span class='ocrx_word' id='word_1_130' title='bbox 3293 815 3449 882; x_wconf 91' lang='lat' dir='ltr'>duci,</span> <span class='ocrx_word' id='word_1_131' title='bbox 3478 833 3650 889; x_wconf 59' lang='lat' dir='ltr'>iiquae</span> 
     </span>
    </p>
   </div>
   <div class='ocr_carea' id='block_1_22' title="bbox 1990 904 3649 971">
    <p class='ocr_par' dir='ltr' id='par_1_22' title="bbox 1990 904 3649 971">
     <span class='ocr_line' id='line_1_22' title="bbox 1990 904 3649 971; baseline -0.001 -10"><span class='ocrx_word' id='word_1_132' title='bbox 1990 905 2334 961; x_wconf 82' lang='lat' dir='ltr'>Ratherium</span> <span class='ocrx_word' id='word_1_133' title='bbox 2354 904 2567 961; x_wconf 84' lang='lat' dir='ltr'>idcirco</span> <span class='ocrx_word' id='word_1_134' title='bbox 2584 904 2819 960; x_wconf 89' lang='lat' dir='ltr'>tuitioni</span> <span class='ocrx_word' id='word_1_135' title='bbox 2836 904 3078 961; x_wconf 90' lang='lat' dir='ltr'>comitis</span> <span class='ocrx_word' id='word_1_136' title='bbox 3097 904 3649 971; x_wconf 85' lang='lat' dir='ltr'>commendavit,uti</span> 
     </span>
    </p>
   </div>
   <div class='ocr_carea' id='block_1_23' title="bbox 1989 993 3653 1065">
    <p class='ocr_par' dir='ltr' id='par_1_23' title="bbox 1989 993 3653 1065">
     <span class='ocr_line' id='line_1_23' title="bbox 1989 993 3653 1065; baseline -0.002 -15"><span class='ocrx_word' id='word_1_137' title='bbox 1989 995 2241 1050; x_wconf 79' lang='lat' dir='ltr'>traditur</span> <span class='ocrx_word' id='word_1_138' title='bbox 2270 994 2331 1049; x_wconf 88' lang='lat' dir='ltr'>in</span> <span class='ocrx_word' id='word_1_139' title='bbox 2363 1018 2389 1044; x_wconf 88' lang='lat'><strong>«</strong></span> <span class='ocrx_word' id='word_1_140' title='bbox 2424 993 2734 1057; x_wconf 87' lang='lat' dir='ltr'>Qualitatis</span> <span class='ocrx_word' id='word_1_141' title='bbox 2764 994 3101 1065; x_wconf 86' lang='lat' dir='ltr'>conjectura</span> <span class='ocrx_word' id='word_1_142' title='bbox 3125 1014 3152 1042; x_wconf 86' lang='grc'><strong>››</strong></span> <span class='ocrx_word' id='word_1_143' title='bbox 3176 1008 3341 1048; x_wconf 90' lang='lat' dir='ltr'>num.</span> <span class='ocrx_word' id='word_1_144' title='bbox 3377 993 3462 1047; x_wconf 79' lang='grc'>14.</span> <span class='ocrx_word' id='word_1_145' title='bbox 3484 1015 3513 1043; x_wconf 89' lang='grc'><em>‹‹</em></span> <span class='ocrx_word' id='word_1_146' title='bbox 3538 993 3653 1048; x_wconf 86' lang='lat' dir='ltr'>Hu-</span> 
     </span>
    </p>
   </div>
   <div class='ocr_carea' id='block_1_24' title="bbox 1982 1080 3652 1155">
    <p class='ocr_par' dir='ltr' id='par_1_24' title="bbox 1982 1080 3652 1155">
     <span class='ocr_line' id='line_1_24' title="bbox 1982 1080 3652 1155; baseline -0.001 -16"><span class='ocrx_word' id='word_1_147' title='bbox 1982 1082 2315 1155; x_wconf 89' lang='lat' dir='ltr'>juscemodi</span> <span class='ocrx_word' id='word_1_148' title='bbox 2365 1083 2424 1137; x_wconf 90' lang='lat' dir='ltr'>in</span> <span class='ocrx_word' id='word_1_149' title='bbox 2480 1099 2574 1138; x_wconf 91' lang='lat' dir='ltr'>me</span> <span class='ocrx_word' id='word_1_150' title='bbox 2623 1083 2743 1138; x_wconf 79' lang='lat' dir='ltr'>dux</span> <span class='ocrx_word' id='word_1_151' title='bbox 2780 1081 3003 1155; x_wconf 81' lang='lat' dir='ltr'>inclyta</span> <span class='ocrx_word' id='word_1_152' title='bbox 3030 1080 3396 1153; x_wconf 87' lang='lat' dir='ltr'>comperiens</span> <span class='ocrx_word' id='word_1_153' title='bbox 3427 1098 3652 1148; x_wconf 86' lang='lat' dir='ltr'>mores,</span> 
     </span>
    </p>
   </div>
   <div class='ocr_carea' id='block_1_25' title="bbox 1990 1170 3651 1244">
    <p class='ocr_par' dir='ltr' id='par_1_25' title="bbox 1990 1170 3651 1244">
     <span class='ocr_line' id='line_1_25' title="bbox 1990 1170 3651 1244; baseline -0.001 -17"><span class='ocrx_word' id='word_1_154' title='bbox 1990 1171 2244 1244; x_wconf 83' lang='lat' dir='ltr'>indeque</span> <span class='ocrx_word' id='word_1_155' title='bbox 2294 1171 2438 1226; x_wconf 87' lang='lat' dir='ltr'>mihi</span> <span class='ocrx_word' id='word_1_156' title='bbox 2489 1171 2761 1227; x_wconf 89' lang='lat' dir='ltr'>inimicos</span> <span class='ocrx_word' id='word_1_157' title='bbox 2792 1188 2896 1243; x_wconf 91' lang='lat' dir='ltr'>per</span> <span class='ocrx_word' id='word_1_158' title='bbox 2925 1170 3147 1243; x_wconf 86' lang='lat' dir='ltr'>plures,</span> <span class='ocrx_word' id='word_1_159' title='bbox 3180 1170 3651 1243; x_wconf 85' lang='lat' dir='ltr'>destitutumque</span> 
     </span>
    </p>
   </div>
   <div class='ocr_carea' id='block_1_26' title="bbox 1992 1259 3648 1332">
    <p class='ocr_par' dir='ltr' id='par_1_26' title="bbox 1992 1259 3648 1332">
     <span class='ocr_line' id='line_1_26' title="bbox 1992 1259 3648 1332; baseline 0 -17"><span class='ocrx_word' id='word_1_160' title='bbox 1992 1260 2315 1316; x_wconf 89' lang='lat' dir='ltr'>amicorum</span> <span class='ocrx_word' id='word_1_161' title='bbox 2349 1260 2642 1332; x_wconf 63' lang='lat' dir='ltr'>praesidio,</span> <span class='ocrx_word' id='word_1_162' title='bbox 2674 1263 2875 1331; x_wconf 86' lang='lat' dir='ltr'>utpote</span> <span class='ocrx_word' id='word_1_163' title='bbox 2907 1260 3214 1326; x_wconf 87' lang='lat' dir='ltr'>advenam,</span> <span class='ocrx_word' id='word_1_164' title='bbox 3254 1259 3648 1326; x_wconf 89' lang='lat' dir='ltr'>omnium,ve-</span> 
     </span>
    </p>
   </div>
   <div class='ocr_carea' id='block_1_27' title="bbox 1992 1347 3646 1421">
    <p class='ocr_par' dir='ltr' id='par_1_27' title="bbox 1992 1347 3646 1421">
     <span class='ocr_line' id='line_1_27' title="bbox 1992 1347 3646 1421; baseline -0.001 -16"><span class='ocrx_word' id='word_1_165' title='bbox 1992 1348 2105 1405; x_wconf 90' lang='lat' dir='ltr'>rita</span> <span class='ocrx_word' id='word_1_166' title='bbox 2135 1366 2206 1404; x_wconf 91' lang='lat' dir='ltr'>ne</span> <span class='ocrx_word' id='word_1_167' title='bbox 2254 1349 2423 1421; x_wconf 91' lang='lat' dir='ltr'>pejus</span> <span class='ocrx_word' id='word_1_168' title='bbox 2466 1349 2645 1405; x_wconf 88' lang='lat' dir='ltr'>etiam</span> <span class='ocrx_word' id='word_1_169' title='bbox 2686 1348 2831 1404; x_wconf 91' lang='lat' dir='ltr'>mihi</span> <span class='ocrx_word' id='word_1_170' title='bbox 2859 1365 3041 1421; x_wconf 90' lang='lat' dir='ltr'>quam</span> <span class='ocrx_word' id='word_1_171' title='bbox 3091 1347 3339 1421; x_wconf 89' lang='lat' dir='ltr'>contigit</span> <span class='ocrx_word' id='word_1_172' title='bbox 3367 1347 3646 1415; x_wconf 88' lang='lat' dir='ltr'>eveniret,</span> 
     </span>
    </p>
   </div>
   <div class='ocr_carea' id='block_1_28' title="bbox 1997 1436 3651 1508">
    <p class='ocr_par' dir='ltr' id='par_1_28' title="bbox 1997 1436 3651 1508">
     <span class='ocr_line' id='line_1_28' title="bbox 1997 1436 3651 1508; baseline -0.001 -14"><span class='ocrx_word' id='word_1_173' title='bbox 1997 1437 2428 1494; x_wconf 87' lang='lat' dir='ltr'>commendavit</span> <span class='ocrx_word' id='word_1_174' title='bbox 2459 1453 2551 1493; x_wconf 90' lang='lat' dir='ltr'>me</span> <span class='ocrx_word' id='word_1_175' title='bbox 2582 1437 2816 1494; x_wconf 87' lang='lat' dir='ltr'>tuitioni</span> <span class='ocrx_word' id='word_1_176' title='bbox 2839 1438 3071 1493; x_wconf 91' lang='lat' dir='ltr'>comitis</span> <span class='ocrx_word' id='word_1_177' title='bbox 3092 1454 3208 1493; x_wconf 89' lang='lat' dir='ltr'>non</span> <span class='ocrx_word' id='word_1_178' title='bbox 3231 1436 3436 1508; x_wconf 87' lang='lat' dir='ltr'>ignoti.</span> <span class='ocrx_word' id='word_1_179' title='bbox 3464 1459 3493 1485; x_wconf 77' lang='grc' dir='ltr'>ι»</span> <span class='ocrx_word' id='word_1_180' title='bbox 3517 1437 3651 1493; x_wconf 62' lang='lat' dir='ltr'>Hac</span> 
     </span>
    </p>
   </div>
   <div class='ocr_carea' id='block_1_29' title="bbox 1996 1524 3648 1599">
    <p class='ocr_par' dir='ltr' id='par_1_29' title="bbox 1996 1524 3648 1599">
     <span class='ocr_line' id='line_1_29' title="bbox 1996 1524 3648 1599; baseline 0.002 -23"><span class='ocrx_word' id='word_1_181' title='bbox 1996 1550 2023 1576; x_wconf 87' lang='grc'>‹‹</span> <span class='ocrx_word' id='word_1_182' title='bbox 2070 1527 2187 1582; x_wconf 86' lang='lat' dir='ltr'>dux</span> <span class='ocrx_word' id='word_1_183' title='bbox 2235 1525 2497 1599; x_wconf 81' lang='lat' dir='ltr'>inclyta»</span> <span class='ocrx_word' id='word_1_184' title='bbox 2550 1531 2676 1581; x_wconf 89' lang='lat' dir='ltr'>erat</span> <span class='ocrx_word' id='word_1_185' title='bbox 2725 1526 2973 1583; x_wconf 84' lang='lat' dir='ltr'>Juditha</span> <span class='ocrx_word' id='word_1_186' title='bbox 3005 1524 3233 1582; x_wconf 85' lang='lat' dir='ltr'>Henrici</span> <span class='ocrx_word' id='word_1_187' title='bbox 3269 1526 3316 1580; x_wconf 87' lang='lat' dir='ltr'>ll</span> <span class='ocrx_word' id='word_1_188' title='bbox 3367 1525 3648 1596; x_wconf 64' lang='lat' dir='ltr'>Bajoaria</span> 
     </span>
    </p>
   </div>
   <div class='ocr_carea' id='block_1_30' title="bbox 1994 1612 3652 1687">
    <p class='ocr_par' dir='ltr' id='par_1_30' title="bbox 1994 1612 3652 1687">
     <span class='ocr_line' id='line_1_30' title="bbox 1994 1612 3652 1687; baseline 0.001 -17"><span class='ocrx_word' id='word_1_189' title='bbox 1994 1615 2163 1670; x_wconf 91' lang='lat' dir='ltr'>ducis</span> <span class='ocrx_word' id='word_1_190' title='bbox 2194 1621 2400 1686; x_wconf 86' lang='lat' dir='ltr'>mater,</span> <span class='ocrx_word' id='word_1_191' title='bbox 2433 1632 2561 1687; x_wconf 64' lang='lat' dir='ltr'>quae</span> <span class='ocrx_word' id='word_1_192' title='bbox 2594 1631 2728 1670; x_wconf 91' lang='lat' dir='ltr'>cum</span> <span class='ocrx_word' id='word_1_193' title='bbox 2762 1614 3037 1685; x_wconf 74' lang='lat' dir='ltr'>Bajoaria:</span> <span class='ocrx_word' id='word_1_194' title='bbox 3068 1615 3347 1670; x_wconf 91' lang='lat' dir='ltr'>ducatum</span> <span class='ocrx_word' id='word_1_195' title='bbox 3380 1612 3561 1670; x_wconf 88' lang='lat' dir='ltr'>simul</span> <span class='ocrx_word' id='word_1_196' title='bbox 3590 1618 3652 1671; x_wconf 87' lang='lat' dir='ltr'>et</span> 
     </span>
    </p>
   </div>
   <div class='ocr_carea' id='block_1_31' title="bbox 1996 1702 3653 1760">
    <p class='ocr_par' dir='ltr' id='par_1_31' title="bbox 1996 1702 3653 1760">
     <span class='ocr_line' id='line_1_31' title="bbox 1996 1702 3653 1760; baseline -0.001 0"><span class='ocrx_word' id='word_1_197' title='bbox 1996 1704 2316 1760; x_wconf 87' lang='lat' dir='ltr'>Marchiam</span> <span class='ocrx_word' id='word_1_198' title='bbox 2348 1704 2740 1759; x_wconf 87' lang='lat' dir='ltr'>Veronensem</span> <span class='ocrx_word' id='word_1_199' title='bbox 2774 1702 2878 1758; x_wconf 81' lang='lat' dir='ltr'>ﬁlii</span> <span class='ocrx_word' id='word_1_200' title='bbox 2932 1706 3102 1760; x_wconf 63' lang='lat' dir='ltr'>etate</span> <span class='ocrx_word' id='word_1_201' title='bbox 3130 1702 3378 1759; x_wconf 90' lang='lat' dir='ltr'>minoris</span> <span class='ocrx_word' id='word_1_202' title='bbox 3412 1702 3653 1758; x_wconf 85' lang='lat' dir='ltr'>nomine</span> 
     </span>
    </p>
   </div>
   <div class='ocr_carea' id='block_1_32' title="bbox 1995 1790 3651 1865">
    <p class='ocr_par' dir='ltr' id='par_1_32' title="bbox 1995 1790 3651 1865">
     <span class='ocr_line' id='line_1_32' title="bbox 1995 1790 3651 1865; baseline -0.001 -17"><span class='ocrx_word' id='word_1_203' title='bbox 1995 1792 2453 1858; x_wconf 88' lang='lat' dir='ltr'>administraret,</span> <span class='ocrx_word' id='word_1_204' title='bbox 2500 1793 2612 1848; x_wconf 90' lang='lat' dir='ltr'>hoc</span> <span class='ocrx_word' id='word_1_205' title='bbox 2652 1797 2911 1865; x_wconf 89' lang='lat' dir='ltr'>tempore</span> <span class='ocrx_word' id='word_1_206' title='bbox 2943 1809 3063 1848; x_wconf 89' lang='lat' dir='ltr'>una</span> <span class='ocrx_word' id='word_1_207' title='bbox 3091 1808 3226 1848; x_wconf 91' lang='lat' dir='ltr'>cum</span> <span class='ocrx_word' id='word_1_208' title='bbox 3259 1791 3378 1847; x_wconf 82' lang='lat' dir='ltr'>filio</span> <span class='ocrx_word' id='word_1_209' title='bbox 3407 1790 3651 1847; x_wconf 66' lang='lat' dir='ltr'>Verona</span> 
     </span>
    </p>
   </div>
   <div class='ocr_carea' id='block_1_33' title="bbox 226 1880 3645 1980">
    <p class='ocr_par' dir='ltr' id='par_1_33' title="bbox 226 1880 3645 1980">
     <span class='ocr_line' id='line_1_33' title="bbox 226 1880 3645 1980; baseline -0 -43"><span class='ocrx_word' id='word_1_210' title='bbox 226 1882 384 1938; x_wconf 89' lang='lat' dir='ltr'>unde</span> <span class='ocrx_word' id='word_1_211' title='bbox 408 1885 485 1979; x_wconf 38' lang='lat' dir='ltr'>.te</span> <span class='ocrx_word' id='word_1_212' title='bbox 536 1882 851 1980; x_wconf 72' lang='lat' dir='ltr'>verebitur,</span> <span class='ocrx_word' id='word_1_213' title='bbox 901 1882 997 1937; x_wconf 91' lang='lat' dir='ltr'>cui</span> <span class='ocrx_word' id='word_1_214' title='bbox 1050 1882 1196 1937; x_wconf 87' lang='lat' dir='ltr'>nihil</span> <span class='ocrx_word' id='word_1_215' title='bbox 1228 1880 1697 1980; x_wconf 40' lang='lat' dir='ltr'>valesﬂauferre?</span> <span class='ocrx_word' id='word_1_216' title='bbox 1729 1881 1884 1980; x_wconf 48' lang='lat' dir='ltr'>un‘de</span> <span class='ocrx_word' id='word_1_217' title='bbox 1915 1915 1964 1980; x_wconf 82' lang='lat' dir='ltr'><strong>B</strong></span> <span class='ocrx_word' id='word_1_218' title='bbox 1998 1882 2263 1953; x_wconf 81' lang='lat' dir='ltr'>degebat.</span> <span class='ocrx_word' id='word_1_219' title='bbox 2322 1881 2551 1980; x_wconf 77' lang='lat' dir='ltr'>Confer.</span> <span class='ocrx_word' id='word_1_220' title='bbox 2594 1883 2622 1950; x_wconf 86' lang='lat'><strong>§</strong></span> <span class='ocrx_word' id='word_1_221' title='bbox 2672 1884 2760 1949; x_wconf 90' lang='lat'>12,</span> <span class='ocrx_word' id='word_1_222' title='bbox 2810 1898 2976 1980; x_wconf 78' lang='lat' dir='ltr'>num.</span> <span class='ocrx_word' id='word_1_223' title='bbox 3006 1882 3078 1936; x_wconf 90' lang='lat'>76</span> <span class='ocrx_word' id='word_1_224' title='bbox 3117 1885 3181 1980; x_wconf 60' lang='lat' dir='ltr'>et</span> <span class='ocrx_word' id='word_1_225' title='bbox 3201 1882 3293 1936; x_wconf 86' lang='lat'>77.</span> <span class='ocrx_word' id='word_1_226' title='bbox 3322 1902 3351 1932; x_wconf 91' lang='grc'>‹‹</span> <span class='ocrx_word' id='word_1_227' title='bbox 3381 1881 3589 1980; x_wconf 75' lang='lat' dir='ltr'>Comes</span> <span class='ocrx_word' id='word_1_228' title='bbox 3624 1901 3645 1929; x_wconf 74' lang='grc' dir='ltr'>ι</span> 
     </span>
    </p>
   </div>
   <div class='ocr_carea' id='block_1_34' title="bbox 227 1967 1883 2042">
    <p class='ocr_par' dir='ltr' id='par_1_34' title="bbox 227 1967 1883 2042">
     <span class='ocr_line' id='line_1_34' title="bbox 227 1967 1883 2042; baseline -0.003 -16"><span class='ocrx_word' id='word_1_229' title='bbox 227 1969 471 2037; x_wconf 85' lang='lat' dir='ltr'>amabit,</span> <span class='ocrx_word' id='word_1_230' title='bbox 515 1968 610 2025; x_wconf 88' lang='lat' dir='ltr'>cui</span> <span class='ocrx_word' id='word_1_231' title='bbox 680 1969 829 2025; x_wconf 88' lang='lat' dir='ltr'>nihil</span> <span class='ocrx_word' id='word_1_232' title='bbox 875 1974 1041 2042; x_wconf 65' lang='lat' dir='ltr'>potes</span> <span class='ocrx_word' id='word_1_233' title='bbox 1093 1967 1408 2025; x_wconf 76' lang='lat' dir='ltr'>conferre?</span> <span class='ocrx_word' id='word_1_234' title='bbox 1451 1991 1479 2020; x_wconf 81' lang='grc'><strong>››</strong></span> <span class='ocrx_word' id='word_1_235' title='bbox 1523 1967 1649 2024; x_wconf 86' lang='lat' dir='ltr'>Alia</span> <span class='ocrx_word' id='word_1_236' title='bbox 1698 1967 1883 2023; x_wconf 89' lang='lat' dir='ltr'>multa</span> 
     </span>
    </p>
   </div>
   <div class='ocr_carea' id='block_1_35' title="bbox 228 2056 1886 2129">
    <p class='ocr_par' dir='ltr' id='par_1_35' title="bbox 228 2056 1886 2129">
     <span class='ocr_line' id='line_1_35' title="bbox 228 2056 1886 2129; baseline -0.001 -16"><span class='ocrx_word' id='word_1_237' title='bbox 228 2056 632 2128; x_wconf 87' lang='lat' dir='ltr'>addit,quibus</span> <span class='ocrx_word' id='word_1_238' title='bbox 649 2060 707 2112; x_wconf 91' lang='lat' dir='ltr'>et</span> <span class='ocrx_word' id='word_1_239' title='bbox 720 2058 767 2112; x_wconf 90' lang='lat' dir='ltr'>si</span> <span class='ocrx_word' id='word_1_240' title='bbox 784 2058 857 2112; x_wconf 91' lang='lat' dir='ltr'>ob</span> <span class='ocrx_word' id='word_1_241' title='bbox 884 2058 1540 2129; x_wconf 88' lang='lat' dir='ltr'>invalescentem,quem</span> <span class='ocrx_word' id='word_1_242' title='bbox 1567 2057 1886 2129; x_wconf 80' lang='lat' dir='ltr'>exstirpare</span> 
     </span>
    </p>
   </div>
   <div class='ocr_carea' id='block_1_36' title="bbox 229 2144 1887 2216">
    <p class='ocr_par' dir='ltr' id='par_1_36' title="bbox 229 2144 1887 2216">
     <span class='ocr_line' id='line_1_36' title="bbox 229 2144 1887 2216; baseline -0.001 -15"><span class='ocrx_word' id='word_1_243' title='bbox 229 2145 882 2216; x_wconf 87' lang='lat' dir='ltr'>studet,Veronensium</span> <span class='ocrx_word' id='word_1_244' title='bbox 904 2144 1248 2201; x_wconf 90' lang='lat' dir='ltr'>clericorum</span> <span class='ocrx_word' id='word_1_245' title='bbox 1271 2147 1523 2201; x_wconf 88' lang='lat' dir='ltr'>abusum</span> <span class='ocrx_word' id='word_1_246' title='bbox 1545 2163 1645 2201; x_wconf 90' lang='lat' dir='ltr'>eos</span> <span class='ocrx_word' id='word_1_247' title='bbox 1677 2146 1887 2203; x_wconf 87' lang='lat' dir='ltr'>acriter</span> 
     </span>
    </p>
   </div>
   <div class='ocr_carea' id='block_1_37' title="bbox 228 2233 1885 2307">
    <p class='ocr_par' dir='ltr' id='par_1_37' title="bbox 228 2233 1885 2307">
     <span class='ocr_line' id='line_1_37' title="bbox 228 2233 1885 2307; baseline -0.001 -17"><span class='ocrx_word' id='word_1_248' title='bbox 228 2238 289 2290; x_wconf 91' lang='lat' dir='ltr'>et</span> <span class='ocrx_word' id='word_1_249' title='bbox 319 2233 604 2289; x_wconf 89' lang='lat' dir='ltr'>acerbiori</span> <span class='ocrx_word' id='word_1_250' title='bbox 634 2233 785 2307; x_wconf 79' lang='lat' dir='ltr'>stylo</span> <span class='ocrx_word' id='word_1_251' title='bbox 814 2234 1066 2307; x_wconf 86' lang='lat' dir='ltr'>exagitet</span> <span class='ocrx_word' id='word_1_252' title='bbox 1097 2235 1163 2306; x_wconf 88' lang='lat' dir='ltr'>(V</span> <span class='ocrx_word' id='word_1_253' title='bbox 1188 2234 1531 2290; x_wconf 74' lang='lat' dir='ltr'>Discordiam</span> <span class='ocrx_word' id='word_1_254' title='bbox 1554 2252 1611 2289; x_wconf 90' lang='lat' dir='ltr'>n.</span> <span class='ocrx_word' id='word_1_255' title='bbox 1634 2234 1712 2306; x_wconf 90' lang='grc'>5.)</span> <span class='ocrx_word' id='word_1_256' title='bbox 1738 2250 1885 2291; x_wconf 85' lang='lat' dir='ltr'>:non</span> 
     </span>
    </p>
   </div>
   <div class='ocr_carea' id='block_1_38' title="bbox 229 2322 1883 2396">
    <p class='ocr_par' dir='ltr' id='par_1_38' title="bbox 229 2322 1883 2396">
     <span class='ocr_line' id='line_1_38' title="bbox 229 2322 1883 2396; baseline -0.001 -18"><span class='ocrx_word' id='word_1_257' title='bbox 229 2326 432 2379; x_wconf 89' lang='lat' dir='ltr'>tamen</span> <span class='ocrx_word' id='word_1_258' title='bbox 447 2323 501 2378; x_wconf 89' lang='lat' dir='ltr'>vi</span> <span class='ocrx_word' id='word_1_259' title='bbox 533 2327 589 2379; x_wconf 91' lang='lat' dir='ltr'>et</span> <span class='ocrx_word' id='word_1_260' title='bbox 619 2327 926 2396; x_wconf 66' lang='lat' dir='ltr'>praecepto,</span> <span class='ocrx_word' id='word_1_261' title='bbox 947 2324 1049 2379; x_wconf 90' lang='lat' dir='ltr'>sed</span> <span class='ocrx_word' id='word_1_262' title='bbox 1072 2324 1296 2379; x_wconf 88' lang='lat' dir='ltr'>ratione</span> <span class='ocrx_word' id='word_1_263' title='bbox 1316 2327 1376 2379; x_wconf 90' lang='lat' dir='ltr'>et</span> <span class='ocrx_word' id='word_1_264' title='bbox 1392 2323 1667 2379; x_wconf 88' lang='lat' dir='ltr'>suasione</span> <span class='ocrx_word' id='word_1_265' title='bbox 1679 2322 1883 2378; x_wconf 89' lang='lat' dir='ltr'>utitur.</span> 
     </span>
    </p>
   </div>
   <div class='ocr_carea' id='block_1_39' title="bbox 233 2410 1886 2484">
    <p class='ocr_par' dir='ltr' id='par_1_39' title="bbox 233 2410 1886 2484">
     <span class='ocr_line' id='line_1_39' title="bbox 233 2410 1886 2484; baseline -0.002 -16"><span class='ocrx_word' id='word_1_266' title='bbox 233 2412 473 2468; x_wconf 88' lang='lat' dir='ltr'>Transit</span> <span class='ocrx_word' id='word_1_267' title='bbox 497 2412 570 2468; x_wconf 88' lang='lat' dir='ltr'>ad</span> <span class='ocrx_word' id='word_1_268' title='bbox 601 2429 894 2468; x_wconf 89' lang='lat' dir='ltr'>canonum</span> <span class='ocrx_word' id='word_1_269' title='bbox 937 2416 1364 2484; x_wconf 86' lang='lat' dir='ltr'>contemptum,</span> <span class='ocrx_word' id='word_1_270' title='bbox 1412 2428 1588 2484; x_wconf 89' lang='lat' dir='ltr'>quem</span> <span class='ocrx_word' id='word_1_271' title='bbox 1619 2416 1739 2466; x_wconf 90' lang='lat' dir='ltr'>tam</span> <span class='ocrx_word' id='word_1_272' title='bbox 1771 2410 1886 2466; x_wconf 89' lang='lat' dir='ltr'>late</span> 
     </span>
    </p>
   </div>
   <div class='ocr_carea' id='block_1_40' title="bbox 231 2500 1884 2574">
    <p class='ocr_par' dir='ltr' id='par_1_40' title="bbox 231 2500 1884 2574">
     <span class='ocr_line' id='line_1_40' title="bbox 231 2500 1884 2574; baseline -0.001 -17"><span class='ocrx_word' id='word_1_273' title='bbox 231 2505 431 2574; x_wconf 88' lang='lat' dir='ltr'>patere</span> <span class='ocrx_word' id='word_1_274' title='bbox 463 2500 547 2557; x_wconf 86' lang='lat' dir='ltr'>ait</span> <span class='ocrx_word' id='word_1_275' title='bbox 576 2518 739 2557; x_wconf 90' lang='lat' dir='ltr'>num.</span> <span class='ocrx_word' id='word_1_276' title='bbox 771 2502 826 2570; x_wconf 91' lang='lat'>6,</span> <span class='ocrx_word' id='word_1_277' title='bbox 862 2505 927 2557; x_wconf 89' lang='lat' dir='ltr'>ut</span> <span class='ocrx_word' id='word_1_278' title='bbox 958 2500 1255 2557; x_wconf 88' lang='lat' dir='ltr'>neminem</span> <span class='ocrx_word' id='word_1_279' title='bbox 1289 2500 1763 2557; x_wconf 89' lang='lat' dir='ltr'>invenireeorum</span> <span class='ocrx_word' id='word_1_280' title='bbox 1786 2517 1884 2555; x_wconf 90' lang='lat' dir='ltr'>va-</span> 
     </span>
    </p>
   </div>
   <div class='ocr_carea' id='block_1_41' title="bbox 228 2588 1888 2662">
    <p class='ocr_par' dir='ltr' id='par_1_41' title="bbox 228 2588 1888 2662">
     <span class='ocr_line' id='line_1_41' title="bbox 228 2588 1888 2662; baseline -0.001 -16"><span class='ocrx_word' id='word_1_281' title='bbox 228 2588 383 2646; x_wconf 89' lang='lat' dir='ltr'>leam</span> <span class='ocrx_word' id='word_1_282' title='bbox 414 2594 766 2661; x_wconf 89' lang='lat' dir='ltr'>curatorem,</span> <span class='ocrx_word' id='word_1_283' title='bbox 803 2608 838 2647; x_wconf 89' lang='lat' dir='ltr'>a</span> <span class='ocrx_word' id='word_1_284' title='bbox 865 2589 1151 2646; x_wconf 89' lang='lat' dir='ltr'>vilissimo</span> <span class='ocrx_word' id='word_1_285' title='bbox 1182 2590 1387 2662; x_wconf 90' lang='lat' dir='ltr'>utique</span> <span class='ocrx_word' id='word_1_286' title='bbox 1412 2588 1667 2645; x_wconf 65' lang='lat' dir='ltr'>ecclesiae</span> <span class='ocrx_word' id='word_1_287' title='bbox 1699 2605 1888 2661; x_wconf 87' lang='lat' dir='ltr'>usque</span> 
     </span>
    </p>
   </div>
   <div class='ocr_carea' id='block_1_42' title="bbox 231 2678 1886 2751">
    <p class='ocr_par' dir='ltr' id='par_1_42' title="bbox 231 2678 1886 2751">
     <span class='ocr_line' id='line_1_42' title="bbox 231 2678 1886 2751; baseline -0.001 -16"><span class='ocrx_word' id='word_1_288' title='bbox 231 2679 303 2735; x_wconf 92' lang='lat' dir='ltr'>ad</span> <span class='ocrx_word' id='word_1_289' title='bbox 335 2678 923 2751; x_wconf 68' lang='lat' dir='ltr'>praestantissimum»</span> <span class='ocrx_word' id='word_1_290' title='bbox 938 2721 952 2749; x_wconf 94' lang='lat'>,</span> <span class='ocrx_word' id='word_1_291' title='bbox 969 2678 1260 2735; x_wconf 89' lang='lat' dir='ltr'>etc.Tanti</span> <span class='ocrx_word' id='word_1_292' title='bbox 1282 2682 1654 2749; x_wconf 87' lang='lat' dir='ltr'>contemptus</span> <span class='ocrx_word' id='word_1_293' title='bbox 1675 2694 1886 2733; x_wconf 88' lang='lat' dir='ltr'>causas</span> 
     </span>
    </p>
   </div>
   <div class='ocr_carea' id='block_1_43' title="bbox 238 2766 1885 2840">
    <p class='ocr_par' dir='ltr' id='par_1_43' title="bbox 238 2766 1885 2840">
     <span class='ocr_line' id='line_1_43' title="bbox 238 2766 1885 2840; baseline -0.001 -18"><span class='ocrx_word' id='word_1_294' title='bbox 238 2766 431 2823; x_wconf 87' lang='lat' dir='ltr'>fusius</span> <span class='ocrx_word' id='word_1_295' title='bbox 461 2767 1115 2840; x_wconf 91' lang='lat' dir='ltr'>prosequitur,quarum</span> <span class='ocrx_word' id='word_1_296' title='bbox 1148 2767 1440 2840; x_wconf 67' lang='lat' dir='ltr'>praecipua</span> <span class='ocrx_word' id='word_1_297' title='bbox 1469 2771 1615 2835; x_wconf 90' lang='lat' dir='ltr'>erat,</span> <span class='ocrx_word' id='word_1_298' title='bbox 1640 2783 1759 2833; x_wconf 90' lang='lat' dir='ltr'>eos,</span> <span class='ocrx_word' id='word_1_299' title='bbox 1785 2766 1885 2839; x_wconf 94' lang='lat' dir='ltr'>qui</span> 
     </span>
    </p>
   </div>
   <div class='ocr_carea' id='block_1_44' title="bbox 236 2853 1887 2929">
    <p class='ocr_par' dir='ltr' id='par_1_44' title="bbox 236 2853 1887 2929">
     <span class='ocr_line' id='line_1_44' title="bbox 236 2853 1887 2929; baseline -0.001 -17"><span class='ocrx_word' id='word_1_300' title='bbox 236 2872 537 2912; x_wconf 88' lang='lat' dir='ltr'>canonum</span> <span class='ocrx_word' id='word_1_301' title='bbox 587 2855 1018 2912; x_wconf 88' lang='lat' dir='ltr'>observantiam</span> <span class='ocrx_word' id='word_1_302' title='bbox 1067 2872 1425 2929; x_wconf 82' lang='lat' dir='ltr'>promovere,</span> <span class='ocrx_word' id='word_1_303' title='bbox 1477 2859 1536 2910; x_wconf 89' lang='lat' dir='ltr'>et</span> <span class='ocrx_word' id='word_1_304' title='bbox 1580 2853 1887 2911; x_wconf 88' lang='lat' dir='ltr'>violatores</span> 
     </span>
    </p>
   </div>
   <div class='ocr_carea' id='block_1_45' title="bbox 235 2943 1883 3017">
    <p class='ocr_par' dir='ltr' id='par_1_45' title="bbox 235 2943 1883 3017">
     <span class='ocr_line' id='line_1_45' title="bbox 235 2943 1883 3017; baseline -0.002 -17"><span class='ocrx_word' id='word_1_305' title='bbox 235 2943 527 3000; x_wconf 91' lang='lat' dir='ltr'>debebant</span> <span class='ocrx_word' id='word_1_306' title='bbox 571 2960 959 3016; x_wconf 87' lang='lat' dir='ltr'>compescere,</span> <span class='ocrx_word' id='word_1_307' title='bbox 1009 2944 1068 2999; x_wconf 87' lang='lat' dir='ltr'>in</span> <span class='ocrx_word' id='word_1_308' title='bbox 1119 2961 1372 3000; x_wconf 87' lang='lat' dir='ltr'>canones</span> <span class='ocrx_word' id='word_1_309' title='bbox 1415 2943 1576 3017; x_wconf 88' lang='lat' dir='ltr'>ipsos</span> <span class='ocrx_word' id='word_1_310' title='bbox 1624 2960 1883 3015; x_wconf 89' lang='lat' dir='ltr'>peccare.</span> 
     </span>
    </p>
   </div>
   <div class='ocr_carea' id='block_1_46' title="bbox 226 3031 1883 3105">
    <p class='ocr_par' dir='ltr' id='par_1_46' title="bbox 226 3031 1883 3105">
     <span class='ocr_line' id='line_1_46' title="bbox 226 3031 1883 3105; baseline -0.002 -16"><span class='ocrx_word' id='word_1_311' title='bbox 226 3032 469 3104; x_wconf 82' lang='lat' dir='ltr'>Aliquot</span> <span class='ocrx_word' id='word_1_312' title='bbox 518 3032 785 3105; x_wconf 81' lang='lat' dir='ltr'>exempla</span> <span class='ocrx_word' id='word_1_313' title='bbox 830 3033 1057 3098; x_wconf 87' lang='lat' dir='ltr'>inserit,</span> <span class='ocrx_word' id='word_1_314' title='bbox 1107 3049 1235 3104; x_wconf 71' lang='lat' dir='ltr'>qua:</span> <span class='ocrx_word' id='word_1_315' title='bbox 1281 3031 1419 3087; x_wconf 92' lang='lat' dir='ltr'>cleri</span> <span class='ocrx_word' id='word_1_316' title='bbox 1453 3032 1883 3103; x_wconf 90' lang='lat' dir='ltr'>corruptionem</span> 
     </span>
    </p>
   </div>
   <div class='ocr_carea' id='block_1_47' title="bbox 226 3121 1884 3194">
    <p class='ocr_par' dir='ltr' id='par_1_47' title="bbox 226 3121 1884 3194">
     <span class='ocr_line' id='line_1_47' title="bbox 226 3121 1884 3194; baseline -0.001 -16"><span class='ocrx_word' id='word_1_317' title='bbox 226 3137 641 3194; x_wconf 88' lang='lat' dir='ltr'>canonumque</span> <span class='ocrx_word' id='word_1_318' title='bbox 688 3125 1090 3194; x_wconf 89' lang='lat' dir='ltr'>contemptum</span> <span class='ocrx_word' id='word_1_319' title='bbox 1138 3121 1462 3176; x_wconf 80' lang='lat' dir='ltr'>maximum</span> <span class='ocrx_word' id='word_1_320' title='bbox 1520 3121 1884 3176; x_wconf 85' lang='lat' dir='ltr'>astruunt.ln</span> 
     </span>
    </p>
   </div>
   <div class='ocr_carea' id='block_1_48' title="bbox 231 3208 1882 3284">
    <p class='ocr_par' dir='ltr' id='par_1_48' title="bbox 231 3208 1882 3284">
     <span class='ocr_line' id='line_1_48' title="bbox 231 3208 1882 3284; baseline -0.001 -18"><span class='ocrx_word' id='word_1_321' title='bbox 231 3214 396 3284; x_wconf 89' lang='lat' dir='ltr'>parte</span> <span class='ocrx_word' id='word_1_322' title='bbox 443 3210 641 3278; x_wconf 87' lang='lat' dir='ltr'>altera,</span> <span class='ocrx_word' id='word_1_323' title='bbox 695 3227 822 3282; x_wconf 67' lang='lat' dir='ltr'>quae</span> <span class='ocrx_word' id='word_1_324' title='bbox 868 3209 1054 3265; x_wconf 91' lang='lat' dir='ltr'>multo</span> <span class='ocrx_word' id='word_1_325' title='bbox 1102 3210 1329 3265; x_wconf 88' lang='lat' dir='ltr'>brevior</span> <span class='ocrx_word' id='word_1_326' title='bbox 1376 3214 1483 3276; x_wconf 90' lang='lat' dir='ltr'>est,</span> <span class='ocrx_word' id='word_1_327' title='bbox 1536 3208 1882 3265; x_wconf 89' lang='lat' dir='ltr'>clericorum</span> 
     </span>
    </p>
   </div>
   <div class='ocr_carea' id='block_1_49' title="bbox 1995 1967 3650 2041">
    <p class='ocr_par' dir='ltr' id='par_1_49' title="bbox 1995 1967 3650 2041">
     <span class='ocr_line' id='line_1_49' title="bbox 1995 1967 3650 2041; baseline -0.001 -17"><span class='ocrx_word' id='word_1_328' title='bbox 1995 1973 2189 2024; x_wconf 89' lang='lat' dir='ltr'>autem</span> <span class='ocrx_word' id='word_1_329' title='bbox 2224 1990 2252 2017; x_wconf 87' lang='lat'><strong>«</strong></span> <span class='ocrx_word' id='word_1_330' title='bbox 2290 1985 2407 2023; x_wconf 90' lang='lat' dir='ltr'>non</span> <span class='ocrx_word' id='word_1_331' title='bbox 2454 1967 2690 2040; x_wconf 87' lang='lat' dir='ltr'>ignotus</span> <span class='ocrx_word' id='word_1_332' title='bbox 2715 1991 2743 2018; x_wconf 85' lang='lat'>»</span> <span class='ocrx_word' id='word_1_333' title='bbox 2792 1968 3111 2025; x_wconf 90' lang='lat' dir='ltr'>vocabatur</span> <span class='ocrx_word' id='word_1_334' title='bbox 3141 1968 3351 2036; x_wconf 89' lang='lat' dir='ltr'>Bucco,</span> <span class='ocrx_word' id='word_1_335' title='bbox 3383 1968 3497 2024; x_wconf 89' lang='lat' dir='ltr'>sub</span> <span class='ocrx_word' id='word_1_336' title='bbox 3529 1985 3650 2041; x_wconf 92' lang='lat' dir='ltr'>quo</span> 
     </span>
    </p>
   </div>
   <div class='ocr_carea' id='block_1_50' title="bbox 1995 2055 3652 2129">
    <p class='ocr_par' dir='ltr' id='par_1_50' title="bbox 1995 2055 3652 2129">
     <span class='ocr_line' id='line_1_50' title="bbox 1995 2055 3652 2129; baseline 0 -18"><span class='ocrx_word' id='word_1_337' title='bbox 1995 2057 2115 2111; x_wconf 66' lang='lat' dir='ltr'>haec</span> <span class='ocrx_word' id='word_1_338' title='bbox 2145 2056 2500 2128; x_wconf 88' lang='lat' dir='ltr'>conspiratio</span> <span class='ocrx_word' id='word_1_339' title='bbox 2531 2056 2796 2129; x_wconf 81' lang='lat' dir='ltr'>contigit.</span> <span class='ocrx_word' id='word_1_340' title='bbox 2828 2056 2974 2112; x_wconf 86' lang='lat' dir='ltr'>Vide</span> <span class='ocrx_word' id='word_1_341' title='bbox 3004 2055 3313 2129; x_wconf 88' lang='lat' dir='ltr'>epistolam</span> <span class='ocrx_word' id='word_1_342' title='bbox 3342 2058 3410 2112; x_wconf 85' lang='lat'>12</span> <span class='ocrx_word' id='word_1_343' title='bbox 3424 2056 3497 2112; x_wconf 90' lang='lat' dir='ltr'>ad</span> <span class='ocrx_word' id='word_1_344' title='bbox 3512 2058 3652 2111; x_wconf 82' lang='lat' dir='ltr'>Am-</span> 
     </span>
    </p>
   </div>
   <div class='ocr_carea' id='block_1_51' title="bbox 1993 2144 3656 2217">
    <p class='ocr_par' dir='ltr' id='par_1_51' title="bbox 1993 2144 3656 2217">
     <span class='ocr_line' id='line_1_51' title="bbox 1993 2144 3656 2217; baseline 0.001 -18"><span class='ocrx_word' id='word_1_345' title='bbox 1993 2145 2279 2211; x_wconf 87' lang='lat' dir='ltr'>brosium,</span> <span class='ocrx_word' id='word_1_346' title='bbox 2331 2161 2495 2200; x_wconf 90' lang='lat' dir='ltr'>num.</span> <span class='ocrx_word' id='word_1_347' title='bbox 2544 2146 2600 2200; x_wconf 91' lang='lat'>3.</span> <span class='ocrx_word' id='word_1_348' title='bbox 2658 2144 2761 2200; x_wconf 85' lang='lat' dir='ltr'>Hic</span> <span class='ocrx_word' id='word_1_349' title='bbox 2810 2145 3069 2217; x_wconf 90' lang='lat' dir='ltr'>primum</span> <span class='ocrx_word' id='word_1_350' title='bbox 3118 2144 3392 2202; x_wconf 81' lang='lat' dir='ltr'>Ratherio</span> <span class='ocrx_word' id='word_1_351' title='bbox 3460 2145 3656 2202; x_wconf 84' lang='lat' dir='ltr'>fuerat</span> 
     </span>
    </p>
   </div>
   <div class='ocr_carea' id='block_1_52' title="bbox 1993 2232 3650 2306">
    <p class='ocr_par' dir='ltr' id='par_1_52' title="bbox 1993 2232 3650 2306">
     <span class='ocr_line' id='line_1_52' title="bbox 1993 2232 3650 2306; baseline 0.001 -18"><span class='ocrx_word' id='word_1_352' title='bbox 1993 2232 2280 2299; x_wconf 82' lang='lat' dir='ltr'>infensus,</span> <span class='ocrx_word' id='word_1_353' title='bbox 2314 2233 2454 2289; x_wconf 90' lang='lat' dir='ltr'>adeo</span> <span class='ocrx_word' id='word_1_354' title='bbox 2475 2237 2540 2287; x_wconf 91' lang='lat' dir='ltr'>ut</span> <span class='ocrx_word' id='word_1_355' title='bbox 2569 2233 2620 2288; x_wconf 90' lang='lat' dir='ltr'>is</span> <span class='ocrx_word' id='word_1_356' title='bbox 2646 2249 2707 2289; x_wconf 90' lang='lat' dir='ltr'>se</span> <span class='ocrx_word' id='word_1_357' title='bbox 2725 2233 2797 2289; x_wconf 90' lang='lat' dir='ltr'>ab</span> <span class='ocrx_word' id='word_1_358' title='bbox 2820 2249 2884 2288; x_wconf 91' lang='lat' dir='ltr'>eo</span> <span class='ocrx_word' id='word_1_359' title='bbox 2906 2232 3142 2289; x_wconf 89' lang='lat' dir='ltr'>liberari</span> <span class='ocrx_word' id='word_1_360' title='bbox 3164 2234 3650 2306; x_wconf 65' lang='lat' dir='ltr'>percuperetgsed</span> 
     </span>
    </p>
   </div>
   <div class='ocr_carea' id='block_1_53' title="bbox 1994 2321 3654 2393">
    <p class='ocr_par' dir='ltr' id='par_1_53' title="bbox 1994 2321 3654 2393">
     <span class='ocr_line' id='line_1_53' title="bbox 1994 2321 3654 2393; baseline 0.001 -16"><span class='ocrx_word' id='word_1_361' title='bbox 1994 2321 2325 2378; x_wconf 88' lang='lat' dir='ltr'>interventu</span> <span class='ocrx_word' id='word_1_362' title='bbox 2394 2321 2646 2378; x_wconf 66' lang='lat' dir='ltr'>laudatis</span> <span class='ocrx_word' id='word_1_363' title='bbox 2716 2322 2905 2393; x_wconf 85' lang='lat' dir='ltr'>[cxxx]</span> <span class='ocrx_word' id='word_1_364' title='bbox 2961 2322 3131 2378; x_wconf 89' lang='lat' dir='ltr'>ducis</span> <span class='ocrx_word' id='word_1_365' title='bbox 3198 2322 3389 2379; x_wconf 90' lang='lat' dir='ltr'>eidem</span> <span class='ocrx_word' id='word_1_366' title='bbox 3455 2321 3654 2378; x_wconf 87' lang='lat' dir='ltr'>favere</span> 
     </span>
    </p>
   </div>
   <div class='ocr_carea' id='block_1_54' title="bbox 1996 2410 3649 2485">
    <p class='ocr_par' dir='ltr' id='par_1_54' title="bbox 1996 2410 3649 2485">
     <span class='ocr_line' id='line_1_54' title="bbox 1996 2410 3649 2485; baseline 0.001 -20"><span class='ocrx_word' id='word_1_367' title='bbox 1996 2411 2169 2483; x_wconf 68' lang='lat' dir='ltr'>erepit</span> <span class='ocrx_word' id='word_1_368' title='bbox 2196 2428 2263 2466; x_wconf 91' lang='lat' dir='ltr'>ac</span> <span class='ocrx_word' id='word_1_369' title='bbox 2291 2414 2599 2482; x_wconf 89' lang='lat' dir='ltr'>propterea</span> <span class='ocrx_word' id='word_1_370' title='bbox 2626 2410 2740 2483; x_wconf 90' lang='lat' dir='ltr'>ipsi</span> <span class='ocrx_word' id='word_1_371' title='bbox 2762 2411 2963 2467; x_wconf 90' lang='lat' dir='ltr'>comiti</span> <span class='ocrx_word' id='word_1_372' title='bbox 2988 2415 3188 2468; x_wconf 88' lang='lat' dir='ltr'>noster</span> <span class='ocrx_word' id='word_1_373' title='bbox 3201 2412 3513 2484; x_wconf 89' lang='lat' dir='ltr'>episcopus</span> <span class='ocrx_word' id='word_1_374' title='bbox 3544 2429 3649 2485; x_wconf 88' lang='lat' dir='ltr'>ap-</span> 
     </span>
    </p>
   </div>
   <div class='ocr_carea' id='block_1_55' title="bbox 1993 2498 3154 2571">
    <p class='ocr_par' dir='ltr' id='par_1_55' title="bbox 1993 2498 3154 2571">
     <span class='ocr_line' id='line_1_55' title="bbox 1993 2498 3154 2571; baseline 0.001 -16"><span class='ocrx_word' id='word_1_375' title='bbox 1993 2499 2139 2555; x_wconf 88' lang='lat' dir='ltr'>tavit</span> <span class='ocrx_word' id='word_1_376' title='bbox 2168 2498 2268 2554; x_wconf 89' lang='lat' dir='ltr'>illa</span> <span class='ocrx_word' id='word_1_377' title='bbox 2296 2499 2483 2555; x_wconf 89' lang='lat' dir='ltr'>Ovidii</span> <span class='ocrx_word' id='word_1_378' title='bbox 2515 2500 2633 2571; x_wconf 85' lang='lat' dir='ltr'>(Ep.</span> <span class='ocrx_word' id='word_1_379' title='bbox 2666 2516 2707 2555; x_wconf 82' lang='lat' dir='ltr'>n</span> <span class='ocrx_word' id='word_1_380' title='bbox 2733 2501 2803 2555; x_wconf 84' lang='lat' dir='ltr'>ad</span> <span class='ocrx_word' id='word_1_381' title='bbox 2828 2500 3114 2568; x_wconf 86' lang='lat' dir='ltr'>Nannon.)</span> <span class='ocrx_word' id='word_1_382' title='bbox 3141 2519 3154 2556; x_wconf 92' lang='lat'><strong>:</strong></span> 
     </span>
    </p>
   </div>
   <div class='ocr_carea' id='block_1_56' title="bbox 2090 2604 3429 2669">
    <p class='ocr_par' dir='ltr' id='par_1_56' title="bbox 2090 2604 3429 2669">
     <span class='ocr_line' id='line_1_56' title="bbox 2090 2604 3429 2669; baseline 0.004 -16"><span class='ocrx_word' id='word_1_383' title='bbox 2090 2604 2290 2669; x_wconf 78' lang='lat' dir='ltr'>Probra</span> <span class='ocrx_word' id='word_1_384' title='bbox 2315 2604 2802 2669; x_wconf 68' lang='lat' dir='ltr'>Theraphne&#39;aaqui</span> <span class='ocrx_word' id='word_1_385' title='bbox 2832 2605 3037 2656; x_wconf 81' lang='lat' dir='ltr'>dixerat</span> <span class='ocrx_word' id='word_1_386' title='bbox 3061 2609 3185 2657; x_wconf 88' lang='lat' dir='ltr'>ante</span> <span class='ocrx_word' id='word_1_387' title='bbox 3203 2608 3429 2666; x_wconf 61' lang='lat' dir='ltr'>marita,</span> 
     </span>
    </p>
   </div>
   <div class='ocr_carea' id='block_1_57' title="bbox 2216 2665 3304 2733">
    <p class='ocr_par' dir='ltr' id='par_1_57' title="bbox 2216 2665 3304 2733">
     <span class='ocr_line' id='line_1_57' title="bbox 2216 2665 3304 2733; baseline 0.004 -17"><span class='ocrx_word' id='word_1_388' title='bbox 2216 2668 2334 2716; x_wconf 80' lang='lat' dir='ltr'>Mox</span> <span class='ocrx_word' id='word_1_389' title='bbox 2363 2668 2556 2717; x_wconf 87' lang='lat' dir='ltr'>cecinit</span> <span class='ocrx_word' id='word_1_390' title='bbox 2584 2665 2769 2718; x_wconf 76' lang='lat' dir='ltr'>laudes</span> <span class='ocrx_word' id='word_1_391' title='bbox 2797 2670 3137 2733; x_wconf 85' lang='lat' dir='ltr'>prosperiore</span> <span class='ocrx_word' id='word_1_392' title='bbox 3169 2670 3304 2733; x_wconf 87' lang='lat' dir='ltr'>lyra.</span> 
     </span>
    </p>
   </div>
   <div class='ocr_carea' id='block_1_58' title="bbox 1995 2764 3657 2840">
    <p class='ocr_par' dir='ltr' id='par_1_58' title="bbox 1995 2764 3657 2840">
     <span class='ocr_line' id='line_1_58' title="bbox 1995 2764 3657 2840; baseline 0.004 -21"><span class='ocrx_word' id='word_1_393' title='bbox 1995 2764 2067 2820; x_wconf 90' lang='lat' dir='ltr'>Et</span> <span class='ocrx_word' id='word_1_394' title='bbox 2095 2764 2380 2821; x_wconf 89' lang='lat' dir='ltr'>rationem</span> <span class='ocrx_word' id='word_1_395' title='bbox 2411 2766 2573 2822; x_wconf 89' lang='lat' dir='ltr'>addit</span> <span class='ocrx_word' id='word_1_396' title='bbox 2596 2784 2609 2834; x_wconf 91' lang='lat'><strong>;</strong></span> <span class='ocrx_word' id='word_1_397' title='bbox 2633 2789 2661 2817; x_wconf 88' lang='grc'><strong>‹‹</strong></span> <span class='ocrx_word' id='word_1_398' title='bbox 2694 2767 3009 2840; x_wconf 87' lang='lat' dir='ltr'>Postquam</span> <span class='ocrx_word' id='word_1_399' title='bbox 3023 2768 3180 2829; x_wconf 84' lang='lat' dir='ltr'>enim</span> <span class='ocrx_word' id='word_1_400' title='bbox 3194 2769 3267 2824; x_wconf 92' lang='lat' dir='ltr'>de</span> <span class='ocrx_word' id='word_1_401' title='bbox 3296 2768 3422 2833; x_wconf 90' lang='lat' dir='ltr'>illo,</span> <span class='ocrx_word' id='word_1_402' title='bbox 3448 2790 3478 2820; x_wconf 84' lang='grc'>››</span> <span class='ocrx_word' id='word_1_403' title='bbox 3502 2768 3657 2825; x_wconf 88' lang='lat' dir='ltr'>mihi</span> 
     </span>
    </p>
   </div>
   <div class='ocr_carea' id='block_1_59' title="bbox 1994 2852 3655 2926">
    <p class='ocr_par' dir='ltr' id='par_1_59' title="bbox 1994 2852 3655 2926">
     <span class='ocr_line' id='line_1_59' title="bbox 1994 2852 3655 2926; baseline 0.004 -19"><span class='ocrx_word' id='word_1_404' title='bbox 1994 2852 2199 2926; x_wconf 90' lang='lat' dir='ltr'>utique</span> <span class='ocrx_word' id='word_1_405' title='bbox 2229 2854 2479 2923; x_wconf 81' lang='lat' dir='ltr'>infenso,</span> <span class='ocrx_word' id='word_1_406' title='bbox 2508 2877 2536 2904; x_wconf 91' lang='grc'>‹‹</span> <span class='ocrx_word' id='word_1_407' title='bbox 2566 2856 2825 2911; x_wconf 81' lang='lat' dir='ltr'>dixeram</span> <span class='ocrx_word' id='word_1_408' title='bbox 2855 2873 2868 2912; x_wconf 91' lang='lat'><strong>:</strong></span> <span class='ocrx_word' id='word_1_409' title='bbox 2926 2856 3036 2922; x_wconf 88' lang='lat' dir='ltr'>Qui</span> <span class='ocrx_word' id='word_1_410' title='bbox 3076 2855 3345 2913; x_wconf 88' lang='lat' dir='ltr'>liberavit</span> <span class='ocrx_word' id='word_1_411' title='bbox 3374 2856 3655 2914; x_wconf 88' lang='lat' dir='ltr'>lsraelem</span> 
     </span>
    </p>
   </div>
   <div class='ocr_carea' id='block_1_60' title="bbox 1995 2942 3654 3012">
    <p class='ocr_par' dir='ltr' id='par_1_60' title="bbox 1995 2942 3654 3012">
     <span class='ocr_line' id='line_1_60' title="bbox 1995 2942 3654 3012; baseline 0.004 -16"><span class='ocrx_word' id='word_1_412' title='bbox 1995 2942 2067 2997; x_wconf 91' lang='lat' dir='ltr'>de</span> <span class='ocrx_word' id='word_1_413' title='bbox 2098 2959 2277 2998; x_wconf 91' lang='lat' dir='ltr'>manu</span> <span class='ocrx_word' id='word_1_414' title='bbox 2327 2943 2668 3012; x_wconf 88' lang='lat' dir='ltr'>Pharaonis,</span> <span class='ocrx_word' id='word_1_415' title='bbox 2715 2943 2923 3001; x_wconf 88' lang='lat' dir='ltr'>liberet</span> <span class='ocrx_word' id='word_1_416' title='bbox 2965 2943 3309 3001; x_wconf 77' lang='lat' dir='ltr'>Ratherium</span> <span class='ocrx_word' id='word_1_417' title='bbox 3366 2946 3439 3001; x_wconf 92' lang='lat' dir='ltr'>de</span> <span class='ocrx_word' id='word_1_418' title='bbox 3467 2962 3654 3003; x_wconf 90' lang='lat' dir='ltr'>manu</span> 
     </span>
    </p>
   </div>
   <div class='ocr_carea' id='block_1_61' title="bbox 1995 3030 3651 3106">
    <p class='ocr_par' dir='ltr' id='par_1_61' title="bbox 1995 3030 3651 3106">
     <span class='ocr_line' id='line_1_61' title="bbox 1995 3030 3651 3106; baseline 0.003 -20"><span class='ocrx_word' id='word_1_419' title='bbox 1995 3030 2331 3099; x_wconf 85' lang='lat' dir='ltr'>Bucconis;</span> <span class='ocrx_word' id='word_1_420' title='bbox 2378 3032 2520 3087; x_wconf 89' lang='lat' dir='ltr'>dum</span> <span class='ocrx_word' id='word_1_421' title='bbox 2570 3032 2667 3089; x_wconf 91' lang='lat' dir='ltr'>ille</span> <span class='ocrx_word' id='word_1_422' title='bbox 2715 3034 2989 3089; x_wconf 90' lang='lat' dir='ltr'>abiturus</span> <span class='ocrx_word' id='word_1_423' title='bbox 3018 3032 3315 3089; x_wconf 89' lang='lat' dir='ltr'>meliorari</span> <span class='ocrx_word' id='word_1_424' title='bbox 3357 3034 3651 3106; x_wconf 79' lang='lat' dir='ltr'>ccepisset,</span> 
     </span>
    </p>
   </div>
   <div class='ocr_carea' id='block_1_62' title="bbox 1995 3119 3656 3195">
    <p class='ocr_par' dir='ltr' id='par_1_62' title="bbox 1995 3119 3656 3195">
     <span class='ocr_line' id='line_1_62' title="bbox 1995 3119 3656 3195; baseline 0.003 -20"><span class='ocrx_word' id='word_1_425' title='bbox 1995 3119 2138 3192; x_wconf 72' lang='grc' dir='ltr'>οωρὶ</span> <span class='ocrx_word' id='word_1_426' title='bbox 2188 3125 2245 3176; x_wconf 91' lang='lat' dir='ltr'>et</span> <span class='ocrx_word' id='word_1_427' title='bbox 2274 3137 2378 3193; x_wconf 89' lang='lat' dir='ltr'>ego</span> <span class='ocrx_word' id='word_1_428' title='bbox 2423 3120 2620 3177; x_wconf 86' lang='lat' dir='ltr'>taliter</span> <span class='ocrx_word' id='word_1_429' title='bbox 2649 3122 2935 3195; x_wconf 86' lang='lat' dir='ltr'>aggarire.</span> <span class='ocrx_word' id='word_1_430' title='bbox 2963 3144 2991 3172; x_wconf 85' lang='lat'><strong>»</strong></span> <span class='ocrx_word' id='word_1_431' title='bbox 3037 3124 3339 3188; x_wconf 87' lang='lat' dir='ltr'>Quatenus</span> <span class='ocrx_word' id='word_1_432' title='bbox 3369 3127 3568 3179; x_wconf 89' lang='lat' dir='ltr'>autem</span> <span class='ocrx_word' id='word_1_433' title='bbox 3602 3123 3656 3180; x_wconf 88' lang='lat' dir='ltr'>is</span> 
     </span>
    </p>
   </div>
   <div class='ocr_carea' id='block_1_63' title="bbox 1994 3209 3654 3284">
    <p class='ocr_par' dir='ltr' id='par_1_63' title="bbox 1994 3209 3654 3284">
     <span class='ocr_line' id='line_1_63' title="bbox 1994 3209 3654 3284; baseline 0.003 -21"><span class='ocrx_word' id='word_1_434' title='bbox 1994 3209 2055 3263; x_wconf 93' lang='lat' dir='ltr'>in</span> <span class='ocrx_word' id='word_1_435' title='bbox 2106 3210 2447 3266; x_wconf 88' lang='lat' dir='ltr'>memoratis</span> <span class='ocrx_word' id='word_1_436' title='bbox 2488 3211 2778 3284; x_wconf 89' lang='lat' dir='ltr'>augustiis</span> <span class='ocrx_word' id='word_1_437' title='bbox 2828 3210 3100 3267; x_wconf 80' lang='lat' dir='ltr'>Ratberio</span> <span class='ocrx_word' id='word_1_438' title='bbox 3158 3210 3384 3280; x_wconf 83' lang='lat' dir='ltr'>faverit,</span> <span class='ocrx_word' id='word_1_439' title='bbox 3449 3212 3654 3268; x_wconf 88' lang='lat' dir='ltr'>videa-</span> 
     </span>
    </p>
   </div>
   <div class='ocr_carea' id='block_1_64' title="bbox 233 3278 2153 3370">
    <p class='ocr_par' dir='ltr' id='par_1_64' title="bbox 233 3278 2153 3370">
     <span class='ocr_line' id='line_1_64' title="bbox 233 3278 2153 3370; baseline -0.001 -15"><span class='ocrx_word' id='word_1_440' title='bbox 233 3298 927 3368; x_wconf 86' lang='lat' dir='ltr'>incontinentiam,aliam</span> <span class='ocrx_word' id='word_1_441' title='bbox 951 3298 1304 3370; x_wconf 90' lang='lat' dir='ltr'>peculiarem</span> <span class='ocrx_word' id='word_1_442' title='bbox 1332 3301 1702 3370; x_wconf 89' lang='lat' dir='ltr'>contemptus</span> <span class='ocrx_word' id='word_1_443' title='bbox 1717 3315 1885 3355; x_wconf 89' lang='lat' dir='ltr'>cano-</span> <span class='ocrx_word' id='word_1_444' title='bbox 1915 3278 1959 3346; x_wconf 70' lang='grc' dir='ltr'>Ο</span> <span class='ocrx_word' id='word_1_445' title='bbox 1997 3315 2153 3354; x_wconf 89' lang='lat' dir='ltr'>mus.</span> 
     </span>
    </p>
   </div>
   <div class='ocr_carea' id='block_1_65' title="bbox 234 3386 1886 3460">
    <p class='ocr_par' dir='ltr' id='par_1_65' title="bbox 234 3386 1886 3460">
     <span class='ocr_line' id='line_1_65' title="bbox 234 3386 1886 3460; baseline -0.002 -14"><span class='ocrx_word' id='word_1_446' title='bbox 234 3405 379 3446; x_wconf 90' lang='lat' dir='ltr'>num</span> <span class='ocrx_word' id='word_1_447' title='bbox 410 3405 648 3445; x_wconf 91' lang='lat' dir='ltr'>causam</span> <span class='ocrx_word' id='word_1_448' title='bbox 682 3388 935 3460; x_wconf 68' lang='lat' dir='ltr'>praefert,</span> <span class='ocrx_word' id='word_1_449' title='bbox 969 3404 1037 3442; x_wconf 85' lang='lat' dir='ltr'>ex</span> <span class='ocrx_word' id='word_1_450' title='bbox 1068 3405 1186 3459; x_wconf 90' lang='lat' dir='ltr'>qua</span> <span class='ocrx_word' id='word_1_451' title='bbox 1212 3388 1391 3443; x_wconf 88' lang='lat' dir='ltr'>iidem</span> <span class='ocrx_word' id='word_1_452' title='bbox 1417 3386 1614 3443; x_wconf 90' lang='lat' dir='ltr'>clerici</span> <span class='ocrx_word' id='word_1_453' title='bbox 1647 3405 1680 3443; x_wconf 93' lang='lat' dir='ltr'>a</span> <span class='ocrx_word' id='word_1_454' title='bbox 1722 3387 1886 3443; x_wconf 91' lang='lat' dir='ltr'>laicis</span> 
     </span>
    </p>
   </div>
   <div class='ocr_carea' id='block_1_66' title="bbox 235 3474 1887 3549">
    <p class='ocr_par' dir='ltr' id='par_1_66' title="bbox 235 3474 1887 3549">
     <span class='ocr_line' id='line_1_66' title="bbox 235 3474 1887 3549; baseline -0.002 -14"><span class='ocrx_word' id='word_1_455' title='bbox 235 3476 491 3535; x_wconf 85' lang='lat' dir='ltr'>maximo</span> <span class='ocrx_word' id='word_1_456' title='bbox 531 3475 917 3549; x_wconf 89' lang='lat' dir='ltr'>comtemptui</span> <span class='ocrx_word' id='word_1_457' title='bbox 949 3475 1335 3532; x_wconf 89' lang='lat' dir='ltr'>habebantur.</span> <span class='ocrx_word' id='word_1_458' title='bbox 1364 3480 1675 3531; x_wconf 88' lang='lat' dir='ltr'>Sacrorum</span> <span class='ocrx_word' id='word_1_459' title='bbox 1707 3474 1887 3532; x_wconf 91' lang='lat' dir='ltr'>libro-</span> 
     </span>
    </p>
   </div>
   <div class='ocr_carea' id='block_1_67' title="bbox 235 3562 1887 3636">
    <p class='ocr_par' dir='ltr' id='par_1_67' title="bbox 235 3562 1887 3636">
     <span class='ocr_line' id='line_1_67' title="bbox 235 3562 1887 3636; baseline -0.001 -16"><span class='ocrx_word' id='word_1_460' title='bbox 235 3579 369 3620; x_wconf 86' lang='lat' dir='ltr'>rum</span> <span class='ocrx_word' id='word_1_461' title='bbox 387 3562 831 3620; x_wconf 86' lang='lat' dir='ltr'>auctoritatibus</span> <span class='ocrx_word' id='word_1_462' title='bbox 843 3566 901 3619; x_wconf 87' lang='lat' dir='ltr'>et</span> <span class='ocrx_word' id='word_1_463' title='bbox 913 3562 1089 3618; x_wconf 88' lang='lat' dir='ltr'>minis</span> <span class='ocrx_word' id='word_1_464' title='bbox 1102 3563 1478 3636; x_wconf 88' lang='lat' dir='ltr'>potissimum</span> <span class='ocrx_word' id='word_1_465' title='bbox 1502 3564 1887 3621; x_wconf 88' lang='lat' dir='ltr'>utitur.Uber—</span> 
     </span>
    </p>
   </div>
   <div class='ocr_carea' id='block_1_68' title="bbox 232 3649 1887 3725">
    <p class='ocr_par' dir='ltr' id='par_1_68' title="bbox 232 3649 1887 3725">
     <span class='ocr_line' id='line_1_68' title="bbox 232 3649 1887 3725; baseline 0.002 -17"><span class='ocrx_word' id='word_1_466' title='bbox 232 3655 355 3722; x_wconf 86' lang='lat' dir='ltr'>tus,</span> <span class='ocrx_word' id='word_1_467' title='bbox 385 3653 453 3708; x_wconf 90' lang='lat' dir='ltr'>ad</span> <span class='ocrx_word' id='word_1_468' title='bbox 489 3668 665 3724; x_wconf 89' lang='lat' dir='ltr'>quem</span> <span class='ocrx_word' id='word_1_469' title='bbox 696 3652 967 3725; x_wconf 89' lang='lat' dir='ltr'>hocopus</span> <span class='ocrx_word' id='word_1_470' title='bbox 999 3649 1887 3725; x_wconf 66' lang='lat' dir='ltr'>direxitepistolaenomine,erat</span> 
     </span>
    </p>
   </div>
   <div class='ocr_carea' id='block_1_69' title="bbox 232 3740 1881 3813">
    <p class='ocr_par' dir='ltr' id='par_1_69' title="bbox 232 3740 1881 3813">
     <span class='ocr_line' id='line_1_69' title="bbox 232 3740 1881 3813; baseline 0.002 -17"><span class='ocrx_word' id='word_1_471' title='bbox 232 3740 546 3811; x_wconf 89' lang='lat' dir='ltr'>episcopus</span> <span class='ocrx_word' id='word_1_472' title='bbox 574 3740 909 3796; x_wconf 89' lang='lat' dir='ltr'>Parmensis</span> <span class='ocrx_word' id='word_1_473' title='bbox 954 3740 1184 3796; x_wconf 89' lang='lat' dir='ltr'>Ottonis</span> <span class='ocrx_word' id='word_1_474' title='bbox 1215 3741 1583 3813; x_wconf 88' lang='lat' dir='ltr'>imperatoris</span> <span class='ocrx_word' id='word_1_475' title='bbox 1613 3742 1881 3811; x_wconf 90' lang='lat' dir='ltr'>intimus,</span> 
     </span>
    </p>
   </div>
   <div class='ocr_carea' id='block_1_70' title="bbox 230 3827 1883 3900">
    <p class='ocr_par' dir='ltr' id='par_1_70' title="bbox 230 3827 1883 3900">
     <span class='ocr_line' id='line_1_70' title="bbox 230 3827 1883 3900; baseline 0.002 -17"><span class='ocrx_word' id='word_1_476' title='bbox 230 3827 335 3900; x_wconf 90' lang='lat' dir='ltr'>qui</span> <span class='ocrx_word' id='word_1_477' title='bbox 364 3827 439 3882; x_wconf 90' lang='lat' dir='ltr'>ab</span> <span class='ocrx_word' id='word_1_478' title='bbox 460 3827 662 3883; x_wconf 91' lang='lat' dir='ltr'>eodem</span> <span class='ocrx_word' id='word_1_479' title='bbox 685 3828 1029 3883; x_wconf 87' lang='lat' dir='ltr'>comitatum</span> <span class='ocrx_word' id='word_1_480' title='bbox 1048 3828 1315 3899; x_wconf 86' lang='lat' dir='ltr'>ejusdem</span> <span class='ocrx_word' id='word_1_481' title='bbox 1340 3828 1593 3885; x_wconf 87' lang='lat' dir='ltr'>civitatis</span> <span class='ocrx_word' id='word_1_482' title='bbox 1614 3830 1883 3887; x_wconf 90' lang='lat' dir='ltr'>obtinue-</span> 
     </span>
    </p>
   </div>
   <div class='ocr_carea' id='block_1_71' title="bbox 224 3914 1884 3989">
    <p class='ocr_par' dir='ltr' id='par_1_71' title="bbox 224 3914 1884 3989">
     <span class='ocr_line' id='line_1_71' title="bbox 224 3914 1884 3989; baseline 0.001 -17"><span class='ocrx_word' id='word_1_483' title='bbox 224 3920 351 3972; x_wconf 87' lang='lat' dir='ltr'>rat:</span> <span class='ocrx_word' id='word_1_484' title='bbox 384 3914 519 3971; x_wconf 90' lang='lat' dir='ltr'>dein</span> <span class='ocrx_word' id='word_1_485' title='bbox 546 3931 682 3971; x_wconf 91' lang='lat' dir='ltr'>vero</span> <span class='ocrx_word' id='word_1_486' title='bbox 705 3916 775 3970; x_wconf 87' lang='lat' dir='ltr'>ad</span> <span class='ocrx_word' id='word_1_487' title='bbox 795 3914 1294 3971; x_wconf 87' lang='lat' dir='ltr'>archicancellarii</span> <span class='ocrx_word' id='word_1_488' title='bbox 1315 3916 1661 3989; x_wconf 87' lang='lat' dir='ltr'>dignitatem</span> <span class='ocrx_word' id='word_1_489' title='bbox 1685 3935 1884 3974; x_wconf 89' lang='lat' dir='ltr'>ascen-</span> 
     </span>
    </p>
   </div>
   <div class='ocr_carea' id='block_1_72' title="bbox 223 4002 1883 4078">
    <p class='ocr_par' dir='ltr' id='par_1_72' title="bbox 223 4002 1883 4078">
     <span class='ocr_line' id='line_1_72' title="bbox 223 4002 1883 4078; baseline 0.001 -18"><span class='ocrx_word' id='word_1_490' title='bbox 223 4003 329 4060; x_wconf 90' lang='lat' dir='ltr'>dit.</span> <span class='ocrx_word' id='word_1_491' title='bbox 363 4003 576 4075; x_wconf 73' lang='lat' dir='ltr'>[cxxrx]</span> <span class='ocrx_word' id='word_1_492' title='bbox 606 4002 662 4059; x_wconf 90' lang='lat' dir='ltr'>Is</span> <span class='ocrx_word' id='word_1_493' title='bbox 694 4004 994 4078; x_wconf 88' lang='lat' dir='ltr'>quondam</span> <span class='ocrx_word' id='word_1_494' title='bbox 1025 4021 1059 4059; x_wconf 89' lang='lat' dir='ltr'>a</span> <span class='ocrx_word' id='word_1_495' title='bbox 1089 4004 1363 4059; x_wconf 84' lang='lat' dir='ltr'>Ratherio</span> <span class='ocrx_word' id='word_1_496' title='bbox 1385 4005 1650 4077; x_wconf 89' lang='lat' dir='ltr'>petierat,</span> <span class='ocrx_word' id='word_1_497' title='bbox 1680 4010 1743 4061; x_wconf 91' lang='lat' dir='ltr'>ut</span> <span class='ocrx_word' id='word_1_498' title='bbox 1772 4006 1883 4062; x_wconf 84' lang='lat' dir='ltr'>ali-</span> 
     </span>
    </p>
   </div>
   <div class='ocr_carea' id='block_1_73' title="bbox 221 4091 1882 4165">
    <p class='ocr_par' dir='ltr' id='par_1_73' title="bbox 221 4091 1882 4165">
     <span class='ocr_line' id='line_1_73' title="bbox 221 4091 1882 4165; baseline 0.002 -18"><span class='ocrx_word' id='word_1_499' title='bbox 221 4108 401 4165; x_wconf 89' lang='lat' dir='ltr'>quam</span> <span class='ocrx_word' id='word_1_500' title='bbox 435 4107 688 4164; x_wconf 90' lang='lat' dir='ltr'>precem,</span> <span class='ocrx_word' id='word_1_501' title='bbox 726 4109 853 4164; x_wconf 77' lang='lat' dir='ltr'>quae</span> <span class='ocrx_word' id='word_1_502' title='bbox 881 4092 991 4164; x_wconf 89' lang='lat' dir='ltr'>ipsi</span> <span class='ocrx_word' id='word_1_503' title='bbox 1026 4091 1330 4149; x_wconf 85' lang='lat' dir='ltr'>familiaris</span> <span class='ocrx_word' id='word_1_504' title='bbox 1363 4098 1538 4160; x_wconf 89' lang='lat' dir='ltr'>esset,</span> <span class='ocrx_word' id='word_1_505' title='bbox 1560 4095 1631 4149; x_wconf 92' lang='lat' dir='ltr'>ad</span> <span class='ocrx_word' id='word_1_506' title='bbox 1661 4112 1722 4150; x_wconf 90' lang='lat' dir='ltr'>se</span> <span class='ocrx_word' id='word_1_507' title='bbox 1743 4095 1882 4150; x_wconf 87' lang='lat' dir='ltr'>diri-</span> 
     </span>
    </p>
   </div>
   <div class='ocr_carea' id='block_1_74' title="bbox 219 4179 1882 4255">
    <p class='ocr_par' dir='ltr' id='par_1_74' title="bbox 219 4179 1882 4255">
     <span class='ocr_line' id='line_1_74' title="bbox 219 4179 1882 4255; baseline 0.002 -19"><span class='ocrx_word' id='word_1_508' title='bbox 219 4184 400 4255; x_wconf 87' lang='lat' dir='ltr'>geret.</span> <span class='ocrx_word' id='word_1_509' title='bbox 428 4180 599 4236; x_wconf 91' lang='lat' dir='ltr'>Nunc</span> <span class='ocrx_word' id='word_1_510' title='bbox 617 4179 807 4239; x_wconf 90' lang='lat' dir='ltr'>eidem</span> <span class='ocrx_word' id='word_1_511' title='bbox 827 4180 1323 4248; x_wconf 86' lang='lat' dir='ltr'>satisfacturus,in</span> <span class='ocrx_word' id='word_1_512' title='bbox 1342 4182 1454 4237; x_wconf 83' lang='lat' dir='ltr'>fine</span> <span class='ocrx_word' id='word_1_513' title='bbox 1475 4184 1659 4254; x_wconf 86' lang='lat' dir='ltr'>partis</span> <span class='ocrx_word' id='word_1_514' title='bbox 1677 4200 1882 4240; x_wconf 86' lang='lat' dir='ltr'>secun-</span> 
     </span>
    </p>
   </div>
   <div class='ocr_carea' id='block_1_75' title="bbox 219 4268 1883 4343">
    <p class='ocr_par' dir='ltr' id='par_1_75' title="bbox 219 4268 1883 4343">
     <span class='ocr_line' id='line_1_75' title="bbox 219 4268 1883 4343; baseline 0.001 -18"><span class='ocrx_word' id='word_1_515' title='bbox 219 4269 306 4325; x_wconf 77' lang='lat' dir='ltr'>das</span> <span class='ocrx_word' id='word_1_516' title='bbox 338 4290 367 4319; x_wconf 86' lang='lat'><strong><em>«</em></strong></span> <span class='ocrx_word' id='word_1_517' title='bbox 403 4268 711 4325; x_wconf 88' lang='lat' dir='ltr'>collectam</span> <span class='ocrx_word' id='word_1_518' title='bbox 737 4291 765 4319; x_wconf 84' lang='lat'><strong>»</strong></span> <span class='ocrx_word' id='word_1_519' title='bbox 797 4269 1076 4342; x_wconf 89' lang='lat' dir='ltr'>appendit</span> <span class='ocrx_word' id='word_1_520' title='bbox 1100 4275 1432 4343; x_wconf 84' lang='lat' dir='ltr'>excerptam</span> <span class='ocrx_word' id='word_1_521' title='bbox 1464 4288 1494 4327; x_wconf 91' lang='lat' dir='ltr'>e</span> <span class='ocrx_word' id='word_1_522' title='bbox 1539 4270 1687 4327; x_wconf 89' lang='lat' dir='ltr'>libro</span> <span class='ocrx_word' id='word_1_523' title='bbox 1718 4271 1883 4327; x_wconf 85' lang='lat' dir='ltr'>litur-</span> 
     </span>
    </p>
   </div>
   <div class='ocr_carea' id='block_1_76' title="bbox 219 4357 1883 4433">
    <p class='ocr_par' dir='ltr' id='par_1_76' title="bbox 219 4357 1883 4433">
     <span class='ocr_line' id='line_1_76' title="bbox 219 4357 1883 4433; baseline 0.002 -20"><span class='ocrx_word' id='word_1_524' title='bbox 219 4357 348 4432; x_wconf 90' lang='lat' dir='ltr'>gieo</span> <span class='ocrx_word' id='word_1_525' title='bbox 372 4357 527 4414; x_wconf 90' lang='lat' dir='ltr'>alius</span> <span class='ocrx_word' id='word_1_526' title='bbox 553 4357 881 4431; x_wconf 88' lang='lat' dir='ltr'>Uberti,qui</span> <span class='ocrx_word' id='word_1_527' title='bbox 902 4358 1237 4415; x_wconf 89' lang='lat' dir='ltr'>Parmensis</span> <span class='ocrx_word' id='word_1_528' title='bbox 1259 4364 1383 4416; x_wconf 91' lang='lat' dir='ltr'>erat</span> <span class='ocrx_word' id='word_1_529' title='bbox 1405 4360 1688 4429; x_wconf 82' lang='lat' dir='ltr'>amicus,«</span> <span class='ocrx_word' id='word_1_530' title='bbox 1705 4364 1883 4433; x_wconf 90' lang='lat' dir='ltr'>atque</span> 
     </span>
    </p>
   </div>
   <div class='ocr_carea' id='block_1_77' title="bbox 220 4447 1881 4520">
    <p class='ocr_par' dir='ltr' id='par_1_77' title="bbox 220 4447 1881 4520">
     <span class='ocr_line' id='line_1_77' title="bbox 220 4447 1881 4520; baseline 0.001 -17"><span class='ocrx_word' id='word_1_531' title='bbox 220 4448 294 4503; x_wconf 93' lang='lat' dir='ltr'>ad</span> <span class='ocrx_word' id='word_1_532' title='bbox 326 4447 660 4520; x_wconf 90' lang='lat' dir='ltr'>me,inquit,</span> <span class='ocrx_word' id='word_1_533' title='bbox 707 4448 1182 4520; x_wconf 89' lang='lat' dir='ltr'>persequendum</span> <span class='ocrx_word' id='word_1_534' title='bbox 1217 4449 1432 4504; x_wconf 90' lang='lat' dir='ltr'>socius.</span> <span class='ocrx_word' id='word_1_535' title='bbox 1463 4470 1491 4497; x_wconf 86' lang='lat'><strong>»</strong></span> <span class='ocrx_word' id='word_1_536' title='bbox 1523 4448 1669 4504; x_wconf 86' lang='lat' dir='ltr'>Hinc</span> <span class='ocrx_word' id='word_1_537' title='bbox 1700 4449 1881 4505; x_wconf 92' lang='lat' dir='ltr'>Uber-</span> 
     </span>
    </p>
   </div>
   <div class='ocr_carea' id='block_1_78' title="bbox 220 4535 1879 4609">
    <p class='ocr_par' dir='ltr' id='par_1_78' title="bbox 220 4535 1879 4609">
     <span class='ocr_line' id='line_1_78' title="bbox 220 4535 1879 4609; baseline 0.001 -18"><span class='ocrx_word' id='word_1_538' title='bbox 220 4539 347 4592; x_wconf 89' lang='lat' dir='ltr'>tum</span> <span class='ocrx_word' id='word_1_539' title='bbox 371 4535 749 4591; x_wconf 88' lang='lat' dir='ltr'>Parmeusem</span> <span class='ocrx_word' id='word_1_540' title='bbox 782 4535 1043 4591; x_wconf 83' lang='lat' dir='ltr'>Ratherii</span> <span class='ocrx_word' id='word_1_541' title='bbox 1074 4536 1348 4593; x_wconf 91' lang='lat' dir='ltr'>hostibus</span> <span class='ocrx_word' id='word_1_542' title='bbox 1378 4536 1590 4593; x_wconf 85' lang='lat' dir='ltr'>favisse</span> <span class='ocrx_word' id='word_1_543' title='bbox 1622 4536 1879 4609; x_wconf 90' lang='lat' dir='ltr'>suspicio</span> 
     </span>
    </p>
   </div>
   <div class='ocr_carea' id='block_1_79' title="bbox 2070 3386 3653 3462">
    <p class='ocr_par' dir='ltr' id='par_1_79' title="bbox 2070 3386 3653 3462">
     <span class='ocr_line' id='line_1_79' title="bbox 2070 3386 3653 3462; baseline 0.003 -21"><span class='ocrx_word' id='word_1_544' title='bbox 2070 3388 2191 3441; x_wconf 91' lang='grc'>103.</span> <span class='ocrx_word' id='word_1_545' title='bbox 2215 3386 2353 3442; x_wconf 87' lang='lat' dir='ltr'>Erat</span> <span class='ocrx_word' id='word_1_546' title='bbox 2380 3387 2618 3443; x_wconf 69' lang='lat' dir='ltr'>Verona:</span> <span class='ocrx_word' id='word_1_547' title='bbox 2643 3386 2704 3443; x_wconf 90' lang='lat' dir='ltr'>in</span> <span class='ocrx_word' id='word_1_548' title='bbox 2750 3388 3011 3445; x_wconf 82' lang='lat' dir='ltr'>inferiori</span> <span class='ocrx_word' id='word_1_549' title='bbox 3052 3394 3214 3462; x_wconf 91' lang='lat' dir='ltr'>parte</span> <span class='ocrx_word' id='word_1_550' title='bbox 3245 3390 3373 3462; x_wconf 89' lang='lat' dir='ltr'>ejus</span> <span class='ocrx_word' id='word_1_551' title='bbox 3404 3389 3653 3460; x_wconf 87' lang='lat' dir='ltr'>montis,</span> 
     </span>
    </p>
   </div>
   <div class='ocr_carea' id='block_1_80' title="bbox 1995 3474 3651 3551">
    <p class='ocr_par' dir='ltr' id='par_1_80' title="bbox 1995 3474 3651 3551">
     <span class='ocr_line' id='line_1_80' title="bbox 1995 3474 3651 3551; baseline 0.003 -21"><span class='ocrx_word' id='word_1_552' title='bbox 1995 3474 2056 3530; x_wconf 86' lang='lat' dir='ltr'>in</span> <span class='ocrx_word' id='word_1_553' title='bbox 2090 3492 2205 3548; x_wconf 93' lang='lat' dir='ltr'>quo</span> <span class='ocrx_word' id='word_1_554' title='bbox 2236 3492 2392 3530; x_wconf 88' lang='lat' dir='ltr'>nunc</span> <span class='ocrx_word' id='word_1_555' title='bbox 2412 3476 2471 3531; x_wconf 90' lang='lat' dir='ltr'>S.</span> <span class='ocrx_word' id='word_1_556' title='bbox 2497 3476 2647 3532; x_wconf 88' lang='lat' dir='ltr'>Petri</span> <span class='ocrx_word' id='word_1_557' title='bbox 2668 3482 2928 3533; x_wconf 90' lang='lat' dir='ltr'>castrum</span> <span class='ocrx_word' id='word_1_558' title='bbox 2952 3478 3134 3534; x_wconf 88' lang='lat' dir='ltr'>situm</span> <span class='ocrx_word' id='word_1_559' title='bbox 3163 3482 3272 3545; x_wconf 90' lang='lat' dir='ltr'>est,</span> <span class='ocrx_word' id='word_1_560' title='bbox 3306 3478 3651 3551; x_wconf 63' lang='lat' dir='ltr'>praesidium</span> 
     </span>
    </p>
   </div>
   <div class='ocr_carea' id='block_1_81' title="bbox 1995 3564 3654 3638">
    <p class='ocr_par' dir='ltr' id='par_1_81' title="bbox 1995 3564 3654 3638">
     <span class='ocr_line' id='line_1_81' title="bbox 1995 3564 3654 3638; baseline 0.004 -20"><span class='ocrx_word' id='word_1_561' title='bbox 1995 3580 2101 3636; x_wconf 90' lang='lat' dir='ltr'>pro</span> <span class='ocrx_word' id='word_1_562' title='bbox 2132 3580 2198 3619; x_wconf 91' lang='lat' dir='ltr'>eo</span> <span class='ocrx_word' id='word_1_563' title='bbox 2230 3567 2488 3635; x_wconf 89' lang='lat' dir='ltr'>tempore</span> <span class='ocrx_word' id='word_1_564' title='bbox 2521 3564 2667 3620; x_wconf 91' lang='lat' dir='ltr'>satis</span> <span class='ocrx_word' id='word_1_565' title='bbox 2688 3566 3067 3638; x_wconf 89' lang='lat' dir='ltr'>tutum,quod</span> <span class='ocrx_word' id='word_1_566' title='bbox 3094 3588 3123 3616; x_wconf 85' lang='lat'><strong>«</strong></span> <span class='ocrx_word' id='word_1_567' title='bbox 3143 3566 3431 3623; x_wconf 87' lang='lat' dir='ltr'>Palatium</span> <span class='ocrx_word' id='word_1_568' title='bbox 3449 3567 3654 3625; x_wconf 75' lang='lat' dir='ltr'>ndice-</span> 
     </span>
    </p>
   </div>
   <div class='ocr_carea' id='block_1_82' title="bbox 1995 3652 3653 3726">
    <p class='ocr_par' dir='ltr' id='par_1_82' title="bbox 1995 3652 3653 3726">
     <span class='ocr_line' id='line_1_82' title="bbox 1995 3652 3653 3726; baseline 0.003 -19"><span class='ocrx_word' id='word_1_569' title='bbox 1995 3652 2273 3724; x_wconf 87' lang='lat' dir='ltr'>batur(V.</span> <span class='ocrx_word' id='word_1_570' title='bbox 2309 3653 2501 3721; x_wconf 74' lang='lat' dir='ltr'>Quali!</span> <span class='ocrx_word' id='word_1_571' title='bbox 2544 3655 2770 3724; x_wconf 83' lang='lat' dir='ltr'>conject.</span> <span class='ocrx_word' id='word_1_572' title='bbox 2820 3671 2878 3708; x_wconf 90' lang='lat' dir='ltr'>n.</span> <span class='ocrx_word' id='word_1_573' title='bbox 2917 3656 3003 3720; x_wconf 74' lang='grc'>14,</span> <span class='ocrx_word' id='word_1_574' title='bbox 3037 3662 3089 3709; x_wconf 85' lang='lat' dir='ltr'>et</span> <span class='ocrx_word' id='word_1_575' title='bbox 3113 3654 3273 3726; x_wconf 89' lang='lat' dir='ltr'>not.).</span> <span class='ocrx_word' id='word_1_576' title='bbox 3308 3655 3431 3711; x_wconf 85' lang='lat' dir='ltr'>Huc</span> <span class='ocrx_word' id='word_1_577' title='bbox 3462 3660 3528 3711; x_wconf 92' lang='lat' dir='ltr'>ut</span> <span class='ocrx_word' id='word_1_578' title='bbox 3556 3672 3653 3712; x_wconf 91' lang='lat' dir='ltr'>se-</span> 
     </span>
    </p>
   </div>
   <div class='ocr_carea' id='block_1_83' title="bbox 1995 3741 3649 3814">
    <p class='ocr_par' dir='ltr' id='par_1_83' title="bbox 1995 3741 3649 3814">
     <span class='ocr_line' id='line_1_83' title="bbox 1995 3741 3649 3814; baseline 0.002 -16"><span class='ocrx_word' id='word_1_579' title='bbox 1995 3759 2059 3798; x_wconf 92' lang='lat' dir='ltr'>se</span> <span class='ocrx_word' id='word_1_580' title='bbox 2089 3741 2401 3798; x_wconf 84' lang='lat' dir='ltr'>Ratherius</span> <span class='ocrx_word' id='word_1_581' title='bbox 2435 3742 2736 3814; x_wconf 88' lang='lat' dir='ltr'>reciperet,</span> <span class='ocrx_word' id='word_1_582' title='bbox 2770 3743 2958 3799; x_wconf 89' lang='lat' dir='ltr'>Bucco</span> <span class='ocrx_word' id='word_1_583' title='bbox 3000 3745 3400 3800; x_wconf 88' lang='lat' dir='ltr'>mandaverat.</span> <span class='ocrx_word' id='word_1_584' title='bbox 3428 3744 3649 3800; x_wconf 90' lang='lat' dir='ltr'>Verum</span> 
     </span>
    </p>
   </div>
   <div class='ocr_carea' id='block_1_84' title="bbox 1995 3830 3657 3906">
    <p class='ocr_par' dir='ltr' id='par_1_84' title="bbox 1995 3830 3657 3906">
     <span class='ocr_line' id='line_1_84' title="bbox 1995 3830 3657 3906; baseline 0.002 -20"><span class='ocrx_word' id='word_1_585' title='bbox 1995 3831 2358 3905; x_wconf 87' lang='lat' dir='ltr'>episcopales</span> <span class='ocrx_word' id='word_1_586' title='bbox 2390 3831 2543 3886; x_wconf 72' lang='lat' dir='ltr'>aedes</span> <span class='ocrx_word' id='word_1_587' title='bbox 2570 3830 2665 3886; x_wconf 91' lang='lat' dir='ltr'>ille</span> <span class='ocrx_word' id='word_1_588' title='bbox 2696 3831 2928 3887; x_wconf 88' lang='lat' dir='ltr'>deserre</span> <span class='ocrx_word' id='word_1_589' title='bbox 2976 3831 3183 3888; x_wconf 88' lang='lat' dir='ltr'>noluit.</span> <span class='ocrx_word' id='word_1_590' title='bbox 3217 3831 3281 3887; x_wconf 89' lang='lat' dir='ltr'>In</span> <span class='ocrx_word' id='word_1_591' title='bbox 3312 3831 3422 3888; x_wconf 86' lang='lat' dir='ltr'>has</span> <span class='ocrx_word' id='word_1_592' title='bbox 3451 3832 3657 3906; x_wconf 90' lang='lat' dir='ltr'>itaque</span> 
     </span>
    </p>
   </div>
   <div class='ocr_carea' id='block_1_85' title="bbox 1994 3918 3658 3994">
    <p class='ocr_par' dir='ltr' id='par_1_85' title="bbox 1994 3918 3658 3994">
     <span class='ocr_line' id='line_1_85' title="bbox 1994 3918 3658 3994; baseline 0.004 -20"><span class='ocrx_word' id='word_1_593' title='bbox 1994 3924 2356 3975; x_wconf 84' lang='lat' dir='ltr'>armatorum</span> <span class='ocrx_word' id='word_1_594' title='bbox 2388 3918 2638 3992; x_wconf 90' lang='lat' dir='ltr'>irruptio</span> <span class='ocrx_word' id='word_1_595' title='bbox 2662 3919 2817 3976; x_wconf 86' lang='lat' dir='ltr'>facta</span> <span class='ocrx_word' id='word_1_596' title='bbox 2846 3923 2956 3986; x_wconf 89' lang='lat' dir='ltr'>est,</span> <span class='ocrx_word' id='word_1_597' title='bbox 2979 3919 3422 3993; x_wconf 85' lang='lat' dir='ltr'>quaepiscopus</span> <span class='ocrx_word' id='word_1_598' title='bbox 3443 3926 3658 3994; x_wconf 85' lang='lat' dir='ltr'>captus</span> 
     </span>
    </p>
   </div>
   <div class='ocr_carea' id='block_1_86' title="bbox 1992 4007 3656 4081">
    <p class='ocr_par' dir='ltr' id='par_1_86' title="bbox 1992 4007 3656 4081">
     <span class='ocr_line' id='line_1_86' title="bbox 1992 4007 3656 4081; baseline 0.004 -20"><span class='ocrx_word' id='word_1_599' title='bbox 1992 4010 2050 4062; x_wconf 88' lang='lat' dir='ltr'>et</span> <span class='ocrx_word' id='word_1_600' title='bbox 2097 4007 2387 4063; x_wconf 88' lang='lat' dir='ltr'>abductus</span> <span class='ocrx_word' id='word_1_601' title='bbox 2437 4008 2567 4062; x_wconf 86' lang='lat' dir='ltr'>fuit.</span> <span class='ocrx_word' id='word_1_602' title='bbox 2615 4007 2891 4064; x_wconf 90' lang='lat' dir='ltr'>Milonem</span> <span class='ocrx_word' id='word_1_603' title='bbox 2936 4009 3300 4081; x_wconf 71' lang='lat' dir='ltr'>praecipuum</span> <span class='ocrx_word' id='word_1_604' title='bbox 3351 4015 3656 4067; x_wconf 89' lang='lat' dir='ltr'>auctorem</span> 
     </span>
    </p>
   </div>
   <div class='ocr_carea' id='block_1_87' title="bbox 1994 4095 3656 4171">
    <p class='ocr_par' dir='ltr' id='par_1_87' title="bbox 1994 4095 3656 4171">
     <span class='ocr_line' id='line_1_87' title="bbox 1994 4095 3656 4171; baseline 0.004 -21"><span class='ocrx_word' id='word_1_605' title='bbox 1994 4095 2176 4151; x_wconf 85' lang='lat' dir='ltr'>fuisse</span> <span class='ocrx_word' id='word_1_606' title='bbox 2220 4095 2405 4167; x_wconf 90' lang='lat' dir='ltr'>liquet</span> <span class='ocrx_word' id='word_1_607' title='bbox 2452 4112 2521 4151; x_wconf 83' lang='lat' dir='ltr'>ex</span> <span class='ocrx_word' id='word_1_608' title='bbox 2568 4096 2737 4168; x_wconf 88' lang='lat' dir='ltr'>epist.</span> <span class='ocrx_word' id='word_1_609' title='bbox 2771 4099 2805 4152; x_wconf 94' lang='lat'>8</span> <span class='ocrx_word' id='word_1_610' title='bbox 2849 4097 2922 4153; x_wconf 88' lang='lat' dir='ltr'>ad</span> <span class='ocrx_word' id='word_1_611' title='bbox 2954 4099 3227 4154; x_wconf 88' lang='lat' dir='ltr'>eumdem</span> <span class='ocrx_word' id='word_1_612' title='bbox 3259 4098 3656 4171; x_wconf 89' lang='lat' dir='ltr'>impetitorem</span> 
     </span>
    </p>
   </div>
   <div class='ocr_carea' id='block_1_88' title="bbox 1993 4184 3659 4261">
    <p class='ocr_par' dir='ltr' id='par_1_88' title="bbox 1993 4184 3659 4261">
     <span class='ocr_line' id='line_1_88' title="bbox 1993 4184 3659 4261; baseline 0.003 -22"><span class='ocrx_word' id='word_1_613' title='bbox 1993 4200 2167 4240; x_wconf 92' lang='lat' dir='ltr'>suum</span> <span class='ocrx_word' id='word_1_614' title='bbox 2200 4184 2439 4255; x_wconf 90' lang='lat' dir='ltr'>scripta.</span> <span class='ocrx_word' id='word_1_615' title='bbox 2471 4206 2499 4235; x_wconf 87' lang='grc'><em>‹‹</em></span> <span class='ocrx_word' id='word_1_616' title='bbox 2532 4185 2622 4240; x_wconf 92' lang='lat' dir='ltr'>Me</span> <span class='ocrx_word' id='word_1_617' title='bbox 2652 4186 3173 4258; x_wconf 88' lang='lat' dir='ltr'>comprehendisti,</span> <span class='ocrx_word' id='word_1_618' title='bbox 3193 4186 3659 4261; x_wconf 84' lang='lat' dir='ltr'>adduxisti,spo-</span> 
     </span>
    </p>
   </div>
   <div class='ocr_carea' id='block_1_89' title="bbox 1989 4271 3659 4349">
    <p class='ocr_par' dir='ltr' id='par_1_89' title="bbox 1989 4271 3659 4349">
     <span class='ocr_line' id='line_1_89' title="bbox 1989 4271 3659 4349; baseline 0.003 -22"><span class='ocrx_word' id='word_1_619' title='bbox 1989 4271 2454 4339; x_wconf 84' lang='lat' dir='ltr'>liasti,exsulasti</span> <span class='ocrx_word' id='word_1_620' title='bbox 2479 4289 2492 4329; x_wconf 91' lang='lat'><strong>:</strong></span> <span class='ocrx_word' id='word_1_621' title='bbox 2517 4274 2588 4328; x_wconf 90' lang='lat' dir='ltr'>ad</span> <span class='ocrx_word' id='word_1_622' title='bbox 2602 4274 2858 4331; x_wconf 91' lang='lat' dir='ltr'>dedecus</span> <span class='ocrx_word' id='word_1_623' title='bbox 2882 4274 3004 4331; x_wconf 73' lang='lat' dir='ltr'>haec</span> <span class='ocrx_word' id='word_1_624' title='bbox 3034 4277 3234 4332; x_wconf 89' lang='lat' dir='ltr'>omnia</span> <span class='ocrx_word' id='word_1_625' title='bbox 3252 4281 3450 4332; x_wconf 88' lang='lat' dir='ltr'>tamen</span> <span class='ocrx_word' id='word_1_626' title='bbox 3471 4276 3659 4349; x_wconf 82' lang='lat' dir='ltr'>impe-</span> 
     </span>
    </p>
   </div>
   <div class='ocr_carea' id='block_1_90' title="bbox 1991 4361 3649 4434">
    <p class='ocr_par' dir='ltr' id='par_1_90' title="bbox 1991 4361 3649 4434">
     <span class='ocr_line' id='line_1_90' title="bbox 1991 4361 3649 4434; baseline 0.001 -18"><span class='ocrx_word' id='word_1_627' title='bbox 1991 4361 2226 4428; x_wconf 87' lang='lat' dir='ltr'>ratoris,</span> <span class='ocrx_word' id='word_1_628' title='bbox 2258 4365 2334 4428; x_wconf 89' lang='lat' dir='ltr'>et,</span> <span class='ocrx_word' id='word_1_629' title='bbox 2364 4361 2501 4416; x_wconf 90' lang='lat' dir='ltr'>licet</span> <span class='ocrx_word' id='word_1_630' title='bbox 2529 4362 2926 4434; x_wconf 90' lang='lat' dir='ltr'>dissimulent,</span> <span class='ocrx_word' id='word_1_631' title='bbox 2974 4364 3192 4420; x_wconf 90' lang='lat' dir='ltr'>ducum</span> <span class='ocrx_word' id='word_1_632' title='bbox 3224 4369 3584 4433; x_wconf 83' lang='lat' dir='ltr'>nostrorum,</span> <span class='ocrx_word' id='word_1_633' title='bbox 3618 4388 3649 4417; x_wconf 88' lang='grc'><strong>››</strong></span> 
     </span>
    </p>
   </div>
   <div class='ocr_carea' id='block_1_91' title="bbox 1991 4449 3652 4528">
    <p class='ocr_par' dir='ltr' id='par_1_91' title="bbox 1991 4449 3652 4528">
     <span class='ocr_line' id='line_1_91' title="bbox 1991 4449 3652 4528; baseline 0.003 -23"><span class='ocrx_word' id='word_1_634' title='bbox 1991 4449 2273 4505; x_wconf 88' lang='lat' dir='ltr'>nimirum</span> <span class='ocrx_word' id='word_1_635' title='bbox 2289 4449 2545 4505; x_wconf 65' lang='lat' dir='ltr'>Judithaa</span> <span class='ocrx_word' id='word_1_636' title='bbox 2558 4456 2614 4506; x_wconf 92' lang='lat' dir='ltr'>et</span> <span class='ocrx_word' id='word_1_637' title='bbox 2631 4451 2863 4508; x_wconf 89' lang='lat' dir='ltr'>Henrici</span> <span class='ocrx_word' id='word_1_638' title='bbox 2888 4453 2959 4508; x_wconf 89' lang='lat' dir='ltr'>II.</span> <span class='ocrx_word' id='word_1_639' title='bbox 2976 4458 3038 4507; x_wconf 88' lang='lat' dir='ltr'>In</span> <span class='ocrx_word' id='word_1_640' title='bbox 3053 4454 3322 4509; x_wconf 89' lang='lat' dir='ltr'>eamdem</span> <span class='ocrx_word' id='word_1_641' title='bbox 3345 4454 3652 4528; x_wconf 89' lang='lat' dir='ltr'>conspira-</span> 
     </span>
    </p>
   </div>
   <div class='ocr_carea' id='block_1_92' title="bbox 1990 4537 3654 4611">
    <p class='ocr_par' dir='ltr' id='par_1_92' title="bbox 1990 4537 3654 4611">
     <span class='ocr_line' id='line_1_92' title="bbox 1990 4537 3654 4611; baseline 0.004 -18"><span class='ocrx_word' id='word_1_642' title='bbox 1990 4537 2214 4594; x_wconf 89' lang='lat' dir='ltr'>tionem</span> <span class='ocrx_word' id='word_1_643' title='bbox 2260 4555 2465 4595; x_wconf 89' lang='lat' dir='ltr'>omnes</span> <span class='ocrx_word' id='word_1_644' title='bbox 2524 4556 2669 4611; x_wconf 89' lang='lat' dir='ltr'>pene</span> <span class='ocrx_word' id='word_1_645' title='bbox 2720 4539 2962 4598; x_wconf 91' lang='lat' dir='ltr'>clericos</span> <span class='ocrx_word' id='word_1_646' title='bbox 3010 4542 3405 4607; x_wconf 89' lang='lat' dir='ltr'>consensisse,</span> <span class='ocrx_word' id='word_1_647' title='bbox 3439 4543 3559 4599; x_wconf 90' lang='lat' dir='ltr'>imo</span> <span class='ocrx_word' id='word_1_648' title='bbox 3590 4547 3654 4600; x_wconf 86' lang='lat' dir='ltr'>et</span> 
     </span>
    </p>
   </div>
   <div class='ocr_carea' id='block_1_93' title="bbox 218 4622 3652 4710">
    <p class='ocr_par' dir='ltr' id='par_1_93' title="bbox 218 4622 3652 4710">
     <span class='ocr_line' id='line_1_93' title="bbox 218 4622 3652 4710; baseline 0.003 -31"><span class='ocrx_word' id='word_1_649' title='bbox 218 4626 329 4679; x_wconf 92' lang='lat' dir='ltr'>est.</span> <span class='ocrx_word' id='word_1_650' title='bbox 356 4627 488 4693; x_wconf 84' lang='lat' dir='ltr'>Ipsa</span> <span class='ocrx_word' id='word_1_651' title='bbox 514 4639 649 4678; x_wconf 89' lang='lat' dir='ltr'>vero</span> <span class='ocrx_word' id='word_1_652' title='bbox 678 4645 699 4672; x_wconf 75' lang='grc' dir='ltr'><strong>α</strong></span> <span class='ocrx_word' id='word_1_653' title='bbox 753 4622 992 4678; x_wconf 87' lang='lat' dir='ltr'>collecta</span> <span class='ocrx_word' id='word_1_654' title='bbox 1017 4644 1044 4672; x_wconf 85' lang='lat'>»</span> <span class='ocrx_word' id='word_1_655' title='bbox 1072 4623 1133 4678; x_wconf 88' lang='lat' dir='ltr'>in</span> <span class='ocrx_word' id='word_1_656' title='bbox 1166 4624 1356 4680; x_wconf 72' lang='lat' dir='ltr'>Missae</span> <span class='ocrx_word' id='word_1_657' title='bbox 1407 4625 1695 4682; x_wconf 83' lang='lat' dir='ltr'>sacriﬁcio</span> <span class='ocrx_word' id='word_1_658' title='bbox 1726 4626 1878 4681; x_wconf 89' lang='lat' dir='ltr'>reci-</span> <span class='ocrx_word' id='word_1_659' title='bbox 1910 4645 1958 4710; x_wconf 70' lang='grc' dir='ltr'>Ι)</span> <span class='ocrx_word' id='word_1_660' title='bbox 1991 4627 2321 4698; x_wconf 84' lang='lat' dir='ltr'>conjunctis</span> <span class='ocrx_word' id='word_1_661' title='bbox 2354 4627 2568 4685; x_wconf 91' lang='lat' dir='ltr'>studiis</span> <span class='ocrx_word' id='word_1_662' title='bbox 2588 4628 2855 4686; x_wconf 90' lang='lat' dir='ltr'>eamdem</span> <span class='ocrx_word' id='word_1_663' title='bbox 2878 4629 3249 4687; x_wconf 90' lang='lat' dir='ltr'>machinatos</span> <span class='ocrx_word' id='word_1_664' title='bbox 3268 4631 3330 4686; x_wconf 90' lang='lat' dir='ltr'>in</span> <span class='ocrx_word' id='word_1_665' title='bbox 3349 4633 3652 4689; x_wconf 83' lang='lat' dir='ltr'>Itinerario</span> 
     </span>
    </p>
   </div>
   <div class='ocr_carea' id='block_1_94' title="bbox 216 4709 1878 4786">
    <p class='ocr_par' dir='ltr' id='par_1_94' title="bbox 216 4709 1878 4786">
     <span class='ocr_line' id='line_1_94' title="bbox 216 4709 1878 4786; baseline 0.002 -21"><span class='ocrx_word' id='word_1_666' title='bbox 216 4710 628 4776; x_wconf 80' lang='lat' dir='ltr'>tanda,contra</span> <span class='ocrx_word' id='word_1_667' title='bbox 658 4726 951 4766; x_wconf 87' lang='lat' dir='ltr'>canonum</span> <span class='ocrx_word' id='word_1_668' title='bbox 975 4709 1285 4769; x_wconf 84' lang='lat' dir='ltr'>violatores</span> <span class='ocrx_word' id='word_1_669' title='bbox 1307 4717 1364 4769; x_wconf 89' lang='lat' dir='ltr'>et</span> <span class='ocrx_word' id='word_1_670' title='bbox 1391 4717 1596 4770; x_wconf 89' lang='lat' dir='ltr'>contra</span> <span class='ocrx_word' id='word_1_671' title='bbox 1607 4730 1878 4786; x_wconf 90' lang='lat' dir='ltr'>persecu-</span> 
     </span>
    </p>
   </div>
   <div class='ocr_carea' id='block_1_95' title="bbox 212 4799 977 4871">
    <p class='ocr_par' dir='ltr' id='par_1_95' title="bbox 212 4799 977 4871">
     <span class='ocr_line' id='line_1_95' title="bbox 212 4799 977 4871; baseline 0 -16"><span class='ocrx_word' id='word_1_672' title='bbox 212 4802 370 4855; x_wconf 90' lang='lat' dir='ltr'>tores</span> <span class='ocrx_word' id='word_1_673' title='bbox 401 4802 705 4871; x_wconf 91' lang='lat' dir='ltr'>compacta</span> <span class='ocrx_word' id='word_1_674' title='bbox 727 4799 977 4855; x_wconf 89' lang='lat' dir='ltr'>videtur.</span> 
     </span>
    </p>
   </div>
   <div class='ocr_carea' id='block_1_96' title="bbox 211 4922 1874 4993">
    <p class='ocr_par' dir='ltr' id='par_1_96' title="bbox 211 4922 1874 4993">
     <span class='ocr_line' id='line_1_96' title="bbox 211 4922 1874 4993; baseline 0.002 -15"><span class='ocrx_word' id='word_1_675' title='bbox 211 4922 401 4993; x_wconf 85' lang='lat' dir='ltr'>§XVI.</span> <span class='ocrx_word' id='word_1_676' title='bbox 452 4956 520 4966; x_wconf 90' lang='lat'><strong><em>—</em></strong></span> <span class='ocrx_word' id='word_1_677' title='bbox 567 4926 795 4981; x_wconf 68' lang='lat' dir='ltr'>Ineunte</span> <span class='ocrx_word' id='word_1_678' title='bbox 840 4941 987 4981; x_wconf 81' lang='lat' dir='ltr'>anno</span> <span class='ocrx_word' id='word_1_679' title='bbox 1038 4926 1164 4992; x_wconf 84' lang='lat'>965,</span> <span class='ocrx_word' id='word_1_680' title='bbox 1219 4926 1508 4982; x_wconf 80' lang='lat' dir='ltr'>Ratherius</span> <span class='ocrx_word' id='word_1_681' title='bbox 1540 4928 1749 4983; x_wconf 78' lang='lat' dir='ltr'>Milone</span> <span class='ocrx_word' id='word_1_682' title='bbox 1780 4929 1874 4982; x_wconf 84' lang='lat' dir='ltr'>in-</span> 
     </span>
    </p>
   </div>
   <div class='ocr_carea' id='block_1_97' title="bbox 278 4998 1870 5069">
    <p class='ocr_par' dir='ltr' id='par_1_97' title="bbox 278 4998 1870 5069">
     <span class='ocr_line' id='line_1_97' title="bbox 278 4998 1870 5069; baseline 0.003 -19"><span class='ocrx_word' id='word_1_683' title='bbox 278 5011 470 5051; x_wconf 86' lang='lat' dir='ltr'>vasore</span> <span class='ocrx_word' id='word_1_684' title='bbox 491 5000 707 5069; x_wconf 84' lang='lat' dir='ltr'>_agente</span> <span class='ocrx_word' id='word_1_685' title='bbox 753 4998 990 5069; x_wconf 77' lang='lat' dir='ltr'>capitur.</span> <span class='ocrx_word' id='word_1_686' title='bbox 1028 4998 1329 5069; x_wconf 67' lang='lat' dir='ltr'>Restitutus</span> <span class='ocrx_word' id='word_1_687' title='bbox 1355 4999 1525 5069; x_wconf 83' lang='lat' dir='ltr'>paulo</span> <span class='ocrx_word' id='word_1_688' title='bbox 1551 5002 1670 5069; x_wconf 88' lang='lat' dir='ltr'>post</span> <span class='ocrx_word' id='word_1_689' title='bbox 1698 5000 1870 5054; x_wconf 80' lang='lat' dir='ltr'>inter-</span> 
     </span>
    </p>
   </div>
   <div class='ocr_carea' id='block_1_98' title="bbox 278 5066 1868 5140">
    <p class='ocr_par' dir='ltr' id='par_1_98' title="bbox 278 5066 1868 5140">
     <span class='ocr_line' id='line_1_98' title="bbox 278 5066 1868 5140; baseline 0.003 -19"><span class='ocrx_word' id='word_1_690' title='bbox 278 5074 448 5140; x_wconf 64' lang='lat' dir='ltr'>ventu</span> <span class='ocrx_word' id='word_1_691' title='bbox 470 5066 623 5140; x_wconf 76' lang='lat' dir='ltr'>ducis</span> <span class='ocrx_word' id='word_1_692' title='bbox 650 5066 915 5124; x_wconf 73' lang='lat' dir='ltr'>Judithae.</span> <span class='ocrx_word' id='word_1_693' title='bbox 938 5066 1221 5123; x_wconf 75' lang='lat' dir='ltr'>Iudicium</span> <span class='ocrx_word' id='word_1_694' title='bbox 1250 5066 1640 5140; x_wconf 6' lang='lat' dir='ltr'>etgcompositio</span> <span class='ocrx_word' id='word_1_695' title='bbox 1669 5080 1868 5126; x_wconf 76' lang='lat' dir='ltr'>contra</span> 
     </span>
    </p>
   </div>
   <div class='ocr_carea' id='block_1_99' title="bbox 276 5136 1867 5209">
    <p class='ocr_par' dir='ltr' id='par_1_99' title="bbox 276 5136 1867 5209">
     <span class='ocr_line' id='line_1_99' title="bbox 276 5136 1867 5209; baseline 0.005 -19"><span class='ocrx_word' id='word_1_696' title='bbox 276 5136 533 5209; x_wconf 64' lang='lat' dir='ltr'>rebelles.</span> <span class='ocrx_word' id='word_1_697' title='bbox 577 5138 790 5209; x_wconf 79' lang='lat' dir='ltr'>Quanto</span> <span class='ocrx_word' id='word_1_698' title='bbox 842 5140 897 5193; x_wconf 83' lang='lat' dir='ltr'>in</span> <span class='ocrx_word' id='word_1_699' title='bbox 945 5140 1191 5209; x_wconf 85' lang='lat' dir='ltr'>periculo</span> <span class='ocrx_word' id='word_1_700' title='bbox 1223 5138 1401 5193; x_wconf 81' lang='lat' dir='ltr'>adhuc</span> <span class='ocrx_word' id='word_1_701' title='bbox 1445 5136 1782 5207; x_wconf 64' lang='lat' dir='ltr'>bersarelur,</span> <span class='ocrx_word' id='word_1_702' title='bbox 1816 5151 1867 5198; x_wconf 85' lang='lat' dir='ltr'>et</span> 
     </span>
    </p>
   </div>
   <div class='ocr_carea' id='block_1_100' title="bbox 276 5207 1866 5283">
    <p class='ocr_par' dir='ltr' id='par_1_100' title="bbox 276 5207 1866 5283">
     <span class='ocr_line' id='line_1_100' title="bbox 276 5207 1866 5283; baseline 0.004 -22"><span class='ocrx_word' id='word_1_703' title='bbox 276 5224 386 5279; x_wconf 80' lang='lat' dir='ltr'>qua</span> <span class='ocrx_word' id='word_1_704' title='bbox 434 5207 810 5283; x_wconf 69' lang='lat' dir='ltr'>sollicitudine</span> <span class='ocrx_word' id='word_1_705' title='bbox 865 5207 978 5283; x_wconf 68' lang='lat' dir='ltr'>sibi</span> <span class='ocrx_word' id='word_1_706' title='bbox 1004 5211 1232 5264; x_wconf 82' lang='lat' dir='ltr'>caverit.</span> <span class='ocrx_word' id='word_1_707' title='bbox 1250 5210 1540 5283; x_wconf 66' lang='lat' dir='ltr'>impulsus</span> <span class='ocrx_word' id='word_1_708' title='bbox 1569 5220 1627 5267; x_wconf 84' lang='lat' dir='ltr'>ut</span> <span class='ocrx_word' id='word_1_709' title='bbox 1657 5214 1866 5283; x_wconf 85' lang='lat' dir='ltr'>episco-</span> 
     </span>
    </p>
   </div>
   <div class='ocr_carea' id='block_1_101' title="bbox 272 5278 1865 5349">
    <p class='ocr_par' dir='ltr' id='par_1_101' title="bbox 272 5278 1865 5349">
     <span class='ocr_line' id='line_1_101' title="bbox 272 5278 1865 5349; baseline 0.004 -16"><span class='ocrx_word' id='word_1_710' title='bbox 272 5278 465 5349; x_wconf 68' lang='lat' dir='ltr'>patum</span> <span class='ocrx_word' id='word_1_711' title='bbox 496 5278 692 5335; x_wconf 80' lang='lat' dir='ltr'>Miloni</span> <span class='ocrx_word' id='word_1_712' title='bbox 730 5279 1058 5346; x_wconf 82' lang='lat' dir='ltr'>concederet,</span> <span class='ocrx_word' id='word_1_713' title='bbox 1093 5282 1299 5346; x_wconf 80' lang='lat' dir='ltr'>renuit,</span> <span class='ocrx_word' id='word_1_714' title='bbox 1332 5282 1464 5336; x_wconf 63' lang='lat' dir='ltr'>Dum</span> <span class='ocrx_word' id='word_1_715' title='bbox 1512 5283 1583 5337; x_wconf 87' lang='lat' dir='ltr'>ad</span> <span class='ocrx_word' id='word_1_716' title='bbox 1611 5278 1865 5339; x_wconf 75' lang='lat' dir='ltr'>Milonem</span> 
     </span>
    </p>
   </div>
   <div class='ocr_carea' id='block_1_102' title="bbox 276 5350 1863 5434">
    <p class='ocr_par' dir='ltr' id='par_1_102' title="bbox 276 5350 1863 5434">
     <span class='ocr_line' id='line_1_102' title="bbox 276 5350 1863 5434; baseline 0.003 -30"><span class='ocrx_word' id='word_1_717' title='bbox 276 5350 522 5434; x_wconf 43' lang='lat' dir='ltr'>epis-tow</span> <span class='ocrx_word' id='word_1_718' title='bbox 545 5351 645 5434; x_wconf 60' lang='lat' dir='ltr'>suo</span> <span class='ocrx_word' id='word_1_719' title='bbox 675 5350 941 5434; x_wconf 48' lang='lat' dir='ltr'>natalilia</span> <span class='ocrx_word' id='word_1_720' title='bbox 962 5353 1107 5434; x_wconf 79' lang='lat' dir='ltr'>festa</span> <span class='ocrx_word' id='word_1_721' title='bbox 1126 5355 1361 5434; x_wconf 51' lang='lat' dir='ltr'>scriptis.</span> <span class='ocrx_word' id='word_1_722' title='bbox 1388 5353 1718 5434; x_wconf 71' lang='lat' dir='ltr'>Reproducit</span> <span class='ocrx_word' id='word_1_723' title='bbox 1739 5371 1863 5409; x_wconf 86' lang='lat' dir='ltr'>cum</span> 
     </span>
    </p>
   </div>
   <div class='ocr_carea' id='block_1_103' title="bbox 277 5420 1863 5482">
    <p class='ocr_par' dir='ltr' id='par_1_103' title="bbox 277 5420 1863 5482">
     <span class='ocr_line' id='line_1_103' title="bbox 277 5420 1863 5482; baseline 0.005 -8"><span class='ocrx_word' id='word_1_724' title='bbox 277 5420 646 5477; x_wconf 83' lang='lat' dir='ltr'>additamento</span> <span class='ocrx_word' id='word_1_725' title='bbox 711 5420 1130 5477; x_wconf 81' lang='lat' dir='ltr'>Conclusionem</span> <span class='ocrx_word' id='word_1_726' title='bbox 1194 5420 1626 5481; x_wconf 75' lang='lat' dir='ltr'>deliberativam.</span> <span class='ocrx_word' id='word_1_727' title='bbox 1694 5430 1863 5482; x_wconf 80' lang='lat' dir='ltr'>Locus</span> 
     </span>
    </p>
   </div>
   <div class='ocr_carea' id='block_1_104' title="bbox 267 5491 1301 5564">
    <p class='ocr_par' dir='ltr' id='par_1_104' title="bbox 267 5491 1301 5564">
     <span class='ocr_line' id='line_1_104' title="bbox 267 5491 1301 5564; baseline 0.001 -18"><span class='ocrx_word' id='word_1_728' title='bbox 267 5492 629 5563; x_wconf 79' lang='lat' dir='ltr'>perobscurus</span> <span class='ocrx_word' id='word_1_729' title='bbox 658 5491 724 5546; x_wconf 89' lang='lat' dir='ltr'>de</span> <span class='ocrx_word' id='word_1_730' title='bbox 753 5491 941 5548; x_wconf 82' lang='lat' dir='ltr'>Sikero</span> <span class='ocrx_word' id='word_1_731' title='bbox 971 5494 1301 5564; x_wconf 72' lang='lat' dir='ltr'>explicatur.</span> 
     </span>
    </p>
   </div>
   <div class='ocr_carea' id='block_1_105' title="bbox 275 5596 1856 5658">
    <p class='ocr_par' dir='ltr' id='par_1_105' title="bbox 275 5596 1856 5658">
     <span class='ocr_line' id='line_1_105' title="bbox 275 5596 1856 5658; baseline 0.003 -5"><span class='ocrx_word' id='word_1_732' title='bbox 275 5598 399 5653; x_wconf 88' lang='grc'>102.</span> <span class='ocrx_word' id='word_1_733' title='bbox 455 5597 603 5653; x_wconf 86' lang='lat' dir='ltr'>Cum</span> <span class='ocrx_word' id='word_1_734' title='bbox 643 5596 781 5653; x_wconf 88' lang='lat' dir='ltr'>Milo</span> <span class='ocrx_word' id='word_1_735' title='bbox 845 5598 1105 5654; x_wconf 81' lang='lat' dir='ltr'>Ratherii</span> <span class='ocrx_word' id='word_1_736' title='bbox 1154 5598 1404 5655; x_wconf 68' lang='lat' dir='ltr'>aemulus</span> <span class='ocrx_word' id='word_1_737' title='bbox 1463 5600 1856 5658; x_wconf 88' lang='lat' dir='ltr'>Veronensem</span> 
     </span>
    </p>
   </div>
   <div class='ocr_carea' id='block_1_106' title="bbox 199 5684 1855 5773">
    <p class='ocr_par' dir='ltr' id='par_1_106' title="bbox 199 5684 1855 5773">
     <span class='ocr_line' id='line_1_106' title="bbox 199 5684 1855 5773; baseline -0.003 -16"><span class='ocrx_word' id='word_1_738' title='bbox 199 5685 418 5765; x_wconf 76' lang='lat' dir='ltr'>olerum</span> <span class='ocrx_word' id='word_1_739' title='bbox 446 5684 787 5763; x_wconf 73' lang='lat' dir='ltr'>memoratis</span> <span class='ocrx_word' id='word_1_740' title='bbox 816 5685 888 5749; x_wconf 83' lang='lat' dir='ltr'>de</span> <span class='ocrx_word' id='word_1_741' title='bbox 913 5685 1108 5751; x_wconf 83' lang='lat' dir='ltr'>causis</span> <span class='ocrx_word' id='word_1_742' title='bbox 1126 5688 1409 5752; x_wconf 85' lang='lat' dir='ltr'>adversus</span> <span class='ocrx_word' id='word_1_743' title='bbox 1431 5691 1708 5773; x_wconf 82' lang='lat' dir='ltr'>eumdem</span> <span class='ocrx_word' id='word_1_744' title='bbox 1731 5691 1855 5773; x_wconf 85' lang='lat' dir='ltr'>epi-</span> 
     </span>
    </p>
   </div>
   <div class='ocr_carea' id='block_1_107' title="bbox 1940 4715 3651 4790">
    <p class='ocr_par' dir='ltr' id='par_1_107' title="bbox 1940 4715 3651 4790">
     <span class='ocr_line' id='line_1_107' title="bbox 1940 4715 3651 4790; baseline 0.004 -18"><span class='ocrx_word' id='word_1_745' title='bbox 1940 4764 1943 4765; x_wconf 39' lang='grc' dir='ltr'><em>ν</em></span> <span class='ocrx_word' id='word_1_746' title='bbox 1992 4715 2197 4772; x_wconf 90' lang='lat' dir='ltr'>scribit</span> <span class='ocrx_word' id='word_1_747' title='bbox 2244 4734 2409 4772; x_wconf 89' lang='lat' dir='ltr'>num.</span> <span class='ocrx_word' id='word_1_748' title='bbox 2461 4718 2513 4772; x_wconf 80' lang='grc'>4.</span> <span class='ocrx_word' id='word_1_749' title='bbox 2565 4740 2593 4767; x_wconf 89' lang='grc'>‹‹</span> <span class='ocrx_word' id='word_1_750' title='bbox 2639 4718 2725 4772; x_wconf 85' lang='lat' dir='ltr'>Ab</span> <span class='ocrx_word' id='word_1_751' title='bbox 2768 4720 2974 4775; x_wconf 89' lang='lat' dir='ltr'>eodem</span> <span class='ocrx_word' id='word_1_752' title='bbox 3019 4718 3341 4776; x_wconf 80' lang='lat' dir='ltr'>invasore»</span> <span class='ocrx_word' id='word_1_753' title='bbox 3384 4720 3651 4790; x_wconf 88' lang='lat' dir='ltr'>(Milone)</span> 
     </span>
    </p>
   </div>
   <div class='ocr_carea' id='block_1_108' title="bbox 1986 4804 3648 4880">
    <p class='ocr_par' dir='ltr' id='par_1_108' title="bbox 1986 4804 3648 4880">
     <span class='ocr_line' id='line_1_108' title="bbox 1986 4804 3648 4880; baseline 0.004 -21"><span class='ocrx_word' id='word_1_754' title='bbox 1986 4826 2015 4854; x_wconf 83' lang='lat'><strong><em>«</em></strong></span> <span class='ocrx_word' id='word_1_755' title='bbox 2049 4804 2215 4860; x_wconf 90' lang='lat' dir='ltr'>vobis</span> <span class='ocrx_word' id='word_1_756' title='bbox 2246 4821 2361 4860; x_wconf 88' lang='lat' dir='ltr'>non</span> <span class='ocrx_word' id='word_1_757' title='bbox 2380 4806 2615 4878; x_wconf 90' lang='lat' dir='ltr'>penitus</span> <span class='ocrx_word' id='word_1_758' title='bbox 2635 4805 2695 4861; x_wconf 91' lang='lat' dir='ltr'>in</span> <span class='ocrx_word' id='word_1_759' title='bbox 2720 4810 2952 4862; x_wconf 89' lang='lat' dir='ltr'>tantum</span> <span class='ocrx_word' id='word_1_760' title='bbox 2974 4808 3222 4880; x_wconf 88' lang='lat' dir='ltr'>ignaris,</span> <span class='ocrx_word' id='word_1_761' title='bbox 3244 4824 3434 4880; x_wconf 91' lang='lat' dir='ltr'>neque</span> <span class='ocrx_word' id='word_1_762' title='bbox 3453 4808 3648 4866; x_wconf 89' lang='lat' dir='ltr'>eidem</span> 
     </span>
    </p>
   </div>
   <div class='ocr_carea' id='block_1_109' title="bbox 1984 4892 3649 4969">
    <p class='ocr_par' dir='ltr' id='par_1_109' title="bbox 1984 4892 3649 4969">
     <span class='ocr_line' id='line_1_109' title="bbox 1984 4892 3649 4969; baseline 0.004 -22"><span class='ocrx_word' id='word_1_763' title='bbox 1984 4892 2312 4961; x_wconf 89' lang='lat' dir='ltr'>contrariis,</span> <span class='ocrx_word' id='word_1_764' title='bbox 2364 4898 2432 4948; x_wconf 92' lang='lat' dir='ltr'>ut</span> <span class='ocrx_word' id='word_1_765' title='bbox 2480 4893 2641 4948; x_wconf 90' lang='lat' dir='ltr'>mille</span> <span class='ocrx_word' id='word_1_766' title='bbox 2686 4910 2803 4951; x_wconf 89' lang='lat' dir='ltr'>non</span> <span class='ocrx_word' id='word_1_767' title='bbox 2846 4895 3159 4967; x_wconf 85' lang='lat' dir='ltr'>defuerint,</span> <span class='ocrx_word' id='word_1_768' title='bbox 3213 4897 3313 4968; x_wconf 92' lang='lat' dir='ltr'>qui</span> <span class='ocrx_word' id='word_1_769' title='bbox 3359 4911 3462 4952; x_wconf 88' lang='lat' dir='ltr'>vos</span> <span class='ocrx_word' id='word_1_770' title='bbox 3494 4912 3649 4969; x_wconf 88' lang='lat' dir='ltr'>pene</span> 
     </span>
    </p>
   </div>
   <div class='ocr_carea' id='block_1_110' title="bbox 1981 4982 3645 5051">
    <p class='ocr_par' dir='ltr' id='par_1_110' title="bbox 1981 4982 3645 5051">
     <span class='ocr_line' id='line_1_110' title="bbox 1981 4982 3645 5051; baseline 0.003 -14"><span class='ocrx_word' id='word_1_771' title='bbox 1981 4996 2190 5037; x_wconf 90' lang='lat' dir='ltr'>omnes</span> <span class='ocrx_word' id='word_1_772' title='bbox 2216 4982 2435 5037; x_wconf 88' lang='lat' dir='ltr'>nedum</span> <span class='ocrx_word' id='word_1_773' title='bbox 2469 4983 2859 5051; x_wconf 90' lang='lat' dir='ltr'>consensisse,</span> <span class='ocrx_word' id='word_1_774' title='bbox 2895 4983 3004 5040; x_wconf 91' lang='lat' dir='ltr'>hoc</span> <span class='ocrx_word' id='word_1_775' title='bbox 3030 4984 3383 5041; x_wconf 86' lang='lat' dir='ltr'>crediderint</span> <span class='ocrx_word' id='word_1_776' title='bbox 3413 4985 3645 5042; x_wconf 91' lang='lat' dir='ltr'>machi-</span> 
     </span>
    </p>
   </div>
   <div class='ocr_carea' id='block_1_111' title="bbox 1980 5072 3642 5145">
    <p class='ocr_par' dir='ltr' id='par_1_111' title="bbox 1980 5072 3642 5145">
     <span class='ocr_line' id='line_1_111' title="bbox 1980 5072 3642 5145; baseline 0.002 -20"><span class='ocrx_word' id='word_1_777' title='bbox 1980 5087 2172 5138; x_wconf 89' lang='lat' dir='ltr'>nasse,</span> <span class='ocrx_word' id='word_1_778' title='bbox 2206 5074 2409 5142; x_wconf 88' lang='lat' dir='ltr'>postea</span> <span class='ocrx_word' id='word_1_779' title='bbox 2438 5072 2956 5143; x_wconf 90' lang='lat' dir='ltr'>comprehensum,</span> <span class='ocrx_word' id='word_1_780' title='bbox 2978 5072 3239 5145; x_wconf 92' lang='lat' dir='ltr'>pulsum,</span> <span class='ocrx_word' id='word_1_781' title='bbox 3262 5072 3642 5144; x_wconf 80' lang='lat' dir='ltr'>injuriatum,</span> 
     </span>
    </p>
   </div>
   <div class='ocr_carea' id='block_1_112' title="bbox 1978 5158 3641 5232">
    <p class='ocr_par' dir='ltr' id='par_1_112' title="bbox 1978 5158 3641 5232">
     <span class='ocr_line' id='line_1_112' title="bbox 1978 5158 3641 5232; baseline 0.003 -18"><span class='ocrx_word' id='word_1_782' title='bbox 1978 5158 2390 5231; x_wconf 79' lang='lat' dir='ltr'>exepoliatum,</span> <span class='ocrx_word' id='word_1_783' title='bbox 2424 5160 2701 5215; x_wconf 87' lang='lat' dir='ltr'>custodiae</span> <span class='ocrx_word' id='word_1_784' title='bbox 2748 5160 3175 5232; x_wconf 90' lang='lat' dir='ltr'>mancipatum,</span> <span class='ocrx_word' id='word_1_785' title='bbox 3203 5184 3231 5210; x_wconf 85' lang='grc'><strong>››</strong></span> <span class='ocrx_word' id='word_1_786' title='bbox 3276 5166 3387 5217; x_wconf 90' lang='lat' dir='ltr'>etc.</span> <span class='ocrx_word' id='word_1_787' title='bbox 3440 5161 3641 5219; x_wconf 88' lang='lat' dir='ltr'>Unum</span> 
     </span>
    </p>
   </div>
   <div class='ocr_carea' id='block_1_113' title="bbox 1980 5248 3637 5323">
    <p class='ocr_par' dir='ltr' id='par_1_113' title="bbox 1980 5248 3637 5323">
     <span class='ocr_line' id='line_1_113' title="bbox 1980 5248 3637 5323; baseline 0.002 -20"><span class='ocrx_word' id='word_1_788' title='bbox 1980 5253 2178 5303; x_wconf 83' lang='lat' dir='ltr'>autem</span> <span class='ocrx_word' id='word_1_789' title='bbox 2210 5264 2324 5319; x_wconf 71' lang='lat' dir='ltr'>pra:</span> <span class='ocrx_word' id='word_1_790' title='bbox 2355 5248 2579 5303; x_wconf 86' lang='lat' dir='ltr'>caeteris</span> <span class='ocrx_word' id='word_1_791' title='bbox 2601 5270 2629 5298; x_wconf 83' lang='lat'><strong>«</strong></span> <span class='ocrx_word' id='word_1_792' title='bbox 2662 5248 3077 5305; x_wconf 90' lang='lat' dir='ltr'>conductorem</span> <span class='ocrx_word' id='word_1_793' title='bbox 3112 5250 3474 5323; x_wconf 78' lang='lat' dir='ltr'>praecipuum</span> <span class='ocrx_word' id='word_1_794' title='bbox 3505 5265 3637 5307; x_wconf 89' lang='lat' dir='ltr'>om-</span> 
     </span>
    </p>
   </div>
   <div class='ocr_carea' id='block_1_114' title="bbox 1976 5335 3637 5409">
    <p class='ocr_par' dir='ltr' id='par_1_114' title="bbox 1976 5335 3637 5409">
     <span class='ocr_line' id='line_1_114' title="bbox 1976 5335 3637 5409; baseline 0.004 -19"><span class='ocrx_word' id='word_1_795' title='bbox 1976 5335 2166 5403; x_wconf 89' lang='lat' dir='ltr'>nium,</span> <span class='ocrx_word' id='word_1_796' title='bbox 2214 5357 2243 5387; x_wconf 83' lang='lat'><strong>»</strong></span> <span class='ocrx_word' id='word_1_797' title='bbox 2287 5336 2388 5409; x_wconf 89' lang='lat' dir='ltr'>qui</span> <span class='ocrx_word' id='word_1_798' title='bbox 2436 5352 2498 5391; x_wconf 91' lang='lat' dir='ltr'>se</span> <span class='ocrx_word' id='word_1_799' title='bbox 2536 5335 3128 5409; x_wconf 88' lang='lat' dir='ltr'>comprehenderunt,</span> <span class='ocrx_word' id='word_1_800' title='bbox 3163 5338 3223 5393; x_wconf 91' lang='lat' dir='ltr'>in</span> <span class='ocrx_word' id='word_1_801' title='bbox 3260 5360 3289 5390; x_wconf 88' lang='grc'><strong>‹‹</strong></span> <span class='ocrx_word' id='word_1_802' title='bbox 3322 5337 3637 5405; x_wconf 87' lang='lat' dir='ltr'>Qualitatis</span> 
     </span>
    </p>
   </div>
   <div class='ocr_carea' id='block_1_115' title="bbox 1974 5424 3633 5495">
    <p class='ocr_par' dir='ltr' id='par_1_115' title="bbox 1974 5424 3633 5495">
     <span class='ocr_line' id='line_1_115' title="bbox 1974 5424 3633 5495; baseline 0.003 -16"><span class='ocrx_word' id='word_1_803' title='bbox 1974 5424 2316 5495; x_wconf 88' lang='lat' dir='ltr'>conjectura</span> <span class='ocrx_word' id='word_1_804' title='bbox 2338 5446 2367 5476; x_wconf 83' lang='grc'><strong>››</strong></span> <span class='ocrx_word' id='word_1_805' title='bbox 2388 5428 2638 5480; x_wconf 85' lang='lat' dir='ltr'>testatur</span> <span class='ocrx_word' id='word_1_806' title='bbox 2658 5442 2821 5481; x_wconf 91' lang='lat' dir='ltr'>num.</span> <span class='ocrx_word' id='word_1_807' title='bbox 2848 5427 2939 5494; x_wconf 90' lang='lat'>16,</span> <span class='ocrx_word' id='word_1_808' title='bbox 2961 5426 3062 5482; x_wconf 91' lang='lat' dir='ltr'>ubi</span> <span class='ocrx_word' id='word_1_809' title='bbox 3081 5443 3159 5482; x_wconf 64' lang='lat' dir='ltr'>cae</span> <span class='ocrx_word' id='word_1_810' title='bbox 3170 5427 3309 5484; x_wconf 88' lang='lat' dir='ltr'>teris</span> <span class='ocrx_word' id='word_1_811' title='bbox 3330 5426 3633 5484; x_wconf 85' lang='lat' dir='ltr'>calamita-</span> 
     </span>
    </p>
   </div>
   <div class='ocr_carea' id='block_1_116' title="bbox 1969 5512 3634 5586">
    <p class='ocr_par' dir='ltr' id='par_1_116' title="bbox 1969 5512 3634 5586">
     <span class='ocr_line' id='line_1_116' title="bbox 1969 5512 3634 5586; baseline 0.004 -19"><span class='ocrx_word' id='word_1_812' title='bbox 1969 5512 2151 5579; x_wconf 90' lang='lat' dir='ltr'>tibus,</span> <span class='ocrx_word' id='word_1_813' title='bbox 2173 5530 2299 5585; x_wconf 84' lang='lat' dir='ltr'>quae</span> <span class='ocrx_word' id='word_1_814' title='bbox 2322 5512 2430 5568; x_wconf 89' lang='lat' dir='ltr'>hac</span> <span class='ocrx_word' id='word_1_815' title='bbox 2443 5513 2749 5570; x_wconf 90' lang='lat' dir='ltr'>occasione</span> <span class='ocrx_word' id='word_1_816' title='bbox 2770 5514 2883 5586; x_wconf 91' lang='lat' dir='ltr'>ipsi</span> <span class='ocrx_word' id='word_1_817' title='bbox 2900 5514 3140 5570; x_wconf 88' lang='lat' dir='ltr'>fuerunt</span> <span class='ocrx_word' id='word_1_818' title='bbox 3156 5515 3352 5583; x_wconf 74' lang='lat' dir='ltr'>illatas,</span> <span class='ocrx_word' id='word_1_819' title='bbox 3370 5514 3634 5573; x_wconf 63' lang='lat' dir='ltr'>ecclesia;</span> 
     </span>
    </p>
   </div>
   <div class='ocr_carea' id='block_1_117' title="bbox 1968 5600 3629 5676">
    <p class='ocr_par' dir='ltr' id='par_1_117' title="bbox 1968 5600 3629 5676">
     <span class='ocr_line' id='line_1_117' title="bbox 1968 5600 3629 5676; baseline 0.004 -20"><span class='ocrx_word' id='word_1_820' title='bbox 1968 5600 2358 5673; x_wconf 89' lang='lat' dir='ltr'>direptionem</span> <span class='ocrx_word' id='word_1_821' title='bbox 2402 5605 2460 5657; x_wconf 88' lang='lat' dir='ltr'>et</span> <span class='ocrx_word' id='word_1_822' title='bbox 2509 5602 2721 5659; x_wconf 89' lang='lat' dir='ltr'>domus</span> <span class='ocrx_word' id='word_1_823' title='bbox 2769 5602 3121 5676; x_wconf 87' lang='lat' dir='ltr'>episcopalis</span> <span class='ocrx_word' id='word_1_824' title='bbox 3159 5604 3629 5663; x_wconf 88' lang='lat' dir='ltr'>destructionem</span> 
     </span>
    </p>
   </div>
   <div class='ocr_carea' id='block_1_118' title="bbox 1967 5688 3618 5772">
    <p class='ocr_par' dir='ltr' id='par_1_118' title="bbox 1967 5688 3618 5772">
     <span class='ocr_line' id='line_1_118' title="bbox 1967 5688 3618 5772; baseline 0.002 -19"><span class='ocrx_word' id='word_1_825' title='bbox 1967 5688 2331 5767; x_wconf 71' lang='lat' dir='ltr'>adjioitJleo</span> <span class='ocrx_word' id='word_1_826' title='bbox 2349 5689 2610 5755; x_wconf 82' lang='lat' dir='ltr'>Ratherii</span> <span class='ocrx_word' id='word_1_827' title='bbox 2635 5694 2879 5772; x_wconf 84' lang='lat' dir='ltr'>captura</span> <span class='ocrx_word' id='word_1_828' title='bbox 2909 5691 3153 5770; x_wconf 80' lang='lat' dir='ltr'>contigit</span> <span class='ocrx_word' id='word_1_829' title='bbox 3181 5692 3337 5756; x_wconf 82' lang='lat' dir='ltr'>circa</span> <span class='ocrx_word' id='word_1_830' title='bbox 3365 5693 3522 5756; x_wconf 84' lang='lat' dir='ltr'>diem</span> <span class='ocrx_word' id='word_1_831' title='bbox 3549 5695 3618 5770; x_wconf 69' lang='lat'>21</span> 
     </span>
    </p>
   </div>
  </div>
