1984 3208
134 183 193 219 113

642 186 950 222 PROL'EGOMENA.
967 202 1007 212 -
1022 186 1215 222 RATHERII
1238 185 1341 223 VITA.

1798 191 1856 224 114

132 256 222 291 terra,
238 253 326 285 sicuti
343 255 488 293 imperiali
497 255 656 294 diplomate
665 257 700 286 de
709 257 829 286 castello
841 258 965 292 caverat,
981 257 1008 291 Α
1023 257 1113 292 tibus,
1129 266 1182 286 nec
1195 258 1261 295 ipsa
1275 258 1351 287 bona
1367 260 1395 287 et
1410 257 1496 287 laude
1513 258 1603 296 digna
1612 267 1664 296 per
1674 267 1856 296 se,perversa

134 310 172 330 ne
188 301 260 330 forte
276 301 301 329 si
317 300 388 329 Milo
395 301 607 338 episcopatum,
620 302 661 330 uti
675 302 965 339 putabat,evinceret,

133 354 199 375 eam
214 347 321 374 terram
334 347 488 382 repeteret,
505 348 533 374 et
547 346 577 374 in
589 347 641 382 jus
657 346 785 375 ecclesia:
809 348 965 374 revocaret.

132 392 207 419 Cum
221 389 389 424 Eutherius,
404 399 584 427 quaecunque
601 392 721 419 Sikerus
746 391 875 424 dederat,
893 391 967 419 umi-

133 435 208 464 citiae
223 435 424 465 causacollata
430 436 602 472 accepisset,
612 436 666 464 hoc
674 436 776 464 audaci
793 435 887 464 Sikeri
900 435 966 463 nisu

132 481 258 517 detecto,
274 480 410 517 paenituit
425 489 457 508 se
471 479 513 508 illi
530 483 636 508 terram
645 480 966 517 dedisse.lmpcratoris

131 533 201 553 vero
207 523 496 566 diplomaj-everitus,
506 525 619 553 nullam
625 525 661 553 de
675 528 770 553 castro
781 520 976 561 questionem'

132 573 256 598 movens
275 568 407 606 diploma
426 569 578 604 reveritus,
605 569 686 598 nulla
701 570 736 597 de
756 571 852 598 castro
868 578 964 605 quaes—

131 614 244 645 tionem
252 622 373 652 movens
383 613 672 653 responditicxxxvi]:
679 615 845 643 «Sufficerent
853 614 878 642 ei
887 614 966 650 quod

131 658 327 696 ipse'dederat
344 661 485 687 castrum.
499 671 514 684 n
526 657 577 687 Illo
591 662 689 687 autem
706 659 871 687 afﬁrmante
885 667 917 687 se
938 660 966 686 et

129 706 242 732 terram
254 703 328 732 velle
341 705 440 731 tenere
451 704 519 740 jure
535 712 599 738 suo,
617 702 646 732 et
660 706 802 737 castrum,
819 703 898 739 quod
915 711 966 739 per

130 761 145 774 «ι
163 748 294 778 donum»
301 748 491 788 Imperatoris
499 748 534 776 ad
543 757 574 778 se
581 748 748 786 pervenisse
755 747 963 776 mentiebatur.

127 792 305 830 indignatus
319 793 475 829 episcopus
490 801 553 821 eam
569 793 626 829 ipsi
640 795 749 821 terram
761 792 892 820 abstulit.

127 839 143 874 §
157 837 243 868 ΧἯΙ.
257 853 292 859 -—
306 837 432 866 Ratherii
445 839 507 874 acta
522 838 593 865 anni
605 837 668 865 966.
687 835 788 865 Scribit
810 836 966 874 Qualitatis

164 874 381 907 conjecturam.
399 874 431 901 1η
444 873 557 901 abbatia
564 874 720 907 Maguzani,
734 874 856 900 submoto
871 872 967 900 abbate

163 907 369 940 mal—armorum,
386 910 509 937 instituit
535 910 656 936 clericos.
681 909 717 936 'In
746 907 967 944 Quadragesima

1021 302 1260 338 interpretatione
1275 303 1529 340 distorquentibus
1545 305 1574 331 in
1591 304 1711 337 mslum,
1723 306 1783 333 tota
1794 305 1855 333 hzec

1022 346 1222 375 cavillatorum
1235 356 1357 376 censura
1370 348 1487 384 insigne
1498 349 1626 377 auctoris
1637 350 1805 377 encomium
1817 350 1856 377 vi-

1022 391 1211 430 debiturquo
1221 395 1426 421 accusatorum
1437 393 1606 430 malignitas
1616 394 1688 422 satis
1699 394 1854 430 detegitur.

1020 435 1197 472 Episcopum
1213 437 1292 464 cnim
1308 437 1425 465 exhibet
1439 446 1457 465 θ,
1471 437 1620 474 superbia,
1646 447 1663 465 ει
1685 437 1809 472 deliciis,
1840 448 1857 466 a

1020 485 1193 514 muneribus
1209 485 1348 519 alienum,
1366 487 1597 522 contemptorem
1614 486 1853 522 divitiarum,hu-

1022 529 1132 563 milem,
1145 538 1315 566 pauperem,
1332 530 1528 566 paenitentiam,
1542 530 1592 566 qui
1604 531 1735 559 vestibus
1747 531 1857 559 incom-

1021 574 1079 610 ptis
1091 577 1120 602 et
1131 575 1252 603 minime
1263 575 1527 611 pretiosis,aliaque
1539 575 1678 603 mediocri
1691 575 1856 612 supellecti-

1021 618 1040 646 li
1053 618 1207 647 utebatur:
1219 619 1473 655 quioccupabatur
1481 619 1854 654 servilibus,dormiebatin

1021 675 1152 700 scamno,
1165 669 1216 695 aut
1228 667 1368 695 libentius
1384 667 1487 702 humi;
1505 668 1555 704 qui
1582 668 1696 705 frugem
1720 677 1853 697 mensam

1020 712 1143 748 parabat
1157 714 1186 740 et
1200 712 1235 739 ad
1252 720 1316 740 eam
1330 720 1474 748 pauperes
1485 712 1643 742 adhibebat
1655 722 1662 747 ;
1674 721 1750 750 saepe
1761 714 1852 741 absti-

1020 756 1108 784 nebat
1122 765 1140 783 a
1154 756 1293 785 carnibus
1307 759 1336 784 et
1355 757 1416 785 fere
1432 766 1449 785 a
1477 757 1555 790 vino,
1586 758 1665 786 unde
1693 758 1856 786 abstemius

1019 801 1179 829 vocabatur
1191 811 1197 836 ;
1210 801 1260 838 qui
1267 801 1279 837 j
1283 801 1308 837 ej
1314 801 1425 829 unahat
1436 804 1465 829 et
1474 802 1677 841 penitentiam
1687 802 1794 839 agebat
1804 811 1856 838 pro

1022 845 1107 878 aliis;
1125 854 1184 873 non
1201 845 1360 881 quaerebat,
1378 846 1438 873 imo
1452 846 1654 880 detestabatur
1665 845 1858 882 gloriam,nec

1023 890 1146 918 curabat
1163 890 1187 917 si
1202 890 1339 925 quisque,
1354 890 1390 917 de
1405 898 1435 929 se
1464 889 1692 925 obloqueretur;
1721 890 1793 926 quin
1819 890 1856 928 (7)

163 933 299 982 ὲῖτὶῖςιὲὶὶἱι
312 933 678 982 ᾗὲξέὺῖἇὶἶξξὲέτὶῌᾱξὸιίὲιι
685 933 946 982 "antibasis;

1073 936 1209 962 ocutorcs
1224 936 1253 962 et
1266 933 1463 962 conviciautes
1480 934 1656 970 quandoque
1668 933 1796 971 przsmiis
1805 935 1855 963 do—

164 979 287 1017 eiusdem
301 981 335 1008 de
349 980 450 1017 Eiiptu
467 979 580 1017 illicito.
597 980 752 1017 Romanum
773 980 826 1007 iter
853 979 968 1006 medita-

165 1015 223 1051 tur,
238 1021 267 1045 et
279 1024 341 1044 cur.
358 1015 546 1044 Itinerarium
563 1015 682 1052 evulgat.

166 1060 228 1089 109.
245 1060 320 1088 Cum
338 1059 467 1089 Ratherii
485 1059 585 1088 hostes
595 1059 807 1088 intellexissent
818 1067 884 1086 eum
893 1057 969 1086 nolle

126 1105 334 1142 episcopatum
350 1103 452 1132 Miloni
469 1104 581 1138 cedere,
598 1104 654 1132 nisi
677 1103 863 1139 imperatoris
893 1099 969 1139 prae;

125 1152 214 1186 cepto
223 1151 387 1186 cogeretur,
396 1156 493 1176 mores
500 1150 528 1176 et
539 1147 627 1176 vitam
637 1148 703 1184 ejus
714 1147 816 1175 multis
822 1146 965 1180 censuris,

124 1203 181 1224 seu
194 1193 294 1231 potius
310 1192 548 1230 cavillationibus
578 1194 727 1228 creperunt
756 1191 963 1228 perstringere,

123 1237 281 1276 quibusad
288 1237 495 1274 imperatorem
503 1236 619 1272 delatis,
629 1235 779 1273 imperiale
787 1237 964 1272 praeceptum

122 1283 208 1321 quod
219 1282 393 1320 expetebant
408 1281 572 1310 eliceretur.
587 1281 647 1310 Hoc
662 1283 761 1309 autem
776 1280 914 1308 molimen
931 1282 964 1308 ut

122 1328 284 1366 episcopus
298 1326 429 1361 elideret,
456 1326 574 1354 easdem
603 1325 803 1354 cavillationes
832 1325 963 1361 ipsorum

122 1371 366 1408 adversariorum
382 1370 501 1399 nomine
508 1366 541 1399 ac
551 1370 647 1398 verbis
654 1370 963 1407 publiceexponendas

123 1417 214 1450 duxit
228 1417 259 1445 in
275 1411 429 1454 opusculo,
438 1415 691 1452 quodinscripsit:
709 1425 722 1438 α
733 1413 888 1448 Quslitatis
897 1422 963 1442 con-

116 1463 242 1499 jectura
275 1460 443 1497 cujusdam.
475 1470 488 1484 υ
523 1457 683 1488 Censorum
718 1466 839 1487 suorum
877 1457 962 1486 mali-

122 1505 274 1544 gnitatem
290 1504 438 1541 explicans
448 1504 478 1531 in
489 1504 658 1540 Apologetico
668 1504 781 1536 numli.
798 1515 812 1528 ‹‹
825 1502 960 1536 Quidam,

123 1550 239 1588 inquit,
256 1549 318 1578 sive
330 1549 453 1585 putatis,
469 1549 529 1576 sive
546 1557 563 1576 a
577 1556 609 1581 se
638 1548 733 1585 magis
758 1547 891 1575 confictis
914 1555 961 1575 me

116 1593 262 1632 jaculant
275 1592 462 1627 criminibus.
478 1592 603 1625 Quidam
619 1593 706 1626 bona,
723 1592 748 1620 si
779 1600 837 1628 qua
862 1591 962 1619 videor

121 1631 225 1676 igere,
243 1637 373 1667 sinistris
388 1636 679 1674 interpretationibus
694 1645 752 1664 non
768 1636 907 1664 desinunt
917 1635 961 1665 in-

121 1684 256 1714 fuscare.
274 1694 289 1709 ››
306 1683 382 1711 Cum
397 1690 483 1718 porro
499 1682 577 1709 idem
593 1682 725 1718 seipsum
741 1690 799 1709 non
815 1682 964 1708 vereretur

122 1727 357 1767 reprehendere,
374 1729 404 1755 et
418 1735 473 1755 sua
488 1735 605 1763 quoque
619 1725 728 1754 leviora
740 1725 847 1754 delicta
858 1733 964 1761 augere

122 1776 157 1803 et
169 1779 348 1810 exaggerat-6
372 1771 489 1806 soleret,
507 1773 539 1798 ut
554 1771 584 1799 in
613 1770 747 1798 libellum
777 1770 965 1806 Confessionis

122 1816 352 1851 observavimus
369 1825 376 1850 ;
394 1815 435 1844 nil
451 1816 559 1844 mirum
577 1815 602 1843 si
618 1815 646 1843 in
659 1815 967 1850 Qualitatisconjectum

122 1859 338 1895 accusatorum
354 1860 500 1897 ejusmodi
515 1860 641 1888 indolem
659 1861 788 1887 secutus.
800 1860 833 1886 ut
859 1858 966 1886 iisdem

122 1906 287 1936 materiam
293 1906 644 1945 praeberetcensurarum,
653 1904 683 1932 in
695 1910 782 1931 censu
788 1903 966 1939 risipsorum

123 1949 252 1982 nomine
267 1949 416 1987 expressis
432 1961 446 1975 «
461 1957 530 1977 vera
543 1949 636 1983 falsis,
665 1947 827 1985 opinabilia
850 1946 936 1975 certis
953 1958 967 1972 ››

125 1995 343 2029 immiscuerit,
359 1994 404 2022 uti
419 2002 542 2024 numero
558 1994 655 2030 primo
671 1991 827 2029 signiﬁcat.
860 1992 966 2025 Rarus,

124 2049 183 2071 seu
197 2039 302 2078 potius
317 2038 479 2076 singularis
494 2037 541 2067 hic
557 2037 704 2066 scribendi
722 2045 754 2064 ac
775 2037 966 2072 semetipsum

126 2081 313 2115 criminandi
329 2083 447 2112 modus.
465 2094 479 2108 ‹‹
497 2082 635 2116 similem,
653 2081 710 2116 cui,
728 2093 742 2106 ››
764 2082 796 2109 ut
825 2089 886 2117 ipse
915 2080 965 2115 ait,

127 2141 144 2158 σι
160 2131 232 2158 ante
246 2136 307 2163 me,
323 2128 421 2160 credo,
438 2128 474 2155 de
489 2135 520 2154 se
536 2126 636 2155 nullus
650 2126 736 2154 fecit:
755 2137 769 2150 »
799 2134 865 2153 cum
894 2134 967 2162 pra:-

126 2172 308 2204 εει-τίω·θυί
336 2172 480 2200 vindicias
507 2172 580 2208 adeo
610 2170 778 2207 neglexerit,
809 2172 841 2197 ut
870 2170 969 2206 pejora

127 2218 230 2248 adhuc
245 2218 284 2246 de
298 2225 331 2246 sc
347 2216 510 2245 existimari
526 2216 632 2252 cuique
647 2214 822 2252 permiserit,
840 2215 966 2242 addens:

127 2263 255 2300 «Lagei.
269 2270 340 2299 ergo
355 2260 407 2298 qui
422 2259 509 2293 volet,
535 2262 563 2288 et
591 2260 628 2288 de
656 2268 702 2287 me
731 2259 858 2296 proferat
885 2258 969 2294 pejus

126 2307 292 2345 quiddam,
309 2304 335 2334 si
350 2305 436 2334 valet.
453 2317 466 2330 ιι
483 2304 556 2332 Hinc
571 2303 689 2332 difﬁcile
709 2304 764 2332 erit
792 2303 968 2338 discernere,
985 2316 1009 2348 Ι)

127 2357 272 2388 quanam
284 2357 417 2383 censura:
433 2348 463 2376 in
479 2347 534 2376 boc
554 2357 640 2385 opere
671 2348 807 2377 Itatberio
837 2348 969 2384 impacta:

127 2396 194 2432 sint
219 2405 236 2426 ος
265 2401 352 2429 verm,
381 2403 396 2418 »
424 2392 515 2426 falsae,
533 2404 548 2417 »
578 2401 713 2429 quaenam
731 2403 744 2417 ι(
770 2394 868 2426 certos,
885 2403 899 2416 ιι
926 2391 971 2419 vel

128 2438 302 2479 opinabiles
325 2449 333 2464 ι
349 2437 500 2479 [εκχκχιι].
518 2448 532 2462 »
547 2437 588 2465 Ex
603 2436 662 2465 zelo
679 2439 787 2470 tamen,
800 2445 858 2473 quo
878 2435 971 2479 ferve-

127 2483 300 2521 bstlugex
314 2481 460 2521 severiore
484 2478 598 2509 vivendi
628 2483 741 2508 ratione
769 2479 864 2516 ipsius
888 2478 973 2508 valde

293 2515 350 2560 est,
366 2525 502 2563 graviora
517 2525 631 2559 saltem,
649 2533 713 2561 qua:
744 2515 867 2552 inieum
892 2524 973 2561 inge-

128 2572 245 2610 runth
256 2564 396 2605 crimina,
412 2569 457 2598 vel
474 2569 547 2598 falsa
562 2569 684 2598 omnino
697 2577 772 2603 esse,
787 2568 830 2596 vel
849 2568 975 2597 nimium

129 2611 324 2655 manu.
339 2613 449 2644 Confer
462 2613 681 2643 Admonitionem
697 2613 726 2641 in
749 2614 913 2649 Excerptmn
940 2621 975 2641 ex

128 2661 247 2697 dialogo
259 2659 461 2698 confessimli
474 2667 554 2686 num.
565 2659 590 2686 3.
607 2659 749 2686 Ca'tcrum
759 2658 975 2693 rcctcjudican-

165 2715 210 2752 (τ)
224 2713 336 2750 (Quam
352 2712 420 2752 forti
428 2708 592 2752 pacato-que
605 2711 703 2752 animo
716 2711 976 2752 nostcrcpiscopus

130 2747 301 2781 Milon
317 2747 418 2778 solum
428 2747 625 2780 bblocut’ores,
643 2747 693 2775 sed
705 2747 791 2774 etiam
810 2749 977 2782 persecuto-

130 2784 310 2822 ταίωᾷοῆ
320 2786 421 2814 mente
431 2783 521 2822 veluti
531 2791 672 2822 magnum
690 2791 776 2822 suum
791 2783 900 2822 bonum
927 2782 977 2822 ha-

131 2818 656 2863 bensqqzecunqueacerbioramala
665 2818 792 2863 canipsi's
799 2818 977 2853 prodierant,

1026 983 1116 1010 nabat
1130 992 1136 1010 :
1150 983 1202 1019 qui
1217 983 1277 1011 zelo
1291 982 1454 1019 disciplina:
1463 983 1702 1019 abripiebaturin
1715 983 1855 1012 acriorem

1024 1026 1283 1062 reprehensionem
1299 1027 1444 1059 omnium,
1461 1035 1514 1054 nec
1537 1026 1595 1055 sibi
1621 1027 1677 1064 ipsi
1706 1028 1854 1062 parcebat,

1023 1071 1073 1099 sed
1090 1080 1143 1099 sua
1159 1071 1407 1107 quoquecrimina
1417 1071 1514 1107 palam
1525 1071 1729 1105 confitebatur,
1743 1074 1772 1099 et
1782 1080 1855 1100 non-

1022 1127 1174 1156 nunquam
1189 1120 1288 1153 etiam,
1305 1122 1338 1147 ut
1359 1119 1523 1153 innuimus,
1547 1120 1686 1155 augebat;
1698 1128 1855 1157 exaggera-

1020 1163 1128 1200 batque
1141 1173 1147 1198 ;
1165 1164 1215 1200 qui
1232 1164 1350 1193 nolebat
1361 1164 1531 1192 ministrum
1546 1164 1592 1192 vel
1604 1164 1790 1200 capellanum
1802 1165 1854 1192 ha-

1019 1208 1097 1241 bere,
1113 1216 1172 1237 non
1187 1209 1287 1237 adibat
1299 1217 1398 1245 regem
1410 1211 1462 1236 aut
1480 1210 1645 1245 magnetes,
1663 1217 1716 1237 nec
1731 1210 1767 1237 ab
1780 1209 1853 1245 ipsis

1019 1253 1181 1289 quidquam
1197 1252 1384 1289 postulabat;
1401 1253 1450 1288 qui
1472 1261 1584 1288 pronus
1612 1254 1674 1280 erat
1689 1253 1726 1280 ad
1753 1261 1853 1282 sacras

1017 1301 1155 1329 basilicas
1170 1302 1393 1334 struendas,aut
1412 1301 1622 1334 restruendas;
1640 1300 1713 1328 nihil
1728 1309 1744 1328 e
1765 1301 1852 1330 rebus

1018 1346 1145 1374 ecclesiae
1161 1346 1190 1373 in
1206 1345 1441 1382 consanguineos
1455 1345 1571 1373 volebat
1590 1345 1722 1372 conferre
1735 1354 1742 1379 ;
1772 1347 1852 1374 totus

1017 1392 1080 1418 erat
1095 1390 1125 1418 in
1140 1390 1233 1423 libris,
1251 1390 1446 1426 frequentiam
1463 1390 1572 1423 oderat,
1585 1389 1705 1417 amabat
1715 1389 1849 1418 solitudi-

1017 1443 1084 1463 nem
1098 1434 1440 1469 ;a1udis,vcnationibus
1451 1436 1480 1462 et
1489 1433 1638 1462 similibus
1648 1433 1848 1463 oblectamen-

1016 1484 1053 1511 tis
1069 1483 1245 1511 abhorrebat
1260 1483 1324 1511 Hmc
1340 1486 1368 1511 et
1382 1483 1439 1510 alia
1451 1483 1540 1518 hujus
1551 1483 1665 1519 generis
1678 1491 1735 1511 non
1742 1491 1846 1519 pauca,

1016 1527 1069 1555 etsi
1086 1527 1213 1555 maxime
1227 1527 1474 1555 commendabilia
1489 1527 1559 1560 sint,
1575 1535 1722 1555 acensore
1747 1530 1846 1555 tamen
1879 1519 1885 1524 ’

1015 1572 1045 1600 in
1057 1572 1293 1608 reprehensionis
1303 1574 1510 1608 argumentum
1521 1580 1555 1599 ac
1566 1572 1693 1608 speciem
1714 1572 1847 1608 proposi~

978 1628 1000 1661 ρ
1019 1619 1049 1644 ta
1060 1617 1088 1644 in
1100 1616 1218 1644 laudato
1229 1623 1315 1653 opcr‘c
1321 1617 1525 1653 praeferuntur.
1534 1616 1847 1652 Inseriturepisodium

1019 1664 1120 1689 contra
1133 1661 1261 1694 Judzeos,
1279 1661 1329 1697 qui
1345 1661 1465 1688 Verona:
1480 1662 1675 1696 praepotentes
1689 1661 1781 1689 fuisse
1796 1669 1849 1688 no-

1019 1713 1152 1744 scuntur,
1165 1711 1281 1738 necnon
1298 1711 1398 1737 contra
1413 1709 1490 1742 illos,
1503 1709 1552 1744 qui
1560 1706 1675 1737 Judasis
1687 1709 1850 1736 amicitiam

1019 1757 1048 1783 et
1062 1756 1190 1782 favorem
1206 1754 1385 1790 praestabant
1399 1753 1555 1788 [exitum].
1572 1752 1719 1780 Notantur
1739 1753 1851 1780 abusus

1020 1800 1131 1835 quibus
1148 1798 1240 1826 multa
1255 1797 1387 1826 ecclesiae
1399 1797 1479 1825 bona
1493 1796 1560 1824 aliis
1572 1799 1660 1832 atque
1675 1796 1742 1823 aliis
1762 1796 1854 1824 nomi.

1021 1843 1110 1871 nibus
1126 1843 1240 1870 fuerant
1254 1841 1520 1877 injustedistracta.
1533 1840 1656 1873 Quidam
1668 1840 1747 1868 enim
1760 1840 1851 1869 eccle-

1023 1888 1071 1915 sia:
1087 1886 1149 1923 agri
1163 1895 1179 1914 a
1193 1886 1362 1923 potentibus
1377 1885 1520 1921 occupati,
1538 1884 1580 1912 vel
1597 1886 1685 1913 etiam
1695 1885 1732 1912 ab
1744 1884 1854 1921 episco-

1023 1933 1067 1969 pis
1081 1932 1209 1969 primum
1227 1931 1423 1959 usufructario
1441 1930 1558 1957 nomine
1574 1929 1705 1958 concessi
1716 1929 1753 1957 ad
1777 1931 1852 1957 tem-

1022 1990 1087 2018 pus,
1105 1980 1145 2008 ita
1161 1982 1261 2017 postea
1276 1979 1417 2017 principis
1430 1979 1590 2015 diplomate
1615 1978 1851 2010 conferebantur,

1022 2029 1050 2054 et
1066 2025 1326 2057 confirmabantur,
1338 2026 1371 2051 ut
1381 2024 1460 2052 velut
1473 2024 1559 2059 injus
1568 2023 1683 2060 ‘regiUm
1696 2023 1804 2051 redacti
1816 2023 1853 2050 ab

1022 2070 1149 2099 ecclesias
1162 2070 1229 2106 jure
1244 2069 1420 2097 exciderent.
1437 2068 1612 2103 Conferquas
1619 2067 1654 2095 de
1665 2067 1767 2095 Sikero
1777 2069 1854 2095 retu-

1022 2115 1114 2143 limus
1125 2114 1180 2142 θυι)
1196 2114 1284 2141 finem
1302 2111 1478 2149 paragraphi
1495 2112 1699 2152 praecedentis;
1710 2111 1853 2139 Perstrin-

1023 2161 1134 2196 guntur
1148 2161 1209 2186 tres
1223 2158 1429 2185 contractuum
1445 2155 1568 2191 species,
1594 2155 1704 2190 quibus
1720 2154 1855 2182 ecclesia:

1024 2204 1102 2231 bona
1116 2201 1367 2235 distrahebantur,
1383 2200 1412 2227 id
1429 2200 1475 2227 est
1491 2209 1506 2223 α
1531 2198 1789 2230 commutationes,
1809 2197 1856 2225 ‘li-

1024 2251 1104 2285 belli,
1120 2254 1149 2279 et
1164 2249 1314 2285 precaria:
1331 2260 1344 2273 η
1363 2248 1483 2284 hmcque
1499 2246 1599 2275 omnia
1614 2246 1710 2283 partin
1730 2246 1857 2274 uecessi~

1023 2297 1082 2324 tate
1098 2294 1313 2331 episcoporum,
1329 2292 1435 2329 partim
1447 2300 1499 2328 per
1510 2291 1622 2319 fraudis
1636 2290 1857 2327 subreptionem

1026 2338 1184 2376 contigisse
1200 2338 1364 2366 traduntur.
1384 2336 1538 2365 Concludit
1550 2335 1706 2364 Ratherius
1719 2344 1787 2363 cum
1799 2335 1858 2364 clo-

1026 2385 1073 2421 gio
1089 2383 1203 2411 Ottonis
1220 2382 1414 2419 imperatoris,
1433 2389 1521 2418 quem
1551 2383 1584 2408 ut
1612 2380 1668 2409 sibi
1697 2380 1858 2417 propitium

1028 2428 1141 2461 reddat,
1159 2435 1228 2455 suas
1238 2426 1390 2463 angustias
1404 2428 1432 2454 et
1438 2425 1602 2463 periculum
1610 2425 1712 2461 paucis
1722 2424 1858 2460 explicat.

1027 2474 1068 2502 Ne
1085 2475 1181 2501 autem
1197 2471 1260 2500 suis
1274 2471 1410 2499 hostibus
1419 2469 1508 2498 falsas
1524 2468 1744 2498 criminationes
1759 2468 1862 2496 obtru-

1029 2521 1166 2552 dcntibus
1182 2521 1282 2549 faciles
1295 2529 1381 2548 aures
1397 2522 1426 2548 et
1441 2519 1529 2548 fidem
1544 2518 1681 2556 praebeat,
1698 2525 1763 2545 eam
1783 2517 1861 2553 ipso-

1030 2576 1096 2595 rum
1106 2565 1349 2594 consuetudinem
1360 2564 1551 2600 notat,quain
1562 2563 1733 2599 episcopum
1745 2559 1863 2598 culpam

1030 2611 1164 2647 rcjiciant
1180 2609 1376 2646 quorumdam
1393 2607 1550 2642 malorum,
1567 2614 1694 2644 quorum
1723 2605 1780 2642 ipsi
1796 2606 1866 2633 sunt

1031 2656 1082 2684 rei.
1092 2655 1265 2691 Exemplum
1277 2652 1515 2682 recentissimum
1523 2651 1634 2689 profert
1644 2649 1801 2687 cujusdam
1810 2648 1866 2677 cte-

1031 2708 1194 2745 intelligere
1211 2706 1383 2745 lice_bit_qup
1409 2702 1668 2745 sensu_Everacl_us
1680 2699 1869 2745 beodip‘epsi‘s

1032 2734 1190 2781 Eb‘ii’ét‘fi‘dé
1204 2743 1240 2781 ad
1258 2734 1574 2781 Ratheriumscribens
1589 2734 1867 2781 ςρξειςλᾎέι-ορξξζρ,

1274 2768 1346 2812 ejus
1361 2776 1394 2816 in
1408 2775 1538 2816 adversis
1553 2768 1869 2816 extulerith‘igs‘

1035 2802 1437 2844 :iiaiieniia‘sﬁné'moretur
1447 2810 1482 2845 (si
1500 2811 1544 2837 fas
1554 2814 1600 2837 est
1607 2803 1771 2837 diceref‘ide
1779 2802 1870 2832 salva,

670 2845 732 2882 723..
749 2845 834 2881 Hinc
863 2845 980 2890 quoque
1036 2860 1073 2880 nc
1089 2852 1180 2879 Deum
1197 2847 1357 2881 oll'endam)
1374 2848 1404 2875 tu
1421 2853 1453 2872 es
1469 2845 1542 2883 ipsa.
1558 2846 1586 2877 η)
