3968 6418
252 314 372 383 1ιὸ

1216 318 1671 388 RATHERIUS
1717 315 2208 386 VERONENSIS
2253 318 2707 388 EPISCOPUS.

3560 313 3687 385 “6

250 454 356 512 rici
385 454 458 512 ad
489 453 859 514 diaconatum
893 453 963 513 ab
995 453 1264 514 invasore
1287 457 1560 529 promoti,
1611 456 1715 528 qui
1774 471 1908 511 cum
1938 455 1993 522 Α
2023 453 2412 511 dioecesanam
2445 455 2733 528 synodum
2765 449 3246 524 convocavit.Qui
3277 457 3474 512 autem
3496 452 3685 529 hujus

250 549 468 601 terram
491 546 647 618 juris
677 546 1025 618 episcopalis
1057 563 1160 618 per
1191 550 1538 618 potestatem
1571 544 1908 601 saecularem

251 638 492 701 teneret,
526 638 701 707 atque
730 635 1009 708 diriperet
1039 653 1051 702 ;
1082 659 1109 684 ι(
1139 636 1210 690 ad
1245 636 1421 706 pedes
1453 636 1686 691 nemine
1717 651 1910 706 perse-

255 727 470 795 quente
500 723 843 796 confugiens
886 723 1120 779 Domini
1177 725 1570 796 imperatoris,
1632 724 1912 778 mentitus

253 815 344 867 est
374 811 530 883 quod
563 833 592 861 »
625 811 982 884 (Ratherius)
1012 835 1039 862 «
1066 830 1241 868 suum
1265 813 1314 868 ei
1339 813 1684 867 beneﬁcium
1720 813 1915 866 abstu-

255 899 442 955 lisset.
479 923 506 950 ››
535 904 648 956 Cur
676 901 786 956 hoc
809 899 1161 972 opusculum
1181 902 1493 974 afﬁgamus
1517 900 1737 957 ineunti
1759 917 1913 956 anno

256 988 381 1055 966,
416 1006 485 1044 ex
513 990 810 1045 notatione
853 989 1065 1062 prima,
1125 1007 1303 1062 quam
1361 991 1474 1062 ipsi
1531 989 1912 1060 subjecimus,

257 1077 622 1150 exploratum
657 1079 776 1134 ﬁet.

330 1167 452 1222 110.
486 1166 604 1222 Hoc
634 1166 838 1222 eodem
869 1169 1148 1238 tempore,
1179 1183 1293 1237 quo
1321 1166 1633 1222 Ratherius
1665 1189 1692 1215 «
1717 1183 1773 1221 m
1793 1165 1915 1221 ale-

257 1253 525 1312 volorum
601 1253 1065 1311 cavillationibus
1117 1278 1145 1306 ››
1202 1255 1481 1310 acerrime
1527 1255 1918 1327 impetebatur

263 1342 616 1414 opusculum
673 1343 855 1398 edidit
882 1343 948 1398 de
1004 1344 1286 1399 Abbatiola
1343 1343 1692 1412 Magonziam'
1760 1361 1918 1399 nunc

262 1432 576 1501 Maguzani,
605 1433 704 1488 ubi
737 1431 1081 1487 mutationis
1110 1432 1168 1486 in
1200 1449 1328 1487 eam
1359 1432 1608 1487 inductae
1634 1433 1918 1488 rationem

262 1521 518 1593 exponit.
553 1521 684 1576 Haec
713 1519 1029 1587 abbatiola,
1058 1519 1116 1574 in
1148 1520 1400 1575 conﬁnio
1435 1521 1694 1576 diaecesis
1748 1520 1922 1577 Vero-

261 1609 482 1676 nensis,
512 1607 794 1665 Brixianae
814 1607 1078 1680 proximo
1106 1609 1239 1677 sita,
1265 1626 1398 1664 cum
1422 1625 1529 1664 suo
1577 1609 1795 1681 praedio
1839 1609 1921 1665 ita

259 1696 633 1769 dispositioni
709 1695 1117 1768 episcoporum
1170 1698 1435 1768 subjecta
1491 1701 1638 1762 erat,
1695 1702 1761 1754 ut
1817 1702 1920 1754 aut

260 1787 510 1842 obeunte
535 1785 752 1840 ibidem
784 1786 1012 1852 abbate,
1047 1789 1149 1839 aut
1179 1786 1331 1840 male
1354 1792 1579 1841 morato
1598 1791 1654 1841 et
1674 1787 1918 1842 incorri-

261 1874 446 1948 gibili,
476 1873 994 1930 aliusVeronensis
1007 1873 1307 1931 dioecessis
1324 1875 1396 1930 ab
1409 1875 1682 1947 episcopo
1699 1875 1920 1931 substi-

261 1967 548 2032 tueretur,
579 1962 680 2034 qui
711 1963 967 2018 efﬁceret
998 1967 1062 2017 ut
1091 1962 1414 2018 militantes
1445 1963 1506 2018 in
1537 1980 1606 2019 ea
1635 1964 1919 2020 monasti-

265 2068 393 2108 cam
422 2051 604 2106 vitam
663 2050 1044 2106 custodirent.
1098 2051 1158 2106 1d
1219 2055 1413 2105 autem
1468 2067 1538 2107 ex
1595 2052 1923 2108 fundatoris

268 2143 462 2195 mente
490 2155 605 2194 non
635 2139 782 2193 bene
813 2142 1070 2193 cesserat
1090 2139 1364 2208 [cxxxrx].
1399 2139 1788 2212 Hungari,qui
1814 2141 1924 2197 hoc

268 2228 481 2286 seculo
510 2226 738 2284 Italiam
770 2226 1129 2292 invadentes,
1153 2226 1440 2282 incendiis
1465 2243 1531 2283 ac
1551 2228 1927 2301 depradatio—

269 2318 446 2374 nibus
473 2319 859 2382 vastaverant,
887 2315 1151 2386 ejusdem
1183 2315 1431 2370 abbatite
1465 2317 1794 2373 ccenobium
1835 2319 1925 2374 in-

269 2406 606 2472 cenderant,
640 2419 823 2475 eoque
853 2402 1139 2474 angustias
1170 2419 1263 2458 res
1310 2402 1498 2474 ipsius
1542 2405 1806 2473 abbatizs,
1871 2411 1929 2462 et

268 2500 600 2567 temporum
633 2491 962 2563 corruptela
987 2497 1410 2562 processerant,
1442 2496 1507 2547 ut
1527 2493 1689 2549 solus
1709 2495 1925 2551 ibidem

269 2585 450 2641 abbas
481 2583 771 2650 existeret,
833 2581 1107 2652 idemque
1167 2581 1431 2636 moribus
1482 2599 1760 2654 nequam,
1823 2585 1923 2656 qui

267 2673 500 2746 publico
532 2687 667 2728 cum
701 2668 977 2726 seandalo
995 2685 1233 2725 uxorem
1267 2674 1324 2725 et
1349 2669 1500 2726 ﬁlios
1521 2670 1733 2726 alebat.
1759 2672 1925 2729 Hunc

268 2761 578 2818 Ratherius
604 2760 678 2816 ad
707 2757 1176 2815 emendationem
1208 2775 1474 2815 revocare
1505 2760 1732 2816 studuit
1761 2779 1775 2830 ;
1820 2763 1924 2818 sed

270 2852 508 2907 frustra.
541 2849 656 2904 Ter
680 2848 836 2903 enim
870 2847 1008 2918 fuga
1038 2863 1099 2902 se
1120 2847 1417 2913 subduxit,
1466 2863 1532 2902 ac
1589 2865 1690 2920 per
1744 2849 1922 2904 inter-

270 2939 508 2996 nuntios
537 2936 733 2993 oblata
767 2935 1040 3007 episcopo
1092 2940 1364 3006 pecunta,
1424 2951 1548 2991 rem
1603 2953 1737 2992 cum
1797 2938 1924 3009 ipso

270 3043 618 3100 componere
647 3025 816 3080 nisus
847 3026 954 3078 est.
990 3023 1302 3079 Exhorruit
1331 3023 1642 3080 Ratherius
1694 3029 1924 3082 tantum

269 3117 501 3184 scelus;
535 3110 1060 3184 hmsitaliquandiu
1091 3110 1232 3182 quid
1251 3117 1466 3184 ageret.
1500 3136 1527 3164 «
1544 3113 1602 3168 Si
1625 3114 1781 3169 enim
1795 3131 1921 3188 ego,

2020 543 2225 613 synodi
2258 545 2448 599 exitus
2506 544 2699 611 fuerit,
2766 545 2942 600 refert
2997 544 3056 600 in
3117 543 3353 600 laudato
3396 545 3684 619 opusculo

2022 649 2187 687 num.
2221 633 2275 686 6.
2310 634 2458 688 Ante
2491 634 2780 705 synodum
2813 638 3191 705 praeceperat,
3226 639 3292 689 ut
3316 634 3497 690 biduo
3545 640 3686 690 ante

2023 720 2492 792 archipresbyter
2519 727 2575 776 et
2608 721 3052 777 archidiaconus
3067 738 3200 777 cum
3214 722 3550 791 ordinariis,
3575 740 3686 780 seu

2021 810 2318 865 canonicis
2349 811 2721 878 cathedralis,
2755 827 2854 866 eos
2885 811 2986 883 qui
3013 816 3139 866 tum
3169 828 3238 866 ex
3267 810 3457 868 titulis
3496 811 3684 879 urbis,

2023 902 2149 953 tum
2164 915 2230 954 ex
2243 897 2511 970 plebibus
2527 899 2823 955 ruralibus
2837 901 3118 956 interesse
3133 900 3424 956 debebant
3435 902 3685 973 synodo,

2023 987 2403 1054 discuterent,
2435 993 2492 1043 et
2523 989 2571 1042 si
2603 1005 2730 1060 quae
2761 993 2958 1044 essent
2983 988 3348 1062 corrigenda,
3373 989 3692 1063 diligenter

2023 1075 2408 1147 inquirerent,
2445 1081 2511 1131 ut
2540 1076 2632 1131 die
2652 1078 2846 1142 tertia,
2880 1093 2997 1149 qua
3038 1077 3185 1150 [CLX]
3231 1077 3541 1151 episcopus
3588 1096 3690 1152 sy-

2023 1165 2176 1220 nodo
2209 1182 2458 1236 praaesse
2504 1166 2774 1232 debebat,
2808 1167 2918 1239 ipsi
2965 1163 3334 1222 emendanda
3376 1168 3688 1224 referrent.

2024 1253 2150 1310 Non
2173 1253 2335 1310 solus
2366 1253 2851 1327 archipresbyter,
2886 1270 2991 1310 nec
3020 1254 3182 1310 solus
3213 1254 3690 1324 archidiaconus,

2023 1342 2125 1396 sed
2155 1358 2357 1398 omnes
2387 1342 2649 1397 canonici
2673 1359 2787 1413 pra:
2820 1343 3196 1399 multitudine
3213 1345 3692 1402 convenientium

2025 1430 2098 1486 ad
2131 1431 2444 1502 synodum,
2484 1435 2550 1485 ut
2580 1446 2820 1486 examen
2853 1431 3031 1486 biduo
3063 1432 3468 1500 conﬁceretur,
3489 1432 3691 1506 inqui-

2026 1518 2190 1574 rendi
2223 1519 2482 1574 olﬁcium
2507 1523 2900 1591 susceperant.
2923 1519 3133 1575 Coacta
3158 1521 3378 1593 synodo
3401 1520 3492 1577 die
3513 1522 3696 1578 tertia

2026 1623 2160 1663 cum
2192 1609 2502 1680 episcopus
2534 1608 2796 1664 residens
2827 1608 3248 1681 interrogasset
3296 1609 3437 1681 quid
3488 1614 3694 1666 actum

2026 1695 2254 1762 fuisset,
2271 1697 2760 1767 responditunus,
2784 1698 2954 1768 cujus
2977 1697 3353 1769 potissimum
3385 1698 3691 1767 intererat,

2027 1801 2126 1840 eos
2157 1783 2476 1855 inquisisse
2503 1784 2572 1840 de
2602 1783 2848 1855 psalmis
2879 1784 3017 1840 etde
3035 1783 3168 1839 aliis
3191 1784 3556 1855 hujusmodi,
3591 1791 3698 1842 »et

2031 1872 2148 1928 Deo
2179 1871 2396 1944 gratias
2429 1888 2544 1928 non
2577 1871 2798 1927 malum
2830 1872 2974 1928 adeo
3006 1872 3317 1929 invenisse.
3351 1895 3380 1924 ››
3441 1874 3521 1929 Ad
3566 1874 3697 1929 haec

2030 1961 2363 2034 episcopus,
2393 1961 2494 2034 qui
2525 1959 2676 2016 mala
2713 1961 2899 2016 multa
2931 1977 3043 2016 non
3097 1960 3422 2034 ignorabat,
3475 1962 3700 2019 ironice

2032 2050 2332 2106 subdidit:
2367 2073 2395 2100 «
2427 2049 2572 2113 Quid
2605 2049 2882 2106 haberem
2914 2067 3050 2122 ergo
3081 2051 3152 2106 de
3177 2053 3261 2106 tot
3289 2052 3532 2122 sanctis,
3580 2051 3702 2106 nisi

2033 2138 2149 2194 Deo
2180 2138 2400 2210 gratias
2430 2139 2620 2194 dicere
2639 2139 2667 2193 ?
2700 2159 2726 2187 »ι
2762 2140 2827 2193 Et
2851 2144 2983 2210 post
3011 2154 3240 2211 pauca:
3269 2162 3296 2189 ‹‹
3329 2139 3385 2194 Si
3409 2141 3481 2194 de
3531 2139 3702 2212 psal-

2032 2227 2168 2293 mis,
2200 2231 2257 2282 et
2286 2244 2401 2282 non
2433 2227 2503 2281 de
2528 2226 2640 2282 alio
2672 2226 2730 2282 in
2760 2227 2873 2283 isto
2903 2227 3125 2284 concito
3169 2229 3340 2284 debet
3369 2245 3498 2284 esse
3551 2245 3703 2284 con-

2035 2315 2287 2388 questio,
2320 2333 2412 2371 me
2439 2316 2696 2388 primum
2729 2317 2801 2372 ad
2815 2333 3056 2372 examen
3075 2317 3701 2390 producite;convinci

2034 2422 2170 2460 nam
2204 2421 2466 2475 possum,
2501 2420 2594 2459 me
2623 2403 2757 2460 illos
2788 2421 2926 2473 non,
2973 2409 3037 2460 ut
3093 2409 3467 2477 competeret,
3521 2406 3698 2462 scire.

2036 2493 2197 2550 Unde
2228 2493 2408 2566 igitur
2437 2493 2695 2565 synodus
2727 2498 3014 2565 ageretur,
3075 2494 3158 2548 nil
3220 2492 3478 2565 amplius
3536 2495 3702 2566 quod

2034 2583 2446 2638 emendaretur
2475 2582 2752 2638 invento?
2790 2581 3137 2638 Sciscitatus
3195 2581 3392 2654 itaque
3448 2583 3521 2639 de
3579 2583 3703 2639 fide

2036 2671 2292 2739 illorum,
2328 2671 2519 2726 inveni
2551 2669 2838 2743 plurimos
2871 2687 2974 2726 nec
3006 2671 3202 2744 ipsum
3235 2686 3436 2743 sapere
3459 2673 3703 2744 symbo-

2034 2759 2180 2827 lum,
2214 2760 2367 2832 quod
2401 2760 2581 2816 fuisse
2612 2759 2872 2815 creditur
2911 2759 3334 2832 apostolorum.
3385 2761 3504 2816 Hac
3525 2778 3704 2818 occa-

2035 2849 2200 2904 sione
2230 2848 2578 2920 Synodicam
2609 2847 2862 2902 scribere
2878 2847 3156 2904 omnibus
3178 2848 3536 2920 presbyteris
3559 2865 3700 2906 sum

2035 2936 2374 3008 conpulsus.
2413 2959 2440 2985 »
2473 2936 2631 2991 Hanc
2663 2936 2950 3007 synodum
2985 2958 3012 2986 ‹‹
3047 2935 3338 2992 mediante
3359 2935 3703 3008 Quadrage-

2033 3025 2186 3083 sima
2218 3047 2246 3075 »
2277 3025 2560 3092 habitam,
2585 3028 2642 3080 et
2669 3024 2728 3078 in
2749 3041 2817 3080 ea
2844 3024 3195 3096 Synodicam
3211 3023 3700 3082 editamindicat:

2037 3115 2192 3188 quod
2222 3113 2672 3185 intelligendum
2705 3113 2774 3169 de
2807 3113 3001 3169 media
3043 3112 3505 3186 Quadragesima
3554 3116 3703 3170 anni

269 3205 485 3277 inquit,
543 3198 1084 3275 possessiunculam
1133 3199 1234 3254 Dei
1300 3200 1579 3260 Genitrici
1654 3185 1924 3259 collatam
1957 3185 2000 3253 C
2037 3185 2144 3258 Q66
2173 3203 2232 3257 in
2263 3201 2670 3257 Admonitione
2698 3203 2771 3256 ad
2833 3201 3024 3274 ipsam
3079 3185 3424 3275 Synodicam
3474 3203 3700 3276 proba-

273 3293 487 3352 melius
516 3291 683 3364 quasi
717 3289 1165 3361 dispensaturus
1231 3289 1376 3342 mihi
1436 3290 1767 3358 retinerem,
1830 3297 1932 3347 aut

275 3397 541 3441 meorum
571 3378 746 3438 alicui
785 3379 1006 3446 darem,
1039 3392 1112 3433 ne
1141 3393 1515 3434 sucessorum
1535 3377 1749 3450 aliquis
1770 3395 1928 3436 meo-

275 3490 406 3528 rum
439 3488 570 3527 meo
601 3468 873 3526 similiter
902 3465 1120 3521 faciens
1150 3465 1436 3538 exemplo,
1495 3465 1927 3540 eleemosynam

271 3561 505 3618 illorum
538 3560 825 3615 bonorum
858 3556 1205 3621 destrueret,
1238 3573 1350 3610 non
1394 3555 1542 3610 nihil
1599 3557 1859 3611 verebar.
1894 3579 1921 3607 ››

268 3651 412 3706 Cum
444 3653 640 3703 autem
673 3660 976 3716 perrarum
1006 3647 1064 3698 et
1092 3640 1331 3697 difﬁcile
1362 3647 1517 3697 esset
1546 3659 1612 3698 eo
1669 3651 1925 3716 tempore

271 3735 591 3793 monachos
604 3732 968 3806 propositum
982 3735 1176 3787 exacte
1189 3730 1470 3786 observan
1478 3735 1566 3786 tes
1582 3733 1922 3804 subrogare,

266 3829 386 3880 tres
417 3823 784 3895 presbyteros
815 3835 950 3874 cum
976 3818 1241 3885 diacono,
1275 3819 1656 3885 subdiacono,
1701 3825 1758 3875 et
1812 3820 1924 3876 ali-

267 3915 413 3985 quot
439 3908 665 3966 clericis
691 3907 749 3962 in
782 3906 985 3962 eadem
1017 3905 1252 3960 abbatia
1266 3904 1591 3971 collocavit,
1614 3908 1714 3978 qui
1739 3907 1923 3964 sacris

266 3999 475 4058 ofﬁciis
503 4001 792 4054 vacarent.
823 3995 1002 4050 Suam
1035 3992 1246 4064 cuique
1276 3994 1845 4063 taxavitportionem,
1866 4001 1923 4051 et

264 4087 580 4146 declaravit
608 4085 820 4141 ofﬁcia.
879 4082 1075 4138 Alium
1135 4081 1537 4153 presbyterum
1598 4082 1920 4153 graviorem

262 4178 540 4235 omnibus
571 4173 844 4249 praefecit,
876 4171 977 4244 qui
1008 4169 1329 4242 disciplinae
1359 4175 1415 4226 et
1432 4171 1768 4226 reddituum
1798 4172 1920 4228 dis-

259 4266 565 4325 tributioni
595 4263 952 4338 prasideret.
985 4261 1116 4316 Alia
1147 4259 1431 4316 nonnulla
1473 4259 1915 4330 desideraniur;

259 4373 396 4414 nam
429 4353 779 4428 opusculum
806 4353 923 4407 ﬁne
953 4355 1130 4406 caret.

328 4447 453 4502 411.
488 4446 634 4502 Cum
665 4444 875 4513 (ltiner.
911 4458 1075 4496 num.
1107 4441 1162 4511 5)
1193 4438 1286 4494 bis
1315 4437 1375 4492 in
1407 4454 1560 4493 anno
1609 4439 1916 4511 episcopos

2036 3309 2251 3348 Vlmus.

2111 3381 2233 3435 112.
2259 3380 2388 3436 Haec
2413 3379 2686 3452 Synodica
2733 3379 2986 3435 maxime
3045 3377 3275 3452 insigne
3333 3383 3422 3434 est
3479 3379 3702 3435 decimi

2038 3469 2234 3526 saeculi
2261 3470 2702 3537 documentum,
2734 3484 2802 3523 ex
2835 3485 2949 3540 quo
2985 3467 3363 3540 disciplinam
3423 3469 3701 3540 ejusdem

2036 3557 2317 3629 temporis
2349 3556 2725 3628 potissimum
2744 3557 3141 3628 agnoscimus.
3160 3555 3445 3628 Inscripta
3463 3561 3555 3612 est
3569 3574 3703 3613 om-

2036 3647 2211 3702 nibus
2242 3645 2594 3719 presbyteris
2616 3649 2672 3701 et
2683 3645 2904 3702 csateris
2918 3645 3224 3702 ordinibus
3237 3662 3340 3718 per
3358 3645 3702 3704 universam

2033 3735 2330 3790 dioecesim
2364 3734 2717 3790 constitutis.
2747 3735 2860 3788 Ter
2884 3750 2982 3789 eos
3013 3733 3085 3788 ad
3117 3749 3358 3788 examen
3389 3733 3446 3787 in
3471 3735 3702 3806 synodo

2032 3829 2372 3880 vocaverat:
2407 3827 2463 3878 et
2493 3839 2628 3878 cum
2660 3823 2732 3878 ob
2763 3821 3084 3878 multarum
3119 3839 3314 3877 rerum
3363 3822 3592 3894 copiam
3625 3841 3701 3880 ac

2032 3914 2323 3984 potiorum
2356 3913 2618 3984 capitum
2650 3910 3075 3984 ignorationem
3090 3909 3237 3966 nihil
3261 3911 3378 3965 fere
3401 3911 3703 3982 potuisset

2031 4001 2223 4056 verbis
2279 4001 2585 4067 conﬁcere,
2647 4000 2756 4054 hac
2812 3998 3076 4072 synodali
3135 3998 3383 4070 epistola
3455 3999 3702 4072 scriptis

2029 4088 2267 4160 vulgata
2297 4088 2718 4160 providendum
2751 4087 3018 4143 credidit.
3053 4086 3125 4141 Ut
3150 4087 3483 4142 mederetur
3523 4087 3699 4160 igno-

2031 4177 2231 4232 rantiaa
2262 4177 2414 4232 circa
2445 4176 2800 4248 symbolum,
2835 4177 2947 4232 tria
2978 4174 3244 4248 symbols
3274 4176 3585 4231 scribenda
3634 4183 3702 4234 et

2031 4265 2326 4320 memoria:
2360 4265 2694 4320 mandanda
2724 4264 3019 4336 precepit,
3046 4264 3102 4318 id
3133 4268 3224 4318 est
3251 4264 3560 4336 symbolum
3583 4281 3695 4322 seu

2027 4355 2371 4408 collationem
2398 4354 2784 4424 apostolorum,
2826 4375 2854 4402 ‹‹
2905 4353 3060 4408 sicut
3114 4352 3172 4407 in
3217 4351 3510 4424 spalteriis
3558 4369 3698 4409 cor-

2027 4442 2203 4497 rectis
2232 4441 2543 4507 invenitur,
2582 4463 2610 4490 »
2642 4441 2785 4496 illud
2811 4442 2965 4512 quod
2997 4441 3056 4496 in
3089 4445 3276 4496 mtssa
3317 4441 3570 4509 canitur,
3631 4449 3699 4499 et

256 4535 547 4607 synodum
582 4533 793 4587 habere
825 4529 974 4586 sacri
1007 4544 1260 4617 canones
1285 4527 1636 4617 jubeant,_id
1681 4529 1916 4600 exsequi
1950 4553 1997 4617 Β
2030 4529 2174 4586 illud
2208 4529 2362 4602 quod
2395 4533 2451 4583 S.
2483 4528 2787 4585 Athanasii
2821 4529 3056 4585 nomine
3087 4529 3516 4597 circumfertur,
3561 4546 3694 4586 mo-

256 4637 375 4679 non
406 4617 874 4691 praetermisisset
903 4616 1236 4683 Ratherius,
1271 4615 1318 4670 si
1360 4616 1503 4687 quid
1559 4615 1617 4671 in
1678 4617 1916 4689 synodis

256 4708 482 4765 utiliter
507 4721 676 4778 agere
705 4721 768 4759 se
798 4721 971 4775 posse
996 4703 1362 4758 credidisset.
1395 4703 1655 4759 Verumu
1683 4706 1910 4772 scitis,»

257 4795 454 4868 inquit
478 4796 540 4850 in
567 4795 864 4848 Itinerario
895 4792 964 4846 ad
991 4808 1130 4846 suos
1186 4792 1450 4857 clericos,
1512 4816 1540 4841 ‹‹
1602 4793 1765 4850 scitis
1818 4811 1912 4850 me

253 4901 486 4956 semper
513 4883 623 4939 hoc
655 4878 1302 4953 agereideodistulisse,
1337 4881 1489 4950 quod
1515 4880 1769 4937 dicerem
1794 4900 1909 4948 me,

253 4970 409 5024 unde
447 4968 736 5040 synodare
793 4966 1088 5035 deberem,
1150 4966 1390 5020 omnino
1449 4968 1690 5022 nescire.
1754 4968 1913 5024 Solet

251 5056 408 5113 enim
439 5056 499 5111 in
531 5055 790 5126 synodis,
825 5052 875 5108 si
903 5053 1042 5124 quid
1079 5059 1281 5108 nontra
1312 5069 1565 5108 canones
1587 5060 1782 5110 actum
1801 5061 1911 5128 est,

250 5143 574 5200 emendari.
608 5143 716 5196 Sed
747 5142 794 5197 si
827 5141 936 5196 hoc
968 5157 1137 5212 agere
1169 5141 1570 5209 tentavissem,
1613 5143 1909 5210 omnibus,

251 5248 380 5306 qua;
407 5232 466 5287 in
498 5229 823 5286 canonibus
855 5233 993 5286 sunt
1023 5228 1261 5301 scripta,
1295 5230 1600 5299 regyratis,
1625 5231 1696 5286 de
1745 5232 1907 5288 nullo

247 5337 451 5377 eorum
483 5337 585 5374 vos
609 5335 810 5373 curare
850 5317 1106 5372 viderem
1164 5317 1523 5372 omnimodo.
1586 5340 1614 5367 ››
1665 5319 1906 5391 Aliquot

248 5408 451 5464 subdit
478 5406 762 5477 exempla,
796 5423 922 5477 quae
953 5405 1234 5476 temporis
1267 5405 1609 5476 pravitatem
1653 5423 1720 5462 ac
1774 5425 1908 5480 per-

246 5494 578 5552 versitatem
612 5493 927 5548 declarant.
962 5492 1032 5547 Ut
1061 5497 1256 5547 autem
1289 5491 1752 5563 experimentum
1797 5495 1906 5551 ali-

2027 4618 2274 4690 nuitque
2306 4617 2599 4674 neminem
2631 4618 2702 4672 ad
2753 4617 3141 4674 sacerdotium
3197 4618 3692 4688 promovendum,

2022 4713 2123 4764 aut
2149 4708 2206 4762 in
2241 4707 2561 4763 sacerdotio
2579 4705 3173 4778 psrmansurum,nisi
3191 4706 3394 4761 eadem
3419 4705 3698 4777 symbola

2022 4795 2366 4852 memoriam
2393 4799 2634 4860 teneret,
2670 4812 2803 4850 cum
2836 4795 3145 4867 «proxime
3177 4817 3205 4844 »
3234 4794 3306 4848 ad
3331 4810 3572 4849 examen
3595 4812 3698 4851 vo-

2021 4887 2252 4941 cabitur
2280 4885 2493 4956 (Itiner.
2527 4901 2693 4938 num.
2720 4885 2798 4954 7):
2832 4883 3071 4939 Vocavit
3097 4886 3434 4954 autempost
3455 4881 3697 4954 aliquot

2022 4991 2276 5042 menses,
2310 4990 2443 5028 cum
2479 4970 2583 5028 hoc
2613 4974 2817 5028 eodem
2839 4989 2993 5028 anno
3012 4973 3341 5028 Romanum
3365 4970 3477 5026 iter
3496 4972 3692 5027 medi-

2021 5065 2279 5128 taretur;
2311 5079 2378 5117 ac
2433 5066 2738 5132 propterea
2792 5061 3191 5116 inobedientes
3251 5058 3469 5114 inventi
3515 5062 3693 5116 tanto

2021 5155 2181 5205 metu
2216 5167 2520 5222 pmnarum
2574 5150 2812 5204 fuerunt
2869 5148 3143 5222 perculsi,
3192 5153 3261 5203 ut
3312 5163 3428 5202 non
3487 5147 3690 5204 solum

2020 5238 2398 5308 promiserint
2431 5255 2491 5292 se
2531 5238 2807 5310 deinceps
2865 5238 3063 5294 omnia
3111 5255 3238 5310 quae
3293 5236 3694 5308 imperaverat

2017 5328 2404 5399 praestituros,
2437 5343 2638 5383 verum
2671 5327 2841 5400 [ωειλ]
2866 5327 3041 5383 etiam
3073 5326 3300 5394 multae,
3329 5329 3394 5380 ut
3424 5324 3687 5395 videtur,

2017 5416 2255 5471 nomine
2287 5416 2360 5470 ad
2395 5414 2534 5470 illue
2566 5415 3042 5488 itercarpendum
3067 5431 3238 5488 opem
3263 5413 3506 5486 polliciti
3531 5411 3685 5471 sint.

2017 5503 2358 5560 Utilissimis
2391 5521 2561 5577 porra
2589 5504 3062 5561 institutionibus
3092 5509 3212 5559 tota
3255 5500 3544 5575 Synodica
3598 5519 3694 5559 re-

248 5583 402 5655 quod
431 5583 664 5649 faceret,
698 5580 808 5637 1100
837 5581 1127 5644 ἃηηο966,
1159 5581 1626 5651 Quadragesimae
1643 5586 1904 5656 tempore
2014 5593 2159 5648 ferta
2191 5600 2297 5651 est.
2336 5594 2414 5651 De
2443 5593 2903 5650 sanctiﬁcatione
2934 5593 3026 5650 dei
3059 5591 3372 5651 Dominicze
3403 5593 3461 5647 et
3499 5590 3688 5651 festo-
