1984 3224
107 222 155 260 ll‘l

606 226 914 263 PROLEGOMENA.
928 245 968 254 —
981 228 1173 263 RATHERII
1194 229 1299 263 VITA.

1755 219 1812 259 118

106 302 163 324 rain
175 292 315 332 pluribus
328 292 400 333 agit,
418 302 530 325 necnon
551 295 588 325 de
610 297 657 331 iis,
673 306 736 334 quae
758 297 854 326 clerici
870 297 928 325 cal-
942 297 971 332 Α
985 296 1034 326 site
1049 297 1184 332 clericus,
1197 291 1253 335 qui
1267 297 1297 326 in
1318 296 1492 335 praecedenti
1508 295 1738 333 Quadragesima
1753 294 1814 323 ﬁlio

105 339 154 368 lere
167 341 196 368 et
216 339 247 368 in
268 339 380 376 quibus
400 340 526 369 exerceri
547 341 663 369 debent.
681 343 756 369 Dum
773 341 862 370 studii
878 350 928 369 ne-

106 383 259 413 cessitatem
275 384 417 420 inculcat,
433 384 562 413 declarat
583 386 763 414 ordinandos
785 386 868 413 nulla
883 394 930 414 ra-

105 429 172 458 tione
187 429 224 457 ad
239 429 359 458 ordines
373 430 542 465 promotum
563 430 691 463 iri,unisi
704 434 755 458 aut
769 430 798 457 in
815 430 930 458 civitate

106 475 226 508 nostra,»
240 473 337 510 inquit
349 485 363 499 ιι
374 473 403 501 id
418 474 503 501 estin
516 474 617 502 schola
632 474 726 511 ipsius
739 474 928 510 cathedralis)

105 530 116 544 α
129 520 175 546 aut
196 518 228 545 in
248 517 350 555 aliquo
379 518 569 552 monasterio,
585 518 629 546 vel
659 519 735 555 apud
766 518 928 556 quemlibet

102 563 255 599 sapientem
270 562 308 591 ad
324 564 443 599 tempus
459 563 624 591 conversati
640 563 760 598 fuerint,
777 566 806 591 et
821 563 928 591 litteris

102 606 311 643 aliquantulum
328 607 447 641 eruditi,
459 610 492 635 ut
506 607 603 635 idonei
619 608 775 635 videantur
790 607 928 636 ecclesia—

103 651 172 680 stica;
186 651 336 688 dignitati.
349 662 364 677 υ
379 651 539 680 Peculiaris
564 654 609 680 est
633 652 812 680 abstinentia
833 661 850 680 a
865 660 928 680 car-

102 696 180 724 nibus
194 698 323 732 quatuor
347 696 582 724 hebdomadibus
597 699 664 724 ante
689 697 790 724 Natale
811 697 928 724 Domini

101 741 186 777 (festis
200 740 308 769 diebus
323 740 463 777 exceptis)
480 741 660 777 praescripta,
678 741 765 769 sicuti
786 744 816 769 et
835 741 927 770 conti-

101 784 192 813 nentia
206 785 380 822 prmeripta
396 785 562 822 conjugatis
576 788 641 814 tum
656 786 687 814 in
703 787 851 820 Adventu,
862 788 927 814 tum

100 830 179 858 etiam
191 829 299 858 diebus
312 829 416 866 viginti
432 832 499 866 post
510 829 622 864 Natale,
636 830 665 858 in
683 830 793 858 octavis
809 830 927 858 Paschas

99 876 124 902 et
136 874 333 909 Pentecostes,
349 874 379 902 in
399 874 522 908 litaniis,
539 876 568 902 et
583 874 718 902 omnium
733 874 927 902 festivitatum

96 917 304 955 vigiliis,sextis
320 918 410 947 etiam
422 918 513 951 feriis,
521 918 666 955 praecipue
677 920 776 946 autem
788 918 928 946 omnibus

98 961 192 1017 diebps
216 962 394 1012 Dominicis.
408 963 510 995 Quoad
532 962 770 1017 .bora'lnjjejunii
796 963 927 1012 solvendi
942 984 967 1017 B

95 1007 328 1044 Quadragesimze
342 1009 485 1043 tempore,
498 1006 598 1035 mitior
610 1006 732 1035 inducta
742 1007 929 1044 cognoscitur

95 1050 292 1080 ecclesiastica
306 1051 554 1087 disciplina.Cum
568 1051 647 1079 enim
662 1060 697 1079 ex
711 1051 798 1079 veteri
812 1051 928 1080 institu-

93 1095 164 1124 tione
175 1095 262 1125 idem
274 1095 426 1131 jejunium
441 1096 673 1132 protrahendum
689 1099 767 1124 esset
780 1097 816 1124 ad
827 1104 926 1132 vespe-

94 1148 151 1168 ram
165 1148 274 1177 usque,
287 1140 318 1168 in
334 1140 472 1176 Synodica
481 1140 590 1168 solutio
604 1141 669 1176 ejus
681 1140 851 1168 conceditur
860 1143 926 1177 post

94 1183 190 1214 horam
204 1193 330 1214 nonam.
347 1185 405 1213 Hac
417 1185 454 1212 de
474 1193 505 1213 re
519 1185 628 1213 videris
643 1185 729 1221 plura
744 1185 774 1213 in
790 1186 924 1213 eamdem

94 1228 267 1265 Synodicam,
298 1231 359 1257 not.
377 1230 421 1257 48.
439 1229 565 1266 Expetit,
595 1238 630 1257 ne
658 1229 724 1257 ullze
754 1230 925 1258 festivitates

985 351 1038 371 suo
1051 342 1121 373 item
1133 343 1238 371 clerico
1249 351 1367 371 uxorem
1378 343 1548 371 tradiderat.
1558 344 1629 370 Cum
1639 340 1813 369 clericorum

984 387 1102 423 nuptias
1118 388 1273 424 episcopus
1289 396 1404 424 semper
1419 389 1463 416 est
1482 388 1654 419 detestatus,
1670 387 1732 413 tum
1748 393 1815 412 vero

984 431 1014 459 in
1031 431 1084 459 has
1096 433 1259 468 praesertim
1272 432 1429 465 invehitur,
1441 440 1475 460 eo
1487 432 1565 468 quod
1580 430 1749 467 illegalitate
1762 430 1816 456 du-

984 475 1051 512 plici
1072 478 1101 504 et
1122 476 1358 513 Quadragesima:
1384 478 1516 513 tempore
1541 475 1617 503 inita:
1644 474 1762 507 fuerint,
1790 473 1819 501 et

984 522 1068 548 nocte
1083 520 1237 548 Dominica
1250 523 1471 549 consummatae.
1485 520 1586 548 Simile
1597 519 1749 556 quidpiam
1764 527 1815 545 an-

984 567 1031 592 tea
1048 565 1155 593 fecerat
1170 565 1378 600 Pedrevertus;
1396 566 1446 594 sed
1470 566 1499 593 in
1525 573 1559 593 ea
1582 562 1716 593 cautione
1743 570 1817 590 usus

984 609 1128 643 tuerat,ut
1138 610 1361 638 matrimonium
1378 619 1394 638 a
1411 609 1472 638 ﬁlio
1488 609 1676 638 contrahetur
1690 607 1814 639 occulte,

982 653 1111 681 Joannes
1122 662 1188 681 vero
1202 666 1216 680 «
1227 656 1287 682 tam
1304 655 1458 682 manifeste
1472 654 1528 682 hoc
1539 654 1615 687 fecit,
1623 655 1656 681 ut
1666 652 1814 680 neminem

982 697 1071 726 istius
1087 698 1211 727 civitatis
1226 699 1316 727 latere
1330 699 1485 727 valuerit.»
1497 699 1626 727 Tantum
1640 696 1813 726 scandalum

983 750 1040 770 non
1054 742 1207 771 ferendum
1219 738 1376 780 episcopus
1387 743 1483 776 duxit;
1494 754 1508 768 ‹‹
1519 743 1589 779 quia
1598 742 1623 770 si
1634 741 1815 777 irreprehen-

981 795 1049 814 sum
1061 787 1320 824 relinquitur,jure
1332 789 1441 816 factum
1452 787 1572 815 omnino
1583 784 1744 814 videbitur:
1753 784 1816 812 nul-

981 830 1029 859 lus
1045 831 1124 859 enim
1135 840 1194 859 non
1204 831 1352 860 dubitabit
1362 831 1529 868 exemplum
1539 831 1608 858 inde
1618 829 1814 865 capere,quod

982 876 1158 911 compererit
1169 876 1318 904 neminem
1328 876 1541 912 vituperasse.»
1553 875 1681 903 Mentem
1693 874 1813 910 quidem

982 922 1138 955 parentum
1149 919 1178 947 in
1190 920 1271 948 hisce
1282 920 1411 948 ﬁliorum
1422 920 1533 956 nuptiis
1544 918 1737 956 procurandis
1748 926 1813 946 eam

983 963 1075 991 fuisse
1090 964 1247 998 existimat,
1256 965 1332 1001 quod
1341 965 1379 992 in
1391 965 1607 1000 comparatione
1620 963 1689 991 mali
1705 962 1813 990 melius

982 1011 1060 1036 esset
1075 1017 1125 1036 eos
1136 1009 1185 1036 uni
1202 1010 1282 1037 uxori
1293 1009 1542 1046 eonjungi,quam
1556 1017 1608 1044 per
1618 1008 1716 1044 plures
1727 1007 1810 1034 femi-

982 1061 1035 1080 nas
1052 1053 1145 1090 magis
1171 1054 1318 1082 mortifere
1342 1053 1481 1090 divagari.
1497 1054 1553 1082 Sed
1569 1055 1673 1089 praeter
1686 1052 1809 1080 vetitum

981 1097 1151 1134 nuptiarum
1165 1100 1282 1134 tempus
1298 1098 1369 1126 illud
1384 1098 1528 1135 praecipue
1539 1098 1651 1126 malum
1661 1097 1697 1126 ob
1709 1096 1810 1126 oculos

979 1142 1072 1178 ponit,
1089 1143 1168 1178 quod
1193 1142 1223 1170 in
1247 1143 1393 1179 ejusmodi
1408 1143 1580 1171 clericorum
1596 1142 1718 1178 nuptiis,
1735 1150 1810 1178 quas

980 1186 1070 1214 sacris
1095 1186 1258 1215 canonibus
1283 1187 1455 1216 interdictas
1471 1187 1608 1215 adulterii
1626 1187 1690 1215 loco
1710 1186 1810 1219 habet,

979 1239 1046 1258 cum
1064 1233 1162 1267 patres
1177 1231 1274 1259 clerici
1290 1232 1367 1260 ﬁlios
1393 1232 1464 1260 item
1480 1231 1601 1260 clericos
1623 1231 1811 1259 matrimonio

96 1275 263 1303 sanctorum
280 1274 420 1311 (exceptis
435 1274 518 1302 festis
539 1276 570 1302 B.
588 1274 695 1310 Mariae,
712 1274 923 1311 apostolorum,
975 1276 1114 1312 jungunt,
1130 1278 1159 1303 et
1175 1276 1313 1304 similiter
1328 1276 1380 1303 ﬁlii
1401 1284 1469 1304 cum
1489 1275 1552 1303 suis
1568 1275 1636 1303 ﬁliis
1653 1283 1684 1303 se
1698 1277 1811 1311 gerant,

94 1326 124 1347 se
138 1318 270 1348 ecclesiae
286 1319 414 1356 patroni)
431 1319 460 1346 in
475 1319 715 1355 Quadragesima,
730 1322 759 1347 et
775 1319 804 1346 in
820 1319 925 1347 diebus

87 1362 191 1399 jajunii
207 1365 339 1400 quatuor
353 1366 521 1400 temporum
537 1363 732 1397 celebrentur,
744 1363 798 1391 hac
813 1364 925 1391 ratione

91 1407 185 1438 allata.
199 1408 274 1445 quin
288 1407 335 1437 his
349 1408 453 1437 diebus
468 1408 586 1445 «magis
598 1409 747 1445 jejunium
762 1409 924 1437 tenendum

91 1460 176 1489 quam
192 1452 342 1482 festivitas
351 1452 554 1482 celebranda.»
567 1453 639 1481 Cum
653 1453 765 1481 scilicet
779 1462 813 1481 ex
828 1453 923 1481 Eccle-

89 1496 135 1525 sia
149 1496 318 1534 disciplina
331 1497 434 1526 diebus
450 1498 563 1526 festivis
582 1506 641 1526 non
661 1500 826 1526 servaretur
844 1498 924 1534 jeju-

87 1541 178 1576 nium,
187 1544 222 1570 ut
243 1550 281 1570 ex
300 1541 373 1579 ipsis
384 1542 622 1579 Quadragesimae
641 1542 801 1570 Dominicis
820 1542 922 1579 liquet,

87 1585 167 1620 festa,
178 1594 248 1623 qua
265 1587 297 1615 in
322 1586 385 1615 dies
405 1587 588 1623 jejuniorum
608 1587 781 1621 inciderent,
797 1587 923 1615 transfe-

88 1631 175 1660 renda
202 1631 410 1660 existimabat.
423 1631 497 1659 Illud
513 1631 633 1659 tandem
663 1640 721 1659 non
748 1632 923 1667 pratermit-

980 1322 1136 1356 parentum
1151 1320 1329 1349 adulterium
1344 1319 1450 1348 transit
1464 1320 1495 1348 in
1509 1319 1596 1353 ﬁlios,
1610 1320 1639 1347 et
1654 1319 1694 1346 ita
1709 1327 1812 1355 perpe-

979 1367 1064 1392 tuum
1094 1364 1230 1392 efﬁcitur.
1243 1364 1420 1400 «,Quocirca,
1432 1375 1446 1390 »
1464 1363 1569 1400 inquit,
1585 1375 1596 1389 α
1613 1363 1752 1392 monendi
1782 1365 1812 1391 et

979 1409 1163 1443 obsecrandi,
1174 1410 1289 1445 fratres,
1302 1412 1335 1438 ut
1350 1410 1420 1446 quia
1435 1409 1600 1446 prohibere,
1616 1409 1689 1446 proh
1705 1408 1810 1436 dolor?

979 1463 996 1482 a
1010 1453 1185 1482 mulieribus
1197 1454 1299 1483 valetis
1315 1454 1395 1483 nullo
1412 1455 1509 1489 modo,
1521 1454 1597 1482 ﬁlios
1613 1454 1648 1482 de
1662 1452 1746 1481 vobis
1756 1461 1808 1489 ge-

978 1500 1095 1527 neratos
1110 1499 1290 1528 dimitteritis
1305 1499 1409 1527 saltem
1425 1508 1491 1527 esse
1513 1499 1613 1533 laicos,
1627 1498 1704 1526 ﬁlias
1724 1497 1808 1526 laicis

974 1543 1141 1579 jungcritis,
1150 1546 1182 1571 ut
1192 1543 1235 1572 vel
1247 1544 1277 1571 in
1290 1544 1346 1572 fine
1359 1543 1463 1572 saltem
1475 1546 1571 1572 vestro
1586 1543 1805 1576 terminaretur,

978 1590 1006 1616 et
1017 1584 1164 1624 nusquam
1180 1588 1209 1615 in
1223 1589 1310 1616 ﬁnem
1326 1588 1424 1616 saeculi
1440 1589 1560 1616 duraret
1569 1587 1747 1616 adulterium
1757 1595 1805 1614 ve-

978 1632 1250 1660 strum.»Similiter
1260 1633 1386 1661 deterret
1395 1633 1484 1661 etiam
1494 1633 1595 1667 laicos,
1606 1641 1641 1660 ne
1652 1631 1728 1660 ﬁlias
1739 1640 1806 1660 cum

86 1676 215 1710 tendam,
231 1675 307 1704 huic
321 1675 478 1712 Synodicx,
495 1685 512 1704 a
527 1684 609 1703 num.
626 1677 643 1703 6
659 1676 694 1704 ad
713 1676 920 1704 duodecimum
938 1669 959 1703 ί]
978 1676 1092 1705 clericis
1097 1677 1284 1713 jungant;ac
1294 1680 1447 1714 propterea
1455 1677 1583 1706 nobilem
1591 1677 1809 1712 [chuI]quam-

88 1727 178 1756 usque
191 1719 353 1754 insertam,
365 1719 423 1757 legi
435 1719 598 1749 solemnem
612 1721 772 1756 quamdam
788 1720 923 1749 ecclesia-

87 1764 189 1793 sticam
217 1764 396 1800 formulam,
414 1773 479 1801 quis
500 1764 634 1801 legenda,
652 1767 702 1792 aut
730 1765 879 1793 recitanda
893 1765 923 1792 in

88 1808 206 1846 synodo,
221 1809 398 1843 Admonitio,
415 1817 467 1838 seu
480 1811 576 1837 Sermo
589 1810 730 1846 synodalis
745 1810 775 1837 in
795 1809 925 1838 melioris

88 1856 157 1882 note
171 1854 334 1883 codicibus
349 1853 538 1888 inscribitur;
551 1862 676 1890 quisque
686 1854 826 1882 Sermonis
840 1853 925 1882 titulo

89 1897 228 1940 LeonillV
238 1908 258 1928 a
268 1898 425 1928 nonnullis
435 1907 587 1936 perperam
599 1898 781 1926 attribuitur.
789 1898 860 1926 Vide
872 1898 927 1926 hac

89 1942 121 1971 de
134 1951 166 1972 re
178 1943 272 1980 plura
293 1943 327 1972 in
351 1943 558 1972 Admonitione
582 1943 618 1971 ad
645 1943 741 1979 ipsam
763 1943 928 1978 Synodicam

120 2033 180 2061 113.
192 2033 271 2062 Cum
284 2032 384 2061 hacin
395 2032 533 2069 Synodz'ca
545 2033 751 2070 episcopus,ut
762 2033 925 2067 innuimus,

88 2071 356 2107 sanctiﬁcationem
370 2077 428 2106 diei
449 2078 608 2106 Dominicze
630 2078 818 2114 potissimum
832 2078 926 2106 incul-

90 2123 139 2156 cet,
153 2121 211 2152 hac
234 2122 400 2152 occasione
428 2123 721 2151 commemorandum
750 2123 929 2150 arbitramur

90 2164 195 2196 factum
209 2167 372 2204 quoddam
389 2167 427 2195 ad
439 2168 574 2195 eamdem
585 2167 848 2195 sanctiﬁcationem
863 2176 928 2203 per-

89 2210 193 2246 tinens,
208 2211 316 2249 [CXLII]
331 2220 369 2240 ex
387 2220 447 2248 quo
471 2211 651 2248 exploratius
672 2212 794 2248 patebit,
812 2214 928 2248 quantm

90 2262 160 2284 cur.
174 2256 235 2294 ipsi
249 2257 350 2286 fuerit
363 2256 425 2285 hac
440 2257 636 2285 observantia.
649 2268 663 2282 «
675 2256 748 2284 Cum
764 2265 931 2284 excommu-

89 2299 234 2330 nicationn
245 2301 407 2336 interdixi,
419 2312 434 2326 ι»
447 2301 544 2337 inquit
558 2301 589 2328 in
605 2301 691 2337 epist.
707 2301 740 2328 12
755 2301 792 2329 ad
807 2301 930 2329 Ambro-

978 1722 1046 1749 dam
1072 1719 1212 1750 feminam
1230 1733 1243 1746 «
1261 1722 1387 1750 dominae
1405 1733 1420 1747 n
1443 1721 1638 1758 appellatione
1659 1721 1809 1753 donatam,

980 1775 1043 1802 quae
1060 1766 1157 1794 fratris
1174 1766 1218 1794 sui
1247 1765 1344 1793 clerici
1373 1765 1464 1793 ﬁliam
1479 1764 1585 1793 clerico
1609 1764 1735 1793 Joannis
1750 1763 1810 1792 ﬁlio

980 1810 1085 1846 nuptui
1101 1810 1231 1843 dederat,
1247 1805 1298 1837 his
1308 1809 1405 1837 verbis
1421 1809 1528 1837 affatur
1542 1817 1624 1837 num.
1641 1809 1658 1837 3
1674 1817 1704 1836 :«
1719 1808 1741 1838 Ο
1757 1809 1812 1837 ιηὶ‹

982 1863 1050 1882 nam
1066 1856 1108 1887 tu,
1122 1854 1252 1888 domina,
1266 1854 1313 1882 cui
1334 1856 1394 1882 tam
1410 1855 1505 1882 bonus
1526 1855 1616 1882 frater
1639 1855 1721 1882 tanta
1735 1854 1812 1882 bona

982 1898 1103 1927 dimisit.
1116 1898 1170 1926 hoc
1185 1901 1272 1926 antea
1287 1899 1457 1935 cogitasses;
1472 1901 1500 1927 et
1515 1899 1606 1927 ﬁliam
1621 1899 1716 1936 ipsius
1731 1899 1811 1927 illius

982 1944 1066 1971 bonis
1083 1943 1265 1971 benedictum
1282 1943 1332 1971 uni
1350 1944 1424 1971 bono
1436 1943 1567 1973 dedisses
1583 1943 1668 1977 laico,
1680 1945 1709 1972 et
1722 1944 1811 1972 ﬁnem

981 1988 1075 2025 ipsius
1103 1988 1297 2024 imposuisses
1328 1990 1474 2025 peccato,»
1499 1988 1641 2017 nimirum
1668 1988 1811 2025 illi,quod

983 2033 1159 2061 adulterium
1174 2034 1296 2062 vocavit.
1310 2033 1349 2062 Iis
1363 2041 1441 2067 vero,
1451 2033 1501 2070 qui
1514 2032 1685 2062 memoratis
1700 2033 1812 2070 nuptiis

981 2078 1104 2106 vetitum
1120 2080 1236 2114 tempus
1249 2077 1406 2112 violarunt,
1416 2077 1611 2114 quadraginta
1624 2077 1739 2106 dierum
1756 2086 1814 2114 pa:-

983 2122 1136 2150 nitentiam
1166 2122 1317 2158 imposuit,
1349 2124 1392 2155 et,
1422 2122 1500 2158 quod
1530 2122 1560 2149 in
1590 2121 1812 2150 aediﬁcationem

983 2167 1110 2194 maxime
1125 2167 1211 2198 cedit,
1226 2166 1359 2194 eamdem
1385 2173 1502 2201 quoque
1526 2165 1727 2202 paenitentiam
1743 2165 1814 2193 sibi-

984 2211 1102 2247 metipsi
1119 2210 1309 2247 prmscripsit,
1326 2209 1436 2246 quippe
1455 2209 1516 2245 qui,
1533 2209 1584 2242 ait,
1597 2219 1612 2235 ‹‹
1629 2208 1730 2245 utique
1745 2209 1814 2238 hac-

985 2259 1082 2289 tenus,
1095 2255 1167 2282 dum
1184 2262 1242 2282 non
1266 2254 1372 2289 restiti,
1384 2254 1571 2282 consentiens
1584 2253 1635 2281 fui.
1650 2265 1663 2278 υ
1675 2253 1740 2281 Haec
1755 2263 1815 2290 pce-

986 2300 1111 2328 nitentia
1125 2300 1153 2327 in
1167 2299 1282 2335 jejunio
1299 2299 1486 2335 potissimum
1497 2298 1554 2327 sita
1569 2300 1640 2333 erat,
1653 2310 1667 2323 ‹‹
1684 2299 1725 2327 ita.
1738 2298 1817 2327 vide.

89 2343 197 2380 ιὶιιιιιμι
211 2349 246 2375 ut
261 2346 302 2375 ab
318 2354 410 2382 opere
425 2345 524 2373 servili
543 2345 696 2374 Dominica
711 2345 757 2373 die
771 2348 928 2374 cessarent.
946 2353 970 2386 D
986 2344 1064 2378 licet,
1080 2347 1113 2371 ut
1128 2344 1151 2371 si
1168 2343 1263 2371 caztori
1275 2343 1376 2371 ﬁdeles
1387 2343 1559 2371 reﬁciuntur
1569 2344 1654 2372 tertia
1668 2343 1751 2378 hora,
1763 2353 1818 2372 nos

90 2387 119 2417 Id
128 2397 195 2420 cum
204 2391 352 2426 evincere
363 2389 447 2419 nullo
458 2390 545 2418 modo
555 2389 726 2423 valuissem,
739 2392 837 2427 portas
848 2391 930 2425 (sub-

90 2433 153 2462 audi
159 2435 302 2472 civitatis)
308 2434 446 2464 obserari
456 2437 559 2463 contra
564 2435 711 2463 venientia
721 2435 854 2471 plaustra
862 2443 932 2471 prae—

91 2478 158 2516 θερί.
168 2479 250 2509 κω
265 2479 299 2508 id
316 2479 377 2508 sub
393 2479 451 2508 hoc
468 2479 613 2516 Synodicz
628 2482 756 2516 tempus,
770 2479 932 2515 eodemque

91 2523 415 2562 ωιιοκϐοοιιῑὶεθτίι,
424 2532 462 2552 an
478 2524 637 2560 aliquando
653 2526 720 2552 ante
734 2523 778 2551 vel
795 2526 871 2559 post,
886 2523 931 2551 in-

92 2570 198 2599 certum
207 2569 367 2600 κιαι-ιθ
375 2577 445 2597 vero
460 2568 516 2597 hoc
529 2569 639 2597 factum
656 2576 673 2596 a
688 2567 839 2596 malevolis
854 2577 932 2596 arre—

93 2615 170 2648 ptum
182 2617 293 2652 postea
307 2614 382 2646 fuit,
396 2621 465 2642 cum
480 2615 581 2650 aperta
595 2612 752 2641 rebellione
762 2613 932 2649 episcopum

94 2657 187 2689 multis
201 2657 461 2689 accusationibus
477 2657 700 2694 impetiverunt;
718 2658 796 2685 unde
812 2657 914 2685 subdit
930 2666 936 2686 :

94 2712 106 2726 α
119 2702 316 2734 Boot-sinus
343 2705 399 2731 aut
424 2705 529 2736 morte,
543 2704 596 2731 aut
620 2702 792 2738 expulsione
808 2710 873 2730 mea
888 2703 938 2730 de-

95 2745 360 2786 berejudicabant
375 2747 499 2784 expiari.
519 2759 532 2772 η

125 2794 184 2822 tu.
201 2793 275 2823 Post
303 2792 579 2829 Quadragesimam
609 2791 678 2819 anni
704 2791 759 2819 966
784 2791 939 2820 Ratherius

97 2838 263 2874 opusculum
287 2837 422 2874 scripsit
446 2836 480 2865 de
504 2836 597 2872 Νηρία
612 2836 714 2863 illicito
730 2835 807 2870 (Vid.
826 2837 885 2863 not.
900 2835 938 2870 i).

100 2880 162 2912 Huic
168 2883 370 2914 occasionem
383 2880 510 2918 prmbuit
519 2880 648 2909 Joannes
659 2879 838 2909 Veronensis
848 2879 940 2908 Eccle-

987 2391 1082 2423 scxta;
1100 2388 1124 2416 si
1141 2387 1182 2415 illi
1199 2390 1288 2421 sexta,
1301 2396 1354 2416 nos
1365 2396 1456 2422 nona;
1471 2388 1495 2416 si
1505 2387 1547 2416 illi
1559 2397 1646 2423 nona,
1658 2397 1712 2417 nos
1723 2396 1819 2424 usque

987 2434 1022 2462 ad
1037 2441 1188 2470 vesperam
1200 2433 1404 2468 jejunemus.»

1024 2479 1084 2506 115.
1102 2478 1167 2505 Otto
1183 2478 1193 2505 Ι
1211 2477 1380 2514 imperator,
1393 2485 1470 2506 anno
1484 2478 1548 2512 966,
1562 2477 1676 2506 Italiam
1693 2476 1819 2512 repetiit,

988 2526 1021 2552 ut
1034 2522 1221 2551 rebellionem
1237 2524 1340 2550 contra
1350 2522 1494 2550 Joannem
1505 2522 1568 2551 XIII
1579 2529 1731 2550 summum
1747 2529 1820 2558 pon-

988 2568 1096 2596 tiﬁcem
1111 2567 1266 2595 excitatam
1297 2567 1481 2603 reprimeret.
1492 2567 1552 2595 Hac
1575 2567 1649 2595 forte
1673 2566 1709 2594 de
1732 2573 1823 2594 causa

990 2612 1135 2649 episcopis
1151 2611 1286 2648 praecepit
1298 2613 1330 2640 ut
1343 2611 1455 2639 milites
1465 2619 1536 2639 suos
1547 2613 1690 2647 tanquam
1706 2608 1823 2644 imperii

993 2656 1136 2685 vassailos
1147 2656 1183 2684 ad
1197 2655 1307 2684 bellum
1318 2655 1488 2691 dirigerent.
1500 2655 1601 2691 Itaque
1615 2653 1725 2682 milites
1735 2652 1824 2680 etiam

995 2701 1165 2730 Ratherium
1182 2700 1298 2728 mittere
1310 2699 1412 2736 jussit.
1428 2699 1461 2728 In
1476 2699 1553 2728 hanc
1567 2706 1630 2727 rem
1645 2695 1828 2726 animadver-

994 2747 1084 2775 tenda
1092 2747 1149 2774 duo
1161 2744 1410 2781 testimonia,quaa
1421 2743 1561 2780 leguntur
1569 2743 1600 2771 in
1608 2740 1725 2770 duobus
1734 2738 1830 2766 nostri

995 2790 1124 2819 auctoris
1138 2787 1291 2825 opusculis
1307 2780 1426 2824 scriptis
1440 2788 1543 2815 eodem
1561 2793 1639 2814 anno
1729 2780 1830 2827 impe-

996 2835 1067 2864 riale
1084 2823 1263 2871 praeceptum
1278 2832 1314 2860 de
1337 2823 1482 2860 militibus
1497 2827 1659 2866 dirigendis
1674 2823 1786 2871 indicat
1801 2823 1833 2848 in

999 2863 1135 2908 sermone
1145 2863 1279 2905 (ie-Maria
1292 2878 1317 2904 et
1331 2874 1438 2904 Martha
1447 2863 1602 2902 lucubrato
1618 2869 1685 2905 post
1699 2863 1835 2892 medium
