3968 6392
285 413 402 482 HQ

1247 411 1698 482 RATHERIUS
1742 409 2242 478 VERONENSIS
2281 408 2738 480 EPISCOPUS.

3588 406 3716 476 120

281 551 617 627 Augustum
675 549 813 610 anni
870 552 1135 626 ejusdem
1191 569 1356 609 num.
1390 553 1421 607 4
1453 570 1466 608 :
1494 573 1522 602 ‹‹
1562 549 1796 616 Milites,
1829 547 1931 613 ait,
1961 547 2016 614 Α
2045 547 2398 620 opusculum
2429 549 2694 620 ejusdem
2726 552 2814 604 est
2843 547 3058 606 indolis
3088 563 3154 607 ac
3180 548 3327 608 illud
3357 547 3424 607 de
3453 551 3716 610 Contem—

285 643 524 716 quando
555 641 733 699 etiam
766 659 926 698 meos
957 643 1031 698 ob
1061 642 1308 698 Caesaris
1339 657 1480 714 cogo
1512 641 1884 712 praaeeptum.
1914 659 1941 684 »

286 717 488 804 Ipsum
515 749 650 788 vero
682 737 1034 804 praeceptum
1068 732 1125 787 in
1158 730 1582 803 expeditionem
1616 730 1942 784 Romanam

287 819 402 876 sibi
437 821 566 892 jam
599 821 1011 877 denuntiatum
1044 821 1336 893 signiﬁcat
1367 819 1424 873 in
1469 813 1944 887 Itinerario,quod

287 909 444 966 circa
473 909 690 966 festum
717 911 774 965 S.
799 910 1040 966 Andrezc
1073 909 1349 973 exaravit,
1372 909 1511 962 dum
1545 923 1710 960 num.
1748 907 1771 959 1
1809 903 1948 958 scri-

287 997 376 1054 bit
415 1015 478 1054 se
524 999 768 1055 Romam
817 999 1214 1072 profecturum
1239 1021 1266 1047 ί(
1301 1013 1415 1052 non
1466 993 1775 1067 imperiali,
1810 991 1948 1064 quia

288 1087 644 1160 imperatum
666 1092 756 1145 est
776 1088 1042 1156 minime,
1059 1088 1256 1159 jussu,
1278 1085 1492 1141 milites
1515 1083 1707 1140 solum
1730 1087 1791 1138 ut
1817 1082 1950 1136 mit-

287 1179 474 1250 terem
507 1193 670 1233 meos
700 1178 772 1233 ab
803 1193 869 1234 eo
899 1176 1131 1246 (Ottone
1160 1176 1202 1248 I)
1235 1191 1368 1230 cum
1413 1172 1558 1228 mihi
1593 1173 1668 1228 sit
1698 1172 1947 1242 impera-

289 1267 487 1320 tum.»
511 1265 657 1321 Cum
689 1265 760 1322 de
793 1265 1056 1322 Romano
1087 1265 1291 1319 itinere
1323 1267 1475 1335 agat,
1506 1261 1660 1334 quod
1694 1277 1808 1314 non
1839 1259 1948 1313 im-

291 1351 495 1426 periali
515 1353 713 1425 jussu,
743 1369 848 1410 nec
877 1353 1014 1410 belli
1049 1370 1227 1408 causa
1257 1369 1318 1407 se
1349 1354 1758 1422 suscepturum
1793 1347 1948 1402 aflir-

291 1445 436 1514 mat,
461 1441 661 1514 procul
684 1443 864 1500 dubio
893 1441 1165 1498 militaris
1191 1439 1498 1513 expeditio,
1517 1456 1642 1511 quae
1673 1456 1708 1492 a
1731 1437 1952 1491 Caesare

289 1513 582 1603 praecepta
612 1531 742 1598 fuit,
772 1531 832 1587 in
886 1531 1181 1586 Romanas
1227 1535 1423 1602 partes
1454 1532 1655 1584 contra
1705 1523 1952 1580 Romani

290 1618 585 1689 pontiﬁcis
613 1618 814 1676 hostes
843 1620 1062 1675 directa
1101 1637 1214 1675 non
1249 1619 1498 1674 obscure
1539 1615 1822 1670 innuitur.
1849 1615 1950 1668 So-

289 1704 379 1762 los
409 1711 606 1764 autem
638 1707 904 1763 Ecclesia:
927 1707 1280 1764 Veronensis
1303 1706 1521 1760 milites
1544 1721 1646 1760 seu
1667 1701 1952 1757 vassallos

290 1794 444 1851 mitti
474 1797 680 1868 jussit,
706 1795 1042 1869 imperator,
1067 1814 1183 1854 non
1233 1813 1365 1852 vero
1398 1796 1471 1850 ad
1521 1793 1738 1850 bellum
1775 1791 1950 1864 profi-

291 1883 432 1941 cisci
459 1883 645 1942 voluit
674 1886 850 1942 etiam
884 1885 1248 1953 Ratberium,
1273 1885 1373 1957 qui
1421 1883 1692 1939 militiam
1724 1879 1951 1936 clericis

293 1977 351 2030 et
379 1973 566 2030 multo
589 1975 780 2048 magis
813 1974 1102 2048 episcopis
1123 1975 1405 2030 canonica
1423 1972 1548 2044 lege
1581 1969 1952 2026 interdictam

295 2062 642 2136 refugiebat.

369 2152 494 2208 116.
519 2153 907 2210 Memoratum
940 2153 1282 2226 opus,quod
1306 2153 1665 2208 ltinerarium
1697 2149 1957 2211 vocatur,

298 2257 406 2299 cur
434 2243 747 2299 Ratherius
770 2243 858 2314 (V.
883 2245 1006 2298 not.
1033 2244 1086 2315 1)
1110 2243 1220 2298 sub
1251 2243 1431 2314 hujus
1455 2241 1593 2296 anni
1623 2242 1800 2296 ﬁnem
1825 2238 1964 2294 scri‘

298 2331 501 2408 pserit,
533 2331 946 2404 explicandum
978 2336 1086 2387 est.
1123 2332 1539 2403 Imperatorem
1572 2332 1776 2402 [cxuv]
1823 2345 1959 2384 cum

299 2419 506 2478 multis
535 2423 662 2475 tum
703 2419 879 2476 Italiae
913 2425 1041 2476 tum
1073 2419 1396 2476 Germanice
1437 2419 1726 2491 episcopis
1762 2419 1958 2474 Roma)

300 2509 572 2566 futurum
601 2527 718 2566 non
759 2509 1114 2582 ambigebat.
1145 2531 1172 2560 ‹‹
1203 2507 1683 2580 Sapientissimos
1723 2507 1901 2576 enim,
1932 2529 1960 2556 ιι

302 2599 386 2655 ait
415 2615 581 2654 num.
604 2599 659 2666 3,
691 2622 713 2650 ι
747 2603 865 2654 tam
889 2599 962 2654 de
985 2599 1098 2654 isto
1129 2615 1308 2670 regno
1331 2598 1410 2669 (id
1434 2602 1522 2653 est
1549 2597 1960 2668 ltalieo)quam

303 2690 362 2744 et
391 2687 460 2743 de
489 2687 606 2756 his,
635 2688 735 2760 qui
769 2704 902 2743 cum
933 2688 1174 2742 domino
1203 2693 1404 2743 nostro
1429 2691 1710 2743 venerunt
1731 2703 1962 2758 semper

303 2776 568 2850 Augusto
601 2775 824 2847 (utique
858 2792 926 2830 ex
955 2775 1285 2847 Germania)
1319 2774 1437 2830 illic
1469 2775 1688 2844 (Romae
1720 2773 1962 2845 scilicet)

307 2861 617 2918 adfuturos
638 2878 944 2941 cognosco.
963 2886 992 2912 »
1013 2863 1158 2919 Cum
1182 2881 1249 2918 ex
1279 2863 1377 2918 his
1407 2862 1736 2936 plenarium
1769 2862 1961 2918 conci-

307 2949 457 3008 lium
477 2951 606 3024 cogi
631 2956 875 3025 poterat,
889 2957 1016 3008 tum
1037 2968 1170 3009 vero
1191 2957 1573 3008 convocatum
1596 2952 1664 3007 iri
1689 2953 1964 3024 sperabat

307 3039 604 3112 pontiﬁcis
615 3044 672 3096 et
688 3039 1060 3112 imperatoris
1074 3057 1248 3113 opera
1261 3057 1308 3096 :«
1325 3057 1471 3112 quos
1488 3045 1798 3096 convocatu
1809 3057 1958 3106 ros,»

308 3126 522 3200 inquit,
547 3151 573 3180 α
609 3128 898 3202 synodum
947 3132 1190 3184 autumo
1241 3127 1652 3195 univcrsalem,
1685 3129 1964 3184 ‘concedat

309 3215 466 3277 Deus
495 3221 706 3276 sanctae
749 3217 1040 3286 Ecclesiae,
1075 3221 1144 3274 ut
1183 3219 1434 3290 expedit,
1468 3218 1747 3275 utilem.»
1775 3218 1962 3288 Hujus

2045 642 2146 708 ptu
2174 653 2464 694 canonmn.
2495 639 2647 693 Num
2685 655 2820 694 vero
2871 639 3184 696 Ratherius
3233 642 3566 698 Romanum
3597 642 3718 699 iter

2051 726 2394 798 susceperit,
2418 731 2474 781 et
2503 727 2560 781 in
2598 729 2858 784 Romana
2899 730 3120 802 synodo
3149 728 3388 786 ineunte
3432 747 3586 787 anno
3618 748 3714 787 se-

2053 815 2256 886 quenti
2285 814 2488 869 habita
2517 833 2686 870 suam
2713 833 2952 871 causam
2985 817 3371 889 proposuerit,
3395 819 3722 875 documen-

2053 907 2247 959 torum
2296 903 2492 974 inopia
2540 903 2862 975 ignoratur.
2891 905 3166 961 Nonnulli
3214 906 3452 978 quidem
3500 909 3716 964 existi-

2056 996 2220 1047 mant
2253 992 2446 1064 ipsum
2480 992 2589 1048 hoc
2620 992 2971 1066 opusculum
3002 994 3444 1062 lucubrasse,ut
3468 996 3719 1054 clericos

2053 1080 2164 1136 hac
2195 1084 2318 1134 arte
2361 1081 2432 1135 ad
2464 1081 2926 1154 resipiscendum
2959 1085 3290 1140 adduceret.
3305 1087 3536 1142 Certum
3576 1104 3719 1143 vero

2057 1173 2146 1224 est
2177 1185 2311 1223 eum
2357 1168 2694 1226 interfuisse
2743 1172 2965 1242 synodo
2997 1173 3179 1244 [CXLV]
3211 1174 3549 1242 Ravennati,
3583 1194 3720 1247 quae

2057 1256 2168 1312 fuit
2195 1256 2352 1313 velut
2383 1259 2675 1330 appendix
2705 1261 2932 1316 concilii
2967 1261 3234 1328 Romani,
3259 1267 3325 1318 ut
3353 1281 3419 1319 ex
3448 1265 3722 1320 dicendis

2057 1347 2424 1418 paragrapho
2457 1349 2724 1420 sequenti
2759 1349 3134 1406 manifestum
3167 1352 3286 1406 ﬁet.

2058 1434 2312 1508 §X\'Ill.
2339 1465 2403 1477 -
2430 1438 2559 1492 Aula
2606 1439 2745 1493 anni
2787 1438 2912 1494 907.
2942 1440 3016 1495 De
3062 1442 3313 1496 conciliis
3360 1443 3604 1498 Romano
3665 1447 3726 1500 et

2133 1508 2457 1562 Ravennate.
2489 1510 2776 1566 Decretum
2819 1519 3009 1566 contra
3054 1513 3502 1570 mulierositatem
3547 1515 3722 1570 cleri-

2130 1594 2336 1633 corum.
2385 1581 2673 1635 ltathcrius
2720 1597 2750 1636 e
2796 1583 3107 1638 Ravennate
3161 1587 3393 1640 concilio
3453 1587 3727 1642 Veronam

2129 1665 2434 1725 regressus,
2473 1653 2870 1725 _diu*cesmmm
2925 1655 3189 1725 synodum
3246 1665 3520 1711 convocat.
3583 1658 3726 1712 Acta

2132 1720 2228 1799 huj
2236 1737 2295 1775 us
2315 1722 2510 1799 synodi
2517 1765 2527 1776 .
2545 1725 2633 1799 -Ριι
2643 1720 2985 1799 aperz'oribus
3011 1727 3230 1799 relericz's
3246 1729 3528 1799 prospicit.
3553 1727 3670 1783 Jud
3683 1729 3727 1782 i-

2130 1797 2278 1858 cato,
2327 1795 2420 1870 cui
2467 1795 2812 1870 subscribam
2863 1797 3187 1870 patriarcha
3246 1795 3614 1870 )lqui'lez'ensis
3670 1803 3730 1855 et

2130 1867 2611 1942 comprovinciates
2649 1869 2898 1942 egissem,
2919 1870 2980 1922 in
3013 1869 3222 1940 synodo
3251 1867 3439 1926 coacti.
3471 1873 3727 1942 Impera-

2131 1936 2265 1989 toris
2295 1936 2929 2007 privilegium'Ratherio
2951 1936 3280 1996 consessum.
3308 1936 3588 1998 Τίιηιαιιιὶδ
3616 1943 3728 1998 cle-

2139 2007 2380 2081 ricorum
2435 2009 2844 2081 toreumatum,
2891 2014 2941 2065 et
2985 2013 3302 2081 apusculum
3351 2012 3600 2070 Bothe-rit
3651 2015 3729 2068 de

2139 2076 2378 2153 Clericis
2411 2079 2742 2135 rebellibus.
2777 2076 3028 2150 Ejus-(leni
3069 2085 3296 2153 epistola
3325 2084 3394 2140 ad
3420 2085 3730 2140 Martinam

2139 2151 2447 2220 episcopum
2476 2153 2900 2208 Ferrariensem.

2141 2237 2265 2292 117.
2287 2238 2603 2310 Imperator
2634 2241 2907 2312 Otto,qui
2941 2259 3094 2298 anno
3125 2245 3468 2314 prazcedenti
3501 2244 3559 2300 in
3581 2247 3731 2300 Ger-

2069 2326 2267 2382 mania
2297 2332 2428 2398 post
2455 2329 2714 2385 medium
2759 2333 3088 2403 Augustum
3121 2333 3359 2388 comitia
3397 2335 3730 2390 celebrave-

2069 2419 2179 2479 rat,
2205 2432 2338 2470 mox
2369 2417 2428 2471 in
2462 2417 2686 2472 Italiam
2711 2419 3026 2474 descendit.
3046 2419 3196 2475 Dum
3229 2421 3384 2476 enim
3411 2421 3734 2478 Ratherius

2068 2506 2424 2561 Itinerarium
2446 2507 2648 2562 eodem
2673 2524 2825 2564 anno
2847 2509 3002 2564 circa
3027 2509 3214 2565 sancti
3236 2511 3475 2566 Andros:
3508 2513 3731 2568 festum

2069 2593 2434 2664 scripsit,ille
2456 2596 2582 2666 jam
2615 2596 2730 2651 huc
2762 2613 2892 2652 cum
2929 2597 3132 2654 multis
3161 2601 3482 2655 Germania:
3504 2601 3733 2672 episco-

2069 2682 2209 2754 pis«
2233 2688 2519 2738 venerat»
2549 2684 2794 2740 Romam
2841 2687 3226 2758 profecturus,
3253 2689 3337 2743 uti
3383 2688 3639 2744 habetur
3667 2690 3727 2745 in

2070 2772 2270 2828 eodem
2305 2772 2588 2844 opusculo
2618 2791 2785 2830 num.
2817 2776 2870 2829 3.
2899 2776 3094 2830 Romm
3115 2773 3350 2848 quidem
3376 2782 3501 2833 erat
3531 2777 3645 2833 sub
3669 2780 3735 2834 Ii-

2070 2877 2204 2916 nem
2238 2861 2588 2933 decembris,
2619 2863 2718 2918 ubi
2752 2863 3018 2920 natalitia
3049 2865 3198 2921 festa
3225 2865 3556 2921 celebravit.
3581 2865 3734 2922 Illuc

2070 2965 2204 3004 cum
2235 2951 2438 3006 eodem
2484 2953 2748 3022 Augusto
2781 2951 2979 3023 plures
3008 2953 3184 3008 etiam
3236 2953 3414 3009 Italiae
3463 2955 3731 3027 episcopi

2070 3042 2462 3094 accesserunt.
2495 3040 2839 3106 Concilium,
2874 3041 3027 3112 quod
3067 3041 3285 3097 ibidem
3318 3057 3386 3097 ex
3415 3043 3734 3100 Germanis

2070 3127 2356 3199 [talisque
2383 3127 2674 3200 episcopis
2699 3131 3172 3202 congregandum
3207 3131 3482 3202 sperabat
3510 3132 3733 3189 Rathe-

2069 3216 2216 3283 rius,
2249 3217 2515 3272 habitum
2545 3218 2781 3290 quidem
2813 3219 2995 3274 fuisse
3027 3219 3263 3276 ineunte
3293 3237 3446 3276 anno
3469 3221 3580 3275 967
3610 3237 3738 3278 cer-

308 3305 509 3378 itaque
537 3307 766 3364 concilii
789 3324 895 3380 spe
913 3323 977 3363 se
999 3287 1660 3379 Romam—profecturum
1688 3287 1954 3374 testatur,
1989 3287 2032 3355 C
2071 3309 2198 3362 tum
2250 3307 2315 3364 ﬁt
2357 3324 2426 3362 ex
2472 3287 2773 3379 privilegio
2821 3309 3087 3379 ejusdem
3139 3309 3529 3381 imperatoris,
3567 3313 3730 3382 quod

309 3399 376 3452 ut
391 3395 620 3454 dissidii
637 3397 833 3454 causis
853 3395 1004 3452 inter
1025 3413 1086 3452 se
1108 3400 1166 3452 et
1185 3395 1426 3452 clericos
1444 3413 1583 3452 suos
1599 3396 1815 3451 ibidem
1840 3413 1966 3468 pro-

308 3485 538 3560 positis,
554 3485 694 3560 quid
719 3485 853 3555 sibi,
879 3485 1015 3558 quid
1049 3485 1174 3542 suis
1192 3485 1418 3541 clericis
1457 3486 1752 3558 agendum
1785 3489 1960 3550 esset,

305 3575 528 3632 summi
558 3574 856 3650 pontiﬁcis
886 3591 954 3630 ac
983 3577 1070 3630 tot
1099 3574 1509 3646 episcoporum
1543 3574 1834 3630 sententia
1863 3574 1992 3647 de-_

307 3667 662 3720 cerneretur.
686 3664 998 3736 Egregium
1021 3663 1092 3718 de
1114 3663 1456 3719 auctoritate
1476 3669 1534 3718 ct
1555 3663 1822 3720 doctrina
1853 3663 1962 3718 Ro-

309 3767 496 3808 manas
513 3750 670 3806 sedis
688 3753 1092 3807 testimonium
1117 3751 1321 3807 inserit
1343 3768 1506 3806 num.
1521 3755 1556 3806 2
1571 3769 1616 3807 ;‹‹
1633 3753 1782 3816 Quid
1805 3753 1962 3807 enim

308 3839 382 3896 de
427 3837 837 3894 ecclesiasticis
885 3837 1259 3910 dogmatibus
1308 3837 1522 3892 alicubi
1571 3839 1772 3908 scitur,
1807 3839 1963 3910 quod

310 3927 508 3986 Romae
529 3926 866 4000 ignoretur?
890 3926 1012 3982 Illic
1035 3927 1252 3984 summi
1276 3924 1358 3980 illi
1382 3927 1561 3982 totius
1583 3927 1742 3982 orbis
1761 3927 1962 3982 docto-

310 4015 565 4084 res,illic
581 4015 1013 4088 praestantiores
1039 4015 1377 4071 enituerunt
1397 4015 1744 4071 universalis
1765 4015 1964 4072 Eccle-

219 4117 224 4122 ‘
311 4105 410 4172 sia:
441 4105 752 4178 principes.
780 4103 904 4160 Illic
932 4104 1244 4160 decretalia
1272 4103 1638 4178 pontificum,
1665 4105 1964 4160 universo-

309 4210 440 4250 rum
471 4193 863 4268 congregatio,
893 4192 1247 4250 examinatio
1272 4209 1588 4262 canonum,
1622 4192 1963 4264 approbatio

307 4283 795 4357 recipiendorum,
813 4281 1144 4357 reprobatio
1168 4282 1966 4356 spernendorum.Postremo

303 4389 599 4446 nusquam
623 4373 1023 4446 -ratum,quod
1057 4372 1177 4429 illic
1209 4372 1472 4440 irritum;
1509 4389 1806 4444 nusquam
1838 4371 1964 4426 irri-

303 4465 452 4530 tum,
484 4461 640 4532 quod
671 4461 791 4516 illic
843 4467 1038 4517 ratum
1069 4462 1250 4518 fuerit
1277 4461 1490 4517 visum.
1517 4461 1764 4517 Ubinam
1825 4477 1962 4532 ergo

303 4547 518 4605 melius
555 4548 902 4618 insipientia
941 4548 1268 4604 consulitur
1307 4566 1662 4620 mcaz,quam
1695 4549 1795 4604 ubi
1831 4551 1960 4604 fons

2072 3404 2256 3450 actum
2287 3399 2473 3452 Romae
2503 3397 2562 3451 in
2611 3397 2870 3452 favorem
2928 3399 3266 3453 monasterii
3321 3398 3732 3467 Sublaeensis,

2075 3483 2348 3540 Romanae
2381 3485 2584 3556 synodi
2631 3485 2984 3540 mentionem
3019 3485 3172 3542 facit.
3208 3487 3326 3542 Hoc
3355 3486 3733 3559 privilegium

2074 3573 2264 3646 primo
2293 3589 2326 3627 a
2348 3573 2660 3629 Muratorio
2693 3575 2918 3629 editum
2951 3580 3040 3630 est
3063 3579 3203 3630 tom.
3225 3575 3274 3628 V
3294 3575 3734 3647 Antiquitatum

2073 3661 2430 3729 Italicarum,
2463 3663 2872 3730 dissertat.65;
2906 3663 3036 3718 dein
3061 3682 3093 3718 a
3117 3665 3392 3720 canonico
3413 3667 3736 3738 Garampio

2073 3767 2347 3807 recusum
2389 3751 2448 3806 in
2479 3768 2650 3824 opere
2680 3751 2746 3807 de
2772 3757 3006 3809 It'ummo
3037 3759 3294 3823 argenteo
3325 3755 3606 3810 Benedicti
3633 3755 3734 3822 III,

2072 3856 2204 3912 pag.
2235 3841 2356 3906 169,
2381 3857 2448 3895 ex
2479 3858 2593 3913 quo
2624 3841 2746 3896 hzec
2777 3843 2952 3896 verba
2981 3843 3370 3914 appendimus
3394 3861 3442 3899 :«
3476 3845 3610 3899 Otto
3643 3844 3738 3899 di-

2069 3928 2206 3983 vina
2244 3929 2466 3985 favente
2505 3930 2815 3986 clementia
2864 3931 3181 4003 imperator
3218 3935 3541 4007 Augustus.
3579 3934 3738 3990 Peti-

2072 4017 2229 4072 tione
2267 4018 2526 4091 Gregorii
2566 4019 2673 4074 viri
2716 4021 3064 4076 venerabilis
3095 4038 3164 4076 ex
3195 4021 3526 4094 apostolicae
3571 4023 3737 4079 sedis

2073 4106 2471 4162 secundicerio
2521 4107 2776 4179 religiosi
2835 4109 3068 4165 abbatis
3127 4111 3337 4180 prioris
3385 4113 3737 4169 monasterii

2073 4194 2398 4250 beatissimi
2427 4195 2743 4264 Benedicti,
2768 4201 2824 4252 et
2863 4202 3076 4253 sanctae
3109 4198 3479 4256 Scholasticze
3511 4203 3738 4259 sororis

2071 4283 2220 4353 ejus,
2245 4283 2400 4354 quod
2444 4284 2658 4340 dicitur
2700 4285 2760 4340 in
2793 4285 3069 4353 Sublacu,
3095 4287 3193 4359 qui
3237 4287 3478 4344 veniens
3509 4288 3566 4344 in
3601 4306 3733 4362 gre-

2071 4371 2258 4427 mium
2290 4371 2544 4428 basilicze
2587 4374 2743 4429 beati
2775 4375 2924 4431 Petri
2969 4376 3368 4448 apostolorum
3419 4377 3731 4452 principis,

2072 4460 2171 4515 ubi
2203 4477 2338 4516 cum
2368 4463 2584 4518 domno
2615 4463 2840 4519 Joanne
2867 4465 2996 4519 XIII
3037 4481 3189 4537 papa
3237 4471 3452 4522 sanctas
3503 4469 3733 4540 synodo

2070 4565 2174 4622 pro
2205 4550 2458 4606 utilitate
2487 4551 2751 4622 ejusdem
2787 4552 3055 4608 Ecclesia;
3097 4558 3154 4609 et
3181 4555 3605 4612 venerabilium
3641 4556 3732 4612 lo-

303 4634 605 4711 sapientiae
661 4635 921 4691 cernitur
945 4652 1092 4692 esse.
1121 4657 1150 4686 ››
1185 4637 1404 4692 Laudat
1449 4637 1624 4693 etiam
1671 4638 1956 4694 Joannem
1988 4659 2037 4723 D
2070 4655 2270 4695 eorum
2303 4639 2710 4709 intereramus,
2745 4642 3314 4699 circumsedentibus
3352 4645 3558 4716 [exuri]
3593 4661 3730 4702 cum

303 4739 610 4782 summum
631 4724 1180 4795 pontificem,quem
1211 4725 1480 4780 nonnulli
1513 4744 1814 4798 perperam
1842 4744 1962 4782 cre-

305 4813 581 4870 diderunt
607 4813 894 4868 Joannem
915 4813 1182 4880 XII,cum
1217 4814 1408 4885 reipsa
1429 4814 1506 4870 sit
1527 4816 1781 4871 Joannes
1807 4817 1955 4871 XIII.

303 4903 574 4959 Ottonem
597 4901 793 4974 ipsum
812 4901 1224 4978 imperatorem
1247 4917 1380 4957 cum
1409 4902 1674 4974 pluribus
1706 4903 1956 4958 nomini-

303 4991 415 5046 bus
446 4989 668 5055 laudat,
705 4992 829 5043 tum
859 5004 929 5044 ex
961 5003 1030 5043 eo
1074 4987 1470 5060 potissimum,
1498 4990 1651 5060 quod
1685 4990 1956 5045 eumdem

298 5077 589 5134 Joannem
611 5077 738 5133 XIII
758 5077 830 5132 ad
855 5093 1160 5133 summum
1183 5077 1588 5148 pontificatum
1614 5094 1957 5148 promoven-

301 5167 445 5224 dum
476 5165 782 5220 curaverit.
808 5165 1072 5237 Explicat
1095 5182 1265 5237 porro
1291 5171 1349 5221 et
1377 5167 1640 5238 coarguit
1670 5183 1830 5222 more
1849 5184 1955 5222 suo

301 5253 651 5311 clericorum
675 5253 1056 5326 vitia,quibus
1082 5270 1335 5309 canones
1367 5253 1444 5308 im
1455 5255 1824 5325 petebantur;
1850 5257 1954 5310 Mi-

299 5342 456 5400 lonis
479 5340 766 5398 invaseris
788 5347 846 5398 et
869 5341 1174 5400 rebellium
1197 5347 1360 5415 gesta
1387 5347 1588 5397 contra
1609 5359 1670 5398 se
1694 5345 1782 5398 ref
1781 5344 1952 5412 ricat;

303 5431 694 5490 dimcosanam
745 5433 1035 5506 synodum
1073 5432 1132 5487 in
1165 5431 1623 5504 Quadragesima
1673 5432 1958 5490 inutiliter

303 5525 679 5578 convocatam
703 5525 1144 5576 commemorat.
1162 5522 1269 5576 Tot
1291 5538 1358 5576 ac
1383 5523 1562 5576 tantis
1585 5521 1755 5576 malis
1780 5540 1958 5578 reme-

302 5611 464 5668 dium
497 5609 770 5680 sperabat
807 5625 876 5663 ex
917 5608 1142 5664 concilii
1179 5609 1421 5664 Romani
1467 5611 1827 5676 auctoritate,
1862 5611 1956 5666 cui

302 5696 627 5771 imperialis
657 5713 889 5770 quoque
932 5699 1235 5770 potestatis
1284 5697 1446 5754 favor
1488 5699 1800 5756 accederet.
1838 5702 1956 5758 Hoc

2071 4729 2403 4785 Ravennate
2451 4730 2889 4802 archiepiscopo
2934 4732 3388 4804 quamplurimis
3438 4733 3734 4806 episcopis

2067 4833 2136 4873 ex
2169 4819 2428 4874 Romane
2458 4820 2768 4883 territorio,
2795 4827 2969 4891 atque
3001 4819 3166 4876 Italia
3196 4826 3252 4876 et
3281 4821 3734 4880 Ultramontano

2065 4923 2266 4979 regno,
2302 4929 2330 4956 ››
2363 4913 2470 4962 etc.
2498 4909 2656 4963 Nota:
2695 4908 2980 4964 chronica:
3026 4915 3164 4965 sunt
3200 4926 3213 4965 :
3243 4933 3263 4960 α
3304 4915 3446 4966 Data
3477 4911 3560 4966 Ill
3588 4912 3731 4968 Idus

2063 4995 2348 5063 Januarii,
2398 5013 2552 5052 anno
2611 4997 2926 5052 Dominicze
2982 4998 3270 5056 inearnat.
3302 5001 3428 5067 967,
3491 4999 3728 5074 imperii

2063 5101 2198 5140 vero
2230 5085 2428 5140 domui
2453 5086 2701 5153 Ottonis,
2724 5085 2977 5157 piissimi
3000 5087 3264 5144 Caesariis
3284 5089 3339 5158 5,
3365 5088 3568 5144 indict.
3599 5091 3726 5145 10.»

2063 5171 2238 5228 Vides
2267 5175 2554 5244 synodum
2587 5175 2935 5239 Romanam,
2963 5177 3055 5230 cui
3083 5193 3215 5232 cum
3247 5176 3463 5234 Italicis
3494 5194 3560 5234 ac
3586 5183 3729 5234 Ger-

2061 5260 2254 5316 manis
2287 5261 2738 5333 quampluribus
2781 5264 3071 5336 episcopis
3115 5266 3415 5320 Romanus
3465 5267 3730 5338 pontifex

2061 5349 2318 5406 Joannes
2349 5350 2475 5405 XIII
2523 5356 2583 5407 et
2637 5351 2764 5424 ipse
2821 5353 2950 5408 Otto
3010 5353 3328 5426 imperator
3382 5354 3726 5424 interfuere,

2063 5437 2326 5494 habitam
2361 5444 2494 5494 ante
2544 5440 2698 5496 diem
2735 5443 2794 5496 11
2830 5441 3094 5497 Januarii
3134 5442 3272 5498 anni
3304 5445 3426 5498 967.
3463 5444 3610 5508 Quid
3666 5447 3726 5501 in

2065 5527 2328 5583 Romana
2359 5531 2579 5600 synodo
2611 5531 2995 5586 constitutum
3030 5532 3222 5597 fuerit,
3245 5532 3404 5588 latet.
3433 5533 3493 5587 ld
3530 5533 3728 5590 solum

2065 5616 2310 5681 scimus,
2327 5621 2458 5688 post.
2480 5618 2803 5673 Romanam
2829 5620 3118 5690 synodum
3149 5619 3587 5692 imperatorem,
3611 5623 3728 5678 Ra-

2063 5721 2313 5762 vennam
2347 5707 2692 5778 profectum,
2721 5707 2937 5763 ibidem
2966 5709 3289 5767 celebrasse
3321 5714 3593 5767 sanctum
3627 5712 3731 5766 Pa-

3751 5823 3776 5835 ρ
