1984 3226
103 176 151 212 litt

603 180 914 215 PROLEGOMENA.
929 195 970 208 --
984 181 1174 215 RATHERII
1197 180 1301 215 VITA.

1757 182 1815 216 i26

103 247 145 284 qui
160 246 197 276 ad
214 255 318 277 curam
329 247 457 286 episcopi
469 248 796 286 pertinebant.Tertiam
808 251 929 280 tandem
944 251 971 287 Α
986 258 1038 288 ego
1050 250 1145 279 solum
1158 259 1284 279 mcereus
1295 251 1455 284 cantarem,
1464 252 1492 280 et
1503 250 1619 280 invidiae
1636 253 1736 281 contra
1752 251 1818 281 illos

105 295 128 321 et
145 292 280 322 fortassis
291 294 433 330 potiorem
449 297 561 331 partem
578 296 608 323 in
623 297 832 332 pauperiorum
848 296 931 324 cleri-

105 345 197 366 corum
217 338 415 374 provisionem
431 339 555 367 contulit
570 348 603 368 eo
619 341 810 373 fundationis,
823 341 867 369 uti
883 350 932 370 vo-

107 384 175 416 cant,
188 382 399 418 instrumento,
416 384 494 420 quod
508 384 674 413 ludicalum
689 385 861 414 nominavit.

133 426 191 454 122.
208 427 241 455 1n
256 426 313 456 hoc
328 428 473 465 opusculo
490 428 710 457 intolerandum
722 430 827 458 absum
844 432 933 466 atque

107 470 273 500 scandalum
290 472 388 508 deflet,
403 481 462 509 quo
478 473 631 502 inferiores
645 473 752 509 clerici,
766 475 816 511 qui
839 475 931 511 majo-

107 523 161 544 rem
174 515 205 544 in
221 515 346 545 ecclesia
360 516 490 545 laborem
506 518 648 552 ferebant,
667 519 778 547 fortiori
803 528 931 556 pauper-

109 561 161 588 tate
175 561 321 597 oppressi,
338 570 395 589 non
411 562 507 590 solum
517 573 531 587 «
543 563 608 591 sine
621 563 839 592 intermissione
855 572 934 592 mur-

111 607 267 640 mur-arent,
281 615 296 630 η
311 614 413 634 verum
427 617 442 631 α
454 607 490 634 ob
503 606 633 644 inopiam
649 608 684 636 ad
701 617 801 637 sacros
815 609 932 636 ordines

107 648 258 686 illegaliter
271 649 362 678 etiam
377 651 516 679 accedere
538 652 739 687 festinarent,»
750 655 783 681 ut
807 653 862 681 hac
887 653 934 681 via

111 693 216 730 aliquid
232 695 358 723 subsidii
370 695 443 732 ipsis
454 696 633 733 proveniret;
645 699 673 725 et
683 698 854 726 accederent
868 697 932 734 qui-

108 738 178 773 dem,
196 750 212 764 «ι
230 747 298 767 cum
314 747 368 768 nec
391 743 460 768 astas
485 740 587 777 utique
611 749 661 769 eos
685 742 863 775 admitteret,
880 750 933 770 nec

112 782 231 811 scientia
247 785 470 813 commendaret
477 793 539 820 ,nec
549 793 667 814 morum
677 786 808 822 probitas
821 786 938 815 illustra

106 830 172 856 ret.»
183 827 283 864 Hujus
298 828 481 857 fundationis
497 829 630 858 redditus
640 830 791 867 aequaliter
803 830 934 859 dividen-

106 872 153 900 dcs
166 872 310 908 decernit,
328 885 343 899 ‹‹
361 882 419 901 non
436 881 488 909 per
500 882 623 911 campos
648 877 747 902 tamen
773 877 803 902 et
823 875 935 909 vineas,

105 916 152 944 sed
167 925 221 953 per
235 917 352 946 modios
367 920 456 954 atque
472 918 610 952 sextaris,
630 920 663 946 ut
684 927 738 946 nec
761 918 830 947 rixas
854 918 935 947 locus
949 937 975 971 Β

106 960 205 971 -1Ξ-..Σ-
237 961 309 971 ΑΙᾲΑνκν
379 970 418 971 κην
438 970 444 971 κ
472 961 478 971 Ξ
492 961 560 971 .,,'j'
645 962 668 971 ιν
689 962 696 971 ⁴Ι
718 963 725 971 1
757 964 763 971 ι
815 963 821 968 ι
859 963 864 968 ι

105 960 207 998 aliquis
232 961 330 996 detur,
354 970 449 998 neque
471 961 599 990 invidiae.
615 973 630 987 η
645 962 768 990 Nolebat
792 963 934 990 nimirum

103 1007 189 1034 certos
204 1013 332 1042 campos
350 1007 384 1041 ,et
406 1005 508 1034 vineas
527 1006 604 1034 inter
618 1006 738 1035 clericos
753 1007 843 1035 dividi
857 1016 864 1042 ;
881 1008 935 1036 bac

103 1049 173 1078 enim
185 1050 307 1078 ratione
316 1050 378 1078 fere
387 1051 486 1078 omnia
498 1050 612 1078 clericis
623 1051 787 1086 majoribus
798 1054 826 1080 et
836 1055 937 1088 poten-

102 1094 224 1124 tioribus
238 1095 429 1128 obvenerant,
445 1095 556 1123 caateris
570 1095 758 1124 inferioribus
786 1099 816 1124 et
841 1097 934 1124 imbe-

105 1138 266 1168 cillioribus
282 1139 312 1166 in
330 1139 430 1175 inopia
444 1138 563 1167 relictis.
581 1140 753 1169 Distributio
768 1143 868 1169 autem
884 1150 936 1178 per

102 1182 210 1212 modios
219 1185 312 1220 atque
323 1192 478 1212 mensuras
488 1184 685 1220 aequalitatem
694 1184 811 1214 facilius
827 1188 932 1219 servat,

102 1228 128 1254 et
140 1235 157 1255 a
170 1227 399 1265 praepotentium
416 1228 572 1257 fraudibus
587 1229 776 1257 cavet.Simili
793 1230 828 1258 de
844 1238 935 1258 causa

101 1271 229 1300 redditus
244 1271 371 1300 abbatis
387 1272 423 1300 de
436 1272 597 1309 Maguzano
607 1273 683 1302 inter
693 1273 934 1302 clericosibidem

100 1314 251 1344 institutos
266 1324 324 1344 non
342 1324 394 1353 per
406 1325 526 1353 campos
537 1320 566 1345 et
577 1317 745 1351 vineas,sed
755 1327 808 1355 per
817 1327 935 1347 mensu-

100 1367 145 1388 ras
158 1359 250 1389 dividi
264 1360 367 1397 jussit.
385 1360 530 1389 Omnibus
545 1361 734 1391 inferioribus
757 1363 935 1392 catbedralis

101 1403 247 1439 eccclesie
263 1404 444 1441 clericis,qui
460 1407 524 1433 tum
540 1405 684 1440 vivebant,
701 1407 881 1443 presbyteris
891 1416 936 1435 ca-

100 1448 221 1484 pellauis
230 1449 526 1486 comprehensis,boc
537 1450 711 1479 beneficium
723 1460 881 1479 commune
887 1460 936 1480 es-

100 1493 299 1522 levoluitJlis
312 1494 490 1522 abeuntibus
500 1494 600 1523 omnia
610 1503 692 1531 aeque
703 1495 859 1524 dividenda
865 1504 936 1532 prac-

100 1537 172 1575 cepit
184 1538 268 1567 inter
283 1538 362 1567 solos
376 1539 529 1568 inferiores
551 1539 670 1568 ordines
693 1542 763 1575 tres,
780 1540 935 1569 subdiaco-

99 1590 214 1617 norum,
229 1582 439 1620 acolythorum
452 1585 481 1612 et
495 1583 694 1618 ostiariorum,
710 1583 844 1613 videlicet
859 1586 936 1613 inter

986 304 1091 323 causas
1114 296 1206 324 vitare
1234 296 1339 324 debere
1355 304 1402 324 me
1417 296 1576 324 crederem.
1594 308 1608 321 n
1625 297 1654 325 Si
1671 306 1735 333 quas
1751 306 1818 325 vero

986 339 1044 368 alia
1057 348 1074 367 θ.
1088 339 1145 376 piis
1160 340 1330 368 hominibus
1345 340 1441 368 eidem
1457 340 1628 369 inferiorum
1646 341 1818 369 clericorum

987 384 1107 420 cellogio
1131 384 1310 420 legarentur,
1326 385 1426 413 omnia
1441 394 1557 421 quoque
1575 385 1727 422 equaliter
1742 386 1819 414 inter

987 429 1067 465 ipsos
1092 428 1181 456 dividi
1202 429 1297 465 jubet.
1323 429 1410 457 Cavet
1431 438 1467 458 ne
1493 429 1633 466 episcopi,
1657 432 1708 458 aut
1723 431 1818 458 caeteri

988 473 1149 510 praesertim
1166 474 1292 509 majores
1308 473 1406 501 clericx
1421 473 1598 501 cathedralis
1612 476 1679 511 post
1690 475 1766 502 hanc
1776 475 1819 502 in~

988 518 1128 545 feriorum
1145 518 1318 546 clericorum
1335 518 1530 554 provisionem
1548 519 1652 547 iisdem
1666 520 1817 556 quidpiam

988 562 1166 590 subtrahunt
1190 571 1224 591 ex
1243 571 1287 596 eo,
1305 563 1382 599 quod
1399 565 1486 591 antea
1500 563 1573 599 ipsis
1589 564 1678 592 tribui
1696 564 1817 597 solebat,

989 618 1003 631 ι‹
1020 607 1104 643 quasi
1120 607 1236 635 valeant
1247 607 1484 635 dicere:Habetis
1493 609 1623 636 vestrum
1637 608 1818 644 stipendium

989 652 1034 686 (ex
1049 651 1085 679 iis
1101 660 1166 688 quas
1181 652 1337 680 Ratherius
1353 652 1498 686 contulit),
1511 652 1640 680 sufﬁciat
1652 652 1731 680 istud
1745 662 1751 687 ;
1769 655 1820 681 aut

989 695 1013 724 si
1029 695 1119 724 vultis
1129 696 1280 724 vobiscum
1294 699 1394 724 nostra
1405 696 1518 733 partiri,
1528 697 1636 724 mittite
1647 698 1726 733 quod
1737 697 1819 725 vobis

988 741 1090 769 datum
1106 743 1160 773 est,
1177 741 1208 769 in
1224 743 1358 769 nostrum
1375 748 1542 769 commune.
1556 752 1570 766 υ
1586 741 1650 769 Alia
1665 743 1753 778 atque
1763 742 1821 770 alia

989 787 1054 821 apte
1067 785 1207 821 disponit,
1218 788 1305 822 atque
1315 785 1451 822 praestitit
1463 794 1470 820 ;
1483 793 1516 813 ac
1531 786 1650 813 tandem
1666 785 1821 822 imperato-

989 828 1031 857 ris
1045 829 1140 866 elogio
1155 828 1315 863 concludit,
1332 841 1346 855 α
1371 830 1468 865 cujus,
1495 829 1603 865 inquit,
1629 829 1737 857 auxilio
1762 830 1821 857 fre-

989 875 1050 908 tus,
1065 882 1132 901 sum
1162 874 1219 901 ista
1245 874 1377 907 molitus,
1393 882 1428 901 ac
1454 881 1506 909 per
1530 873 1585 901 hoc
1605 874 1700 910 magis
1715 873 1820 910 ipsius,

991 925 1080 954 quam
1096 925 1195 945 meum
1211 920 1257 946 est
1270 926 1354 953 opus.
1372 928 1387 942 »

1028 961 1092 990 423.
1105 961 1141 989 Ut
1156 961 1358 998 intelligantur
1365 962 1482 995 verba,«
1499 962 1584 997 cujus
1599 962 1707 990 auxilio
1719 963 1819 998 fretus,

990 1014 1058 1034 sum
1073 1006 1130 1034 ista
1145 1006 1296 1040 molitus,»
1307 1006 1478 1043 explicanda.
1494 1009 1563 1034 sunt
1579 1006 1628 1034 illa
1643 1006 1752 1043 quibus
1764 1019 1778 1033 (‹
1790 1008 1822 1035 ﬁ-

990 1050 1108 1078 duciam
1132 1050 1295 1087 imperialis
1310 1050 1470 1087 praesentiae
1486 1062 1500 1075 ι)
1531 1054 1675 1079 memorat
1705 1052 1735 1079 in
1762 1053 1821 1080 Dis~

988 1095 1082 1123 cordia
1098 1104 1179 1123 num.
1196 1096 1223 1129 5,
1241 1103 1365 1131 eamque
1395 1107 1408 1120 ‹‹
1427 1095 1564 1123 ﬁduciam
1594 1095 1755 1132 imperialis
1779 1097 1820 1124 nil

989 1139 1067 1167 aliud
1081 1147 1171 1176 quam
1185 1140 1263 1176 quod
1274 1140 1391 1175 justum
1408 1141 1452 1167 est
1467 1140 1651 1169 decernentis
1667 1141 1820 1177 praesentis

989 1194 1004 1209 α
1020 1183 1149 1220 appellat
1162 1183 1193 1211 in
1206 1191 1341 1212 sermone
1357 1183 1389 1212 de
1405 1184 1511 1212 Octavia
1536 1184 1651 1213 Pascha:
1679 1193 1763 1213 num.
1794 1186 1820 1213 4.

988 1227 1062 1256 Cum
1076 1228 1218 1256 nimirum
1233 1228 1391 1264 episcopus
1407 1227 1509 1255 multis
1525 1228 1734 1264 experimentis
1746 1229 1821 1266 [CLII]

988 1272 1110 1300 edoctus
1140 1272 1288 1300 canonicis
1317 1271 1391 1299 nihil
1421 1272 1534 1305 ﬁderet,
1564 1272 1682 1307 quando
1711 1273 1821 1300 beneﬁ-

989 1317 1034 1344 cia
1049 1317 1102 1345 ahs
1130 1325 1161 1344 se
1177 1317 1250 1353 ipsis
1265 1316 1371 1344 collata
1386 1316 1555 1344 renuntiare
1570 1316 1623 1343 visi
1640 1318 1720 1349 sunt,
1736 1316 1822 1344 vehe-

989 1363 1162 1397 menterque
1178 1362 1322 1389 metueret
1336 1369 1372 1388 ne
1387 1363 1545 1397 potestates
1561 1362 1662 1389 contra
1677 1369 1709 1389 se
1731 1360 1822 1390 laicas

990 1407 1216 1439 commoverent,
1230 1408 1262 1433 ut
1277 1407 1471 1433 memoratam
1488 1404 1701 1446 fundptioncm,
1716 1413 1769 1434 seu
1777 1407 1823 1435 Ju~

989 1450 1113 1477 dicatum
1127 1449 1243 1478 irritum
1260 1450 1416 1478 redderent
1431 1458 1438 1484 ;
1455 1449 1550 1477 noluit
1565 1450 1698 1478 eamdem
1716 1451 1821 1478 tunda-

990 1494 1100 1522 tionem
1116 1494 1233 1530 prodire
1244 1494 1272 1521 in
1285 1493 1446 1530 publicum,
1455 1494 1513 1522 nisi
1524 1494 1711 1530 imperatoris
1724 1495 1821 1523 favore

990 1547 1023 1566 ac
1039 1539 1199 1575 patrocinio
1216 1539 1390 1567 muniretur.
1404 1539 1485 1566 Brevi
1496 1538 1714 1567 eumVeronam
1728 1547 1821 1568 acces.

991 1591 1094 1611 surum
1111 1583 1231 1618 sciebat,
1247 1586 1279 1611 ut
1294 1582 1392 1611 Ottoni
1409 1583 1433 1611 Il
1449 1582 1508 1611 ﬁlio
1530 1592 1584 1611 suo
1608 1592 1643 1611 ex
1664 1583 1821 1612 Germania

99 1629 210 1664 septem
234 1627 439 1657 subdiaconos
458 1628 493 1656 de
516 1629 674 1657 secretario
684 1631 713 1657 et
727 1632 839 1666 septem
863 1630 936 1658 alios
952 1620 973 1654 (ἶ
992 1627 1022 1655 in
1039 1627 1152 1656 Italiam
1167 1627 1294 1663 venienti
1309 1630 1484 1656 occurreret.
1499 1628 1632 1656 Occurrit
1654 1631 1753 1657 autem
1766 1628 1821 1657 Ve-

99 1671 299 1701 subdiacouos
315 1675 459 1706 cantores,
471 1673 548 1701 inter
563 1673 712 1710 acolytbos
727 1674 763 1702 de
778 1675 934 1703 secretario

99 1718 210 1753 septem
223 1719 256 1746 et
271 1716 349 1745 alios
360 1716 510 1754 acolytbos
520 1717 650 1754 quinque
661 1720 805 1751 cantores,
822 1727 934 1748 necnon

97 1763 126 1788 et
146 1761 289 1790 ostiarioa
315 1761 771 1799 sex.Notanda«presbyterorum
790 1763 868 1801 [cm]
884 1772 934 1792 ca-

98 1804 282 1840 pellanorum
299 1817 316 1831 »
329 1806 451 1840 mentio,
462 1806 512 1842 qui
528 1806 640 1834 scilicet
653 1815 671 1834 a
687 1808 864 1843 presbyteris
876 1817 936 1836 rna-

92 1849 205 1884 joribus
235 1859 293 1880 seu
326 1850 476 1879 canonicis
500 1851 768 1888 distinguebantur,
785 1851 828 1880 uti
856 1861 935 1880 nunc

95 1901 210 1931 quoque
225 1895 259 1923 in
275 1896 383 1923 nostra
397 1894 558 1923 cathedrali
571 1895 695 1923 ecclesia
711 1895 936 1932 distinguuntur

93 1936 134 1966 illi
147 1938 469 1977 presbyteri,qui,cum
485 1947 542 1967 non
559 1939 617 1967 sint
633 1939 796 1973 canonici,«
809 1940 934 1976 capella-

94 1982 122 2010 ni
137 1993 152 2009 ι
167 1986 329 2013 Vocantur.
345 1983 480 2012 Notanda
495 1983 604 2020 pariter
616 1983 767 2012 distinctio
778 1984 853 2012 inter
868 1985 935 2013 sub-

94 2025 232 2056 diaconos
246 2031 279 2057 et
293 2027 450 2064 acolythos
466 2038 481 2053 (ι
497 2027 532 2056 de
547 2028 741 2061 secretario,»
757 2028 807 2064 qui
823 2028 935 2057 scilicet

93 2071 229 2109 episcopo
243 2072 413 2102 celebranti
434 2072 465 2100 in
481 2072 574 2101 sacris
595 2072 803 2107 inserviebant,
816 2077 846 2101 et
860 2074 934 2102 alios

92 2115 294 2146 subdiacouos
309 2117 402 2153 atque
417 2116 566 2153 acolythos
577 2128 592 2142 ‹‹
605 2119 770 2153 cantores,»
785 2117 835 2154 qui
851 2126 934 2147 cane-

93 2158 161 2188 bant
173 2160 206 2190 in
221 2161 330 2190 choro.
346 2161 529 2198 Presbyteris
547 2163 646 2189 autem
668 2161 839 2198 capellanis,
863 2164 933 2191 sub-

93 2203 234 2243 dissonis,
262 2208 360 2243 atque
388 2205 533 2242 acolythis
561 2206 598 2234 de
636 2207 802 2240 secretario,
830 2210 934 2243 prater

91 2251 237 2279 certorum
252 2251 433 2279 reddituum
444 2250 607 2286 portionem
621 2250 766 2287 aqualiter
777 2259 844 2279 cum
862 2252 933 2280 sub-

989 1680 1066 1700 rona
1082 1673 1137 1700 sub
1155 1672 1242 1700 ﬁnem
1259 1672 1392 1700 Octobris
1407 1672 1476 1700 anni
1493 1673 1556 1704 967,
1573 1671 1679 1708 bicque
1694 1680 1762 1700 cum
1787 1681 1820 1701 eo

989 1716 1128 1745 Omnium
1139 1717 1313 1745 Sanctorum
1326 1717 1451 1744 festumc
1462 1715 1603 1744 elebravit
1611 1715 1749 1744 Kalendis
1763 1716 1821 1745 No-

989 1761 1118 1789 vembris
1133 1761 1244 1796 (Annal.
1260 1760 1343 1795 Saxo,
1361 1769 1438 1788 anno
1462 1760 1538 1795 967).
1555 1759 1614 1787 Hac
1640 1768 1709 1796 ergo
1735 1756 1821 1788 occa;

990 1805 1071 1833 sione
1084 1806 1246 1833 Judicatum
1260 1807 1347 1832 antea
1361 1813 1378 1831 a
1394 1812 1425 1832 se
1440 1805 1576 1840 paratum
1598 1803 1768 1840 imperatori
1783 1805 1821 1832 si-

990 1849 1147 1885 gniﬁcasse
1161 1849 1286 1882 videtur,
1303 1851 1332 1876 et
1346 1857 1480 1885 sperasse
1498 1848 1557 1876 fore
1580 1851 1612 1876 ut
1627 1848 1699 1876 illud
1725 1849 1821 1878 Caesar

991 1902 1045 1921 sua
1072 1893 1244 1922 auctoritate
1279 1895 1453 1930 protegeret,
1480 1893 1592 1929 hacque
1621 1905 1635 1918 ί(
1664 1894 1774 1922 ﬁducia
1804 1906 1817 1919 η

989 1938 1088 1974 ipsum
1105 1938 1229 1966 subinde
1249 1938 1386 1967 edidisse.
1400 1938 1481 1966 Certe
1497 1940 1530 1966 ut
1545 1939 1739 1975 potestatibus
1763 1947 1818 1967 οω-

988 1983 1070 2018 teris,
1087 1992 1160 2019 quas
1181 1986 1283 2011 contra
1306 1992 1338 2012 se
1361 1986 1390 2012 et
1404 1985 1505 2012 contra
1520 1992 1605 2011 suam
1621 1983 1697 2012 hanc
1712 1984 1817 2012 funda-

988 2028 1097 2056 tionem
1113 2028 1245 2056 canonici
1261 2030 1395 2064 poterant
1410 2028 1545 2063 excitare,
1555 2028 1671 2056 frenum
1686 2028 1818 2064 impone-

988 2075 1079 2107 retur,
1096 2073 1132 2101 ab
1147 2073 1249 2101 eodem
1263 2072 1565 2110 imperatoreinsigne
1588 2072 1720 2108 diploma
1744 2073 1818 2100 obti-

989 2118 1053 2145 nuit
1067 2118 1169 2145 datum
1178 2117 1359 2145 «Balsemate
1370 2117 1425 2152 (est
1434 2116 1517 2144 locus
1526 2115 1817 2144 dimoesisVeronen-

988 2162 1031 2190 sis
1046 2170 1135 2198 prope
1148 2162 1302 2196 Mincium)
1314 2160 1404 2189 Nonis
1415 2160 1588 2188 Novembris
1604 2168 1680 2187 anno
1690 2159 1819 2188 Βοωίηί-

988 2214 1027 2234 cae
1047 2205 1259 2233 incarnationis
1273 2205 1336 2239 967,
1353 2205 1467 2240 imperii
1484 2212 1552 2231 vero
1566 2204 1666 2231 domni
1683 2203 1817 2237 Othonis,

988 2250 1115 2287 piissimi
1143 2250 1264 2278 Czcsaris
1292 2250 1320 2282 6,
1349 2249 1511 2277 lndictione
1534 2249 1577 2277 11.
1596 2260 1610 2273 ››
1626 2249 1657 2277 In
1689 2249 1819 2283 Qaliialis

91 2292 221 2324 diaconis
235 2297 268 2325 et
283 2294 435 2332 acolytbis
445 2295 615 2323 cantoribus
626 2297 714 2332 atque
723 2295 852 2324 ostiariis
862 2296 934 2324 divi-
949 2305 972 2338 D
987 2295 1144 2331 conjectura
1158 2303 1240 2322 num.
1254 2295 1296 2328 i3,
1307 2302 1339 2322 se
1353 2293 1495 2322 nonnulla
1510 2293 1547 2322 ab
1564 2294 1736 2330 imperatore
1747 2294 1818 2331 peti-

90 2338 294 2374 dendam,alia
306 2339 446 2376 quedam
462 2339 539 2368 bona
550 2339 789 2376 assignavit,qusa
801 2340 933 2377 ipsorum

89 2383 202 2413 tantum
218 2383 350 2413 utilitati
363 2384 510 2418 cederent,
520 2392 573 2412 nec
583 2392 651 2412 cum
663 2384 833 2413 cantoribus
844 2388 932 2421 atque

90 2427 216 2458 ostiariis
225 2429 449 2458 dividerentur.
457 2428 636 2456 Peculiarem
647 2436 734 2465 porro
747 2429 829 2457 addit
842 2430 931 2457 ratio-

90 2479 164 2507 nem,
179 2481 236 2502 cur
250 2473 358 2502 tribus
373 2473 440 2501 istis
455 2472 714 2506 subdiaconorum,
728 2472 931 2510 acolythorum

89 2519 115 2544 et
127 2517 325 2548 octies-imum
351 2517 507 2546 ordinibus
534 2517 749 2554 providendum
775 2518 930 2554 putaverit.

90 2572 103 2586 ιι
117 2562 312 2593 Cousideravi
327 2570 472 2598 namque,
492 2561 589 2598 inquit
613 2570 696 2590 num.
714 2562 741 2595 4,
758 2562 828 2598 quia
850 2570 930 2595 cum,

90 2607 330 2645 preteridquod
342 2607 375 2635 in
384 2606 584 2636 ecclesiastico
603 2608 695 2644 agunt
711 2606 884 2641 ministerio,
901 2607 932 2636 bi

90 2652 147 2680 tm.
160 2652 286 2682 ordines
299 2650 486 2690 peculiarius
499 2651 611 2679 caeteris
624 2650 761 2679 omnibus
772 2651 932 2687 pontiﬁcali

89 2696 228 2726 insudant
237 2695 542 2733 servitio,specialius
557 2695 669 2732 aliquid
692 2696 822 2732 accipere
833 2696 870 2724 ab
876 2695 934 2732 epi-

89 2747 173 2779 Ioopo
190 2751 247 2781 pro
267 2740 446 2780 specialiter
454 2740 496 2769 illi
507 2741 642 2777 impenso
659 2740 832 2768 debuissent
848 2740 932 2768 obse-

91 2786 164 2822 quio.
174 2781 290 2817 Parum
300 2793 379 2815 vero
388 2785 431 2814 eis
440 2785 505 2814 ideo
516 2785 708 2822 contuli,quia
718 2787 747 2813 et
758 2785 862 2813 dandis
874 2793 932 2813 non

93 2831 157 2862 Ideo
171 2831 391 2865 abundabam,
401 2832 502 2867 utpote
511 2830 562 2866 qui
571 2829 622 2858 ubi
633 2829 682 2859 alii
693 2829 931 2862 dominabantur,

987 2342 1089 2368 turum
1105 2339 1273 2376 scripserat,
1288 2347 1352 2375 quas
1369 2338 1398 2366 in
1423 2338 1477 2367 hoc
1499 2338 1630 2375 diploma
1655 2339 1819 2367 concedun-

985 2386 1044 2412 tur.
1056 2384 1119 2411 Non
1135 2384 1231 2412 solum
1247 2384 1327 2412 enim
1344 2384 1555 2412 conﬁrmantur
1570 2383 1723 2420 privilegia
1731 2383 1818 2412 Vero-

986 2428 1069 2456 nensi
1088 2428 1215 2457 ecclesia:
1231 2429 1268 2456 ab
1293 2428 1528 2457 antecessoribus
1551 2436 1700 2462 concessa,
1714 2436 1816 2456 verum

986 2473 1074 2501 etiam
1086 2472 1205 2501 castella
1212 2475 1241 2501 et
1250 2481 1373 2509 persona
1383 2473 1569 2509 episcopatus
1578 2473 1666 2508 ajure
1675 2471 1816 2500 comitum

985 2520 1015 2546 et
1025 2521 1195 2547 casterarum
1206 2518 1376 2547 inferiorum
1389 2519 1566 2553 potestatum
1577 2517 1755 2545 eximuntur.
1764 2517 1816 2545 Ra-

985 2562 1082 2591 therio
1096 2565 1195 2590 autem
1212 2561 1338 2599 speciale
1353 2561 1538 2598 privilegium
1553 2561 1815 2597 conceditur,quod

988 2617 1002 2632 ιι
1019 2607 1270 2635 mundeburdium
1286 2617 1299 2631 n
1309 2608 1440 2640 vocatur,
1450 2607 1536 2642 cujus
1550 2605 1577 2633 vi
1594 2606 1666 2634 adeo
1680 2607 1744 2634 erat
1753 2613 1818 2641 pro-

987 2653 1094 2684 tectus,
1110 2653 1144 2679 ut
1158 2651 1182 2679 si
1198 2650 1266 2687 quis
1279 2659 1347 2679 eum
1377 2650 1515 2686 amplius,
1546 2653 1579 2678 ut
1607 2657 1700 2686 usque
1726 2657 1816 2682 nunc,

988 2695 1210 2732 praesumpserit
1235 2695 1408 2732 inquietare,
1431 2698 1464 2723 ut
1492 2694 1609 2724 rebellis
1624 2693 1758 2724 existere,
1773 2691 1818 2718 vel

987 2743 1044 2769 Deo
1060 2740 1278 2772 contradixerit,
1295 2740 1373 2775 quod
1388 2747 1477 2767 suum
1493 2738 1691 2767 ministerium
1707 2737 1818 2767 est,cx-

987 2785 1098 2819 bibere,
1116 2785 1140 2812 si
1156 2784 1281 2813 clericus
1295 2785 1351 2817 est,
1359 2783 1498 2811 omnibus
1514 2791 1578 2819 qua:
1591 2781 1681 2810 habet
1694 2779 1724 2825 in
1740 2777 1820 2825 Ῥᾳθ-

988 2831 1094 2859 etatem
1109 2829 1204 2867 ipsius
1220 2827 1356 2865 redactis,
1372 2827 1406 2856 de
1426 2827 1549 2856 ecclesia
1568 2832 1662 2861 usque
1678 2822 1716 2851 ad
1731 2820 1818 2847 εειὶε·
