3968 6460
322 429 438 498 127

1269 419 1726 488 HATHERIUS
1769 407 2264 483 VERONENSIS
2309 418 2758 488 EPISCOPUS.

3618 411 3736 482 128

323 563 631 624 factionem
652 558 979 633 legitimam
1010 561 1186 632 atque
1215 558 1566 632 condignam
1599 555 1884 630 pellatur;
1919 555 1966 611 si
1996 548 2054 619 Α
2081 554 2512 628 subcriptioncs
2554 559 2944 613 accesserunt.
2999 554 3124 613 Nisi
3171 551 3451 614 librarius
3499 570 3569 613 ex
3618 555 3734 612 Ra-

323 651 708 725 servus,quod
741 664 1038 704 servorum
1072 652 1180 715 est,
1209 648 1436 714 subeat,
1457 652 1512 703 et
1533 647 1592 702 in
1623 649 1968 718 potestatem

319 743 512 818 ipsius
538 745 603 796 ut
631 757 700 796 ex
725 738 920 794 debito
953 741 1202 804 maneat,
1237 760 1264 785 ››
1299 741 1406 792 etc.
1442 741 1749 791 Coercetur
1791 735 1968 791 etiam

321 832 514 891 omnis
543 827 824 886 comitum
855 830 910 880 et
940 823 1187 879 aliarum
1227 828 1582 895 potestatum
1633 821 1965 887 auctoritas,

319 940 392 978 ne
419 938 481 976 se
512 920 569 973 in
597 935 683 984 ea,
715 933 842 986 qum
873 913 1126 985 episcopi
1161 918 1318 977 sunt,
1364 919 1562 968 contra
1610 911 1967 966 voluntatem

319 1010 506 1083 ipsius
535 1006 829 1062 ullatenus
853 1003 1248 1073 ingerant,ant
1271 999 1544 1056 clericum
1570 1000 1656 1055 vel
1682 999 1965 1054 famulum

319 1097 612 1172 ejus,ipso
639 1111 752 1150 non
785 1091 1227 1156 conccdcnte,in
1252 1089 1636 1162 patrocinium
1663 1089 1962 1158 recipiant,

318 1192 421 1246 aut
449 1189 652 1242 contra
675 1200 743 1237 ea
772 1199 897 1254 qua:
930 1180 1202 1251 episcopo
1253 1179 1566 1234 statuenda
1612 1178 1968 1233 videbuntur

317 1278 426 1347 (uti
459 1275 589 1341 fuit,
620 1271 773 1346 quod
807 1271 864 1325 in
893 1269 1142 1326 Judz’cato
1185 1268 1532 1338 constituit),
1565 1265 1966 1323 obtinentibus

317 1365 601 1425 auxilium
663 1367 765 1419 aut
826 1359 1076 1415 favorem
1137 1362 1433 1430 praestent.
1486 1359 1744 1414 Tandem
1800 1355 1968 1414 libel-

315 1454 445 1512 larii
480 1459 644 1523 [CLIV]
676 1451 1032 1513 contractus,
1062 1447 1552 1502 commutationes
1585 1451 1642 1502 et
1671 1448 1962 1518 precariae,

314 1543 530 1616 quibus
549 1539 802 1596 ecclesia-3
822 1539 972 1592 bona
985 1535 1120 1590 dolo
1143 1553 1204 1591 se
1229 1536 1456 1590 fuerant
1475 1534 1967 1602 alienata,rescin-

313 1633 566 1697 duntur;
602 1627 754 1701 quod
790 1627 847 1681 in
879 1624 1026 1680 votis
1057 1623 1312 1695 episcopi
1348 1623 1531 1680 fuisse
1575 1640 1643 1678 ex
1675 1625 1967 1692 Qualt’latz’s

309 1722 622 1794 conjectura
648 1716 774 1772 loco
807 1713 1044 1769 laudato
1087 1711 1404 1767 didicimus
1434 1711 1521 1783 (V.
1558 1729 1688 1784 sup.
1724 1731 1780 1767 η.
1817 1715 1964 1768 109),

311 1812 460 1878 Ηωο,
498 1825 626 1880 quas
657 1806 729 1860 ab
758 1803 1107 1874 imperatore
1139 1799 1449 1855 Ratberius
1495 1801 1768 1867 obtinuit,
1815 1803 1964 1857 {idu-

310 1900 462 1956 eiam
495 1897 623 1969 ejus
654 1894 714 1949 in
747 1889 1036 1964 imperiali
1057 1889 1368 1964 praesentia
1390 1906 1500 1943 non
1526 1890 1756 1946 inanem
1783 1893 1962 1948 fuisse
1993 1919 2041 1984 Β

311 1987 732 2044 demonstrant.
766 1982 940 2036 Porro
973 1996 1092 2034 una
1131 1995 1265 2033 cum
1315 1977 1602 2049 imperiali
1651 1980 1964 2051 praesentia

310 2077 541 2134 duobus
558 2073 616 2128 in
635 2070 778 2127 locis
796 2073 966 2126 antea
983 2066 1256 2124 indicatis
1271 2066 1656 2139 jungitetiam
1673 2069 1962 2140 synodum

309 2161 800 2238 congregandam,
832 2157 892 2213 in
924 2173 1040 2230 qua
1072 2171 1133 2210 se
1164 2170 1396 2228 quoque
1429 2156 1740 2211 conﬁdisse
1779 2157 1960 2229 signi-

309 2255 465 2310 ﬁcat.
490 2275 518 2303 ‹‹
573 2250 732 2307 Licet
780 2263 956 2313 nunc,
989 2243 1184 2318 inquit
1226 2242 1286 2298 in
1335 2244 1676 2300 Discordiam
1706 2261 1870 2301 num.
1901 2247 1960 2316 5,

309 2341 525 2400 fiducia
553 2335 879 2412 imperialis
907 2333 1226 2407 praesentia:
1273 2335 1329 2387 et
1377 2332 1582 2404 synodi
1631 2333 1959 2390 adunandze

308 2433 368 2488 in
401 2430 708 2505 propatulo
739 2425 817 2482 sit
846 2425 1207 2496 designata;»
1229 2425 1284 2476 et
1301 2420 1574 2478 similiter
1597 2421 1657 2477 in
1690 2439 1959 2480 sermone

307 2523 384 2578 De
414 2520 626 2578 Octavis
655 2515 877 2572 Paschw
911 2529 1075 2568 num.
1109 2512 1140 2565 4
1175 2527 1187 2566 :
1223 2509 1460 2565 Fiducia
1510 2511 1832 2583 imperialis
1878 2512 1958 2570 nil

308 2609 466 2666 aliud
487 2622 666 2680 quam
684 2604 839 2678 quod
860 2604 1095 2674 justum
1116 2603 1204 2655 est
1219 2599 1582 2655 decernentis
1616 2601 1956 2671 praesentiae,

307 2704 366 2755 et
395 2695 603 2770 synodi
633 2691 1049 2766 congreganda:
1083 2711 1112 2738 ››
1135 2687 1404 2754 etc.Quid
1438 2687 1610 2743 fuerit
1630 2689 1863 2758 justum
1897 2689 1962 2745 il-

305 2786 430 2853 lud,
463 2784 618 2856 quod
650 2779 972 2853 imperialis
1001 2775 1310 2850 prmsentia
1339 2776 1610 2841 decrevit,
1642 2793 1710 2832 ex
1740 2795 1958 2833 memo-

306 2878 433 2930 rato
465 2870 782 2944 diplomate
812 2867 1188 2940 perspicuum
1221 2864 1303 2918 fit.
1336 2864 1486 2918 Satis
1525 2881 1592 2920 ex
1625 2865 1733 2920 hoc
1763 2871 1956 2922 tutum

305 2962 614 3021 videbatur
641 2957 795 3031 quod
829 2955 1142 3028 episcopus
1167 2952 1226 3008 in
1251 2952 1498 3008 Judz'cato
1528 2952 1802 3010 instituit.

380 3052 788 3116 121;.Quaanam
809 3061 944 3100 vero
965 3042 1140 3098 fuerit
1167 3062 1186 3090 ι
1213 3041 1474 3110 synodus
1491 3044 1954 3116 congreganda,»

307 3145 366 3198 et
387 3155 530 3196 num
551 3135 775 3209 aliquid
801 3133 956 3189 circa
976 3130 1234 3188 Rathcrii
1256 3130 1575 3186 lii-dicatum
1589 3133 1956 3204 egerit,nunc

305 3229 644 3286 videndum.
661 3224 998 3282 Judicatum
1017 3219 1255 3292 quidem
1271 3219 1480 3276 charta?
1502 3219 1733 3275 nomine
1754 3226 1958 3278 auctor

303 3317 574 3374 indicans
601 3314 660 3370 in
692 3312 866 3386 epist.
893 3312 959 3366 12
988 3309 1058 3364 ad
1081 3305 1456 3364 Ambrosium
1479 3324 1643 3363 num.
1663 3310 1748 3376 4,‹‹
1778 3327 1958 3366 manu

303 3403 671 3479 patriarchas,
700 3406 757 3458 et
787 3417 935 3468 mea,
966 3398 1352 3470 omniumque
1391 3400 1601 3452 nostra:
1651 3397 1960 3469 provincia:

301 3493 778 3568 coepiscoporum
811 3490 1109 3544 ﬁrmatum
1149 3486 1344 3541 tradit.
1382 3509 1410 3535 ››
1463 3485 1532 3540 Ut
1579 3486 1860 3544 nimirum
1891 3504 1960 3545 ea

301 3581 565 3640 fundatio
598 3597 713 3637 non
745 3583 864 3634 tam
899 3575 1186 3650 imperiali
1221 3592 1398 3647 quam
1431 3574 1824 3632 ecclesiastica
1856 3595 1956 3648 po-

301 3674 511 3728 testate
540 3672 668 3725 rata
695 3671 850 3724 esset
878 3670 935 3722 et
965 3667 1154 3732 ﬁrma,
1189 3663 1530 3737 patriarcha:
1569 3664 1957 3736 Aquileiensis

303 3755 736 3830 metropolitani
756 3755 846 3812 sui
865 3759 1324 3825 caaterorumquc
1355 3754 1762 3825 episcoporum
1777 3753 1957 3826 hujus

302 3845 610 3921 provinciae
643 3841 1172 3915 subscriptionibus
1209 3842 1673 3897 confirmandam
1705 3844 1953 3898 curavit.

301 3937 421 3992 Hos
439 3934 680 3990 Veronae
711 3930 1072 3996 convenisse,
1118 3945 1253 3983 cum
1302 3929 1432 3986 Otto
1480 3930 1795 4000 imperator
1843 3931 1957 3986 huc

305 4024 559 4092 advenit,
593 4020 740 4077 nihil
772 4024 860 4076 est
891 4017 1333 4091 ambigendum.
1383 4017 1442 4072 ld
1492 4017 1648 4073 enim
1690 4018 1750 4074 in
1797 4036 1957 4075 more

304 4113 564 4187 positum
595 4115 820 4180 erat,.ut
847 4107 1102 4182 episcopi
1137 4105 1474 4179 imperatori
1506 4105 1564 4162 in
1601 4107 1956 4180 provinciam

302 4201 630 4259 advenienti
660 4202 1048 4265 occurrerent,
1083 4196 1390 4268 eidemque
1430 4195 1778 4268 obsequium
1813 4213 1955 4269 prae-

302 4295 543 4350 starent.
559 4291 622 4345 Id
641 4295 835 4346 autem
862 4287 1048 4343 multo
1080 4285 1271 4359 magis
1302 4286 1700 4357 prazstandum
1725 4285 1955 4341 eratVe-

301 4399 453 4438 ronae
485 4381 592 4436 hac
623 4379 947 4447 occasione,
984 4392 1099 4450 qua
1128 4375 1448 4448 imperator
1485 4373 1671 4429 ﬁlium
1718 4391 1893 4430 suum
1926 4391 1956 4430 e

301 4467 615 4526 Germania
630 4468 690 4522 in
710 4466 938 4522 Italiam
961 4465 1151 4538 primo
1181 4464 1606 4536 ingredientem
1632 4463 1851 4519 ibidem
1871 4480 1958 4518 rc-

303 4557 478 4628 cepit.
499 4555 846 4610 Patriarchaa
879 4571 1014 4625 ergo
1045 4558 1102 4608 et
1129 4552 1709 4625 comprovincialium
1738 4553 1956 4624 cpisco-

2078 643 2282 699 theriis
2297 645 2438 702 ched
2451 645 2496 699 is
2509 645 2615 700 hoc
2631 645 2982 719 opusculum
2996 645 3735 713 transcribens,chronicas

2078 737 2248 787 notas
2279 738 2334 787 et
2365 734 2826 806 subscriptiones
2857 734 3173 802 omisisset,
3208 734 3361 790 sicut
3413 733 3545 790 aliis
3585 751 3733 807 quo-

2078 837 2190 892 que
2221 823 2588 878 documentis
2619 841 3044 896 nonnunquam
3075 824 3308 878 accidit.
3339 823 3557 879 certius
3589 829 3734 879 tem-

2079 926 2190 981 pus
2223 911 2570 966 clucesceret
2601 914 2793 983 (Epist.
2833 915 2897 967 12
2925 931 3058 967 num
3090 915 3164 979 4).
3214 913 3464 968 Missum
3515 912 3628 968 fuit
3657 913 3734 970 ad

2074 999 2446 1054 Ambrosium
2480 1001 2848 1071 imperatoris
2879 1001 3317 1071 cancellarium,
3348 1007 3413 1056 ut
3441 1019 3551 1057 suo
3583 1019 3732 1074 quo-

2075 1102 2189 1157 que.
2217 1089 2369 1159 apud
2401 1090 2682 1144 Cresarem
2716 1091 3037 1162 patrocinio
3067 1090 3368 1162 negotium
3398 1094 3686 1148 tueretur.

2150 1178 2268 1230 125.
2299 1177 2629 1244 Judicatum,
2665 1177 2772 1233 hac
2805 1178 3023 1250 duplici
3057 1183 3334 1252 tantaque
3383 1180 3736 1236 auctoritate

2075 1265 2391 1331 munitum,
2426 1266 2557 1338 quis
2602 1285 2716 1322 non
2763 1269 2907 1322 satis
2947 1271 3141 1323 tutum
3177 1267 3571 1325 credidisset?
3599 1270 3732 1326 Haec

2075 1355 2311 1426 quidem
2333 1360 2453 1409 erat
2473 1357 2649 1410 etiam
2675 1353 2930 1410 llatherii
2952 1380 2978 1406 ι(
3005 1356 3362 1412 fiducia.»At
3377 1374 3513 1429 spes
3534 1358 3735 1416 omnis

2075 1449 2374 1498 incassum
2408 1444 2632 1499 cecidit.
2669 1443 2788 1499 Imo
2815 1445 3126 1509 discordia,
3151 1461 3276 1517 quae
3309 1445 3462 1502 inter
3485 1445 3733 1504 clericos

2075 1537 2134 1588 et
2161 1533 2498 1604 episcopum
2533 1550 2763 1603 semper
2785 1537 2952 1590 antea
2972 1533 3158 1605 viguit
3183 1534 3550 1605 quidem,sed
3576 1535 3735 1592 clan-

2075 1621 2204 1676 culo
2237 1621 2523 1691 serpebat,
2557 1637 2624 1676 ex
2651 1621 2891 1677 Judicatz'
2921 1622 3174 1678 editione
3205 1622 3400 1694 palam
3431 1625 3647 1696 erupit,
3674 1631 3737 1682 et

2074 1709 2412 1780 epismpum
2473 1716 2671 1781 aperte
2731 1710 3009 1782 impetere
3066 1711 3258 1783 cmpit.
3293 1711 3402 1775 Qui
3430 1712 3732 1781 dicebant,

2073 1797 2264 1868 inquit
2296 1798 2352 1852 in
2383 1799 2665 1853 Discordia
2695 1816 2858 1866 num,
2891 1803 2946 1866 8,
2981 1816 3042 1854 se
3073 1817 3188 1855 non
3222 1817 3426 1856 curare
3469 1801 3520 1857 si
3567 1803 3732 1874 quod

2073 1886 2144 1941 de
2173 1903 2300 1942 meo
2331 1885 2643 1956 habebant,
2676 1886 2864 1961 abeis
2911 1889 3220 1957 auferrem,
3253 1906 3442 1961 neque
3490 1890 3564 1946 ob
3615 1891 3735 1949 hoc

2074 1975 2220 2030 mihi
2253 1976 2449 2032 minus
2483 1976 2681 2031 fideles
2713 1959 3046 2044 ciiisterent,
3079 1981 3310 2033 tantum
3341 1959 3440 2036 eos
3488 1979 3561 2035 de
3606 1979 3732 2050 his,

2072 2063 2287 2135 quibus
2316 2081 2415 2119 eos
2446 2063 2948 2135 interpellaveram
2994 2064 3241 2134 (scilicet
3285 2067 3356 2124 de
3395 2068 3732 2126 redditibus

2071 2152 2224 2207 inter
2255 2152 2410 2224 ipsos
2429 2152 2566 2206 olim
2597 2152 2822 2220 divisis)
2846 2153 3168 2226 inquietare
3197 2172 3510 2224 cessarem;
3533 2159 3732 2214 securi

2071 2257 2228 2296 nunc
2258 2242 2328 2295 de
2360 2257 2487 2295 mea
2519 2240 3166 2314 cessatione(quantum
3199 2244 3268 2299 ad
3299 2243 3568 2301 laudatos
3597 2247 3733 2303 red-

2070 2330 2254 2400 ditus)
2279 2331 2349 2384 de
2384 2347 2510 2385 meo
2541 2331 2613 2384 ab
2638 2331 2722 2386 eis
2753 2331 2825 2385 ob
2857 2330 3343 2404 ingratitudincm
3374 2333 3612 2390 illorum
3645 2353 3736 2394 re-

2069 2424 2232 2490 cepto
2249 2436 2340 2473 me
2353 2423 2628 2489 satagunt
2646 2436 2746 2490 per
2759 2425 3101 2491 potestatem
3118 2423 3510 2494 quorumdam
3533 2428 3734 2496 patro-

2068 2508 2240 2564 ciniis
2273 2507 2613 2578 inquietare.
2668 2507 2754 2562 Illi
2807 2509 3106 2578 nimirum,
3151 2515 3217 2565 ut
3265 2511 3616 2580 obtinerent,
3651 2530 3732 2570 ne

2069 2596 2379 2652 Ratherius
2412 2596 2470 2651 in
2499 2614 2606 2650 sua
2635 2596 2786 2652 bona
2815 2614 2880 2652 ac
2911 2599 3175 2655 redditus
3197 2616 3403 2656 novam
3435 2600 3732 2658 distribu-

2066 2686 2284 2740 tionem
2317 2684 2638 2750 induceret,
2658 2686 2958 2756 protestati
2981 2686 3230 2756 fuerant,
3251 2704 3314 2743 se
3346 2706 3462 2744 non
3493 2706 3728 2747 curare.

2067 2774 2116 2829 si
2148 2773 2516 2846 privarentur
2546 2774 2619 2828 iis
2649 2774 3100 2847 beneiiciis,qua2
3120 2777 3192 2831 ab
3210 2777 3336 2848 ipso
3353 2785 3726 2850 acceperant.

2064 2863 2208 2918 Cum
2239 2877 2372 2917 vero
2400 2877 2467 2916 ex
2497 2861 2624 2933 ipso
2653 2862 2898 2918 Judicato
2929 2864 3225 2935 explorate
3261 2867 3726 2938 perspexissent,

2065 2970 2128 3010 se
2161 2951 2305 3007 satis
2338 2967 2574 3005 securos
2607 2951 2667 3006 in
2697 2951 2866 3006 bonis
2896 2957 2952 3007 et
2983 2953 3309 3012 rcdditibus
3331 2955 3606 3028 propriis,
3627 2958 3729 3014 bc-

2064 3039 2272 3098 neﬁcia
2301 3039 2412 3095 sibi
2449 3039 2588 3094 olim
2638 3039 2849 3096 collata
2894 3046 2953 3096 et
2993 3042 3310 3100 novissime
3341 3041 3556 3112 ablata,
3590 3049 3731 3100 tan-

2066 3147 2244 3202 quam
2276 3146 2387 3184 sua
2419 3133 2676 3201 repetere
2718 3146 2820 3200 per
2849 3134 3196 3201 potestatem
3245 3131 3621 3188 studuerunt.
3657 3134 3730 3191 In

2066 3219 2218 3274 hanc
2251 3235 2371 3274 rem
2405 3216 2730 3290 patrocinia
2760 3217 3081 3288 potentium
3113 3223 3365 3291 captata,
3397 3223 3456 3276 et
3504 3220 3732 3294 aliquis

1989 3285 2032 3354 CI
2069 3308 2143 3364 ad
2172 3285 2583 3379 imperatorem
2615 3285 2776 3362 clam
2799 3306 3074 3375 directus,
3111 3285 3207 3380 qui
3237 3285 3578 3365 Ratherium
3607 3285 3732 3367 ἀο-

2068 3401 2316 3463 curaret,
2350 3399 2407 3450 et
2453 3394 2649 3466 ipsum
2693 3397 2975 3450 Caesarem
3007 3397 3078 3452 ad
3109 3397 3425 3453 Judicalum
3461 3399 3735 3473 episcopi

2067 3483 3003 3556 rescindendum,quibuscunque
3034 3486 3210 3540 rebus
3255 3490 3472 3557 posset,
3492 3503 3740 3559 permo-

2061 3576 2238 3629 veret.
2274 3573 2433 3628 lianc
2483 3573 2856 3628 manifestam
2909 3572 3285 3630 rebellionem
3337 3575 3539 3632 statim
3591 3585 3740 3649 post

2066 3662 2288 3720 editum
2317 3661 2632 3717 ludicalum
2665 3663 2929 3732 erupisse
2981 3661 3166 3734 liquet
3211 3654 3281 3718 ex
3327 3663 3612 3736 opusculo
3661 3667 3737 3723 dc

2069 3752 2295 3807 Clcrz’cz’s
2325 3750 2638 3816 rebellibus,
2675 3751 2828 3822 quod
2859 3750 2947 3823 (V.
2975 3756 3088 3806 not.
3119 3753 3170 3822 1)
3195 3753 3483 3825 scriptum
3516 3754 3633 3810 fuit
3665 3755 3734 3813 in

2064 3841 2329 3896 Adventu
2363 3839 2498 3894 anni
2531 3838 2890 3894 967.Eximia
2921 3841 3244 3895 moderatio
3294 3839 3553 3915 episcopi
3605 3841 3734 3898 ibi-

2067 3929 2199 3983 dem
2233 3926 2520 3999 proditur,
2553 3927 2769 3999 quippe
2799 3927 2901 3999 qui
2931 3944 3066 3983 cum
3096 3927 3340 3984 rebelles
3375 3933 3497 3985 tam
3529 3931 3734 3988 mani-

2065 4017 2244 4072 festos
2275 4020 2400 4070 tum
2425 4016 2722 4080 canonica,
2759 4020 2882 4071 tum
2914 4014 3205 4088 imperiali
3250 4016 3596 4074 auctoritate
3628 4036 3735 4076 ex-

2067 4104 2502 4159 communicare
2533 4108 2590 4159 et
2620 4105 2690 4160 de
2721 4103 2967 4160 ecclesia
2996 4109 3195 4178 posset
3222 4106 3549 4187 extrudere,
3578 4108 3738 4164 divi-

2068 4210 2203 4248 nam
2235 4196 2431 4248 tamen
2473 4193 2936 4249 misericordiam
2985 4195 3251 4252 imitatus
3301 4194 3508 4252 noluit.
3543 4221 3571 4246 ιε
3609 4197 3736 4254 Hac

2065 4279 2264 4353 itaque
2295 4283 2366 4337 de
2395 4298 2592 4348 causa,
2625 4282 2706 4338 ait
2747 4300 2911 4339 num.
2944 4286 2997 4350 2,
3047 4283 3324 4356 Apostolo
3372 4287 3736 4343 conveniens

2067 4371 2238 4443 [CLVI]
2297 4369 2533 4426 dicenti.
2572 4393 2599 4418 n
2659 4373 2855 4426 Estotc
2908 4373 3230 4429 imitatores
3261 4373 3387 4442 Dei,
3417 4373 3576 4430 sicut
3623 4375 3737 4430 filii

2068 4459 2398 4515 charissimi
2431 4461 2642 4531 (Ephcs.
2675 4477 2730 4527 ν,
2765 4463 2874 4529 17),
2900 4484 2926 4510 α
2965 4478 3112 4533 quos
3141 4461 3239 4517 ille
3270 4461 3739 4521 misericorditer

2065 4554 2133 4605 ut
2165 4554 2324 4621 puto,
2359 4553 2640 4620 expectat,
2663 4566 2777 4615 non
2809 4565 2990 4606 ausus
3023 4550 3334 4606 crudeliter
3362 4549 3740 4626 insequi,spe

304 4643 818 4717 porumVeronam
851 4640 1268 4698 confluentium
1299 4646 1504 4712 coetus,
1535 4657 1710 4714 quem
1745 4641 1956 4697 Rathe-
1985 4654 2034 4720 ο
2067 4637 2332 4704 forsitan,
2369 4637 2505 4692 licet
2533 4637 2717 4707 inani,
2756 4638 3195 4696 conversionem
3246 4639 3392 4694 mihi
3439 4639 3740 4712 pollicens

304 4733 430 4788 rius
459 4730 786 4804 cogendum
820 4729 1335 4802 prazscnscratJ'uit
1358 4728 1457 4784 illa
1479 4752 1506 4779 ‹‹
1533 4730 1793 4802 synodus
1814 4747 1958 4785 con-

305 4818 844 4894 greganda,»quam
867 4833 1001 4871 cum
1025 4815 1392 4888 imperatoris
1405 4818 1956 4888 praesentiaduobus

306 4909 363 4964 in
396 4907 538 4964 locis
567 4905 896 4977 conjunxit;
929 4921 1113 4975 eaque
1137 4903 1329 4976 reipsa
1347 4905 1576 4960 videtur
1599 4911 1959 4976 coacta,cum

305 4995 642 5070 patriarcha
673 5010 738 5050 ac
769 4993 956 5048 caeteri
983 4992 1167 5064 hujus
1196 4991 1492 5064 provincia
1513 4993 1770 5065 episcopi
1801 4995 1963 5052 ,ιωὶέ-

307 5093 426 5140 cato
457 5083 951 5154 subscripserunt.
979 5082 1125 5136 Cum
1156 5080 1216 5135 in
1243 5085 1488 5152 utroque
1518 5085 1712 5137 textus
1743 5083 1964 5137 Rathce-

309 5173 436 5229 rius
466 5171 754 5244 synodum
787 5169 1255 5242 congregandam
1303 5169 1592 5240 imperiali
1643 5171 1960 5242 praesentiae

310 5261 616 5331 subjiciat;
641 5259 764 5314 haec
785 5259 1045 5331 synodus
1065 5257 1264 5313 statim
1295 5262 1428 5328 post
1459 5257 1827 5329 imperatoris
1849 5261 1964 5316 dis-

309 5365 543 5406 cessum
575 5347 778 5402 habita
809 5347 990 5405 videri
1023 5349 1233 5419 potest,
1275 5348 1588 5415 antequam
1620 5346 1700 5402 illi
1733 5346 1790 5402 in
1825 5365 1963 5403 suas

311 5438 479 5494 sedes
502 5433 1373 5507 remigrarent.HincJudicatum
1391 5434 1706 5505 anteaicev]
1727 5435 1963 5506 quidem

313 5543 349 5582 a
369 5523 643 5580 Ratherio
668 5529 1078 5597 paratum,non
1101 5538 1232 5576 vero
1255 5521 1498 5588 editum,
1519 5521 1630 5576 nisi
1654 5528 1963 5596 postquam

314 5615 683 5684 imperatoris
705 5628 1125 5680 assensus,seu
1158 5626 1261 5682 per
1291 5615 1680 5666 memoratum
1707 5611 1967 5684 diploma

315 5700 637 5772 imperialis
655 5701 1076 5772 tuitio,necnon
1109 5695 1448 5770 patriarchae
1474 5702 1530 5754 et
1559 5699 1965 5772 episcoporum

2068 4732 2345 4791 vestram,
2379 4742 2513 4780 cum
2565 4725 3002 4798 proposuissem
3050 4745 3152 4784 vos
3197 4727 3282 4783 uti
3315 4725 3635 4786 rebelles...
3669 4735 3742 4786 ut

2069 4822 2125 4872 et
2155 4815 2420 4888 legaliter
2447 4819 2504 4870 et
2531 4813 2914 4887 imperialiter
2943 4817 3234 4872 sancitum
3261 4820 3366 4881 est,
3394 4816 3743 4878 abEeclesia

2069 4906 2402 4970 extrudere;
2433 4903 2690 4976 pepercit
2710 4904 2943 4961 animus
2975 4905 3230 4978 diploidc
3261 4905 3632 4964 confusionis
3653 4907 3746 4965 in-

2070 4995 2248 5049 duere
2276 4993 2523 5064 (Ibid.).»
2551 4992 2697 5058 Quid
2732 4995 2886 5065 quod
2920 4994 3140 5052 sciebat
3170 4995 3484 5051 canonicos
3517 4995 3594 5051 ad
3629 4998 3742 5054 im-

2071 5087 2398 5157 peratorem
2433 5081 2707 5138 nuntium
2740 5082 2995 5154 misisse,
3029 5083 3128 5156 qui
3170 5091 3375 5140 contra
3405 5101 3468 5140 se
3493 5090 3738 5157 ageret;

2072 5171 2196 5244 ipse
2227 5175 2422 5226 autem
2454 5186 2520 5226 ex
2553 5177 2717 5243 parte
2746 5188 2854 5227 sua
2883 5173 3179 5229 neminem
3214 5173 3574 5229 mittendum
3609 5191 3740 5230 cre-

2071 5259 2242 5325 didit,
2276 5263 2586 5331 totumque
2615 5261 2917 5330 negotium
2938 5262 3146 5317 divinae
3179 5261 3553 5334 providentiae
3579 5279 3746 5320 com-

2074 5347 2254 5402 misit.
2285 5347 2708 5403 Canonicorum
2739 5349 2985 5405 nuntius
3025 5350 3355 5424 potentium
3388 5351 3745 5422 patrociniis

2073 5435 2257 5492 fultus
2281 5435 2353 5490 ab
2383 5435 2731 5508 imperatore
2763 5438 3087 5495 obtinuisse
3116 5440 3484 5506 credebatur,
3518 5445 3587 5496 ut
3639 5459 3746 5514 pe-

2075 5524 2311 5582 culiaris
2355 5525 2482 5595 ejus
2529 5547 2555 5575 ‹‹
2592 5526 2814 5582 missus
2847 5551 2876 5576 »
2909 5529 3197 5584 Veronam
3246 5528 3491 5593 veniret,
3525 5529 3632 5600 qui
3681 5531 3746 5587 in

2075 5613 2385 5684 utriusque
2413 5613 2593 5685 partis
2626 5621 2926 5673 momenta
2956 5617 3361 5690 inquireret,et
3392 5617 3465 5672 ad
3489 5616 3752 5691 impera-

2075 5706 2259 5758 torem
2279 5701 2707 5769 rct‘erret.Quod
2733 5704 2782 5759 si
2804 5705 2863 5761 in
2885 5705 3037 5763 hanc
3061 5723 3182 5763 rem
3206 5704 3522 5779 peculiaris
3549 5729 3579 5756 ‹‹
3603 5707 3755 5766 mis—
