1984 3208
126 239 186 270 129

637 231 948 279 PROLEGOMENA.
965 264 1004 271 —
1019 245 1208 280 RATHERII
1231 249 1335 280 VITA.

1794 254 1853 286 130

127 314 179 335 sus
194 318 210 332 »
222 306 371 353 Veronam
384 307 512 338 directus
528 318 586 338 non
602 311 669 343 fuit,
685 314 761 339 certe
782 314 881 340 tamen
900 314 963 341 duae
978 315 1006 353 Α
1022 312 1286 342 ecclesiasticorum
1302 315 1490 350 divisionem,
1503 325 1538 344 ex
1553 325 1610 352 qua
1632 317 1716 353 plura
1731 319 1808 346 mula
1825 322 1853 348 et

125 358 260 386 personas
275 351 397 389 Verona
417 353 602 382 dominantes
631 354 761 392 idipsum
791 357 964 392 praestitisse

124 394 295 424 videbimus
306 397 384 426 circa
394 397 506 427 Pascha
520 400 589 428 anni
603 400 754 436 sequentis
766 401 829 429 978.
842 402 964 430 Interim

126 439 287 469 Eutherius
309 442 366 470 etsi
395 442 490 471 noluit
505 443 628 472 rebelles
644 453 678 472 ex
693 444 818 474 ecclesia
844 446 961 482 pellere,

125 483 153 512 id
169 486 271 524 tamep
288 484 325 514 ab
338 486 380 514 eis
395 487 489 524 petiit,
502 497 537 516 ne
548 488 577 516 in
590 489 750 517 cathedrali
767 498 851 518 sacra
866 491 963 519 oI‘ﬁcia

123 516 311 567 peragi-irem,
333 531 383 561 sed
404 531 491 560 aliam
513 541 720 570 quamcunque
740 527 894 564 ecclesiam
910 535 963 564 eli-

123 577 238 610 gerent.
250 575 282 604 Id
298 578 399 604 autem
408 586 438 604 se
449 579 583 614 expetere
597 578 646 613 ait,
658 587 716 607 non
732 580 810 615 quod
825 580 962 608 fraterni-

124 621 218 648 tatem
235 622 503 656 contemneret,sed
520 623 597 658 quod
606 635 619 649 ‹‹
633 624 743 652 rustico
759 623 810 653 illo
824 627 962 653 monente

124 658 271 702 exemplo,
289 674 348 703 quo
362 659 484 695 “dicitur
502 675 533 695 :»
545 668 621 702 Quod
633 669 724 697 oculos
739 677 795 698 non
818 669 902 703 videt,
917 677 963 697 cor

123 709 294 746 nandolet,
312 721 326 735 «
347 710 471 744 videtur,
501 711 608 748 inquit,
639 713 772 750 quaedam
803 716 831 742 et
860 722 961 750 perne-

124 754 256 782 cessaria
271 754 380 783 doloris
397 756 456 783 fore
471 755 617 793 levigatio,
635 757 659 785 si
681 757 723 785 eis
742 767 800 786 non
815 758 897 791 visis,
912 758 962 795 qui

125 798 199 826 mihi
214 801 302 828 tanta
324 799 402 828 mala
417 801 558 836 locarunt,
577 801 715 830 etfacere
735 811 792 830 non
811 803 962 838 desinunt,

124 844 202 872 absit
222 843 441 882 aliquantisper
466 845 613 874 malorum
641 841 774 883 ipsorum
789 848 963 882 recordatio,

124 883 194 917 dum
209 883 349 918 auctores
365 890 537 918 eorumdem
561 885 824 928 quantulacunque
840 891 966 919 obnubit

124 932 243 962 oblivio.
264 945 278 958 ›ι

1019 358 1159 386 scandala
1173 360 1442 396 consequebantur,
1456 360 1610 397 episcopus
1627 363 1700 391 ferre
1715 372 1773 391 non
1790 373 1852 400 pos-

1019 404 1073 431 set.
1086 404 1173 431 Gesta
1192 404 1281 432 refert
1306 405 1410 439 synodi
1425 405 1595 433 dioecesana:
1612 409 1677 442 post
1701 408 1851 436 Ravenna-

1019 444 1100 476 tense
1116 448 1273 476 concilium
1286 450 1409 484 coactas;
1426 450 1567 478 describit
1580 459 1770 487 congressum
1786 456 1852 489 post

1018 492 1152 520 eamdem
1168 493 1314 529 synodum
1330 502 1398 521 cum
1419 495 1568 522 canonicis
1585 495 1731 530 habitum,
1743 498 1851 534 [cum]

1016 532 1050 564 ut
1065 535 1290 574 pauperior-ibus
1306 538 1418 567 clericis
1440 540 1617 575 provideret;
1636 543 1665 569 et
1680 532 1850 578 corumdeni

1018 581 1173 610 molimina
1189 583 1267 618 apud
1284 583 1489 620 imperatorem
1513 584 1633 612 indicat.
1646 586 1775 614 Tandem
1792 596 1851 615 sure

1018 634 1112 653 causa:
1128 626 1266 655 fiduciam
1284 628 1449 663 praeferens,
1468 630 1600 664 reprtitis
1617 629 1673 658 illis
1689 631 1743 658 Job
1760 640 1766 658 :
1785 631 1852 659 Cum

1017 678 1076 698 sum
1104 679 1187 707 quam
1214 666 1379 706 nesciebam,
1415 673 1625 708 diligentissime
1652 676 1852 710 inuestigabam

1017 715 1074 743 Job.
1090 724 1167 749 xxxx,
1185 716 1238 751 i6),
1256 716 1285 744 id
1301 725 1394 744 unum
1415 726 1446 745 se
1468 721 1597 747 metuere
1615 719 1666 752 ait,
1683 728 1718 747 ne
1734 729 1786 756 per
1800 729 1851 756 po-

1017 759 1142 787 tentium
1159 761 1323 796 patrocinia
1346 763 1436 798 atque
1459 760 1670 791 malevolorum
1689 764 1852 793 calumnias

1018 803 1194 840 imperatore
1218 805 1428 839 circumvento,
1444 806 1498 834 sibi
1530 803 1672 844 ήιίδαίΜο
1701 810 1850 845 contingat,

1019 848 1090 884 quod
1118 850 1227 877 miseris
1254 851 1378 886 conligit,
1399 850 1431 878 dc
1458 851 1556 887 quibus
1585 852 1695 887 tegitur,
1722 854 1788 888 illis,
1805 855 1853 890 qui

1019 893 1127 920 etiamsi
1140 893 1213 929 apud
1229 893 1341 929 Scythas
1355 902 1467 923 causa":
1490 894 1636 929 dixissent,
1653 898 1790 933 inculpati
1806 898 1852 926 ab-

1019 944 1085 972 sque
1100 937 1183 965 dubio
1198 938 1306 966 dimissi
1322 939 1451 973 fuissent.

157 979 219 1007 126.
231 977 277 1006 De
292 978 479 1034 epistola-‘ad
494 979 667 1034 .Mqrtinuni
680 979 852 1034 GPlSCPBBP
867 970 966 1034 Ferra-
979 1000 1004 1034 Β
1135 981 1199 1009 Haec
1225 982 1296 1010 dum
1322 970 1478 1034 scribebat,
1493 976 1708 1020 imperatorem
1733 985 1851 1015 clericos

124 1022 342 1059 riensem,quzc
367 1023 478 1059 pariter
492 1023 522 1051 in
538 1024 671 1051 Adventu
695 1024 765 1051 anni
780 1025 834 1051 957
849 1026 966 1052 exarata
979 1022 1004 1034 ¹¹
1021 1024 1128 1053 adiisse
1142 1029 1341 1062 per-senserat;
1359 1027 1395 1054 ad
1419 1027 1583 1056 Romanum
1600 1037 1667 1057 vero
1681 1031 1850 1066 pontiﬁcem

124 1067 186 1102 fuit,
216 1076 318 1104 pauca
337 1067 465 1095 indicare
486 1068 613 1096 sufficiet
628 1068 671 1103 (ν.
687 1072 744 1096 not.
763 1069 788 1102 1,
806 1070 835 1096 in
851 1077 893 1104 ep.
909 1068 964 1103 10).

123 1112 204 1143 Hunc
220 1112 385 1141 Ratherius
402 1112 430 1139 in
445 1112 612 1140 Ravennate
625 1112 729 1140 saltem
744 1113 867 1140 concilio
878 1121 966 1148 agno-

123 1150 213 1186 verat.
223 1156 498 1193 Reprehensionem
519 1165 642 1184 suorum
659 1157 707 1184 ille
730 1157 893 1185 incurrerat
908 1158 965 1185 du-

124 1201 191 1238 plici
206 1210 243 1230 ex
259 1201 447 1237 causa,quod
461 1203 661 1240 puerascetate
676 1202 818 1229 canonica
832 1204 964 1238 expertes

125 1244 290 1281 ordinaret,
306 1245 396 1282 idque
409 1244 502 1281 pretio
518 1246 715 1274 intercedente
730 1249 890 1282 perageret.
900 1247 965 1274 Htec

125 1289 250 1328 epistola
280 1289 411 1333 Betherii
429 1290 524 1317 zelum
549 1291 740 1324 demonstrat,
754 1291 804 1327 qui
834 1290 964 1327 episcopi

124 1337 193 1367 licet
207 1334 338 1367 senioris
352 1334 424 1363 vitia
438 1334 583 1371 corrigere
600 1335 724 1362 studuit.

126 1381 222 1423 [CLVII]
237 1379 254 1418 §
268 1379 340 1423 XLX.
356 1395 389 1400 -—
404 1379 470 1407 Acta
494 1380 565 1407 armi
663 1380 813 1423 'Itathcrius
839 1380 965 1423 Quadra-

161 1415 425 1453 αῶἶπῐκηιιηιψονᾳ
456 1423 598 1453 sermone:
608 1415 713 1453 shalth
732 1416 780 1453 der
796 1424 873 1452 pace.
890 1416 964 1453 Scri-

148 1450 200 1481 ’ῑίι
216 1450 364 1484 libellum,
373 1452 420 1479 cui
444 1451 540 1478 titulus
557 1458 566 1478 :
581 1450 744 1479 Discordia.
763 1450 897 1479 (Iunoniet
911 1452 962 1479 Ro-

158 1497 236 1517 mam
260 1487 378 1515 mittunt
404 1488 545 1519 nuntium,
562 1488 612 1522 qui
625 1487 788 1522 rescriptum
815 1495 865 1523 pro
893 1488 961 1522 ipsis

162 1524 270 1555 retulit.
298 1524 447 1559 Episcopus
473 1522 693 1558 Apologeticum
723 1523 787 1550 cdtt.
817 1524 963 1559 Inquisitio

159 1564 259 1589 contra
272 1557 409 1587 eumdem.
419 1559 476 1586 Alii
490 1557 627 1586 sermones
644 1558 776 1591 Rutheni,
793 1557 962 1594 ejus—Testa-

160 1598 313 1630 mentum.
331 1594 438 1627 Nanno,
455 1596 485 1621 ut
507 1595 679 1630 imperatoris
703 1595 813 1626 missus,
827 1595 962 1630 placitum

129 1627 244 1660 "liabet
271 1633 368 1658 centra
391 1630 525 1663 eumdem,
543 1627 592 1666 qui
608 1631 696 1657 tribus
712 1627 834 1666 epistolis
855 1630 889 1658 dc
913 1631 961 1658 hoc

159 1667 264 1703 placito
298 1666 434 1703 queritur.
459 1666 605 1703 Evcjraclus
628 1667 767 1702 episcopus
792 1666 960 1703 Leodiccnsis

162 1701 256 1739 ipsum
278 1701 391 1730 invitat.
405 1702 429 1730 Is
443 1701 553 1739 tandem
580 1703 765 1737 episcopatum
793 1702 919 1736 dimittit,
935 1705 961 1730 et

164 1738 195 1767 in
207 1739 353 1774 Belgicam
367 1738 526 1765 revertitur.

975 1687 996 1721 C

165 1783 226 1812 127,
242 1785 318 1811 Cum
334 1781 454 1811 rebellio
474 1781 590 1818 publice
610 1781 639 1810 in
656 1782 718 1811 dies
734 1784 835 1810 contra
850 1782 962 1819 episco-

130 1835 200 1865 pum
214 1827 430 1868 eﬂ'ervesceret,
442 1826 467 1854 is
482 1827 512 1854 in
528 1826 665 1854 omnibus
681 1827 962 1862 sermonibus,quos

132 1872 160 1902 in
174 1869 410 1908 Quadragesima
423 1870 492 1898 anni
506 1870 560 1898 968
572 1871 609 1899 ad
626 1871 766 1907 populum
778 1870 882 1898 habuit
893 1871 963 1906 (Dis-

129 1918 230 1958 gordia,
247 1925 334 1946 num.
349 1916 390 1952 7),
403 1915 525 1944 rebelles
549 1917 584 1944 ad
607 1924 707 1952 pacem
734 1923 869 1944 revocare
893 1923 960 1943 con-

129 1961 234 1996 tendit,
243 1970 338 1998 quam
353 1969 419 1989 sese
435 1968 501 1988 cum
517 1959 590 1997 ipsis
606 1960 802 1989 libentissime
817 1959 960 1988 initurum

129 2006 292 2048 spopondit,
309 2015 320 2030 ι
338 2007 454 2033 tantum
471 2004 501 2032 in
521 2013 589 2033 vera
611 2014 681 2041 pace
698 2004 752 2033 hoc
775 2004 882 2033 vellent
897 2005 959 2032 efﬁ-

130 2051 289 2080 cere.»Sed
313 2050 434 2078 frustra.
452 2050 483 2077 Id
503 2049 580 2078 enim
599 2050 696 2086 potius
712 2058 812 2078 eorum
834 2050 960 2086 augebat

130 2095 307 2132 superbiam,
317 2096 346 2122 et
356 2093 535 2122 accendebat
546 2094 700 2127 malitiam,
713 2095 785 2122 adeo
800 2096 830 2121 ut
844 2095 959 2130 pejores

129 2139 159 2168 in
170 2138 342 2179 spiampum
357 2138 579 2166 criminationes
595 2142 776 2175 spargerent,
789 2147 877 2175 quam
893 2147 958 2175 quae

130 2181 158 2212 in
173 2183 319 2220 Qualitatis
347 2184 507 2220 conjectura
535 2183 703 2219 nuperrime
717 2183 870 2211 Ambrosio
899 2185 956 2211 tra-

131 2227 190 2257 dita
214 2228 393 2261 referuntur.
425 2227 484 2255 Has
512 2227 732 2257 criminationes
763 2227 897 2256 indicans
927 2227 957 2255 in

130 2272 293 2314 Wo
322 2280 407 2301 num.
425 2271 441 2299 4
457 2280 464 2300 ;
481 2283 495 2296 ‹‹
512 2270 647 2306 Quidam,
672 2271 722 2305 ait,
749 2271 818 2307 sive,
835 2271 956 2315 putatis,

131 2311 187 2345 sive
200 2311 222 2346 ἆ
231 2325 263 2346 se
277 2316 377 2354 magis
392 2316 526 2344 conﬁctis
539 2324 586 2344 me
599 2315 733 2352 jaculnnt
744 2315 918 2345 criminibus
929 2311 955 2345 »Ξ

131 2358 189 2398 qua
207 2355 299 2390 'num.
315 2361 334 2389 8
350 2371 364 2386 «
381 2362 472 2407 tanta,
498 2360 581 2407 talia,
594 2363 655 2407 tam
686 2360 770 2407 taeda,
802 2363 860 2407 tam
892 2363 957 2388 tur-
971 2374 994 2407 Β

131 2405 186 2443 pia,
210 2407 270 2442 tam
300 2404 496 2439 incredibilia,
517 2407 546 2433 et
574 2405 630 2442 ipsi
660 2405 748 2437 etiam
779 2405 855 2433 ietati
884 2414 954 2434 mete

131 2446 269 2490 ρους-υἷι
283 2462 303 2476 ιι
315 2451 413 2490 vocat,
428 2445 501 2480 Cum
529 2450 628 2486 itaque
655 2449 778 2478 rebelles
793 2450 829 2478 ad
852 2458 954 2487 pacem

207 2498 307 2536 posset
329 2489 485 2536 deducere,
501 2495 602 2524 eadem
619 2494 849 2531 Quadragesima
872 2494 954 2523 Iacu-

131 2537 220 2569 ιιι-ανῆ
230 2535 411 2578 opusculum
421 2539 607 2576 inscriptum,
621 2539 762 2567 Discordia
777 2540 851 2568 inter
865 2540 955 2575 ipsum

131 2582 283 2619 “clericos,
300 2584 380 2622 quod
401 2583 517 2613 dissidii
541 2583 627 2613 initia
649 2585 679 2612 et
702 2592 807 2612 causas
833 2583 952 2621 detegit.

128 2626 253 2661 Quatuor
265 2628 359 2666 hujus
380 2628 532 2658 discordia:
548 2637 655 2657 causas
670 2630 827 2669 memorat;
846 2629 874 2656 1ο
889 2637 955 2656 mo-

132 2673 345 2711 mm_episcopi
371 2675 400 2702 et
422 2670 595 2709 clericorum
621 2671 908 2709 dissimilitudinem;
924 2674 955 2700 2°

132 2716 253 2755 episcopi
264 2717 494 2755 sollicitudinem
503 2717 535 2746 in
544 2717 744 2755 promovenda
754 2716 853 2754 legum
864 2717 954 2746 eccle-

330 2762 532 2799 ohservantin;
552 2762 583 2791 3°
596 2761 730 2798 ejusdem
746 2761 854 2796 nisum,
872 2763 904 2789 ut
919 2770 953 2790 ex

132 2805 238 2844 motui
254 2806 434 2847 Ravennatis
455 2799 495 2836 ac.
513 2806 638 2839 Romani
661 2805 808 2843 pontiﬁcis
823 2806 950 2842 decreto,

132 2856 235 2880 necnon
250 2850 436 2890 imperatoris
450 2851 589 2880 mandato
604 2850 776 2880 clericorum
790 2846 953 2880 mulierosi-

134 2894 215 2928 tutam
232 2895 357 2940 tolleret,
372 2897 403 2931 4ο
416 2897 496 2938 quod
518 2896 619 2930 minus
642 2904 758 2937 aequam
781 2894 952 2933 reddituum

1018 1077 1070 1110 eos
1097 1071 1206 1109 pariter
1234 1072 1401 1106 confugisse
1431 1071 1594 1107 ignorabat.
1612 1075 1720 1102 Verum
1750 1075 1802 1108 illi,
1820 1078 1851 1103 ut

1016 1113 1163 1149 judicium
1184 1115 1389 1143 institueretur
1407 1118 1509 1144 contra
1528 1117 1709 1151 Ratherium,
1728 1128 1785 1155 quo
1807 1128 1849 1147 re-

1020 1158 1203 1195 scinderetur
1226 1159 1321 1198 ipsius
1349 1160 1517 1196 Iudicat-um,
1534 1163 1562 1189 et
1577 1162 1655 1190 bona
1669 1163 1725 1191 sibi
1754 1164 1851 1192 ablata

1019 1203 1222 1237 redderentur,
1233 1204 1442 1240 imperatorem
1455 1207 1635 1234 exorandum
1651 1210 1802 1243 putarunt.
1816 1209 1851 1236 Ut

1020 1250 1117 1276 autem
1134 1248 1163 1275 in
1180 1250 1331 1285 posterum
1347 1249 1425 1277 bona
1443 1250 1479 1277 ad
1499 1258 1530 1278 se
1550 1251 1727 1286 pertinentia
1742 1253 1771 1280 in
1787 1255 1849 1281 tuto

1020 1295 1127 1326 essent,
1145 1295 1173 1320 et
1188 1302 1205 1320 a
1220 1293 1288 1329 jurc
1302 1293 1508 1330 episcoporum
1524 1294 1721 1331 eximerentur
1735 1300 1850 1333 aposto-

1017 1336 1080 1364 licae
1111 1337 1189 1365 sedis
1218 1337 1421 1366 auctoritatem
1451 1337 1667 1373 implorttndam
1699 1348 1848 1369 censuere.

1020 1381 1101 1408 Clam
1117 1382 1207 1417 igitur
1234 1382 1357 1409 Romam
1387 1381 1517 1418 legatum
1543 1383 1725 1419 direxerant;
1743 1386 1771 1412 et
1792 1385 1849 1413 for-

1019 1425 1107 1453 tassis
1123 1426 1199 1454 idem
1216 1425 1274 1460 ille,
1291 1426 1341 1462 qui
1364 1426 1400 1454 ad
1420 1423 1591 1456 comitatum
1617 1428 1727 1456 missus
1743 1429 1847 1464 fuerat,

1019 1470 1048 1497 in
1065 1470 1212 1498 mandatis
1229 1470 1342 1504 habuit,
1361 1473 1391 1498 ut
1413 1471 1528 1507 negotio
1547 1473 1624 1508 apud
1640 1472 1847 1509 imperatorem

1018 1517 1133 1549 exacto,
1165 1515 1331 1543 Romanum
1367 1515 1534 1552 pontiﬁcem
1572 1517 1666 1546 adiret
1692 1518 1846 1554 (Apologct.

1017 1568 1098 1587 num.
1115 1561 1153 1595 7).
1172 1560 1198 1587 Is
1228 1562 1325 1588 autem
1340 1571 1353 1585 «ι
1380 1560 1464 1596 quasi
1494 1561 1670 1597 apostolicae
1699 1561 1811 1590 litteras
1832 1575 1845 1589 ››

1017 1604 1127 1638 retulit,
1144 1604 1252 1640 quibus
1277 1605 1333 1632 sub
1355 1613 1440 1641 poma
1468 1606 1664 1634 anathematis
1692 1607 1846 1635 interdice-

1016 1649 1112 1686 batur,
1130 1657 1166 1677 ne
1190 1649 1347 1677 Ratlierius
1370 1652 1421 1677 aut
1435 1657 1620 1678 successores
1636 1651 1701 1686 ejus
1725 1660 1789 1679 sese
1817 1651 1847 1678 in

1016 1702 1062 1721 res
1078 1694 1286 1722 canonicorum
1302 1693 1541 1733 intromitterent,
1563 1695 1736 1728 Durioribus
1750 1695 1847 1723 verbis

1016 1738 1071 1766 hoc
1087 1738 1196 1766 factum
1221 1737 1362 1765 describit
1386 1737 1551 1774 episcopus.
1569 1738 1645 1766 Dum
1660 1741 1758 1767 autem
1783 1748 1847 1775 pre-

1016 1782 1091 1810 tium
1114 1782 1142 1809 in
1162 1782 1239 1810 hanc
1254 1789 1316 1809 rem
1336 1776 1540 1809 intercessisse
1559 1782 1702 1816 afﬁrmat;
1723 1784 1848 1819 pecunia

1017 1826 1137 1862 quidem
1153 1827 1325 1862 corruptum
1347 1833 1406 1853 non
1426 1825 1573 1854 credimus
1588 1826 1687 1862 ipsum
1703 1827 1846 1855 Joannem

1017 1870 1081 1898 XIII
1098 1877 1251 1898 summum
1267 1869 1446 1906 pontiﬁcem,
1463 1870 1548 1906 cujus
1564 1871 1696 1907 probitas
1711 1871 1846 1908 pluribus

1016 1914 1204 1948 testimoniis,
1221 1917 1249 1942 et
1264 1915 1299 1942 ab
1323 1915 1386 1951 ipso
1402 1914 1489 1942 etiam
1506 1915 1643 1943 Ratherio
1658 1917 1846 1945 commenda-

1015 1961 1064 1987 tur
1078 1960 1183 1995 (Itiner.
1202 1968 1230 1986 n.
1246 1961 1285 1994 2),
1302 1958 1450 1993 Canonici,
1474 1960 1524 1996 qui
1551 1959 1661 1989 divitiis
1686 1961 1844 1997 pollebant,

1015 2004 1092 2032 sicut
1108 2003 1232 2040 pecunia
1250 2004 1415 2040 potentium
1439 2001 1600 2040 patrocinia
1625 2006 1772 2041 aucupati,
1790 2006 1845 2033 im-

1014 2048 1156 2085 peratoris
1171 2048 1304 2076 animum
1324 2048 1462 2077 Ratherio
1490 2057 1670 2086 propensum
1694 2050 1845 2078 subverte-

1014 2096 1093 2127 runt,
1111 2095 1143 2127 ut
1157 2092 1295 2130 deinceps
1320 2092 1447 2129 patebit;
1462 2092 1504 2130 ita
1524 2093 1627 2126 eadem
1652 2095 1713 2122 arte
1738 2094 1844 2122 Roma-

1014 2147 1068 2166 nos
1085 2137 1229 2174 quosdam
1254 2138 1392 2173 patronos
1412 2136 1502 2178 nacti,
1517 2130 1682 2166 obtinuisse
1696 2137 1843 2172 videntur,

1014 2185 1046 2210 ut
1061 2181 1211 2218 negotium
1227 2180 1365 2209 Ratherio
1387 2178 1508 2208 absente
1531 2182 1560 2210 et
1583 2180 1749 2208 inconsulto
1763 2183 1843 2210 tran-

1013 2227 1169 2263 sigeretur,
1186 2227 1215 2253 et.
1230 2224 1395 2263 apostolicae
1412 2224 1515 2253 littere
1531 2226 1633 2252 contra
1650 2218 1749 2260 ipsum
1772 2226 1843 2254 scri-

1013 2272 1164 2300 berentur.
1181 2272 1252 2298 Cum
1270 2269 1425 2306 episcopus
1441 2277 1504 2297 sese
1526 2269 1556 2297 in
1576 2269 1654 2297 bona
1668 2271 1696 2297 et
1711 2270 1844 2299 redditus

1013 2316 1185 2345 clericorum
1208 2313 1384 2343 cathedralis
1410 2313 1537 2343 ecclesiae
1562 2314 1755 2342 intromittere
1779 2317 1842 2343 stu-

1013 2361 1087 2394 duit,
1104 2368 1188 2388 mens
1204 2360 1268 2395 ejus
1284 2359 1348 2393 fuit,
1365 2367 1424 2388 non
1440 2362 1472 2387 ut
1487 2359 1650 2395 quidquam
1666 2367 1700 2387 ex
1713 2359 1759 2394 iis,
1777 2369 1842 2396 qua:

1010 2405 1142 2443 ipsorum
1172 2407 1266 2438 erant,
1283 2403 1461 2440 decerperet,
1478 2413 1511 2432 ac
1531 2404 1562 2432 in
1583 2403 1656 2432 alios
1682 2413 1754 2432 usus
1782 2407 1841 2433 tra-

1010 2451 1140 2484 duceret,
1157 2450 1207 2478 sed
1225 2450 1256 2476 ut
1271 2457 1305 2477 ex
1318 2448 1392 2485 ipsis
1417 2449 1516 2483 rebus,
1527 2457 1591 2485 quae
1616 2448 1777 2485 generatim
1793 2458 1841 2477 ca-

1010 2495 1153 2524 thedralis
1168 2493 1295 2522 ecclesiae
1318 2492 1431 2521 clericis
1455 2491 1552 2530 legata
1566 2493 1694 2527 fuerant,
1709 2493 1750 2521 ita
1764 2493 1842 2521 inter

1010 2549 1059 2568 eos
1075 2539 1264 2576 partirentur.
1281 2547 1316 2566 ne
1338 2538 1491 2574 inferiores
1512 2538 1715 2577 premerentur
1730 2537 1839 2574 inopia,

1009 2587 1038 2613 et
1052 2584 1168 2612 divinus
1182 2583 1280 2611 cultus
1298 2582 1509 2618 detrimentum
1526 2577 1652 2618 caperet.
1669 2582 1727 2609 Hac
1740 2584 1839 2609 autem

1010 2630 1106 2657 mente
1122 2627 1261 2664 episcopi,
1274 2627 1379 2663 bisque
1393 2635 1491 2656 rerum
1507 2625 1739 2654 circumstantiis
1753 2626 1839 2661 [eux]

1009 2682 1067 2702 non
1083 2672 1211 2710 cognitis
1227 2672 1371 2708 injustam
1386 2671 1478 2710 videri
1494 2672 1618 2710 poterat,
1631 2670 1768 2698 eumdem
1782 2670 1841 2705 epi-

1009 2726 1143 2754 scopum,
1159 2716 1210 2753 qui
1226 2715 1363 2753 pluribus
1379 2715 1618 2751 accusationibus
1633 2715 1669 2742 ad
1686 2713 1841 2748 imperato-

1008 2771 1070 2792 rem
1085 2761 1192 2796 delatis
1207 2759 1284 2788 male
1299 2760 1446 2794 audiebat,
1458 2761 1487 2788 in
1502 2756 1623 2789 laudata
1635 2756 1713 2785 bona
1727 2763 1760 2783 ac
1775 2755 1840 2783 red-

1007 2797 1089 2836 ditus
1104 2798 1207 2834 contra
1221 2805 1347 2832 veterem
1372 2803 1620 2838 consuetudinlm
1634 2797 1709 2826 V9116
1734 2805 1840 2825 novam

1008 2848 1246 2880 distributionem
1261 2847 1410 2882 inducere,
1427 2843 1485 2879 cui,
1494 2847 1516 2876 ii
1535 2845 1597 2888 ipsi
1608 2838 1841 2888 interiacet}?

1009 2879 1073 2932 rici,
1090 2900 1217 2935 quorum
1242 2898 1331 2923 causa
1354 2879 1506 2932 agebatur,
1522 2879 1692 2924 obstabant.
1707 2879 1780 2914 Bina
1794 2886 1842 2919 re:
