3968 6382
315 499 424 567 131

1274 501 1725 567 RATHERIUS
1770 493 2264 564 VERONENSIS
2311 499 2770 566 EPISGOPUS.

3621 455 3757 562 ηε

310 637 616 710 scriptum,
653 654 767 709 quo
800 635 978 693 iidem
1025 637 1290 695 redditus
1320 656 1354 694 a
1383 641 1667 710 potestate
1707 635 1962 708 episcopi
1991 635 2046 704 Α
2075 634 2295 691 siarum
2318 677 2331 703 ,
2390 651 2567 707 quam
2625 638 2968 692 caterorum
3027 635 3346 692 necessitas
3404 649 3738 707 pauperum

309 726 724 793 eximerentur,
759 725 843 780 uti
896 742 965 781 ea
1023 727 1080 781 in
1139 726 1445 798 hypothesi
1502 725 1792 798 aequitatis
1844 724 1964 796 ple-

312 832 454 870 num
490 814 658 870 facile
705 814 932 887 subripi
978 815 1190 887 potuit.
1225 816 1413 886 Hujus
1462 812 1728 885 rescripti
1761 812 1968 869 notitia

311 907 444 961 ante
474 903 699 959 Pascha
750 903 888 959 anni
918 904 1026 958 968
1059 904 1346 960 Veronam
1378 902 1555 959 allata
1601 902 1740 970 fuit;
1775 901 1966 973 siqui-

311 993 444 1048 dem
478 993 789 1048 Ratherius
827 992 887 1047 in
942 994 1299 1065 Apologetico,
1333 993 1490 1066 quod
1549 991 1807 1047 instante
1855 991 1964 1045 Pa-

311 1080 510 1136 schate
542 1082 679 1136 anni
701 1082 965 1152 ejusdem
999 1081 1370 1137 lucubratum
1404 1079 1709 1146 fuit,istud
1742 1080 1963 1134 factum

311 1189 338 1215 ‹‹
376 1169 710 1239 nuperrime
745 1190 772 1215 »
805 1167 1087 1224 accidisse
1117 1173 1367 1224 testatur
1396 1183 1559 1222 num.
1590 1169 1644 1221 7.
1680 1165 1964 1222 Rodoaldi

310 1256 656 1328 patriarcha:
687 1255 1076 1329 Aquileiensis
1107 1258 1395 1313 sententia
1437 1256 1497 1312 in
1543 1256 1809 1311 eamdem
1840 1272 1961 1310 rem

307 1344 419 1401 hoc
449 1346 654 1401 eodem
706 1362 858 1402 anno
891 1345 1140 1402 subinde
1170 1345 1345 1414 edita,
1377 1345 1469 1401 cui
1503 1350 1629 1400 tum
1688 1343 1787 1399 alii
1838 1343 1960 1415 epi-

306 1433 492 1506 scopi,
525 1439 650 1489 tum
685 1434 808 1505 ipse
834 1434 1144 1490 Ratherius
1170 1434 1395 1490 assensi
1422 1433 1604 1488 fuisse
1623 1433 1960 1498 traduntur,

303 1521 483 1578 veluti
517 1522 919 1578 commentitia
949 1523 1006 1576 in
1036 1523 1368 1595 Appendice
1401 1523 1742 1594 proferetur.

378 1610 499 1665 129.
534 1611 664 1666 Otto
714 1610 1051 1682 imperator,
1088 1628 1221 1666 cum
1270 1627 1422 1666 anno
1469 1609 1817 1682 praecedenti
1849 1608 1958 1664 Ve-

302 1715 458 1756 rente
517 1699 646 1767 fuit,
680 1698 902 1770 aliquid
964 1698 1189 1771 argenti
1222 1698 1495 1754 Ratherio
1527 1697 1798 1770 episcopo
1856 1697 1957 1752 de-

301 1789 486 1855 derat,
518 1792 585 1843 ut
628 1786 936 1844 basilicam
969 1785 1162 1844 sancti
1194 1787 1442 1842 Zenonis
1494 1786 1773 1840 reticeret.
1808 1783 1955 1839 Mul-

297 1883 426 1932 tum
457 1876 812 1943 incommodi
846 1892 913 1931 ac
943 1880 1218 1948 sumptus
1249 1876 1371 1931 haec
1407 1874 1776 1946 imperatoris
1808 1891 1953 1944 pra:-

298 1966 488 2021 sentia
536 1965 811 2020 attulerat
865 1965 1157 2036 episcopo,
1192 1964 1278 2018 uti
1311 1962 1671 2036 exploratum
1731 1963 1954 2017 faciunt

297 2053 398 2110 illa
453 2054 787 2127 Apotogetici
842 2069 1006 2108 num.
1055 2055 1108 2107 2.
1147 2072 1167 2100 ι
1223 2052 1539 2124 Postquam
1601 2049 1819 2114 omnia,
1879 2050 1950 2105 de

296 2143 513 2214 quibus
558 2142 881 2198 habueram
929 2141 1213 2207 victitare,
1246 2141 1373 2211 ejus
1405 2139 1674 2211 (Ottonis)
1723 2137 1950 2209 obligu-

294 2231 506 2298 rierat,
567 2247 682 2287 non
741 2230 870 2285 dico
937 2229 1214 2301 potentia,
1277 2245 1423 2300 nego
1480 2226 1788 2293 violentia,
1849 2226 1950 2282 sed

295 2324 447 2375 certe
489 2319 816 2391 praesentia.
848 2342 875 2370 »
911 2319 1077 2374 Forte
1108 2317 1165 2372 in
1214 2316 1452 2372 tacitam
1497 2315 1814 2387 quamdam
1846 2315 1952 2369 ho-

293 2424 426 2463 rum
459 2411 805 2480 sumptuum
847 2406 1382 2478 compensationem
1422 2407 1744 2476 Augustus,
1779 2401 1950 2475 quid-

292 2496 431 2569 quid
466 2496 609 2553 illud
669 2497 782 2552 fuit
839 2495 1085 2568 argenti,
1119 2494 1393 2567 episcopo
1423 2493 1664 2549 tradidit
1721 2509 1786 2548 eo
1845 2509 1947 2547 no-

292 2585 471 2657 mine,
507 2590 572 2640 ut
617 2585 868 2640 laudatas
930 2584 1182 2640 basilicae
1240 2581 1564 2638 reficiendae.
1622 2580 1945 2636 inserviret.

292 2674 437 2729 Cum
486 2692 620 2729 mox
650 2674 961 2745 episcopus
993 2672 1190 2727 omnia
1238 2672 1310 2727 ad
1363 2669 1734 2742 imperatoris
1783 2686 1946 2725 men-

289 2765 409 2816 tem
468 2762 678 2817 fuisset
734 2765 1063 2831 exsecutus,
1125 2759 1420 2831 malignus
1481 2758 1800 2824 cavillator,
1845 2774 1946 2813 ca-

292 2849 540 2905 nonicus
597 2849 691 2904 ille
746 2849 1003 2921 quidem,
1036 2848 1138 2903 sed
1193 2865 1309 2903 non
1365 2847 1445 2918 (V.
1480 2851 1592 2902 not.
1636 2848 1723 2914 13)
1768 2846 1944 2901 Vero-

291 2939 514 3005 nensis,
547 2937 804 2993 Ratherii
861 2936 1326 2992 adversariorum
1370 2936 1562 2990 fautor
1615 2940 1788 3006 atque
1844 2935 1942 2990 de-

291 3028 489 3084 fensor
526 3026 874 3100 praecipuus,
907 3029 1024 3079 tam
1056 3029 1278 3079 rectum
1333 3028 1389 3079 et
1427 3025 1658 3094 justum
1702 3039 1851 3094 opus
1884 3023 1942 3078 in

290 3115 513 3171 malum
545 3113 849 3170 traducere
887 3129 989 3168 seu
1029 3112 1394 3184 interpretari
1429 3112 1744 3167 contendit.
1777 3112 1940 3167 Judze

288 3203 446 3260 enim
494 3203 758 3260 imitatus
807 3200 1159 3273 exemplum,
1192 3217 1319 3256 eam
1368 3199 1676 3272 pecuniam
1705 3199 1764 3255 in
1794 3217 1938 3273 pau-

285 3309 455 3365 peres
487 3291 758 3348 debuisse
805 3290 1050 3363 expendi
1103 3289 1408 3345 dictitabat
1437 3289 1644 3360 (Matth.
1677 3307 1825 3356 xxvr,
1858 3290 1934 3361 9).

2076 740 2182 778 cur
2235 724 2380 794 ipse,
2413 723 2514 795 qui
2573 724 2839 778 omnium
2898 723 3311 796 pauperrimus
3367 722 3737 778 restruendis

2075 810 2338 868 ecclesiis
2381 829 2450 866 ex
2488 829 2595 867 suo
2627 828 2742 867 non
2798 812 3145 879 sufficiebat,
3180 812 3240 867 in
3271 827 3560 884 pauperes
3599 828 3738 868 con-

2075 901 2250 955 ferret
2278 899 2418 954 illud
2463 898 2766 971 imperiale
2803 917 3042 968 munus,
3077 901 3233 972 quod
3265 899 3452 956 sancti
3482 900 3736 956 Zenonis

2073 988 2329 1044 basilica:
2389 988 2710 1044 reficiendae
2767 989 3046 1044 traditum
3107 988 3336 1045 fuerat?
3384 989 3503 1046 Hac
3559 1007 3737 1062 porro

2073 1077 2374 1132 occasione
2405 1077 2475 1132 de
2527 1075 2840 1132 rebellione
2871 1076 3218 1133 clericorum
3269 1095 3384 1133 non
3416 1094 3605 1150 pauca
3649 1077 3737 1134 in-

2073 1165 2234 1220 serit.
2269 1163 2466 1220 Multis
2525 1165 2646 1237 agit
2703 1165 2773 1219 de
2834 1165 3114 1238 rescripto
3175 1165 3362 1221 Roma
3412 1165 3737 1223 novissime

2071 1253 2266 1321 allato,
2303 1270 2417 1325 quo
2460 1253 2791 1320 cavebatur,
2827 1270 2898 1308 ne
2951 1254 3010 1308 in
3057 1269 3148 1310 res
3197 1253 3542 1310 clericorum
3605 1272 3738 1312 sese

2070 1341 2190 1397 ullo
2221 1342 2393 1398 modo
2427 1342 2734 1414 ingereret.
2769 1342 2968 1413 Ipsum
2999 1342 3374 1414 rescriptum,
3403 1359 3518 1415 quo
3551 1341 3739 1397 maxi-

2070 1446 2166 1485 me
2195 1431 2537 1503 angebatur,
2568 1428 2758 1485 latiori
2792 1446 2971 1501 quam
3002 1446 3107 1502 par
3133 1434 3224 1486 est
3247 1430 3734 1502 interpretatione

2068 1519 2405 1585 extendens,
2466 1517 2523 1572 in
2585 1534 2651 1573 eo
2695 1541 2722 1566 ‹‹
2771 1534 2966 1572 rerum
3003 1541 3030 1566 ››
3065 1519 3300 1574 nomine
3360 1536 3474 1574 non
3529 1519 3727 1575 solum

2069 1607 2220 1662 bona
2248 1612 2506 1676 externa,
2534 1623 2734 1660 verum
2782 1606 2959 1661 etiam
2993 1605 3220 1663 animas
3272 1606 3618 1662 clericorum
3651 1609 3728 1664 ab

2065 1695 2324 1767 episcopi
2384 1699 2672 1768 potestate
2729 1695 3048 1750 subductas
3086 1694 3334 1768 colligit;
3395 1695 3531 1753 hinc
3589 1713 3728 1754 vero

2065 1789 2207 1855 quot
2262 1783 2484 1840 absona
2540 1789 2598 1839 et
2653 1783 2913 1838 absurda
2965 1790 3482 1856 consequerentur,
3541 1785 3728 1842 latius

2063 1873 2459 1944 prosequitur.
2486 1873 2615 1929 Haec
2646 1871 2828 1928 illatio
2851 1889 3028 1944 quam
3061 1873 3138 1928 sit
3167 1873 3524 1939 exorbitans,
3547 1891 3726 1930 nemo

2064 1977 2176 2015 non
2210 1961 2384 2016 videt.
2419 1962 2499 2016 Ea
2560 1965 2776 2027 autem,
2809 1977 2986 2032 quem
3045 1960 3432 2017 recentissimi
3469 1963 3559 2018 vis
3619 1964 3729 2019 do-

2063 2048 2202 2104 loris
2231 2050 2538 2120 expressit,
2571 2049 2956 2105 condonanda
3015 2054 3106 2105 est
3161 2049 3410 2117 homini,
3445 2050 3545 2122 qui
3607 2051 3726 2108 cle-

2063 2137 2367 2194 ricos'sibi
2425 2155 2627 2210 parere
2686 2143 3018 2204 renuentes,
3048 2154 3233 2210 eoque
3261 2139 3544 2211 rescripto
3600 2140 3729 2198 ela-

2061 2231 2173 2292 tos,
2207 2227 2778 2299 contraﬁepiscopum
2811 2225 2927 2282 alia
2963 2231 3138 2299 atque
3169 2227 3282 2282 alia
3322 2228 3516 2283 moliri
3546 2246 3723 2302 expe-

2062 2314 2340 2370 riebatur.

2134 2404 2255 2458 130.
2290 2403 2404 2459 Hos
2435 2403 2675 2475 quidem
2724 2403 2958 2476 gravius
2989 2403 3211 2476 aliquid
3261 2409 3463 2461 contra
3493 2422 3556 2462 se
3591 2424 3722 2463 ma-

2059 2491 2327 2548 chinatos
2357 2509 2422 2548 eo
2465 2509 2697 2564 quoque
2728 2492 2822 2548 die
2863 2492 3175 2548 Dominicaa
3207 2510 3402 2561 omne,
3436 2511 3552 2567 quo
3586 2495 3722 2553 illos

2059 2581 2530 2646 communicavit,
2567 2599 2683 2636 non
2741 2582 2989 2637 obscure
3046 2581 3238 2636 innuit
3295 2600 3565 2639 sermone
3625 2601 3721 2640 se-

2058 2669 2249 2725 cundo
2281 2669 2352 2724 de
2384 2669 2685 2740 Paschate,
2717 2685 2893 2742 quem
2943 2669 3069 2742 ipso
3102 2670 3194 2728 die
3239 2671 3539 2728 Paschatis
3575 2673 3722 2729 anni

2057 2758 2361 2829 praesentis
2391 2759 2496 2812 968
2539 2757 2767 2813 habuit.
2796 2758 3114 2830 Postquam
3145 2759 3301 2815 enim
3336 2777 3573 2817 omnem
3604 2760 3722 2817 ini-

2057 2846 2340 2902 micitiam
2372 2847 2786 2917 adjiciendum,
2818 2852 2875 2902 et
2901 2847 2985 2902 vel
3018 2865 3052 2902 a
3081 2846 3234 2904 lamis
3266 2865 3470 2920 pacem
3503 2850 3723 2906 ineun-

2055 2935 2193 2990 dam
2224 2935 2574 3007 evangelicis
2599 2936 2792 2990 verbis
2812 2936 3083 3002 ostendit,
3110 2936 3229 2992 haec
3261 2937 3424 2993 addit
3449 2955 3616 2994 num.
3640 2941 3676 2994 3
3704 2957 3718 2996 :

2054 3048 2082 3075 ‹‹
2118 3025 2326 3096 Hujus,
2359 3027 2459 3081 sed
2491 3023 2634 3096 proh
2669 3023 2858 3079 dolor!
2915 3023 3141 3080 consilii
3196 3027 3255 3080 in
3311 3030 3542 3082 tantum
3575 3045 3719 3085 con-

2051 3117 2371 3185 temptores
2410 3113 2696 3184 quosdam
2727 3113 3020 3186 conspexi,
3051 3117 3108 3169 et
3138 3113 3362 3170 utinam
3413 3132 3530 3171 non
3581 3115 3718 3174 illos

2049 3201 2357 3274 prazcipue,
2391 3202 2491 3274 qui
2531 3201 2855 3257 debuerant
2894 3201 3026 3258 aliis
3069 3202 3289 3258 bonum
3318 3209 3485 3274 [CLXI]
3515 3220 3718 3261 exem-

2045 3291 2208 3364 plum
2240 3291 2514 3363 praebere,
2547 3294 2612 3346 ut
2653 3289 2830 3348 etiam
2859 3290 2992 3363 ipsi,
3028 3291 3128 3363 qui
3169 3308 3382 3365 panem
3429 3299 3709 3352 sanctum

285 3382 414 3437 Haec
465 3398 714 3437 censura
767 3380 1104 3452 Apologetico
1159 3377 1459 3433 refellitur.
1507 3378 1691 3450 Negat
1749 3378 1939 3450 primo
1970 3366 2014 3433 Ο
2049 3379 2133 3434 eis
2160 3379 2429 3434 mittebat
2457 3378 2518 3433 in
2560 3395 2656 3433 ore
2685 3379 2933 3434 dicendo
2968 3397 2980 3434 :
3016 3381 3220 3451 Corpus
3248 3381 3483 3449 (Domini
3530 3386 3717 3440 nostri

287 3470 596 3526 Ratherius
655 3487 716 3526 se
773 3468 1034 3542 potuisse
1091 3485 1220 3523 eam
1276 3467 1584 3540 pecuniam
1639 3466 1699 3521 in
1757 3466 1939 3523 alium

284 3577 460 3615 usum
493 3563 846 3624 convertere,
878 3575 1056 3630 quam
1100 3557 1159 3612 in
1213 3572 1369 3625 eum,
1404 3555 1497 3611 cui
1557 3556 1628 3611 ab
1686 3555 1938 3628 impera-

282 3653 408 3704 tore
455 3647 671 3703 tradita
727 3647 857 3701 fuit.
891 3647 1068 3701 Addit
1125 3644 1318 3700 nullos
1350 3645 1589 3700 Verona:
1647 3646 1939 3702 exstitisse

283 3752 594 3810 pauperes,
625 3734 725 3806 qui
776 3735 857 3788 ita
905 3734 1254 3805 indigerent,
1286 3737 1350 3788 ut
1398 3737 1502 3805 pro
1534 3733 1619 3789 eis
1650 3734 1721 3788 ab
1750 3733 1938 3790 eccle-

285 3824 507 3879 siarum
539 3821 919 3879 restructione
958 3822 1460 3892 supersedendum
1493 3826 1665 3877 esset.
1703 3823 1935 3878 Libera-

281 3911 506 3968 litatem
539 3909 958 3969 Veronensium
1005 3907 1226 3975 laudat,
1259 3909 1359 3979 qui
1392 3909 1472 3964 ita
1502 3914 1668 3965 erant
1697 3910 1753 3965 in
1790 3927 1934 3983 pau-

282 4017 451 4074 peres
483 3999 672 4068 effusi,
695 4004 762 4054 ut
807 3999 933 4054 sine
967 3996 1086 4052 ullo
1118 3996 1342 4052 delectu
1391 3996 1509 4053 illis
1559 4015 1791 4069 quoque
1821 3999 1935 4074 lar-

281 4088 415 4162 gius
447 4089 788 4159 tribuerent,
821 4086 920 4159 qui
952 4085 1200 4158 crapulae
1232 4090 1288 4140 et
1318 4086 1584 4140 ebrietati
1616 4073 1932 4154 servirent;

280 4194 497 4249 eosque
527 4177 702 4233 etiam
735 4177 804 4232 ad
852 4176 909 4230 id
953 4179 1086 4230 ante
1114 4174 1342 4242 horam,
1364 4174 1574 4246 jejunii
1609 4173 1756 4247 [CLX]
1789 4192 1933 4246 quo-

281 4283 393 4339 que
424 4263 948 4340 quadragesimalis
981 4267 1260 4336 tempore,
1293 4262 1727 4335 compellerent.
1749 4265 1935 4327 Quan-

277 4359 404 4410 tum
435 4355 593 4411 hisce
631 4354 989 4428 pauperibus
1021 4352 1380 4425 praeferenda
1431 4353 1508 4407 sit
1553 4351 1931 4408 ecclesiarum

277 4445 758 4500 restruendarum
831 4442 1185 4508 necessitas,
1259 4441 1643 4497 demonstrat.
1704 4443 1929 4497 Etenim

279 4555 308 4584 ιι
339 4533 595 4588 ecclesia:
625 4532 797 4587 istius
841 4531 1059 4602 patriae,
1087 4553 1115 4579 »
1140 4530 1330 4602 inquit
1368 4548 1532 4586 num.
1563 4533 1616 4599 5,
1643 4554 1670 4581 ‹‹
1707 4533 1929 4604 passim

277 4624 380 4676 aut
413 4618 681 4674 incendio
713 4634 1074 4691 paganorum
1109 4617 1187 4688 (id
1228 4621 1315 4673 est
1363 4619 1794 4692 Hungarorum,
1827 4621 1928 4692 qui

278 4706 388 4762 hoc
419 4704 632 4762 saeculo
692 4705 969 4778 religione
1019 4705 1270 4759 Ethnici.
1313 4705 1531 4776 pluries
1587 4707 1646 4764 in
1703 4709 1927 4765 Italiam

275 4795 597 4864 irruerunt)
637 4798 737 4850 aut
784 4793 1011 4848 incuria
1043 4793 1672 4866 pseudoepiscoporum
1712 4797 1833 4869 (qui
1873 4798 1933 4854 in

280 4882 536 4938 Ratherii
569 4882 762 4938 locum
797 4880 1006 4936 intrusi
1038 4882 1288 4950 fuerant)
1319 4888 1457 4937 sunt
1503 4883 1785 4940 universa:
1831 4892 1931 4941 aut

273 4971 510 5042 penitus
539 4971 764 5038 dirutae,
800 4975 901 5026 aut
949 4985 1162 5041 magna
1208 4987 1276 5024 ex
1325 4976 1486 5042 parte
1535 4973 1862 5028 destructas.
1900 4998 1927 5024 ››

274 5058 406 5114 Haec
459 5064 656 5114 autem
689 5058 1069 5115 ecclesiarum
1130 5060 1473 5114 restauratio
1514 5064 1570 5114 et
1613 5077 1754 5116 cura
1808 5068 1930 5119 tota

274 5151 418 5203 tunc
459 5147 741 5219 temporis
783 5149 852 5203 ad
897 5147 1234 5220 episcopum
1277 5147 1626 5219 pertinebat.
1665 5150 1718 5204 Is
1758 5168 1928 5222 porro

274 5235 453 5290 rebus
483 5233 776 5306 pluribus,
810 5252 875 5291 ac
933 5235 1254 5306 praesertim
1314 5234 1643 5308 hospitibus
1675 5238 1758 5293 ita
1805 5247 1930 5296 erat

274 5327 570 5395 gravatus,
617 5328 683 5378 ut
734 5341 848 5379 non
897 5323 1195 5390 habereat,
1226 5323 1382 5378 unde
1412 5325 1556 5379 satis
1584 5341 1836 5398 congrue
1866 5344 1929 5385 se

274 5415 452 5482 atque
507 5411 861 5469 domesticos
914 5411 1127 5478 aleret;
1161 5419 1235 5466 'ac
1288 5415 1595 5483 propterea
1647 5432 1809 5473 num.
1870 5421 1923 5474 2.

274 5521 303 5550 ‹‹
338 5498 565 5567 Nullos,
625 5500 842 5582 gratias
893 5501 1030 5568 Deo,
1074 5499 1406 5572 (pauperes)
1438 5500 1531 5556 hic
1582 5519 1711 5559 esse
1767 5522 1926 5562 com-

271 5587 454 5662 perio,
477 5609 505 5638 »
556 5587 770 5661 inquit,
808 5612 829 5639 ι
865 5588 1001 5655 nisi,
1061 5586 1328 5643 mirabile
1361 5588 1555 5644 dictu!
1617 5591 1924 5650 incredibi-

271 5677 442 5750 leque
495 5676 741 5732 auditu!
795 5694 908 5745 me,
942 5679 999 5732 et
1030 5691 1178 5748 quos
1239 5675 1390 5732 alere
1450 5681 1514 5732 ut
1571 5679 1926 5742 domesticos

273 5765 590 5839 debueram
639 5766 840 5856 ipse.»
869 5769 1013 5830 Cum
1066 5763 1263 5846 itaque
1317 5766 1507 5846 major
1562 5783 1690 5832 esse
1744 5771 1924 5836 eccle-

2047 3469 2174 3524 Jcsu
2207 3469 2414 3524 Christi
2434 3470 2611 3538 prosit
2642 3469 2746 3523 tibi
2774 3469 2834 3522 in
2880 3470 3050 3524 vitam
3095 3477 3382 3538 wternam,
3417 3487 3532 3526 non
3583 3489 3712 3529 ces-

2049 3562 2246 3616 sarent
2277 3556 2623 3630 perditionis
2656 3555 2898 3628 laqueos
2943 3558 3201 3625 tendere,
3233 3563 3291 3614 et
3321 3559 3489 3632 quasi
3520 3559 3711 3618 Pilato

2047 3647 2256 3703 diebus
2285 3647 2528 3712 eisdem,
2563 3645 2851 3716 Cruci/iga,
2878 3648 3136 3717 cruciﬁge
3166 3647 3440 3715 clamare,
3474 3665 3592 3704 non
3625 3665 3714 3705 re-

2047 3735 2268 3792 cordati
2299 3735 2567 3790 dicentis.
2603 3733 2698 3787 Va:
2730 3733 2911 3805 impio
2953 3735 3258 3807 proditori,
3285 3753 3365 3791 va:
3404 3736 3708 3809 complici-

2045 3825 2178 3892 bus,
2211 3824 2498 3895 hodieque
2550 3823 2607 3878 in
2656 3821 2920 3891 ecclesia,
2970 3823 3119 3894 ejus.
3156 3846 3183 3873 ››
3216 3823 3352 3892 Hos,
3388 3825 3446 3880 ni
3497 3826 3707 3898 resipi-

2045 3918 2230 3980 scant,
2249 3913 2413 3968 Judze
2439 3911 2764 3968 imitatores
2796 3911 3025 3967 futuros
3047 3913 3419 3985 praenuntiat,
3444 3913 3503 3968 in
3527 3931 3706 3986 quem

2045 4005 2178 4072 post
2207 3999 2492 4055 bucellam
2527 3998 2784 4055 introivit
2813 4001 3080 4068 Satanas,
3109 4023 3137 4050 «
3173 4001 3377 4072 utique
3407 4018 3511 4073 per
3541 4003 3706 4074 pravi

2043 4089 2236 4161 operis
2267 4088 2560 4154 effectum,
2594 4089 2693 4159 qui
2717 4090 2843 4159 jam
2876 4088 2934 4144 in
2967 4106 3033 4144 eo
3066 4105 3170 4162 per
3201 4089 3472 4162 malignae
3503 4090 3708 4146 volun-

2042 4177 2182 4233 tatis
2213 4181 2336 4232 erat
2367 4177 2662 4232 affectum.
2688 4199 2714 4225 υ

2117 4267 2238 4321 131.
2281 4265 2428 4329 Quid
2489 4269 2684 4320 autem
2743 4264 2827 4320 illi
2882 4265 3248 4336 molirentur,
3309 4267 3508 4324 statim
3570 4273 3706 4340 post

2041 4355 2266 4412 Pascha
2325 4353 2615 4426 apparuit.
2671 4355 2788 4410 Hac
2847 4355 2919 4409 de
2977 4372 3037 4410 re
3096 4357 3216 4428 agit
3273 4355 3585 4412 Ratherius
3639 4359 3700 4412 in

2041 4461 2309 4501 sermone
2360 4443 2424 4499 de
2457 4444 2672 4499 Octavis
2729 4443 2958 4499 Pascha?
3013 4461 3178 4499 num.
3212 4445 3263 4500 1.
3299 4467 3326 4493 ‹‹
3361 4443 3507 4499 Cum
3569 4451 3705 4516 post

2041 4532 2386 4599 buccellam,
2423 4554 2449 4580 »
2474 4532 2684 4603 inquit,
2737 4554 2763 4581 «
2821 4531 3122 4588 introisset
3176 4532 3233 4587 in
3292 4549 3392 4589 eos
3450 4533 3703 4591 Satanas

2039 4623 2217 4695 (Joan.
2258 4637 2382 4688 xm,
2425 4623 2517 4688 27)
2576 4637 2680 4691 per
2737 4621 3133 4691 operationem
3189 4621 3532 4693 malignam,
3595 4623 3702 4694 qui

1964 4731 2010 4797 Ι)
2044 4716 2178 4766 ante
2226 4710 2287 4764 in
2343 4710 2429 4764 eis
2479 4709 2712 4778 jamdiu
2746 4725 2849 4780 per
2881 4708 3266 4766 intentionem
3325 4712 3513 4766 fuerat
3567 4728 3702 4783 pes-

2046 4801 2288 4867 simam;
2324 4799 2493 4870 quasi
2550 4798 2852 4854 audissent
2904 4799 2976 4853 ab
3010 4815 3095 4865 eo,
3131 4800 3230 4870 qui
3290 4800 3373 4854 eis
3429 4801 3701 4857 eamdem

2039 4891 2372 4961 porrexerat
2398 4885 2720 4942 buccellam
2756 4903 2769 4942 :
2805 4887 2954 4956 Quod
2995 4889 3250 4959 facis,fac
3280 4889 3441 4943 citius
3487 4889 3699 4960 (Ibid),

2038 4978 2252 5032 abhinc
2281 4993 2396 5032 non
2437 4980 2814 5031 cessaverunt
2851 4977 3202 5046 quantocius
3243 4977 3504 5048 exsequi,
3538 4979 3700 5048 quod

2030 5067 2156 5137 jam
2224 5070 2428 5129 antea,
2492 5065 2779 5136 praecipue
2848 5069 2970 5119 tota
3034 5065 3146 5120 ista
3212 5064 3698 5137 quadragesima,

2039 5157 2270 5210 fuerant
2336 5153 2771 5210 machinati.....
2836 5158 3038 5208 contra
3104 5153 3376 5208 eumdem
3447 5153 3696 5223 scilicet,

2041 5259 2212 5314 quem
2246 5257 2339 5297 me
2370 5241 2488 5296 fore
2519 5257 2691 5296 nemo
2727 5241 2954 5296 utinam
2987 5241 3184 5311 sciret,
3217 5240 3416 5297 omnia
3446 5241 3700 5299 insidia-

2038 5349 2170 5387 rum
2237 5329 2559 5396 molimina,
2602 5345 2805 5386 omnes
2872 5329 3224 5386 falsissimas
3291 5330 3700 5387 concinnatio-

2036 5436 2140 5475 nes
2170 5417 2230 5474 in
2262 5417 2454 5489 palam
2513 5433 2616 5488 per
2673 5434 3058 5489 quoscunque
3086 5417 3397 5474 valuerunt
3453 5418 3702 5475 mitten-

2035 5513 2143 5575 tes,
2175 5507 2433 5578 taliaque
2462 5507 2533 5560 dc
2585 5522 2652 5561 eo
2692 5507 3000 5578 ﬁngentes,
3031 5505 3230 5578 qualia
3288 5523 3460 5563 nemo
3491 5515 3704 5579 posset

2034 5597 2287 5663 credere,
2325 5593 2438 5649 nisi
2497 5593 2591 5649 cui
2647 5598 2749 5649 aut
2803 5595 3029 5663 eadem,
3064 5598 3166 5650 aut
3223 5595 3448 5651 similia
3503 5595 3703 5654 multa

2035 5684 2380 5756 contigisset
2437 5681 2662 5739 fecisse.
2692 5705 2720 5732 ‹‹
2755 5683 2966 5739 Subdit
3022 5699 3216 5756 porro,
3250 5684 3392 5756 quid
3448 5683 3507 5738 in
3565 5685 3702 5756 ipsa

2034 5771 2300 5856 paschali
2329 5770 2700 5837 hebdomade
2729 5774 2927 5836 actum
2956 5771 3165 5849 fuerit;
3198 5772 3356 5839 unde
3383 5771 3701 5864 rebellith
