1984 3271
90 265 137 298 (33

584 266 889 302 PROLEGOMENA.
907 287 946 293 ——
960 264 1148 301 RATHERII
1170 266 1274 302 Vi'l‘A.

1731 270 1787 304 l34

91 333 253 370 malignitas,
269 336 299 362 et
327 332 462 372 iniquum
487 338 589 365 contra
617 345 649 364 se
677 336 827 365 molimem
849 345 900 373 pa-
913 337 942 372 Α
957 345 1116 373 pauperem
1132 338 1230 373 potius
1255 346 1343 374 quam
1373 338 1544 374 opulentum
1570 338 1730 368 declarant.
1756 340 1788 368 In

89 377 138 406 iam
163 378 278 414 prodiit.
301 379 486 416 Episcopales
511 381 588 409 aedes
617 381 726 418 partim
752 381 902 417 hospitum

89 431 174 457 causa,
189 423 296 459 partim
317 424 481 453 vicinorum
509 425 624 453 malitia
648 434 767 461 pessum
798 426 902 453 ferant.

89 477 100 491 «
123 466 302 504 Hospitantes
322 467 395 496 inibi
418 469 446 496 vi
475 472 504 497 et
532 471 676 506 potestate
691 479 750 498 non
775 472 902 504 cessant,

89 511 171 548 inquit
201 511 283 541 illam
320 513 454 550 (domum
493 514 702 551 episcopalem)
739 515 902 548 destruere,

87 564 126 584 me
139 564 192 584 non
207 556 324 585 valente
337 557 450 586 scilicet
470 558 588 586 illorum
604 558 692 586 alicui
708 559 902 587 resistere.....

88 600 218 637 imperiali
249 610 316 629 cum
347 604 461 631 constet
480 611 531 631 eos
546 603 583 631 de
597 603 725 631 exercitu
742 603 903 640 praesertim

86 644 178 679 redire,
205 645 252 674 vel
283 646 319 674 ad
349 646 433 675 illum
462 648 571 676 venire.
596 659 609 672 n
632 648 667 676 Et
693 650 759 684 post
787 657 902 685 pauca:

87 701 99 714 «ι
113 689 141 717 In
156 692 271 719 tantum
301 690 393 725 illam,
417 691 612 728 hospitantes,
627 692 657 720 in
673 701 718 726 ea,
748 693 905 721 destruunt

85 735 258 770 potestative,
288 738 321 764 ut
350 736 375 764 si
401 736 520 773 aliquis,
551 737 637 772 cujus
665 737 777 765 scilicet
807 737 903 770 refert,

85 778 146 807 illuc
155 780 372 809 consideratum
387 781 484 809 veniat
503 781 815 816 famulorum,statim
836 790 904 809 eum

84 824 336 860 comprehendant,
358 828 388 853 et
416 826 590 862 gravissime
618 826 810 862 ﬂagellatum,
834 826 906 854 loris

83 868 288 906 constringant.
311 881 326 894 υ
346 869 404 898 Hos
424 869 557 906 hospites
576 870 667 898 fuisse
678 871 841 906 praesertim
856 870 907 898 Ba-

79 913 184 948 jusrios
203 921 239 942 ex
259 913 400 950 epistolas
422 915 456 942 12
486 915 523 942 ad
551 915 740 943 Ambrosium
769 915 907 948 dicimus,

81 957 126 985 ubi
143 958 232 986 etiam
265 958 427 995 explicans,
458 959 582 995 quinam
610 959 728 993 fuerint,
750 970 764 984 ι(
785 958 873 986 vicini
894 970 905 983 v-

959 381 1164 418 appendicula,
1195 390 1286 418 quam
1315 382 1372 418 ipsi
1402 385 1503 419 postea
1530 383 1623 416 addit,
1651 384 1722 412 dum
1759 393 1789 412 sc

958 433 1075 462 sperare
1084 425 1126 454 ait
1136 437 1150 451 ‹‹
1165 426 1382 463 elongationem
1389 426 1577 463 promissam,
1591 438 1605 452 υ
1614 427 1675 456 ι]ωο
1686 440 1700 453 ‹‹
1713 428 1790 456 elon-

958 470 1036 507 gatio
1065 481 1080 495 »
1105 470 1156 498 illa
1179 478 1244 499 esse
1268 471 1394 505 videtur,
1412 471 1447 500 de
1472 480 1531 508 qua
1559 471 1587 499 in
1617 472 1741 508 epistola
1757 473 1789 501 13

959 515 994 542 ad
1017 514 1188 542 Adelaidem
1216 515 1432 552 imperatricem
1456 516 1498 544 ait
1522 524 1560 544 τα
1578 516 1714 553 Elongari
1739 526 1790 553 po-

958 559 1018 586 tius
1034 559 1203 594 salubriter,
1220 562 1249 588 et
1264 560 1396 588 habitare
1412 561 1440 587 in
1469 561 1640 589 monasterii
1657 562 1714 589 mei
1740 562 1790 590 de-

959 603 1055 631 sidcro
1071 603 1241 632 solitudine.
1259 615 1272 630 υ
1294 603 1367 632 Cum
1392 604 1501 633 scilicet
1519 608 1561 633 tot
1575 605 1724 642 tantisque
1739 606 1791 634 Ve-

959 647 1131 676 ronensium
1143 649 1412 677 machinationibus
1427 652 1558 682 vexatus,
1571 649 1600 677 in
1616 650 1790 686 episcopatu

958 701 1061 728 pacem
1077 702 1195 729 sperare
1223 702 1281 722 non
1306 696 1415 730 posset,
1442 694 1477 722 de
1493 703 1526 722 eo
1551 694 1673 722 tandem
1690 695 1791 723 dimit-

958 737 1046 765 tendo
1070 738 1200 774 cogitare
1215 739 1302 774 cmpit
1319 747 1325 766 :
1343 747 1431 775 quem
1458 741 1557 766 tamen
1588 747 1656 766 cum
1688 741 1792 775 sponte

961 781 1109 810 dimittere
1136 782 1212 818 [Vid.
1242 791 1326 819 supra
1355 783 1620 819 n.‘66.]illicitum
1650 783 1791 817 crederet,

960 825 1113 862 imperiale
1128 829 1318 863 prmceptum,
1346 836 1405 863 quo
1429 827 1544 856 Verona
1569 830 1722 864 cogeretur
1744 828 1793 855 de-

961 870 1076 903 cedere,
1092 873 1120 898 et
1148 871 1184 898 ad
1200 872 1413 899 monasterium
1439 874 1538 907 posset
1562 872 1658 900 redire
1685 873 1792 908 [cnxm]

963 914 1157 949 desiderasse,
1185 918 1214 943 et
1226 915 1318 951 hujus
1342 916 1461 952 quidem
1485 916 1621 953 pracepti
1651 916 1793 945 indicium

964 959 1112 995 accepisse
1126 959 1250 994 videtur,
1264 960 1334 988 dum
1360 960 1389 988 in
1407 960 1460 988 hac
1475 960 1671 997 appendicula
1683 972 1697 986 «
1714 961 1793 989 elon-

82 1002 204 1031 esmdem
234 1003 360 1031 domum
390 1003 589 1037 destruentes,
610 1014 625 1028 α
645 1003 787 1039 Bajuarii,
813 1003 910 1040 inquit
924 1024 949 1057 Β
963 1003 1092 1039 gationis
1109 1004 1262 1040 promissa:
1280 1016 1293 1029 »
1311 1005 1489 1032 mentionem
1506 1005 1581 1033 fecit.

81 1055 155 1075 num.
184 1048 211 1081 4,
238 1050 270 1076 et
286 1048 373 1083 juxta
403 1048 492 1084 positi
523 1048 633 1081 clerici,
654 1051 683 1076 et
711 1048 816 1076 famuli
837 1056 910 1084 prae-

82 1091 157 1128 cipue
174 1092 350 1120 destruunt.
371 1103 385 1118 »
407 1092 488 1120 Ostia
509 1104 522 1117 ‹‹
545 1093 652 1128 partim
666 1093 762 1127 furto,
781 1104 795 1118 »
815 1093 844 1121 id
864 1095 910 1121 est

80 1135 158 1170 clam,
178 1147 193 1163 α
214 1136 329 1173 partim
349 1137 375 1164 vi
397 1137 494 1165 ablata
513 1148 528 1162 ν
550 1137 658 1165 ibidem
684 1139 906 1172 commemorat,

81 1183 106 1208 et
122 1181 323 1218 quadraginta
341 1181 401 1209 fere
421 1181 511 1210 libras
532 1182 561 1209 in
573 1182 817 1210 restaurationem
829 1183 907 1218 ejus-

79 1224 139 1253 dem
157 1226 269 1254 domus
290 1234 322 1255 se
341 1226 514 1263 expendisse
530 1227 820 1263 testatur,sexiesque
833 1227 908 1255 ostia

79 1269 260 1305 restituisse;
281 1271 334 1299 sed
354 1270 429 1298 nihil
449 1271 544 1307 [cum]
566 1271 684 1308 profuit.
708 1272 748 1300 Ea
765 1280 832 1299 vero
853 1272 909 1299 fuit

77 1314 263 1344 inimicorum
295 1315 476 1351 malignitas,
499 1319 531 1344 ut
559 1316 608 1352 qui
629 1324 663 1344 ea
687 1316 796 1344 damna
814 1316 908 1353 patie-

77 1357 159 1386 batur
176 1359 524 1397 episcopus,eorumdem
545 1361 721 1388 damnorum
742 1362 909 1388 auctortra-

74 1402 238 1432 duceretur.
261 1404 328 1433 Haec
353 1413 414 1433 una
437 1413 472 1433 ex
496 1405 652 1442 praecipuis
672 1405 909 1434 accusationibus

74 1447 135 1481 fuit,
156 1456 223 1485 qua
245 1451 281 1477 ut
309 1449 382 1477 satis
408 1449 532 1485 probata
557 1450 594 1477 ad
625 1449 832 1486 imperatorem
857 1451 909 1478 de-

71 1491 204 1528 ferretur,
227 1493 260 1522 in
291 1494 358 1530 ipsa
385 1494 517 1531 paschali
547 1494 734 1522 hebdomade
760 1495 824 1523 duae
844 1503 909 1531 per-

1001 1048 1062 1075 133.
1077 1048 1140 1076 Non
1156 1049 1206 1076 diu
1231 1057 1302 1076 sane
1324 1049 1414 1077 dilata
1436 1058 1482 1078 res
1504 1050 1569 1077 fuit.
1586 1050 1689 1077 Nanno
1714 1050 1793 1078 enim

963 1092 1083 1120 Verona:
1097 1101 1195 1121 comes
1208 1096 1349 1129 tanquam
1363 1095 1461 1121 missus
1482 1094 1516 1121 de
1528 1098 1606 1130 parte
1621 1095 1794 1131 imperatoris

963 1135 992 1162 in
1024 1137 1096 1164 festo
1125 1138 1414 1166 commemorationis
1446 1139 1539 1166 sancti
1573 1139 1657 1167 Pauli
1686 1139 1733 1167 die
1758 1140 1794 1167 30

961 1179 1041 1208 Junii
1059 1183 1161 1210 contra
1186 1182 1358 1211 Ratherium
1389 1182 1531 1219 placitum
1558 1183 1672 1212 habuit.
1699 1183 1794 1220 «Ipsa

962 1224 1040 1252 beati
1068 1225 1151 1254 Pauli
1180 1226 1306 1262 apostoli
1334 1227 1521 1255 solemnitate
1549 1227 1604 1262 (uti
1629 1226 1738 1264 legitur
1764 1228 1793 1255 in

962 1269 1087 1305 epistola
1108 1271 1141 1298 12
1167 1279 1250 1299 num.
1267 1271 1295 1305 4)
1311 1280 1385 1307 pene
1409 1273 1472 1299 tota
1501 1271 1605 1299 civitas
1631 1272 1737 1305 adfuit,
1766 1274 1796 1299 et

963 1312 1070 1342 'sedens
1085 1314 1187 1343 Nanno
1213 1323 1265 1351 pro
1290 1315 1432 1343 tribunali
1455 1316 1497 1344 ita
1510 1323 1596 1344 orsus
1611 1317 1657 1343 est
1670 1315 1762 1351 loqui.
1780 1327 1794 1340 ι)

963 1359 1095 1391 Quatuor
1109 1360 1331 1387 accusationum
1348 1360 1444 1396 capita
1467 1359 1570 1387 Nanno
1593 1359 1701 1396 populo
1728 1368 1794 1396 pro-

963 1402 1072 1438 posuit.
1100 1403 1231 1431 Primum
1256 1404 1292 1432 de
1314 1407 1397 1440 prato
1417 1404 1504 1440 juxta
1528 1404 1638 1433 flumen
1664 1404 1793 1438 Athesis,

964 1447 1041 1482 quod
1066 1455 1135 1475 cum
1161 1448 1311 1476 venientes
1340 1450 1368 1476 et
1397 1449 1539 1477 abeuntes
1562 1457 1619 1477 non
1645 1451 1795 1477 cessarent

964 1491 1134 1526 detundere,
1171 1494 1200 1520 et
1232 1492 1329 1520 vineta
1355 1493 1381 1520 ei
1418 1492 1557 1529 contigua
1585 1493 1791 1528 devastarent;

72 1544 147 1565 sons
166 1538 198 1566 in
228 1539 310 1566 urbe
338 1538 536 1573 dominantes,
569 1539 662 1575 pretio
688 1541 842 1576 corruptae,
872 1540 908 1567 ad
964 1536 1120 1572 episcopus
1143 1537 1219 1564 arari
1240 1537 1382 1573 jusserat,
1406 1545 1438 1566 ac
1465 1537 1494 1565 in
1513 1546 1547 1566 eo
1564 1537 1691 1565 millium
1707 1537 1795 1566 semi-

71 1581 325 1612 oonsidemndam
345 1583 524 1620 episopalem
552 1584 674 1612 domum
702 1583 908 1612 circumducta:
964 1581 1038 1608 nari.
1066 1581 1202 1609 Nanuoni
1229 1584 1327 1609 autem
1353 1582 1557 1619 interroganti,
1583 1594 1596 1607 ‹‹
1611 1582 1686 1615 Quid
1710 1582 1793 1610 vobis

72 1625 201 1655 fuerunt.
232 1627 304 1656 Una
329 1627 386 1655 fuit
414 1628 492 1664 [Vid.
512 1632 568 1656 ποι,
589 1629 608 1656 5
627 1628 655 1656 in
684 1637 773 1657 εει-ω,
799 1629 832 1657 de
851 1629 907 1657 θει,
963 1625 1080 1653 videtur
1107 1626 1143 1653 de
1164 1626 1220 1655 isto
1250 1628 1343 1663 prato,
1369 1635 1457 1663 quem
1486 1629 1638 1655 exaratum
1667 1627 1793 1655 videtis?

69 1669 196 1708 Paw/ig]
225 1671 338 1700 Nanno
368 1672 489 1700 Veronae
516 1681 614 1700 comes
646 1673 782 1701 Ramex-io
810 1673 908 1701 infen-
964 1670 1179 1706 responderunt
1194 1671 1495 1699 unanimiteromnes:
1511 1670 1674 1699 Pessime.»
1686 1671 1794 1699 Secun-

70 1714 221 1750 sissimus,
242 1716 344 1744 altera
362 1716 484 1744 forsitan
505 1717 561 1744 fuit
579 1717 752 1745 vicecomes.
774 1717 907 1746 Rebelles
923 1710 944 1743 ί]
963 1714 1034 1742 dum
1050 1717 1138 1751 caput
1149 1716 1184 1743 ad
1197 1716 1319 1744 domum
1334 1715 1530 1752 episcopalem
1541 1715 1702 1751 spectabat.
1713 1714 1794 1742 Nan-

71 1761 166 1788 autsm
186 1762 290 1789 totam
321 1760 439 1797 culpam
468 1761 633 1797 rejicientes
662 1762 691 1789 in
723 1762 906 1799 episcopum,

72 1814 84 1827 «ι
112 1813 159 1833 me
198 1805 442 1839 mendacissimi,
482 1805 523 1834 ait
552 1815 634 1834 num.
674 1807 687 1834 1
726 1806 759 1835 de
791 1807 907 1841 Octavia,

70 1849 222 1879 conductis
241 1849 520 1879 consideratoribus
540 1853 680 1879 accusant
698 1851 834 1879 eamdem
859 1851 908 1879 de-

69 1894 190 1929 struere,
213 1894 310 1932 qnasi
330 1894 425 1931 possit
443 1903 509 1923 esse
528 1895 678 1930 credibile,
699 1898 733 1924 ut
757 1896 834 1931 quod
855 1903 909 1932 ego

68 1938 144 1966 tanto
164 1939 226 1968 mei
247 1938 409 1968 construxi
429 1939 593 1976 dispendio,
610 1942 661 1968 aut
673 1940 823 1968 destruam
834 1940 908 1976 ipse,

67 1984 115 2010 aut
131 1983 253 2012 destrui
275 1984 379 2021 patiar
403 1986 517 2020 sponte.
539 1996 553 2009 n
575 1984 640 2012 Hec
670 1984 749 2012 mala
773 1984 908 2012 nonnulli

65 2033 95 2054 eo
122 2028 306 2058 referebant
334 2028 414 2065 quod
443 2029 600 2065 episcopu
628 2029 657 2057 in
692 2029 908 2066 episcopalibus

63 2071 172 2100 aedibus
191 2081 258 2101 non
286 2075 468 2101 moraretur.
490 2073 598 2101 Verum
619 2074 776 2110 respondet
795 2074 825 2101 in
845 2074 908 2110 epi—

61 2115 132 2145 stola
151 2117 188 2145 12
206 2118 247 2146 ad
267 2117 467 2146 Ambrosium
498 2126 581 2146 num.
603 2119 628 2146 4.
651 2130 664 2143 ‹‹
686 2121 718 2146 In
744 2127 778 2146 ea
797 2119 907 2155 (domo)

60 2158 141 2189 illum
169 2162 292 2191 versari
327 2162 676 2191 inconvenientissimum
706 2163 771 2197 fuit,
801 2171 837 2191 ne
857 2165 908 2191 aut

61 2206 372 2242 comprehenderetur
400 2209 433 2234 ut
457 2206 539 2240 olim,
571 2209 632 2242 aut,
654 2207 679 2235 si
699 2215 730 2235 se
753 2207 907 2242 defendere

59 2253 226 2286 conaretur,
247 2252 328 2289 igne
353 2251 488 2280 adhibito
507 2252 569 2288 (qui
591 2252 670 2280 enim
690 2252 798 2289 vulgus
817 2252 907 2280 Vero-

59 2301 145 2324 nense
162 2304 230 2325 non
249 2296 384 2332 audet?)
398 2296 613 2333 circumposita
634 2292 753 2333 propter
771 2305 838 2325 eum
859 2297 908 2325 ba-

57 2338 142 2368 silica
160 2343 394 2370 cremarentur.
415 2341 445 2369 Si
465 2343 605 2369 neutrum
624 2349 692 2369 vero
712 2341 905 2378 contingeret,

58 2384 124 2419 quid
144 2385 273 2422 fuerat,
297 2393 373 2415 cum
392 2387 516 2414 exeunte
545 2394 580 2414 ex
609 2394 644 2414 ea
663 2394 722 2414 uno
741 2394 776 2414 ex
794 2389 903 2414 vestra-
921 2395 944 2428 Β

57 2427 132 2458 tibus
151 2431 195 2467 (id
217 2432 269 2460 est
289 2429 455 2460 Germanis
474 2431 511 2459 ad
532 2430 720 2467 imperatoris
745 2431 905 2459 exercitum

55 2474 336 2510 proﬁciscentibm,
357 2474 401 2504 vel
418 2475 524 2504 exinde
535 2475 739 2512 redeuntibus)
760 2475 902 2512 principe,

54 2517 120 2548 alter
137 2520 166 2549 ei
185 2520 390 2555 succederet,
410 2519 454 2548 illi
474 2519 563 2554 alius,
583 2520 661 2549 alius
681 2520 751 2549 item
772 2520 838 2548 illi?
853 2520 904 2548 Po-

53 2564 160 2593 teratns
180 2572 256 2594 eum
278 2564 352 2594 illis
361 2564 520 2601 episcopus
530 2564 560 2593 in
572 2573 633 2593 una
642 2565 730 2592 domo
742 2564 851 2592 versari
863 2564 877 2592 ?
889 2576 903 2589 ››

54 2605 181 2645 ldipsum
202 2609 278 2640 aliis
297 2609 405 2638 verbis
423 2609 521 2646 tangit
541 2609 570 2637 in
591 2617 727 2638 sermone
741 2609 774 2637 de
798 2610 904 2637 Octavi:

55 2653 161 2683 Puch:
180 2663 274 2684 num.
295 2655 330 2683 2.
343 2653 468 2682 Interim
479 2662 537 2683 non
549 2654 662 2682 destitit
673 2654 796 2683 rebelles
807 2653 904 2682 adhuc

55 2696 84 2725 ιδ
104 2707 210 2736 pacem
230 2697 371 2728 hortari.
390 2697 466 2727 Vide
483 2698 582 2735 ipsum
603 2698 812 2728 sermonemde
824 2699 902 2726 Octa-

56 2741 90 2768 via
102 2743 339 2779 Pm,uiinm
359 2746 424 2779 post
436 2743 549 2776 Pascha,
566 2744 595 2771 et
622 2743 787 2771 secundum
807 2743 840 2770 de
853 2743 903 2770 As-

17 2819 23 2827 ,
56 2789 172 2819 αυίου
187 2788 326 2824 Damt,
346 2787 402 2824 qui
421 2787 478 2816 hoc
496 2787 600 2816 eodem
619 2796 697 2816 anno
715 2787 769 2815 968
788 2786 903 2816 recitati

60 2829 178 2863 inerunt.

88 2877 143 2907 t32.
158 2881 249 2910 Anno
259 2877 382 2909 eodem
389 2876 548 2906 Ratherius
556 2878 755 2906 Testamentum
771 2877 902 2917 scripsit,

63 2921 134 2962 meo
142 2919 310 2960 exordium
332 2921 484 2964 pietatem
494 2921 589 2962 spirat
608 2929 616 2952 :
636 2921 734 2963 legata
751 2929 820 2954 vero
835 2929 903 2953 eum

964 1759 1034 1787 noni
1049 1768 1116 1788 vero
1130 1760 1271 1797 quaerenti
1283 1768 1290 1787 :
1306 1759 1404 1791 «Quid
1423 1759 1565 1795 judicutis
1576 1759 1611 1786 de
1622 1758 1680 1787 ista
1694 1758 1792 1793 domo,

963 1811 1052 1839 quam
1069 1804 1111 1832 sic
1126 1805 1307 1832 destructum
1327 1803 1452 1831 videtis?
1467 1802 1558 1839 Culpa
1581 1804 1627 1830 est
1653 1801 1793 1839 episcopi,

964 1856 1067 1875 omnes
1082 1848 1270 1884 respondent.
1287 1847 1419 1875 Tertium
1436 1849 1524 1883 caput
1537 1846 1666 1875 Ratherii
1680 1847 1794 1875 Iudica-

964 1896 1023 1920 tum
1038 1892 1223 1928 respiciebat,
1249 1901 1307 1929 quo
1336 1892 1479 1920 beneﬁcia
1508 1892 1643 1928 quardam
1670 1891 1794 1929 ingratis

965 1937 1127 1973 majoribus
1143 1936 1267 1973 clericis,
1295 1946 1346 1966 seu
1377 1936 1526 1965 canonicis
1558 1937 1595 1965 ab
1624 1945 1657 1965 eo
1683 1936 1792 1971 ablata,

963 1981 1084 2018 inopum
1101 1981 1273 2010 clericorum
1301 1982 1508 2011 sustentationi
1533 1981 1651 2010 addicta
1665 1981 1790 2009 fuerant.

963 2027 1048 2061 Quid,
1079 2037 1093 2051 α
1119 2027 1217 2063 inquit
1244 2027 1322 2055 idem
1349 2027 1463 2061 Nanno,
1481 2038 1495 2052 ‹‹
1515 2027 1552 2054 de
1580 2026 1646 2054 istis
1676 2025 1792 2054 clericis

963 2071 1003 2106 (id
1020 2074 1064 2099 est
1093 2071 1278 2107 majoribus),
1301 2071 1352 2107 qui
1380 2079 1436 2099 sua
1462 2070 1605 2099 beneﬁcia
1628 2070 1670 2098 ita
1697 2069 1793 2106 perdi-

962 2116 1087 2144 derunt?
1117 2116 1359 2144 Exclamaverunt
1385 2123 1489 2143 omnes
1514 2123 1521 2143 :
1547 2113 1628 2142 Nihil
1651 2114 1747 2150 pejus.
1779 2125 1793 2138 n

962 2162 1105 2194 Quartum
1121 2162 1209 2196 caput
1233 2160 1288 2187 fuit
1305 2167 1311 2186 :
1331 2170 1345 2185 ιι
1361 2159 1436 2192 Quid
1463 2159 1498 2186 de
1512 2166 1546 2186 eo
1559 2157 1650 2193 quod,
1666 2156 1692 2185 si
1707 2157 1794 2186 cleri-
1851 2150 1854 2151 ν

962 2214 1025 2239 cus,
1043 2207 1094 2233 aut
1111 2204 1240 2232 famulus
1254 2203 1350 2240 ipsius
1364 2211 1415 2239 per
1429 2210 1516 2230 suam
1531 2202 1712 2230 voluntatem
1735 2209 1795 2228 non

962 2250 1023 2278 adit
1037 2251 1157 2278 vocatus
1169 2248 1352 2285 episcopum,
1369 2246 1417 2275 ille
1433 2255 1502 2274 suos
1522 2245 1676 2274 baculares
1691 2244 1792 2279 mittit,

962 2296 990 2323 et
1005 2303 1056 2331 per
1072 2295 1246 2330 potestatem
1271 2301 1339 2321 eum
1362 2292 1491 2329 rapiunt,
1507 2293 1536 2319 et
1560 2290 1597 2318 ad
1622 2290 1793 2327 episcopum

961 2338 1095 2367 ducunt?
1110 2338 1172 2373 Hic,
1197 2346 1265 2366 cum
1290 2345 1394 2366 omnes
1423 2336 1494 2365 illud
1510 2335 1719 2364 Terentianum
1744 2343 1794 2363 va-

962 2384 1087 2412 luissent
1107 2383 1277 2420 justissime
1300 2382 1479 2419 respondere
1496 2389 1502 2409 :
1521 2380 1542 2408 Ο
1568 2381 1679 2408 factum
1698 2379 1791 2408 bene!

961 2429 1081 2465 porcino
1094 2427 1189 2464 magis
1205 2427 1333 2456 universi
1359 2427 1608 2463 concrepavcrunt
1624 2424 1759 2453 stridore.
1777 2434 1792 2449 ιι

958 2474 1061 2503 Nanno
1089 2472 1211 2500 tandem
1242 2471 1390 2509 imperiali
1417 2470 1591 2499 auctoritate
1616 2467 1792 2498 sententiam

959 2518 1029 2546 tulit
1042 2517 1090 2545 his
1114 2517 1210 2545 verbis
1229 2525 1235 2544 :
1254 2515 1393 2545 «Missus
1419 2515 1503 2544 vobis
1533 2513 1625 2542 exiato
1654 2512 1690 2540 de
1710 2513 1794 2548 parte

960 2562 1146 2599 imperatoris
1161 2563 1190 2589 et
1212 2562 1339 2589 dominae
1366 2569 1437 2588 mete
1460 2558 1614 2594 (nimirum
1642 2555 1792 2585 Adelaidis

960 2600 1168 2643 imperatricis)
1198 2607 1232 2633 ut
1260 2605 1284 2634 si
1319 2605 1424 2633 amodo
1454 2602 1562 2639 aliquis
1590 2601 1709 2630 illorum
1738 2600 1794 2628 hoc

960 2659 1045 2689 agere
1059 2650 1146 2679 fuerit
1161 2659 1263 2683 ausus,
1282 2650 1318 2678 ab
1340 2648 1478 2677 omnibus
1504 2647 1531 2676 ei
1557 2645 1716 2674 resistatur
1739 2652 1792 2680 pro

960 2695 1083 2723 viribus.
1098 2706 1109 2720 υ
1128 2694 1172 2722 Ita
1194 2693 1349 2722 rebellium
1372 2693 1488 2722 animos
1503 2693 1606 2720 contra
1620 2689 1792 2726 episcopum

959 2740 1038 2769 acuit
1067 2742 1096 2768 et
1111 2738 1255 2767 excitavit.
1281 2738 1347 2766 Mox
1376 2745 1444 2766 vero
1472 2735 1630 2765 Judicatum
1657 2730 1792 2767 ejusdem

958 2784 1087 2822 episcopi
1112 2783 1199 2820 plane
1223 2782 1340 2811 irritum
1367 2779 1535 2809 declaravit.
1545 2788 1564 2823 ru
1577 2778 1709 2823 cumque
1723 2772 1794 2823 "hoc

958 2816 1090 2864 dixisset,
1108 2816 1123 2854 ιί
1147 2827 1229 2856 addit
1256 2827 1424 2860 Ratherius,
1449 2820 1627 2864 «quidquid
1651 2816 1793 2864 omnibus

958 2873 1136 2904 adversariis
1163 2872 1238 2901 meis
1266 2870 1459 2904 abstuleram,
1473 2870 1503 2897 et
1529 2872 1582 2901 Pe“
1596 2863 1792 2910 “WE

1149 2899 1463 2956 ambrosioimismu
1489 2899 1678 2962 pauperculi!
1705 2899 1803 2939 “mla,-
