1984 3231
121 208 177 238 Ml

635 193 943 239 PROLEGOMENA.
957 223 996 232 -
1011 209 1200 242 nussum
1223 209 1325 241 VITA.

1782 215 1839 245 M2

121 273 220 311 aliquo
231 273 295 311 pari
309 274 376 302 fuco
393 273 529 302 Ratherio
549 274 657 307 afﬁcta,
674 276 702 302 et
715 283 732 302 ιι
748 274 890 303 Fulcuino
905 275 950 302 in-
965 275 994 309 Α
1009 275 1038 303 in
1054 276 1240 305 institutione
1269 276 1400 305 Ratherii
1431 277 1512 305 nulla
1526 277 1570 305 vis
1599 277 1764 307 intercessit
1781 288 1787 307 :
1805 289 1838 308 ac

121 321 206 347 caute
220 319 331 347 ebibita
345 318 418 347 satis
440 318 558 347 videtur
580 319 719 355 abstergi.
744 319 839 348 Aliam
864 319 952 348 etiam

120 363 300 400 emptionem
316 363 477 391 Fulcuinus
502 372 528 391 ο.
544 364 580 391 28
605 363 692 392 refert
711 363 840 392 ecclesiis
857 359 968 392 sancti~

119 407 262 445 Dionysii,
269 416 359 445 quam
368 407 524 436 Ratlicrius
532 420 546 433 ‹‹
559 408 665 436 comite
675 407 816 437 Rotherto
829 410 951 443 emerat,

117 452 222 490 viginti
233 452 377 481 librarum
389 453 485 481 taxato
495 453 600 489 pretio.
619 464 632 478 ››
652 453 691 480 Ex
702 453 796 481 abusu
807 453 871 489 ejus
882 455 950 481 eta-

116 497 154 525 tis
170 496 314 531 ecclesias,
329 505 395 532 qum
419 496 552 525 redditus
577 496 736 531 habebant,
754 497 782 525 in
811 497 950 525 militaris

114 541 251 569 beneﬁcii
264 542 389 569 formam
404 540 489 570 laicis
503 541 580 569 tradi
596 541 740 570 solebant.
754 536 948 570 Illam'sancti

112 585 258 623 Dionysii,
274 594 338 623 qua:
354 585 382 613 in
392 586 524 614 Rotherti
537 586 654 614 comitis
664 586 840 616 beneﬁcium
850 588 947 615 trans-

111 630 197 664 ierat,
217 630 391 659 Ratherium
406 630 510 667 viginti
526 630 611 659 libris
623 624 795 665 redemisse,
812 634 840 660 et
855 631 885 659 in
895 632 947 667 jus

112 675 348 704 ecclesiasticum
365 674 493 703 voluisse
505 675 659 703 restituere
676 676 782 711 conjici
798 678 904 712 potest.

147 720 212 748 142.
227 720 312 748 Nunc
326 719 565 755 simultatis,qu:e
575 719 718 747 Fulcuino
729 728 796 748 cum
808 720 947 748 Ratherio

110 763 291 798 intercessit,
308 763 383 792 ratio
405 763 578 800 explicanda
599 766 653 792 est.
670 764 741 792 Rem
767 764 810 792 sic
829 765 947 801 exponit

111 808 191 838 idem
208 807 383 838 Euleuinus.
403 802 417 833 ἆ
434 810 500 844 Ipse
513 819 527 834 ››
554 807 734 845 (Ratlierius)
751 820 765 835 «
780 807 878 837 locum
895 817 946 837 no-

109 855 208 880 strum
217 861 338 888 semper
347 861 514 888 exsecraris,
526 852 624 880 abbati
638 864 651 877 n
669 852 833 889 (Fulcuino)
849 865 863 878 α
877 853 947 881 insi-

110 897 174 925 dias
190 896 432 931 machinabatur,
443 896 658 933 instigantibus
673 905 742 925 eum
758 897 794 925 ad
807 890 862 925 hoc
878 906 948 925 non-

109 941 295 975 nullis.Quid
313 941 400 970 multi
415 941 536 969 morer?
550 941 592 969 Ad
608 941 664 969 hoc
681 950 728 969 res
742 941 833 976 venit,
849 944 883 970 ut
897 942 947 970 ab-

108 986 161 1015 bas
174 987 300 1015 cederet
313 985 390 1022 loco,
406 985 504 1014 sciens
519 985 561 1013 sic
575 993 694 1022 quoque
709 984 825 1023 [aLxqu
836 987 946 1023 episco-

107 1039 177 1067 pum
194 1043 210 1057 n
225 1030 427 1066 (Everaclum)
436 1042 450 1056 (ι
467 1029 551 1063 velle,
564 1038 632 1058 nam
643 1030 799 1058 deeonihil
811 1033 945 1059 nostrum

107 1075 185 1105 aliud
201 1078 255 1104 est
269 1075 376 1103 dicere.
390 1074 545 1103 Ratherius
557 1076 590 1102 ut
600 1075 768 1104 ostenderet
775 1075 882 1111 prioris
892 1075 945 1103 ini-

108 1119 226 1149 micitia:
244 1128 366 1153 causas,
383 1119 479 1148 locum
496 1118 618 1153 invadit,
634 1121 662 1147 et
677 1122 813 1148 metuens
828 1119 944 1149 abbatis

107 1164 345 1198 animositatem,
358 1163 507 1200 simulque
516 1164 720 1200 cognationem
732 1164 874 1200 ejus,qua:
885 1173 942 1193 non

105 1211 168 1238 erat
182 1209 305 1242 intima,
319 1208 483 1236 claustrum
499 1209 528 1236 in
545 1208 665 1236 modum
676 1208 787 1236 castelli
803 1209 943 1245 cingit,de

104 1261 283 1282 mammona
297 1252 365 1287 sibi,
382 1255 415 1280 ut
443 1252 568 1286 dicebat,
597 1253 724 1286 residuo,
745 1253 942 1289 quorumdam

105 1298 279 1336 principum
293 1297 329 1326 ad
347 1297 401 1325 hoc
415 1299 514 1334 empto
521 1297 677 1333 adjutorio.
688 1297 816 1326 Ecclesia
825 1306 942 1334 quoque

106 1343 203 1372 sancti
227 1341 373 1380 Dionysii,
391 1350 480 1378 quam
509 1343 620 1370 emerat
635 1351 652 1370 a
667 1343 785 1370 comite.
802 1342 942 1371 Rotberto

104 1387 209 1424 viginti
219 1387 369 1415 librarum
379 1388 477 1414 taxato
488 1386 591 1422 pretio,
599 1387 689 1422 hujus
701 1387 741 1414 rei
750 1395 839 1415 causa
853 1395 942 1423 spon-

104 1433 132 1459 te
147 1431 269 1465 caruit;
283 1439 338 1459 nec
353 1430 435 1466 quid,
463 1433 619 1466 quantum,
637 1430 720 1458 cuive
749 1431 786 1458 ob
802 1430 832 1458 id
848 1431 941 1465 daret,

107 1475 277 1513 quidquam
292 1475 378 1512 pensi
389 1474 582 1507 habuit.0uid
593 1474 680 1511 plura
689 1475 703 1503 ‘I
713 1476 816 1503 Annus
836 1475 884 1503 ille
900 1476 941 1504 sic

104 1521 210 1549 ductus
222 1522 381 1556 est,usque
391 1519 462 1547 dum
482 1519 641 1548 defunctus
660 1521 704 1547 est
722 1520 864 1548 Evracrus
879 1521 941 1557 epi-

102 1573 223 1602 scopus,
241 1567 274 1593 et
287 1564 319 1592 in
341 1563 406 1592 loco
421 1564 484 1600 ejus
508 1564 654 1592 Notkerus
684 1564 871 1593 successit....
889 1565 939 1601 qui

102 1609 204 1638 uolens
214 1607 385 1647 primordia
399 1617 452 1637 sua
465 1608 550 1642 levia,
567 1611 618 1636 aut
632 1609 811 1645 praecipitata
826 1609 937 1643 haberi,

1009 322 1163 360 propterea
1173 320 1334 349 Fulcuinus
1346 330 1404 349 non
1415 322 1443 349 vi
1456 321 1607 358 expulsus,
1625 323 1674 351 sed
1687 334 1700 348 ‹‹
1712 323 1837 353 cessisse

1007 363 1072 393 loco
1087 376 1101 398 ξ)
1117 365 1255 399 traditur,
1273 363 1293 391 ir
1303 366 1400 394 sciens
1413 366 1455 394 sic
1470 374 1586 403 qucque
1597 367 1766 404 episcopum
1780 369 1836 396 vel-

1006 408 1043 437 le.
1060 419 1074 434 »
1085 409 1143 437 ‘Ille
1157 409 1250 446 igitur
1264 416 1327 439 sese
1351 410 1481 447 legitime
1496 411 1666 439 institutum
1687 412 1811 440 credidit
1827 422 1833 441 :

1006 454 1259 491 condonandaque
1269 457 1314 482 est
1325 454 1465 483 Fulcuino
1476 455 1582 483 amulo
1594 456 1720 485 formula
1731 468 1745 483 «
1757 457 1836 486 inva-

1005 498 1049 526 dit
1063 507 1069 532 ;
1087 509 1102 523 ››
1118 499 1187 535 quia
1204 510 1218 524 «
1235 499 1344 533 omnia,
1363 510 1377 524 υ
1393 508 1457 536 qua:
1484 500 1552 528 huic
1567 500 1748 529 instituendo
1763 511 1834 530 cau-

1005 551 1069 572 sam
1086 543 1239 578 dederant,
1257 555 1271 569 «
1286 544 1390 572 frivola
1404 555 1418 570 ›ι
1436 546 1528 586 ratns,
1542 547 1576 572 ut
1591 545 1744 582 posteriori
1752 546 1833 582 judi-

1004 587 1051 615 cio
1065 587 1202 624 agnitum
1215 588 1280 623 fuit,
1297 596 1364 617 eum
1380 591 1522 626 tanquam
1539 589 1703 618 invasorem
1717 590 1831 619 habuit.

1003 631 1106 660 Solum
1117 635 1275 668 postquam
1291 633 1447 662 Ratherius
1458 633 1590 670 legitima
1597 634 1725 671 episcopi
1736 637 1833 663 aucto-

1003 676 1090 705 ritate
1103 677 1195 705 abbas
1208 677 1263 705 fuit
1278 678 1445 711 institutus,
1462 681 1597 707 metuens
1621 687 1657 707 ne
1673 679 1833 708 Fulcuinus

1002 721 1039 749 ob
1053 720 1269 750 animositatem
1285 724 1314 750 et
1324 723 1611 760 consanguineorum
1622 724 1782 760 potentiam
1794 724 1833 752 lo-

1002 773 1081 800 cum,
1098 765 1145 794 cui
1160 769 1300 806 cesserat,
1315 766 1342 795 vi
1358 769 1510 808 repeteret,
1540 767 1754 808 claustrum‘in
1769 776 1832 805 Ino-

1002 809 1074 837 dux’n
1084 809 1198 838 castelli
1207 800 1307 844 cinxit,
1318 800 1601 850 atqnie-mune‘i-ibus
1611 800 1833 849 potentiampo-

1001 853 1128 881 trocinia
1141 854 1297 889 quaesivit:
1314 854 1476 890 eademque
1499 855 1536 882 de
1561 862 1651 882 causa
1679 854 1830 883 ecclesiam

1003 897 1098 925 sancti
1113 897 1254 934 Dionysii,
1271 898 1398 933 [ccxxm]
1411 906 1500 934 quam
1527 898 1632 935 viginti
1647 898 1732 927 libris
1750 900 1833 928 rede-

1003 943 1107 975 merat,
1119 941 1299 970 dimisit.Vix
1307 950 1384 969 anno
1396 942 1425 970 in
1433 942 1586 983 Lobiensis
1592 943 1761 983 monasterii
1768 952 1832 980 pos-

1001 985 1132 1014 sessione
1143 986 1207 1019 fuit,
1226 986 1357 1022 quandiu
1375 985 1486 1014 scilicet
1511 981 1583 1015 vixit
1597 981 1757 1016 Evéraclus.
1769 989 1831 1025 epi-

1001 1038 1118 1066 scopus,
1136 1030 1187 1066 qui
1200 1038 1266 1058 eum
1284 1030 1461 1058 instituerat.
1471 1030 1550 1059 Obiit
1560 1033 1658 1060 autem
1673 1032 1829 1061 Everaclus

1000 1082 1100 1102 mense
1115 1074 1268 1102 Novembri
1286 1075 1355 1102 anni
1370 1074 1432 1103 971.
1449 1075 1593 1103 Notksrus
1608 1084 1675 1104 vero
1691 1076 1747 1113 ipsi
1759 1085 1829 1105 suc—

998 1118 1087 1146 cessit
1102 1118 1222 1146 ineunte
1238 1127 1314 1146 anno
1329 1119 1392 1147 972.
1410 1119 1511 1156 Itaque
1528 1119 1684 1148 Eutherius
1704 1113 1827 1149 abbatis:

998 1162 1136 1191 Lobiensi
1147 1163 1301 1200 praefectus
1312 1163 1431 1191 ineunte
1443 1172 1521 1192 anno
1535 1164 1600 1198 971,
1612 1163 1773 1194 Fulcuinus
1783 1174 1829 1194 ve-

997 1216 1029 1236 ro
1045 1208 1162 1236 Notkeri
1174 1207 1287 1243 judicio
1302 1208 1456 1236 restitutus
1469 1217 1546 1236 anno
1555 1209 1619 1236 972.
1633 1209 1711 1238 Tum
1721 1209 1769 1238 ille
1778 1210 1826 1238 Al-

997 1260 1065 1280 nam
1077 1252 1177 1280 rediit:
1185 1254 1214 1279 et
1224 1252 1349 1280 subinde
1358 1260 1426 1279 cum
1438 1252 1579 1280 Fulcuino
1587 1253 1828 1288 conciliatus,ibi-

997 1297 1065 1325 dem
1081 1296 1227 1333 reliquum
1243 1296 1307 1324 vita!
1323 1298 1441 1332 tempus
1457 1296 1600 1333 transegit
1612 1296 1675 1325 sine
1697 1298 1825 1334 querela.

1034 1341 1096 1369 H3.
1111 1340 1176 1368 Non
1192 1340 1284 1368 multo
1299 1343 1397 1369 autem
1413 1342 1481 1376 post
1504 1340 1674 1377 supervixit.
1699 1341 1827 1370 Namur-

997 1394 1064 1413 cum
1080 1385 1159 1413 enim
1175 1385 1299 1413 subinde
1314 1385 1476 1422 digressus,
1489 1396 1503 1411 «
1519 1394 1586 1413 cum
1602 1385 1642 1413 ibi
1659 1386 1733 1413 forte
1748 1387 1824 1422 apud

997 1430 1134 1458 comitem
1167 1431 1342 1461 moraretur,
1372 1429 1507 1464 decessit,
1525 1432 1556 1457 ut
1582 1429 1740 1458 Fulcuinus
1753 1431 1823 1467 (cap.

995 1474 1040 1510 58)
1048 1473 1194 1501 memoria;
1204 1473 1343 1509 prodidit.
1352 1473 1475 1501 Mortem
1483 1474 1546 1510 ejus
1553 1472 1673 1511 quidam
1687 1474 1824 1512 afﬂigunt

996 1527 1073 1547 anno
1085 1519 1147 1546 973.
1159 1519 1195 1546 At
1203 1518 1373 1555 praafcrendi
1385 1518 1454 1546 sunt
1464 1518 1644 1555 Sigebertus,
1655 1528 1688 1547 ac
1703 1527 1825 1556 preser-

994 1564 1048 1592 tim
1064 1563 1239 1592 Chronicom
1256 1563 1407 1598 Lobiense,
1425 1563 1474 1599 qui
1490 1571 1557 1591 eum
1574 1563 1683 1592 obiisse
1704 1564 1825 1592 tradunt

995 1616 1072 1636 anno
1086 1608 1139 1635 (774
1150 1607 1288 1644 (Mauras.
1301 1610 1329 1636 et
1344 1607 1477 1641 Durum),
1491 1608 1591 1636 Anecd.
1601 1608 1770 1645 t.IlI.)Diem
1783 1609 1824 1636 vi-

100 1654 228 1683 evocatis
239 1652 604 1682 abbatibus.Werinfredo
618 1653 752 1681 videlicet
761 1654 932 1689 aStablans,
950 1647 972 1682 C
991 1653 1133 1690 gesimarn
1144 1652 1277 1689 quintam
1287 1651 1396 1688 Aprilis
1404 1652 1596 1680 emortualem
1606 1653 1671 1688 ejus
1683 1653 1819 1690 designat

100 1699 299 1728 etHeriberto
322 1698 359 1727 ab
384 1698 537 1735 Andagino
561 1706 629 1726 cum
659 1697 808 1734 aliquibus
837 1699 934 1726 fratri-

99 1743 165 1778 bus,
209 1743 348 1781 primum
385 1742 616 1779 conspirationis
653 1743 772 1771 exordia
819 1743 933 1779 quaerit,

99 1788 216 1817 inventa
228 1787 361 1817 trutiuat
375 1787 541 1820 etdiscutit,
554 1787 815 1815 discussademum
822 1788 934 1824 judicio

99 1832 200 1862 utitur.
218 1832 278 1863 Ubi
291 1832 442 1870 perspexit
451 1832 551 1860 omnia
563 1840 628 1860 esse
638 1832 751 1866 frivola,
768 1832 873 1860 fratres
884 1833 934 1860 sb-

99 1877 156 1906 bnti
172 1877 493 1913 nconciliavitﬁpsum
503 1876 642 1905 restituit.
656 1888 670 1901 »
685 1877 726 1904 Ex
736 1877 784 1905 his
799 1877 858 1904 duo
873 1885 935 1904 ma-

99 1922 202 1952 nifeste
212 1922 386 1952 eliciuniur.
401 1921 498 1950 Primo
509 1921 666 1950 dissidium
677 1921 794 1957 aliquod
807 1930 865 1949 non
876 1921 935 1949 cxi-

99 1975 188 2004 guum
204 1967 263 1996 fuit
279 1967 358 1995 inter
369 1966 530 1994 monachos
541 1967 699 1994 Lobienses
715 1968 744 1994 et
760 1965 934 1994 Fulcuinum

100 2019 198 2040 eorum
215 2011 370 2045 abbatem,
387 2011 473 2047 cujus
493 2019 583 2039 causa
598 2010 641 2038 illi
658 2019 674 2038 a
688 2010 828 2039 Fulcuino
855 2019 935 2039 aver-
959 2034 977 2046 ο

101 2055 164 2090 sati,
180 2055 362 2086 Ratherium
378 2055 435 2084 sibi
460 2055 595 2084 abbatem
618 2058 824 2092 poposcerunt.
842 2056 935 2084 Dissi-

101 2099 181 2129 dium
195 2100 274 2130 satis
290 2100 445 2129 declarant
457 2099 518 2134 illa,
527 2100 636 2137 quibus
644 2099 804 2129 Fulcuinus
816 2109 873 2128 non
883 2109 935 2129 an-

104 2147 132 2172 te
144 2145 306 2174 restitutus
321 2145 450 2173 traditur
464 2153 553 2181 quam
570 2144 627 2181 ipsi
643 2145 747 2173 fratres
774 2145 874 2173 abbati
891 2154 934 2174 re-

101 2188 480 2218 conciliarentur.uFratres
499 2189 598 2217 abbati
627 2189 934 2226 reconciliavitjpsum

101 2234 239 2263 restituit.
257 2245 272 2260 »
289 2234 352 2263 Hos
368 2236 466 2262 autem
481 2233 653 2262 Rutherium
675 2234 830 2270 expetiisse
846 2234 935 2263 abba-

99 2280 166 2314 tem,
182 2278 244 2307 imo
259 2279 354 2308 etiam
371 2278 556 2313 sollicitasse,
572 2281 604 2306 ut
620 2286 722 2306 eorum
744 2279 877 2315 partibus
895 2280 935 2307 fa-

99 2331 178 2360 vens,
185 2322 326 2352 Fulcuini
338 2322 538 2351 exclusionem
550 2325 730 2360 procuraret,
740 2324 866 2351 innuunt
875 2323 935 2357 illa,
953 2335 977 2367 Β

101 2378 113 2392 ιι
129 2367 349 2406 instigantibus
364 2375 433 2395 eum
457 2367 493 2396 ad
509 2367 565 2396 hoc
585 2367 746 2396 nonnullis.
765 2379 779 2393 n
803 2369 937 2396 Secundo

102 2412 172 2442 nihil
186 2412 243 2442 hac
259 2413 292 2442 in
309 2420 343 2441 re
358 2411 421 2449 egit
434 2412 590 2442 Ratherins
605 2412 669 2441 sine
685 2413 858 2441 auctoritate
873 2413 938 2449 ejus

102 2457 238 2496 episcopi,
255 2457 307 2487 cui
324 2455 472 2486 Lobiense
486 2457 699 2487 monasterium
715 2458 844 2486 suberat.
856 2458 939 2487 Certo

989 1696 1226 1734 Chapeauvillius
1255 1697 1377 1733 (CLXXIV)
1419 1698 1453 1731 (t.
1484 1697 1495 1724 Ι
1521 1699 1594 1730 Gest,
1637 1697 1706 1725 Ροη.
1746 1698 1819 1725 Tun-

989 1750 1078 1778 gren.,
1095 1750 1119 1769 c.
1137 1742 1194 1777 45.)
1206 1741 1318 1777 Corpus
1329 1741 1425 1777 ipsius
1435 1741 1472 1768 ad
1488 1740 1647 1769 Lobienses
1657 1741 1819 1769 monachos

990 1786 1120 1814 delatum
1146 1785 1265 1813 laudato
1296 1784 1438 1813 Fulcuino
1468 1786 1551 1820 teste,
1568 1796 1582 1810 «
1598 1784 1819 1813 Pontiﬁcalibus

990 1829 1136 1866 exsequiis
1147 1829 1317 1857 solemniter
1326 1827 1658 1862 celebratis,honorifice
1668 1830 1713 1857 est
1725 1830 1821 1858 tumu~

991 1874 1084 1903 latum
1100 1874 1130 1902 in
1146 1873 1269 1902 ecclesia
1285 1873 1314 1902 S.
1332 1873 1463 1901 Ursmari
1479 1873 1516 1901 ad
1532 1875 1645 1910 partem
1666 1873 1819 1910 aquilona-

990 1928 1062 1947 rem.
1080 1930 1094 1944 υ
1110 1918 1240 1947 Ecclesia
1251 1918 1320 1953 haec,
1336 1920 1368 1945 ut
1379 1918 1488 1946 notavit
1499 1918 1675 1947 Mahilonius
1687 1919 1754 1955 (Act.
1766 1919 1815 1948 SS.

992 1964 1021 1993 0.
1040 1964 1071 1997 B,
1088 1965 1108 1991 t.
1125 1963 1187 1997 VII,
1203 1971 1269 1999 pag.
1286 1963 1361 1999 479,)
1373 1965 1419 1991 est
1429 1962 1512 1991 locus
1527 1963 1686 1992 coemeterii
1699 1964 1821 1992 Lobien-

991 2009 1043 2041 sis,
1061 2008 1147 2037 modo
1169 2007 1366 2044 parmcbialis,
1383 2007 1433 2036 ubi
1461 2017 1564 2036 omnes
1592 2008 1680 2037 istius
1695 2008 1820 2037 cmnobii

989 2052 1043 2081 viri
1058 2052 1188 2082 illustres
1202 2052 1309 2089 sepulti
1336 2055 1416 2087 sunt,
1443 2052 1473 2080 in
1487 2051 1561 2081 colle
1584 2053 1652 2087 sits,
1682 2053 1718 2081 ad
1734 2053 1820 2089 cujus

990 2098 1079 2135 pedes
1094 2099 1153 2126 stat
1167 2097 1380 2126 monasterium
1401 2097 1437 2125 ad
1460 2097 1571 2126 Sabim.
1599 2097 1727 2126 Tumulo
1755 2097 1820 2133 ejus

991 2142 1052 2170 haec
1067 2141 1243 2178 epigraphes
1264 2141 1426 2177 insculpta,
1442 2148 1532 2176 quam
1560 2141 1591 2169 in
1621 2141 1700 2170 calce
1715 2140 1820 2169 Prasio-

992 2186 1129 2222 quioru.n
1147 2185 1277 2214 Ratherii
1293 2185 1411 2213 exhibet
1425 2185 1515 2213 codex
1530 2183 1684 2213 Lobiensis
1700 2193 1708 2213 :

1108 2252 1248 2280 VERSUS
1269 2251 1385 2280 SUPER
1406 2250 1588 2281 TUMULUM
1607 2251 1704 2281 EJUS.

1054 2307 1167 2331 Verona;
1182 2305 1293 2334 Praesul,
1310 2305 1356 2330 sed
1372 2307 1412 2330 ter
1427 2304 1568 2330 Ratherius
1583 2306 1655 2335 exul,

1102 2338 1169 2369 Ante
1184 2337 1343 2369 cucullatus,
1359 2336 1439 2362 Lobia
1453 2339 1569 2369 postque
1583 2339 1655 2362 tuus.

1057 2368 1174 2402 Nobilis,
1184 2368 1312 2402 urbanus,
1328 2374 1380 2402 pro
1391 2368 1713 2402 temporer’morigeratus,

1103 2400 1152 2429 Qui
1168 2400 1276 2424 inscribi
1291 2399 1399 2431 proprio
1414 2399 1466 2425 ho'c
1480 2399 1558 2431 petiit
1570 2399 1685 2426 tuinnlo.

1057 2431 1226 2464 Conculcate,
1241 2430 1324 2464 pedes
1338 2430 1488 2464 hominum,
1504 2430 1543 2456 sal
1556 2431 1738 2464 infamatum;

1104 2463 1198 2489 Lector
1211 2462 1344 2496 propitius
1359 2462 1503 2489 subveniat
1516 2463 1650 2498 precibus.
