3968 6430
295 321 409 419 151
604 356 616 366 ·
1218 326 1597 409 suasum
1644 329 1894 397 EPISG.
1941 330 2019 399 vn

2206 335 2232 395 7.
2280 331 2458 399 OPP.
2498 329 2700 400 PARS
2738 327 2791 401 ι.
3318 347 3325 353 ‘
3602 332 3737 403 162

303 466 442 524 dare
470 460 754 549 animam,
773 460 964 545 legem
997 466 1290 543 requirere
1320 471 1559 528 studeas
1586 469 1874 527 Altissimi
1892 469 1954 527 in
1982 472 2040 541 Α
2068 467 2174 525 tibi
2228 473 2294 525 ut
2333 469 2503 527 dares
2550 466 2888 528 concessit?
2934 464 3253 541 Facultate,
3285 466 3516 541 aﬂ‘ectu,
3550 477 3741 548 atque

299 546 692 616 custodiendo
748 558 1053 616 Sermones
1102 559 1231 631 ejus
1262 562 1536 634 praecepti
1570 579 1584 618 :
1619 562 1773 633 quod
1804 562 1889 629 fit,
1914 560 1964 617 si
2075 556 2361 615 solamine
2380 557 2439 616 in
2472 558 2771 617 laboribus
2793 562 2965 632 cujus
2996 577 3105 633 ope
3134 561 3380 618 frueris?
3399 564 3484 618 Ad
3507 546 3743 636 postrea

309 645 508 718 ipsum
539 646 853 711 artificium
886 648 1045 711 ,dum
1078 648 1245 704 adest
1265 649 1372 706 tibi
1397 652 1468 706 ad
1503 651 1765 723 corporis
1778 651 1968 707 subsi-
2078 664 2241 702 mum
2266 651 2609 720 teoperante
2641 650 2773 721 quis
2803 650 3075 706 effectum
3095 650 3304 706 tribuit
3323 651 3510 724 operi?
3529 652 3744 709 Nonne

318 736 510 803 dium,
541 739 776 815 satagas
806 753 843 792 u
878 737 977 792 tsit
1005 736 1242 810 aliquod
1274 743 1332 794 et
1358 739 1566 794 anima:
1598 740 1965 813 suffragium.
2080 735 2138 792 in
2171 736 2376 793 multis
2403 741 2674 809 expertus
2706 754 2769 795 es
2800 742 2971 794 tuum
3003 736 3263 795 laborem
3289 738 3369 795 nil
3401 740 3746 810 valere,nisi

315 825 396 880 Ex
427 825 554 898 ipso
584 825 840 899 denique
862 826 950 882 fac
973 826 1391 901 eleemosynas,
1429 830 1504 884 da
1544 829 1792 886 Domino
1816 830 1969 886 dcci-
2081 840 2187 898 ego
2218 825 2466 882 salutem
2500 828 2851 883 decreverim
2910 833 3184 900 praestare
3206 827 3235 884 ?
3264 829 3409 886 Cum
3441 846 3472 886 e
3502 831 3746 888 duobus

317 929 468 970 mas.
488 914 779 975 Memento
810 914 949 989 quia
979 932 1048 972 ex
1077 917 1355 974 omnibus
1385 935 1513 991 quae
1537 918 1805 986 contulit,
1826 935 1975 976 sem-
2083 913 2354 980 alterum,
2375 915 2431 972 id
2460 919 2551 971 est
2575 916 2633 970 in
2667 917 2870 972 morbo
2900 916 3212 985 consimili,
3247 918 3616 974 medicamen
3653 937 3748 976 re-

319 1019 425 1076 per
452 1004 609 1076 quod
642 1021 814 1060 suum
843 1009 934 1060 est
962 1005 1158 1078 exigit.
1193 1006 1377 1077 Time,
1412 1024 1483 1064 ne
1515 1007 1562 1064 si
1625 1007 1709 1063 illi
1767 1008 1974 1064 tuleris
2086 1003 2382 1074 cuperavit
2412 1005 2483 1059 ad
2514 1004 2715 1072 vitam,
2735 1004 2985 1061 alterum
3015 1006 3331 1062 destinavit
3358 1008 3429 1063 ad
3467 1008 3747 1081 sepultu-

322 1096 545 1165 partem
578 1110 772 1161 suam,
804 1094 909 1149 tibi
944 1094 1139 1168 potius
1169 1095 1397 1153 adimas
1428 1100 1975 1170 tuam,przesentem

325 1181 547 1240 scilicet
579 1186 636 1242 et
667 1182 949 1241 futuram.

793 1319 914 1374 Trr.
948 1318 1039 1375 ιν.
1067 1351 1136 1361 --
1166 1323 1243 1377 De
1268 1321 1513 1379 medicis.

404 1452 461 1507 6.
498 1449 567 1508 Et
614 1454 680 1507 ut
727 1468 762 1510 a
810 1468 1043 1526 genere,
1067 1454 1323 1528 aliquem
1374 1456 1664 1513 artificum
1726 1474 1984 1514 commo-

337 1540 531 1597 nendo
563 1542 935 1597 transeamus
965 1543 1039 1598 ad
1091 1543 1369 1616 speciem,
1401 1546 1667 1602 medicus
1697 1563 1758 1602 es
1782 1546 1810 1601 ?
1836 1547 1987 1603 Audi

338 1626 514 1683 etiam
555 1629 728 1699 juxta
787 1630 1043 1688 litteram
1118 1632 1224 1689 tibi
1285 1634 1722 1707 praecipientem
1789 1635 1990 1692 Domi-

338 1732 523 1773 num:
556 1717 775 1784 Medico,
806 1737 941 1775 cura
993 1725 1043 1776 te
1095 1723 1274 1792 ipsum
1322 1724 1475 1792 (Luc.
1510 1741 1582 1791 IV,
1617 1724 1729 1795 23),
1772 1724 1830 1780 id
1881 1729 1990 1794 est,

2089 1108 2235 1159 ram,
2266 1092 2467 1150 omnia
2493 1110 2628 1149 vero
2654 1092 2776 1149 haec
2806 1093 2911 1151 tibi
2944 1095 3099 1151 unde
3119 1094 3147 1149 ‘I
3177 1094 3396 1168 quibus
3427 1097 3547 1153 tuis
3566 1098 3755 1154 meri-

2089 1181 2165 1237 tis
2185 1181 2213 1237 ?
2242 1198 2360 1253 qua
2389 1183 2809 1256 praerogativa?
2839 1200 2951 1256 quo
2984 1184 3223 1258 praemio
3243 1184 3271 1240 ‘?
3302 1185 3519 1258 quibus
3574 1188 3755 1244 obse-

2092 1270 2249 1343 quiis
2268 1271 2296 1325 ‘I
2328 1272 2418 1327 Me
2448 1286 2606 1344 ergo,
2642 1289 2735 1328 me
2765 1290 3078 1329 munerum
3107 1273 3470 1347 largitorem,
3494 1290 3588 1331 me
3619 1292 3762 1348 Ope-

2095 1375 2226 1415 rum
2250 1360 2581 1433 intelligens
2611 1361 3072 1434 dispuncterem,
3108 1363 3190 1419 ita
3221 1363 3374 1420 hanc
3420 1364 3757 1434 humiliter,

2098 1447 2460 1517 charitative,
2496 1451 2815 1523 prudenter
2842 1457 3021 1526 atque
3052 1453 3392 1509 cautissime
3435 1469 3764 1527 exsequere

2103 1541 2309 1606 artem,
2345 1542 2410 1594 ut
2442 1556 2536 1596 me
2564 1541 2797 1614 utrique
2816 1542 3035 1614 cogites
3065 1547 3430 1615 praesentem,
3460 1546 3765 1617 quatenus

2100 1630 2158 1681 et
2186 1625 2281 1682 hic
2310 1628 2517 1684 effectu
2550 1629 2723 1701 potiri
2753 1628 2947 1703 operis
3002 1631 3282 1704 proﬁcuo,
3310 1635 3369 1687 et
3398 1629 3515 1688 illic
3556 1648 3767 1691 remu-

2102 1714 2291 1770 nerari
2324 1733 2427 1787 pro
2458 1716 2653 1773 labore
2686 1718 2962 1775 merearis
2994 1720 3252 1793 proprio.

341 1805 481 1863 dum
508 1806 568 1861 in
596 1805 729 1863 aliis
769 1825 946 1865 curas
976 1810 1383 1883 aegritudinem
1435 1829 1768 1885 corporum,
1792 1818 1991 1887 satage

2206 1805 2227 1858 “.
2262 1804 2684 1863 Discretionem
2718 1824 2951 1881 quoque
2981 1808 3134 1864 inter
3162 1807 3354 1865 lucem
3386 1813 3444 1866 et
3463 1810 3764 1879 tenebras,

342 1892 405 1951 in,
431 1898 489 1951 te
516 1894 910 1953 valetudinem
935 1899 1154 1956 mederi
1179 1916 1432 1957 morum,
1468 1903 1628 1969 Quod
1662 1904 1746 1973 ﬁt,
1781 1903 1830 1959 εί
1858 1903 1990 1975 ipso
2020 1892 2069 1913 ”
2103 1892 2259 1949 inter
2286 1894 2586 1951 veritatem
2619 1899 2676 1952 et
2706 1896 3041 1967 falsitatem,
3077 1897 3228 1954 inter
3256 1915 3432 1970 opera
3462 1898 3685 1956 diaboli
3708 1903 3769 1956 ct

343 1983 616 2039 medendi
681 1984 916 2060 ingenio
976 1988 1189 2044 servire
1259 1992 1498 2047 studeas
1549 1991 1805 2049 Creatori
1850 1996 1991 2062 tuo;

347 2086 489 2143 erga
516 2088 801 2145 pauperes
840 2091 906 2131 eo
956 2080 1127 2133 utens
1170 2084 1476 2152 przscepto,
1509 2082 1665 2152 quod
1711 2081 1995 2140 Dominus

350 2157 495 2214 dicit
550 2160 610 2216 in
660 2160 973 2236 Evangelio
1007 2181 1020 2220 :
1056 2166 1236 2223 Gratis
1284 2171 1586 2241 accepistis,
1644 2173 1818 2243 gratis
1875 2171 2000 2228 date

351 2246 560 2347 (Illauh.
589 2265 647 2316 x,
679 2250 735 2347 β)
762 2267 942 2347 ;_erga
970 2252 1178 2347 divites
1225 2255 1325 2311 illo
1368 2258 1628 2330 Apostoli
1656 2260 1802 2329 (18):
1836 2260 2000 2316 Nemo

352 2340 746 2395 circumventa:
778 2342 837 2395 in
866 2345 1076 2413 negotio
1103 2347 1333 2416 fratrem
1356 2363 1539 2419 suum,
1580 2351 1842 2420 quoniam
1881 2351 2001 2405 vin-

355 2423 463 2480 dat
491 2434 570 2482 est
600 2431 873 2487 Dominus
927 2431 993 2487 de
1052 2436 1304 2489 omnibus
1330 2436 1379 2507 (Ι
1430 2438 1608 2492 Thess.
1655 2455 1729 2498 1v.
1760 2440 1817 2506 6)
1843 2443 1949 2493 etc.
1987 2454 2003 2505 ;

358 2517 424 2575 ut
447 2512 712 2574 videlicet
741 2521 1098 2592 pauperibus
1113 2524 1298 2596 gratis
1315 2540 1420 2597 pro
1442 2524 1543 2581 Dei
1569 2542 1764 2583 amore
1786 2525 2009 2583 miseri-

244 2637 253 2643 -
362 2602 613 2660 corditer
637 2606 972 2675 subvenias,
999 2611 1277 2670 divitibus
1307 2631 1440 2671 vero
1470 2632 1575 2688 pro
1607 2616 1869 2673 mercede
1913 2632 2009 2671 ac-

362 2696 528 2769 cepta
554 2696 843 2777 medelam
874 2699 1122 2757 fideliter
1150 2702 1478 2776 impendas,
1503 2722 1573 2761 ne
1604 2706 1789 2762 Deum
1820 2704 2010 2762 vindi-

364 2798 493 2843 cem
523 2801 622 2841 eos
652 2786 1115 2847 circumveniens
1140 2792 1377 2849 sentias.
1411 2794 1483 2850 At
1522 2799 1607 2863 tu,
1642 2812 1757 2852 non
1806 2795 2012 2868 gratis,

364 2875 585 2951 inquis,
602 2878 900 2957 accepi,ut
926 2879 1111 2949 dicis;
1140 2881 1280 2953 quia
1301 2886 1359 2937 et
1388 2883 1704 2957 magistros
1726 2884 2015 2950 mercede,

366 2972 426 3026 et
453 2969 676 3041 species
707 2967 1163 3029 medicaminum
1181 2970 1368 3041 pretio
1397 2971 1760 3045 emi,vigiliis
1783 2985 2019 3043 quoque

369 3058 690 3133 multisque
718 3056 1040 3125 laboribus,
1058 3058 1357 3114 medicina:
1380 3059 1867 3133 infirmorumque
1878 3076 2025 3116 cau-

369 3165 455 3217 sa,
481 3145 804 3221 saepissime
826 3147 1069 3203 afﬁcior.
1097 3146 1382 3204 Dominus
1414 3155 1645 3207 contra:
1672 3151 1802 3207 Sine
1825 3150 2023 3219 me,in-

2103 1981 2525 2056 benignitatem
2558 1985 2659 2041 Dei
2691 2003 2806 2040 non
2831 1986 3124 2042 modicam
3154 2004 3282 2043 esse
3311 1987 3592 2056 sentiens,
3617 1988 3768 2062 quid

2105 2072 2178 2126 ad
2210 2071 2729 2145 medicinam,quid
2753 2073 3041 2146 pertineat
3060 2074 3252 2149 cogita
3264 2075 3336 2132 ad
3359 2074 3769 2134 maleficorum

2107 2159 2419 2216 fallaciam.
2444 2161 2767 2235 Pigmentis
2800 2163 2912 2235 (19)
2945 2164 3102 2219 enim
3135 2164 3353 2233 herbis,
3400 2165 3771 2240 diversisque

2118 2253 2396 2305 creatura
2429 2249 2734 2322 speciebus
2765 2268 2832 2307 ea
2862 2252 2919 2307 in
2944 2252 3178 2308 nomine
3200 2254 3327 2326 ejus
3347 2254 3608 2327 exsequi,
3638 2271 3776 2328 quae

2111 2337 2603 2411 peritissimorum
2637 2341 2708 2396 ab
2739 2357 2804 2396 eo
2834 2339 3120 2413 inspirata
3150 2341 3371 2400 invenit
3401 2341 3664 2410 solertia,
3695 2345 3772 2400 ad

2113 2427 2373 2483 medicos
2402 2445 2415 2496 ;
2442 2430 2723 2502 auguriis,
2758 2429 3332 2503 praecantationibus,
3361 2431 3449 2489 vel
3482 2431 3615 2489 aliis
3675 2451 3774 2491 sa-

2115 2515 2466 2590 crilegarum
2498 2518 2968 2575 Observationum
2999 2518 3519 2592 superstitionibus
3532 2521 3619 2578 uti
3636 2539 3775 2595 per-

2116 2606 2263 2661 tinet
2292 2606 2364 2662 ad
2398 2607 2971 2676 mathematicos,vel
3003 2608 3229 2665 Marsos
3244 2609 3380 2682 (20).
3400 2609 3777 2667 Mathemati-

2119 2710 2322 2752 corum
2351 2695 2542 2754 henus
2571 2702 2661 2753 est
2691 2697 2749 2752 in
2776 2696 2988 2766 Africa,
3020 2698 3113 2754 cui
3145 2714 3260 2754 non
3289 2703 3500 2756 nocent
3525 2716 3780 2773 serpen-

2122 2789 2211 2840 tes
2239 2804 2251 2854 ;
2285 2789 2343 2841 et
2391 2787 2626 2858 quando
2656 2787 2860 2842 volunt
2891 2786 3040 2842 filios
3071 2803 3211 2843 suos
3264 2788 3531 2859 probare,
3567 2793 3777 2845 utrum

2124 2874 2215 2930 sui
2247 2874 2386 2942 sint,
2419 2891 2492 2931 an
2517 2892 2657 2942 non,
2689 2876 2929 2931 mittunt
2957 2875 3088 2931 illos
3110 2875 3262 2931 inter
3289 2881 3611 2949 serpentes,
3642 2882 3702 2933 et
3723 2877 3777 2933 si

2126 2968 2267 3019 sunt
2296 2965 2550 3020 extranei
2583 2965 2833 3037 generis,
2860 2963 2991 3020 illos
3022 2964 3301 3020 devorant
3330 2965 3783 3037 serpentes.Ali-

2126 3056 2218 3108 ter
2245 3051 2422 3125 Psylli
2448 3053 2559 3124 ('21)
2591 3052 2652 3108 in
2681 3053 2894 3121 Africa,
2929 3052 3106 3110 Marsi
3135 3052 3374 3110 fuerunt
3403 3054 3463 3109 in
3493 3054 3663 3111 Italia
3694 3055 3784 3112 in-

2128 3146 2454 3198 cantatores
2484 3142 2865 3213 serpentium,
2900 3140 3001 3212 qui
3034 3158 3133 3197 eos
3191 3146 3293 3197 aut
3318 3141 3776 3211 interﬁciebant,

367 3237 519 3311 quit,
549 3236 697 3293 nihil
715 3237 936 3309 potestis
967 3236 1066 3293 15
1097 3238 1279 3308 facere
1307 3239 1485 3307 (Joan.
1522 3242 1608 3308 15,
1680 3241 1725 3312 ).
1766 3240 2016 3312 Aposto-
2046 3222 2093 3291 C
2130 3236 2231 3288 aut
2254 3247 2458 3286 nocere
2481 3247 2596 3285 non
2619 3230 2913 3287 sinebant.
2928 3230 3277 3286 Carbunculi
3304 3226 3483 3296 enim,
3508 3228 3786 3287 velmalaa

367 3326 461 3383 lus
492 3343 727 3401 quoque
755 3342 767 3382 :
805 3328 947 3398 Quid
976 3327 1158 3394 habes,
1188 3328 1331 3399 quod
1359 3344 1465 3384 non
1499 3330 1779 3402 accepisti?
1808 3330 1862 3401 (l
1890 3328 2015 3383 Cor.

368 3419 468 3488 xv),
498 3418 579 3489 7.)
600 3415 930 3488 iterumque
951 3434 964 3472 :
982 3418 1115 3485 Quis
1133 3417 1294 3489 prior
1316 3416 1526 3474 dedz'tez'
1552 3426 1605 3473 et
1632 3418 2020 3473 retribeturei?

369 3508 541 3583 (Rom.
590 3524 653 3573 ιι,
683 3505 800 3578 35.)
856 3505 1105 3563 Iacobus
1165 3505 1391 3563 etiam:
1428 3507 1614 3574 Omne,
1667 3505 1768 3574 ait,
1827 3507 2019 3562 datum

365 3599 655 3669 optimum,
694 3603 747 3654 et
802 3611 961 3653 omne
1006 3594 1212 3651 donum
1248 3597 1551 3667 perfectum
1606 3596 1893 3652 desursum
1944 3602 2022 3652 est

366 3686 546 3758 (Zach.
579 3702 622 3751 ι,
657 3685 765 3755 17).
792 3684 939 3745 Nam
972 3685 1141 3756 quasi
1173 3688 1228 3741 te
1259 3685 1432 3740 modo
1479 3684 1636 3741 Deus
1692 3684 2015 3751 conveniat,

371 3774 506 3845 quis
534 3772 663 3839 tibi,
692 3770 988 3844 inquiens,
1020 3772 1199 3831 dedit.
1235 3789 1413 3844 quam
1440 3773 1689 3847 largitus
1710 3790 1772 3831 es
1800 3791 2019 3830 merce-

371 3861 537 3918 dem?
550 3875 741 3919 nonne
772 3860 908 3935 ego?
933 3860 1214 3934 Magistro
1226 3866 1328 3916 tuo
1339 3861 1644 3918 scientiam
1667 3862 2017 3930 instruendi,

372 3950 479 4007 tibi
510 3948 871 4009 intellectum
912 3948 1180 4023 capiendi
1207 3949 1235 4004 ?
1265 3966 1458 4006 nonne
1509 3965 1614 4023 ego
1634 3951 1662 4006 τε
1689 3952 1775 4008 An
1828 3955 2022 4007 mente

371 4037 600 4095 excedit
626 4053 640 4092 :
676 4036 861 4095 Omnis
889 4038 1169 4110 sapientia
1192 4054 1227 4093 a
1264 4038 1491 4096 Domino
1546 4040 1652 4095 Deo
1679 4048 1758 4095 est
1781 4044 1804 4096 ?
1830 4040 2018 4109 (Eccli.

372 4145 414 4197 ι,
440 4127 517 4199 1.)
541 4124 916 4187 Voluntatcm
948 4142 1201 4199 quoque,
1232 4143 1349 4199 qua
1378 4131 1433 4182 te
1466 4126 1673 4184 saltem
1707 4145 1811 4201 pro
1869 4146 2023 4185 mer-

373 4217 513 4273 cede
540 4215 789 4283 doceret,
820 4216 871 4273 si
904 4231 1010 4290 ego
1042 4216 1279 4288 penitus
1322 4217 1686 4286 avertissem,
1710 4218 1844 4289 quis
1885 4218 2024 4273 dare

371 4306 640 4379 poterat?
668 4305 926 4363 Pretium
948 4321 1052 4378 pro
1074 4305 1568 4363 medicaminibus
1590 4304 1868 4364 collatum
1891 4306 2026 4379 quis

441 4457 549 4530 (18)
570 4452 895 4539 Legebatur
924 4456 1351 4539 illiusppostoli,
1375 4457 2026 4539 mendose._gorrectio-

371 4526 506 4584 nem
531 4526 711 4599 exigit
738 4532 1062 4599 contextus.
1088 4526 1252 4599 Sicut
1278 4527 1336 4583 in
1372 4528 1716 4598 prmeedenti
1727 4531 1834 4585 bus
1855 4529 2022 4595 dixit,

2130 3318 2400 3392 pustulae,
2418 3336 2592 3391 quem
2615 3317 2838 3374 malum
2850 3318 3022 3392 vulgo
3046 3318 3251 3374 dicunt
3269 3320 3649 3391 malampnum
3666 3320 3785 3391 (22)

2129 3408 2455 3465 remedium
2485 3412 2595 3474 cst,
2621 3411 2686 3463 ut
2716 3408 2941 3476 dicunt,
2974 3408 3024 3463 si
3057 3407 3260 3476 herba,
3290 3424 3418 3479 quae
3451 3407 3789 3480 specialiter

2127 3496 2490 3568 franciloquo
2521 3496 2738 3552 dicitur
2767 3497 3062 3568 radix(23)
3093 3496 3608 3569 sermone,0ptime
3622 3496 3783 3565 trita,

2128 3590 2303 3657 atque
2333 3588 2576 3653 extorta,
2609 3585 2798 3640 eidem
2826 3589 3278 3657 superponatur,
3299 3601 3486 3657 usque
3517 3585 3591 3641 ad
3621 3601 3786 3641 eam-

2127 3676 2259 3731 dem
2292 3692 2410 3746 qua
2426 3676 2527 3731 ιθ
2545 3673 2735 3747 posita
2748 3675 2935 3729 fuerat
2963 3674 3170 3729 horam
3194 3690 3373 3746 super
3388 3673 3602 3729 vulnus
3615 3686 3786 3730 man-

2129 3781 2289 3830 sura,
2322 3764 2626 3820 observato
2657 3761 2883 3819 scilicet
2908 3767 2975 3818 ut
3004 3762 3182 3818 simul
3215 3778 3428 3818 succus
3461 3761 3677 3818 radicis
3697 3762 3786 3819 ei-

2129 3854 2259 3909 dcm
2293 3852 2637 3910 inbaustum
2666 3869 2818 3924 aegro
2875 3851 3190 3919 tribuatur,
3222 3866 3296 3906 ne
3347 3850 3570 3907 scilicet
3619 3850 3785 3908 virus

2128 3943 2201 3998 ad
2233 3958 2332 3997 cor
2388 3942 2585 3999 redeat
2616 3942 2927 4012 introrsus,
2956 3941 3435 4012 incessanterque
3474 3953 3665 4010 usque
3709 3940 3786 3996 ad

2129 4030 2336 4086 horam
2367 4047 2483 4103 qua
2513 4029 2769 4102 positum
2800 4033 2908 4097 est,
2942 4028 3251 4101 paulatim,
3288 4044 3362 4084 ne
3423 4025 3669 4084 forsitan
3702 4028 3789 4083 fa-

2131 4119 2374 4175 stidium
2399 4118 2726 4192 generet,in
2740 4135 2907 4175 esum
2939 4122 3228 4191 quantum
3258 4120 3470 4190 potest,
3490 4121 3786 4172 sumatur.

2132 4207 2421 4274 Quiddam
2449 4207 3157 4273 veroinfandum,bicnec
3171 4205 3784 4273 commemorandum,
3881 4243 3890 4251 .

2134 4299 2191 4353 in
2228 4295 2506 4354 schedula
2534 4297 2723 4352 instar
2750 4313 2975 4353 coronae
3002 4296 3423 4367 conscriptum,
3453 4297 3513 4350 et
3554 4291 3787 4350 vulneri

2135 4450 2505 4506 incantandis
2552 4450 2923 4511 serpentibus
2980 4452 3147 4504 erant
3204 4446 3481 4511 celebres,
3534 4442 3789 4499 neminit

2135 4521 2359 4578 Plinius
2389 4520 2515 4576 loco
2545 4514 2797 4575 laudato.
2815 4520 3053 4576 Illorum
3084 4518 3429 4591 corporibus
3452 4514 3788 4589 ingenitum

370 4615 430 4654 eo
460 4588 901 4669 ιιιιηεῖφνωθεῃω
930 4598 1246 4670 Evangelii,
1269 4599 1349 4653 ita
1372 4588 1465 4655 bic
1490 4600 1846 4657 subauditur
1866 4588 2022 4657 utens
2053 4597 2100 4663 D
2136 4594 2476 4670 tradebatur
2495 4607 2807 4670 Venenum,
2839 4593 3007 4670 cujus
3037 4588 3212 4670 odore
3242 4588 3623 4670 sopiebantur
3662 4602 3787 4643 ser-

369 4676 652 4741 preeeepto
677 4673 806 4741 ante
835 4684 1005 4739 voces
1034 4669 1131 4724 illo
1161 4671 1410 4741 apostoli.

446 4684 523 4726 aee
593 4684 644 4723 ιο
677 4684 806 4725 ante
835 4684 1005 4739 voces
1034 4684 1131 4724 tuo
1161 4684 1410 4741 apostou.

446 4684 933 4812 (ωεῖρίςιγηθὴῳπι
963 4755 1066 4812 pro
1108 4741 1349 4812 potione
1409 4742 1634 4798 medica
1674 4760 1743 4799 ex
1775 4743 2025 4800 diversis

374 4808 683 4883 specieb_us
702 4808 979 4883 coniecta
1000 4808 1301 4883 accipitur.

446 4880 562 4964 (20)
593 4879 817 4960 Eratin
837 4879 1495 4964 ⁸γτιξίςειῖιίεξΜαιτκςονριζη,
1526 4888 1794 4964 corrupte
1820 4902 1833 4953 ;
1884 4902 2023 4964 nam

376 4950 554 5032 Marsi
580 4950 791 5032 ncnnin
820 4950 1182 5032 Alriemsed,
1216 4956 1280 5032 ut
1310 4952 1398 5007 vel
1430 4954 1558 5032 ipse
1585 4950 1793 5010 auctor
1822 4950 1827 4953 ⁷
1850 4955 2025 5027 paulo

408 5027 511 5093 goat
554 5021 778 5089 subdit,
824 5021 884 5077 in
934 5021 1103 5093 italia
1140 5021 1473 5081 extiterunt}
1520 5024 1665 5080 Cum
1714 5021 1868 5081 vero'
1891 5032 2027 5082 ante

439 5091 603 5150 arSos
633 5109 767 5157 mox
787 5091 1175 5149 nominaverit
1226 5093 1693 5161 mathematicos,
1726 5097 2025 5153 mathema-

375 5164 605 5241 ticorum
635 5161 1015 5241 correximus,
1040 5179 1525 5241 quorumgenus.
1541 5182 1642 5221 seu
1678 5167 1900 5241 species
1930 5185 2026 5241 pe-

376 5232 615 5311 culiaris
643 5233 707 5311 in
733 5234 924 5289 Africa
949 5232 1601 5311 'describitpr._l_los_
1621 5232 1857 5311 quidem
1890 5232 2025 5311 pio-

375 5305 504 5377 prio
536 5303 777 5381 nomine
804 5312 919 5381 non
949 5304 1172 5381 Marsos,
1196 5305 1299 5360 sed
1327 5306 1543 5381 Psyllos
1678 5308 1868 5364 Africa
1892 5303 2027 5381 post

377 5374 564 5449 pauca
594 5374 858 5449 nominat
879 5376 1147 5449 Lquibus
1177 5392 1320 5449 sane
1350 5376 1572 5449 Plinius
1603 5379 1703 5434 lib.
1745 5397 1846 5446 vn,
1880 5374 1930 5436 ὁ.
1964 5386 2022 5445 2,

375 5443 595 5522 similia
623 5443 848 5501 tribuit.
878 5443 1077 5501 Tr—adit
1106 5446 1259 5522 enim
1295 5446 1535 5522 Psyllos
1554 5450 1797 5522 populos
1820 5443 2024 5507 Africa:

375 5536 410 5573 ει
439 5512 632 5590 Psyllo
658 5532 791 5588 rege
821 5522 1207 5590 nuncupatos,
1241 5518 1299 5573 in
1334 5512 1493 5574 more
1524 5512 1800 5578 habuisse
1855 5527 2024 5579 natos

378 5587 631 5667 objicerc
654 5587 1119 5660 serpentibus,ut
1148 5605 1395 5645 uxorum
1430 5592 1773 5662 pudicitiam
1801 5594 2026 5667 experi-

377 5664 596 5717 rentur.

449 5731 563 5803 (21)
594 5727 921 5802 Psyllorum
954 5729 1177 5799 Africis,
1211 5736 1269 5786 et
1314 5731 1641 5790 Marsorum
1694 5733 1891 5807 ltalim,
1927 5735 2026 5807 qui

2130 4670 2352 4738 pontes.
2370 4663 2545 4738 Μῦςξῇ
2565 4667 2759 4738 autem
2779 4657 3329 4738 saliva‘serpentum:
3349 4657 3644 4738 morsibus
3661 4672 3788 4738 me-

2136 4728 2443 4810 debantur.
2477 4735 2622 4789 Hinc
2652 4733 2824 4791 aliter
2854 4733 3051 4805 Psylli,
3085 4728 3254 4788 aliter
3274 4729 3666 4810 Marsifuisse
3694 4728 3788 4783 di-

2135 4813 2350 4881 cuntur
2377 4806 2779 4881 incantatcrcs
2801 4800 3136 4881 serpentum
3158 4803 3325 4875 :quia
3344 4800 3527 4881 Psylli
3539 4815 3788 4881 serpen-

2132 4885 2221 4934 tes
2254 4879 2427 4934 odore
2482 4871 2926 4944 interﬁciebant,
2956 4874 3135 4931 Marsi
3193 4871 3389 4930 autem
3427 4871 3630 4931 'saliva
3685 4886 3787 4927 eos

2136 4967 2249 5005 non
2282 4950 2553 5005 sinebant
2582 4958 2809 5003 nocere.
3458 4960 3465 4967 ‘

2206 5022 2319 5091 (22)
2352 5021 2414 5075 ln
2445 5016 3115 5095 historiaqanslationis
3147 5011 3641 5095 S._:Aug_usti.ni.et
3688 5028 3787 5095 sc-

2134 5085 2360 5147 cidrum
2391 5090 2602 5146 saeculo
2632 5090 2706 5145 VI
2737 5089 3110 5145 Benedictino
3137 5105 3170 5143 a
3200 5085 3536 5143 Mabillonio
3566 5085 3791 5139 inserta

2135 5168 2283 5234 part.
2318 5180 2380 5229 ιι,
2411 5178 2541 5234 pag.
2572 5162 2703 5234 738,
2736 5161 2857 5217 haec
2888 5160 3199 5234 leguntur;
3236 5152 3788 5234 Carbunculusﬂuod

2134 5226 2344 5289 malum
2364 5226 2373 5229 ⁷
2396 5226 2596 5289 Γνῶηνί
2633 5248 2733 5303 per
2779 5226 3129 5303 antiphrasin
3152 5226 3157 5229 ⁷
3178 5231 3380 5303 bonum
3402 5299 3416 5303 _
3437 5226 3788 5303 mammam

2133 5313 2344 5360 rorant.
2379 5303 2523 5357 Hinc
2555 5295 2707 5373 apud
2743 5295 3081 5357 ltatherium
3116 5299 3527 5373 corrigendum
3557 5295 3789 5351 videtur

2132 5378 2271 5447 quod
2300 5377 2513 5430 malum
2530 5370 2639 5447 pro
2671 5390 2828 5447 quem
2859 5374 3088 5447 malum,
3121 5370 3565 5447 nisirelativum
3584 5438 3596 5447 _
3621 5383 3788 5447 quem

2135 5438 2205 5502 ad
2238 5438 2632 5502 carbunculum
2666 5438 3349 5509 referendum,etmalum
3373 5457 3487 5497 non
3508 5438 3788 5494 substan-

2133 5517 2256 5584 tivi,
2273 5518 2373 5572 sed
2393 5518 2460 5572 ad
2462 5514 2661 5588 jectivi
2682 5516 2808 5571 loco
2829 5515 3257 5588 accipiendum,
3267 5518 3329 5588 et
3356 5527 3491 5568 cum
3515 5510 3788 5565 substan-

2133 5585 3081 5669 tivozuatanjpnumpopulandum
3110 5585 3446 5669 existimes:
3539 5654 3549 5663 .

2206 5661 2319 5730 (25)
2350 5655 2529 5718 Radix
2559 5655 3077 5725 ltalicefradicchio,
3110 5658 3316 5715 Latine
3342 5655 3666 5711 cichorium.
