3968 6382
308 472 424 542 155

1227 477 1603 547 RATHERII
1647 480 1890 544 EPISG.
1936 479 2228 546 VERON.
2273 481 2448 546 OPP.
2493 481 2698 545 PARS
2742 473 2793 544 1.

3606 473 3729 536 156

305 616 462 670 esset
487 611 756 687 aliquain
773 612 904 672 istis
917 613 1366 684 elementis,nou
1391 617 1737 689 plerumque
1754 633 1956 672 nasce-
1988 616 2041 686 Α
2072 633 2203 690 pus,
2238 621 2838 689 autquarumeunque
2851 629 3047 670 rerum
3069 609 3434 685 quibuslibet
3455 611 3650 667 succis
3668 612 3728 667 et

305 709 510 760 rentur
537 721 607 760 ex
638 709 811 773 terra,
845 723 973 778 quae
1005 705 1083 761 ibi
1117 707 1409 762 seminata
1441 723 1556 761 non
1598 710 1811 773 essent;
1855 723 1958 761 nec

305 793 585 848 animalia
616 797 734 849 tam
763 793 967 864 multa,
1001 795 1162 851 nulla
1192 795 1445 851 marium
1489 795 1958 867 feminarumque

305 883 714 938 commistione
746 885 1120 954 praecedente,
1142 885 1258 940 sive
1281 885 1338 939 in
1373 889 1545 952 terra,
1571 885 1688 940 sive
1707 885 1763 938 in
1782 901 1956 955 aqua,

306 986 434 1041 quae
465 974 662 1027 tamen
694 976 986 1040 crescunt,
1015 977 1074 1027 et
1103 974 1364 1028 coeundo
1397 973 1512 1028 alia
1544 973 1797 1044 pariunt,
1822 989 1956 1026 eum

309 1057 408 1113 illa
433 1059 612 1116 nullis
643 1061 988 1116 coeuntibus
1019 1063 1362 1134 parentibus
1393 1067 1520 1117 orta
1551 1063 1687 1117 sint.
1712 1063 1781 1116 Et
1804 1066 1958 1116 certe

307 1164 448 1219 apes
479 1149 706 1206 semina
736 1149 989 1206 filiorum
1015 1167 1127 1205 non
1161 1153 1420 1206 coeundo
1447 1151 1807 1222 concipiunt,
1856 1150 1958 1204 sed

306 1242 592 1310 tanquam
615 1255 822 1311 sparsa
853 1256 952 1310 per
982 1244 1169 1295 terras
1200 1257 1296 1294 ore
1345 1240 1646 1311 colligunt.
1690 1237 1956 1294 Invisibi-

307 1325 455 1381 lium
486 1327 642 1382 enim
669 1327 960 1383 seminum
990 1332 1232 1396 creator,
1257 1327 1382 1400 ipse
1404 1332 1628 1382 creator
1649 1331 1738 1382 est
1760 1343 1956 1381 rerum

307 1415 596 1483 omnium;
630 1416 906 1487 quoniam
941 1433 1300 1488 quzeeunque
1330 1417 1620 1472 nascendo
1652 1419 1863 1471 exeunt
1884 1415 1954 1470 ad

309 1503 508 1560 oculos
540 1510 792 1571 nostros,
813 1522 879 1561 ex
897 1505 1142 1562 occultis
1165 1506 1495 1561 seminibus
1514 1505 1809 1577 accipiunt
1825 1522 1958 1575 pro-

305 1592 604 1664 grediendi
636 1594 1041 1665 primordia,et
1063 1596 1419 1650 incrementa
1441 1595 1647 1649 debitae
1662 1593 1956 1664 magnitu-

304 1680 478 1750 dinis,
512 1681 1036 1755 distinctionesque
1086 1684 1405 1738 formarum
1456 1683 1529 1738 ab
1573 1681 1956 1754 originalibus

303 1775 587 1842 tanquam
603 1769 822 1843 regulis
837 1773 1422 1844 sumunt.Sicutergo
1437 1789 1541 1826 nec
1571 1775 1840 1842 parentes
1865 1770 1958 1823 di-

305 1859 496 1915 cimus
524 1865 814 1916 ereatores
845 1860 1287 1917 hominum.nec
1335 1859 1622 1933 agricolas
1668 1864 1954 1915 creatores

307 1948 539 2021 frugum
555 1949 1069 2021 quamvisillorum
1083 1951 1448 2006 extrinsecus
1474 1948 1752 2005 adhibitis
1778 1948 1920 2003 moti
1940 1978 2012 2054 -Β

306 2035 563 2104 bus,ista
578 2037 829 2091 creanda
843 2036 942 2091 Dei
963 2037 1148 2092 virtus
1171 2037 1416 2092 interius
1439 2037 1816 2108 opereturzita
1840 2053 1956 2090 non

307 2122 498 2178 solum
512 2123 722 2192 malos,
741 2126 841 2180 sed
857 2141 961 2180 nec
974 2126 1160 2181 bonos
1173 2125 1412 2198 angelos
1427 2127 1512 2180 fas
1525 2130 1616 2180 est
1628 2127 1817 2197 putari
1833 2141 1956 2180 cre-

308 2214 628 2277 atores,sed
645 2229 749 2286 pro
772 2213 1094 2270 subtilitate
1117 2215 1226 2285 (26)
1251 2215 1340 2270 sui
1367 2231 1577 2270 sensus
1589 2218 1645 2269 et
1673 2214 1952 2285 corporis,

310 2301 720 2358 seminanobis
741 2302 988 2359 istarum
1016 2320 1210 2359 rerum
1238 2303 1552 2358 occultiora
1573 2308 1876 2368 noverunt,
1901 2307 1956 2357 et

307 2407 376 2446 ea
387 2407 490 2462 per
502 2407 792 2464 congruas
803 2393 1253 2465 temperationes
1266 2392 1688 2449 elementorum
1714 2392 1958 2447 latenter

308 2484 796 2554 spargunt,atque
812 2481 891 2536 ita
901 2482 956 2554 gi
963 2482 1328 2554 gnendarum
1345 2497 1404 2536 re
1413 2499 1539 2536 rum
1555 2486 1613 2536 et
1626 2480 1919 2536 acceleran
1932 2511 1956 2520 -

306 2569 1020 2626 dorumincrementorum
1053 2571 1313 2643 praebent
1347 2570 1827 2626 occasiones.Sed
1851 2585 1956 2624 nec

307 2657 443 2712 boni
466 2657 607 2713 haec.
641 2657 756 2714 nisi
786 2664 1078 2730 quantum
1108 2663 1260 2714 Deus
1285 2659 1473 2730 jubet,
1506 2675 1611 2713 nec
1663 2657 1802 2714 mali
1834 2657 1955 2712 haec

306 2746 528 2816 injuste
559 2746 800 2814 faciunt,
834 2747 949 2803 nisi
981 2753 1270 2820 quantum
1293 2749 1456 2820 juste
1487 2747 1612 2820 ipse
1644 2746 1952 2819 permittit.

307 2835 456 2890 Nam
514 2835 702 2906 iniqui
760 2836 986 2892 malitia
1032 2837 1390 2892 voluntatem
1439 2836 1616 2891 habet
1669 2836 1954 2906 injustam

309 2939 499 2990 suam;
533 2927 879 2995 potestatem
908 2929 1104 2980 autem
1133 2942 1247 2980 non
1271 2926 1383 2979 nisi
1407 2926 1569 2996 juste
1599 2923 1956 2996 accipit,sive

309 3011 380 3066 ad
415 3027 584 3066 suam
616 3029 868 3083 pmnam,
894 3012 1011 3068 sive
1033 3014 1103 3068 ad
1136 3013 1385 3068 aliorum
1414 3012 1500 3069 vel
1524 3029 1753 3085 poenam
1777 3011 1960 3068 malo-

309 3117 464 3168 rum,
496 3101 583 3155 vel
617 3100 848 3156 laudem
881 3102 1188 3157 bonorum.
1224 3124 1251 3151 »

381 3189 434 3243 9.
472 3191 736 3262 Itemque
766 3195 899 3262 post
929 3209 1134 3263 pauca:
1168 3193 1241 3264 (c.
1273 3192 1328 3263 9)
1365 3216 1384 3240 α
1411 3191 1575 3246 Aliud
1610 3195 1718 3262 est,
1745 3191 1954 3262 inquit,

308 3295 376 3333 ex
397 3278 606 3334 intimo
618 3296 683 3335 ac
697 3297 931 3335 summo
945 3297 1257 3336 causarum
1271 3280 1506 3336 cardine
1518 3282 1766 3336 condere
1784 3285 1956 3350 atque

2069 706 2435 774 humoribus,
2470 706 2558 762 vel
2591 706 2672 761 ita
2702 705 2932 777 positis,
2980 702 3068 758 vel
3098 703 3178 757 ita
3222 701 3470 768 obrutis,
3519 700 3603 755 vel
3640 701 3729 756 ita

2068 795 2334 850 contritis
2367 795 2453 850 vel
2487 795 2562 849 ita
2594 792 2942 858 commistis,
2979 792 3132 864 quod
3154 792 3215 861 [ι.
3249 807 3376 862 quae
3409 807 3533 845 cum
3556 789 3725 860 Aug.]

2069 884 2347 940 animalia
2367 885 2526 939 nasci
2549 883 2793 947 soleant,
2813 898 3063 953 quorum
3087 897 3148 935 se
3180 881 3311 952 quis
3329 884 3449 934 tam
3476 879 3727 934 demens

2069 973 2279 1028 audeat
2310 974 2498 1029 dicere
2529 970 3028 1037 creatorem?Qnid
3044 986 3180 1041 ergo
3198 967 3490 1035 mirum,si
3512 985 3726 1040 quem-

2068 1063 2386 1118 admodum
2418 1066 2611 1134 potest
2634 1078 2804 1116 nosse
2822 1058 3485 1131 quilibetnequissimus
3517 1057 3723 1124 homo,

2069 1153 2222 1207 unde
2255 1152 2336 1206 illi
2366 1151 2452 1207 vel
2486 1151 2569 1206 illi
2598 1167 2822 1205 vermes
2881 1165 3212 1218 muscaeque
3264 1151 3602 1213 nascantur;
3642 1147 3728 1201 ita

2069 1241 2207 1296 mali
2240 1241 2429 1313 angeli
2465 1258 2566 1312 pro
2591 1239 2951 1294 sublimitate
2969 1237 3058 1291 sui
3085 1253 3296 1292 sensus
3318 1235 3373 1290 in
3395 1233 3728 1291 occultiori—

2067 1331 2177 1386 bus
2208 1330 2628 1384 elementorum
2663 1326 2989 1382 seminibus
3015 1325 3231 1392 norint,
3267 1325 3419 1380 unde
3434 1341 3587 1378 ranae
3605 1340 3732 1380 ser-

2068 1423 2386 1490 pentesque
2419 1419 2820 1482 nascantur,et
2844 1414 2965 1469 haec
2980 1417 3278 1485 percertas
3301 1418 3356 1468 et
3386 1417 3554 1468 notas
3574 1417 3730 1468 tem-

2067 1506 2437 1578 perationum
2470 1504 2932 1577 opportunitates
2965 1502 3207 1558 occultis
3262 1502 3520 1557 motibus
3551 1501 3732 1556 adhi-

2067 1596 2254 1650 bendo
2288 1596 2509 1650 faciunt
2540 1594 2742 1662 creari,
2777 1610 2895 1647 non
2929 1595 3156 1647 creant?
3183 1591 3289 1646 Sed
3317 1590 3417 1646 illa
3447 1590 3726 1646 homines

2066 1701 2194 1754 quae
2226 1683 2414 1738 solent
2445 1683 2516 1737 ab
2549 1681 2889 1736 hominibus
2920 1679 3042 1734 ﬁeri
3076 1697 3191 1734 non
3216 1679 3523 1735 mirantur.
3553 1679 3726 1744 Quod

2067 1772 2114 1828 si
2145 1773 2459 1842 quisquam
2494 1770 2814 1825 celeritates
2843 1769 3262 1825 elementorum
3288 1770 3398 1840 (27)
3433 1768 3578 1823 forte
3603 1768 3728 1822 mi-

2068 1866 2228 1916 ratur
2259 1861 2414 1932 quod
2447 1860 2546 1915 illa
2561 1859 3018 1915 animantiatam
3035 1857 3146 1913 cito
3168 1857 3317 1912 facta
3341 1861 3500 1924 sunt;
3525 1860 3723 1912 atten-

2066 1951 2188 2015 dat,
2222 1947 2722 2022 quemadmodum
2753 1953 2808 2002 ct
2839 1947 2974 2013 ista,
3009 1963 3112 2019 pro
3141 1945 3378 2002 modulo
3421 1945 3724 2002 facultatis

2068 2039 2361 2105 humanae,
2398 2039 2470 2094 ab
2503 2037 2844 2092 hominibus
2877 2035 3451 2108 procurentur.Unde
3472 2034 3634 2089 enim
3660 2035 3728 2089 ﬁt

2067 2132 2130 2182 ut
2161 2145 2228 2182 ea
2256 2144 2498 2200 corpora
2534 2127 2645 2198 (28)
2671 2126 2846 2182 citius
2877 2129 3245 2180 vermescant
3291 2128 3489 2180 aestate
3537 2140 3723 2196 quam

2065 2215 2277 2281 hieme;
2305 2217 2478 2272 citius
2509 2217 2566 2271 in
2598 2214 2976 2270 calidioribus
3003 2230 3180 2285 quam
3214 2212 3272 2266 in
3315 2210 3723 2285 frigidioribus

2064 2305 2237 2362 locis?
2267 2307 2376 2362 Sed
2410 2307 2531 2361 haec
2565 2305 2636 2360 ab
2656 2303 2995 2359 hominibus
3027 2307 3186 2358 tanto
3219 2301 3519 2356 difficilius
3551 2301 3726 2357 adhi-

2039 2388 2041 2390 ’
2066 2395 2299 2460 bentur,
2335 2398 2550 2467 quanto
2582 2395 2795 2449 desunt
2823 2407 3104 2447 sensuum
3124 2389 3503 2455 subtilitates,
3523 2395 3582 2446 et
3605 2407 3730 2446 cor-

2067 2501 2273 2555 porum
2307 2483 2659 2539 mobilitates
2690 2481 2748 2536 in
2800 2480 3080 2537 membris
3125 2479 3373 2535 terrenis
3421 2483 3479 2534 et
3511 2478 3724 2552 pigris.

2066 2573 2229 2628 Unde
2277 2571 2788 2644 qualibuscunque
2837 2569 3062 2642 angelis
3111 2569 3331 2624 vicinas
3387 2585 3600 2624 causas
3649 2569 3722 2623 ab

2065 2661 2368 2718 elementis
2392 2660 2732 2716 contrahere
2749 2663 2966 2730 quanto
2986 2656 3216 2713 facilius
3233 2661 3340 2722 est,
3359 2659 3521 2712 tanto
3547 2656 3726 2712 mira-

2066 2750 2300 2805 biliores
2330 2750 2387 2804 in
2407 2749 2747 2821 hujusmodi
2770 2747 3046 2820 operibus
3064 2762 3264 2802 eorum
3287 2745 3546 2801 existunt
3574 2743 3725 2799 cele-

2066 2840 2288 2894 ritates.
2321 2839 2429 2894 Sed
2462 2855 2577 2893 non
2608 2843 2697 2892 est
2725 2841 2972 2900 creator,
3017 2835 3133 2890 nisi
3166 2834 3265 2905 qui
3315 2831 3725 2906 principaliter

2065 2926 2178 2982 ista
2209 2927 2440 2994 format;
2464 2926 2901 2998 necquisquam
2925 2924 3032 2979 hoc
3059 2922 3378 2995 potestnisi
3407 2921 3503 2977 ille
3535 2939 3720 2993 penes

2066 3033 2239 3087 quem
2275 3015 2546 3088 primitus
2581 3019 2739 3081 sunt,
2773 3013 3036 3070 omnium
3065 3030 3191 3084 qua:
3225 3016 3366 3066 sunt
3401 3027 3718 3082 mensurae,

2067 3106 2294 3160 numeri
2322 3110 2379 3160 et
2399 3106 2674 3176 pondera;
2697 3108 2751 3159 et
2784 3103 2906 3174 ipse
2924 3107 3013 3158 est
3033 3119 3187 3156 unus
3218 3105 3445 3156 creator
3465 3101 3720 3171 Deus,ex

2066 3196 2236 3266 cujus
2262 3193 2536 3250 ineffabili
2570 3197 2870 3265 potentatu
2905 3193 2969 3245 fit
2985 3190 3184 3258 etiam,
3204 3194 3268 3244 ut
3299 3189 3453 3260 quod
3477 3192 3722 3260 possent

2067 3283 2124 3338 hi
2161 3282 2370 3354 angeli,
2405 3283 2452 3337 si
2477 3282 2974 3354 permitterentur,
3009 3280 3135 3334 ideo
3160 3295 3275 3333 non
3298 3279 3544 3351 possint,
3576 3277 3723 3351 quia

309 3367 724 3426 administrare
754 3371 1265 3443 creaturamzpuod
1299 3369 1439 3442 quid
1459 3368 1783 3437 facit,solus
1801 3385 1959 3424 crea-
1991 3357 2034 3424 C
2072 3388 2188 3426 non
2222 3370 2659 3443 permittuntur.
2692 3371 2889 3442 Neque
2915 3369 3073 3424 enim
3104 3367 3355 3424 occurrit
3403 3365 3518 3422 alia
3545 3367 3719 3434 ratio,

307 3461 399 3513 tor
426 3461 513 3513 est
547 3462 718 3525 Deus;
752 3458 911 3514 aliud
967 3463 1163 3515 autem
1195 3476 1298 3531 pro
1348 3458 1682 3515 distributis
1729 3459 1801 3514 ab
1861 3457 1959 3512 illo

306 3545 529 3602 viribus
547 3549 603 3602 et
616 3546 993 3603 facultatibus
1019 3547 1279 3620 aliquam
1301 3548 1698 3620 operationem
1715 3547 1960 3602 forinse-

307 3651 416 3691 cus
439 3636 767 3704 admovere,
797 3641 862 3692 ut
891 3641 1030 3692 tunc
1059 3637 1148 3692 vel
1183 3642 1341 3704 tunc,
1393 3637 1476 3692 sic
1503 3637 1591 3692 vel
1642 3636 1725 3692 sie
1774 3641 1957 3706 exeat,

309 3723 464 3794 quod
496 3727 745 3778 creatur.
779 3725 898 3779 Ista
925 3725 1141 3798 quippe
1157 3725 1522 3799 originaliter
1535 3743 1600 3781 ac
1617 3725 1964 3798 primordia-

310 3811 445 3867 liter
474 3811 534 3866 in
565 3812 834 3882 quaedam
866 3817 1096 3869 textura
1125 3813 1551 3870 elementorum
1581 3819 1795 3870 cuncta
1831 3816 1960 3884 jam

311 3903 505 3955 creata
534 3903 694 3966 sunt,
719 3901 820 3955 sed
836 3902 1088 3972 acceptis
1101 3902 1637 3973 opportunitatibus
1651 3904 1958 3974 prodeunt.

311 3989 413 4044 ιο
444 3989 592 4044 Nam
623 3989 778 4044 sicut
808 3993 1026 4046 matres
1081 3995 1220 4046 sunt
1278 3989 1526 4062 gravidae
1578 3991 1817 4056 fetibus,
1879 3990 1962 4046 sic

313 4078 438 4148 ipse
469 4077 726 4134 mundus
760 4078 1035 4151 gravidus
1066 4083 1157 4136 est
1185 4079 1380 4136 causis
1405 4079 1794 4147 nascentium,
1837 4097 1962 4150 qua:

312 4165 370 4220 in
405 4165 508 4222 illo
536 4183 651 4222 non
684 4170 976 4235 creantur,
1011 4168 1123 4224 nisi
1155 4169 1228 4224 ab
1259 4167 1360 4223 illa
1402 4185 1636 4224 summa
1687 4168 1960 4238 essentia,

313 4255 412 4311 ubi
444 4271 550 4312 nec
580 4257 847 4312 moritur.
884 4273 988 4313 nec
1011 4257 1277 4314 nascitur
1324 4256 1568 4329 aliquid,
1605 4274 1710 4313 nec
1757 4257 1964 4329 incipit

309 4361 460 4414 esse,
493 4362 598 4402 nec
630 4345 865 4403 desinit.
888 4347 1175 4404 Adhibere
1188 4351 1384 4402 autem
1407 4345 1733 4402 forinsecus
1755 4363 1962 4402 causas

311 4436 659 4504 accidentes,
692 4452 820 4507 quae
853 4437 1088 4492 tametsi
1121 4453 1236 4492 non
1269 4439 1407 4492 sunt
1429 4435 1746 4502 naturales,
1766 4439 1963 4491 tamen

312 4523 637 4578 secundum
671 4529 944 4579 naturam
979 4525 1354 4592 adhibentur,
1389 4529 1453 4579 ut
1485 4542 1552 4580 ea
1583 4543 1710 4596 quae
1742 4530 1963 4580 secreto

311 4615 535 4664 natura:
555 4609 690 4664 sinu
719 4611 917 4666 abdita
933 4613 1324 4678 continentur,
1348 4619 1669 4685 erumpunt
1687 4615 1967 4685 quodam-

315 4698 510 4764 modo,
543 4702 600 4752 et
629 4697 770 4753 foris
807 4705 1096 4766 creentur,
1145 4701 1488 4773 explicando
1533 4719 1865 4768 mensuras,
1907 4707 1965 4757 et

315 4790 679 4853 numeros,et
698 4787 955 4858 pondera
985 4805 1094 4844 sua
1123 4805 1254 4860 quae
1278 4789 1338 4844 in
1362 4789 1585 4845 occulto
1616 4797 1966 4863 acceperunt

315 4876 389 4931 ab
421 4875 542 4944 illo,
576 4875 678 4948 qui
710 4876 980 4931 omniain
997 4893 1274 4933 mensura
1305 4883 1362 4934 et
1377 4894 1620 4933 numero
1638 4884 1693 4934 et
1710 4881 1968 4950 pondere

317 4963 609 5036 disposuit
638 4964 780 5036 (cap.
807 4967 1002 5033 11,21),
1045 4983 1158 5022 non
1208 4965 1400 5021 solum
1435 4966 1572 5021 mali
1619 4967 1830 5040 angeli,
1865 4969 1966 5022 sed

317 5053 492 5107 etiam
525 5052 664 5107 mali
683 5053 952 5109 homines
973 5059 1242 5126 possunt,
1265 5055 1416 5110 sicut
1431 5054 1694 5127 exemplo
1724 5055 1970 5127 agricul-

319 5145 462 5196 turae
493 5157 673 5214 supra
702 5141 894 5197 docui.
919 5143 1033 5198 Sed
1057 5159 1160 5198 nec
1190 5143 1262 5198 de
1292 5142 1648 5198 animalibus
1680 5145 1849 5215 quasi
1877 5145 1966 5200 di-

316 5245 486 5286 Versa
514 5229 661 5284 ratio
693 5235 939 5295 moveat,
1001 5232 1156 5303 quod
1215 5230 1472 5286 habeant
1515 5231 1787 5303 spiritum
1832 5233 1961 5288 vitae

319 5334 455 5373 cum
473 5335 651 5373 sensu
669 5320 999 5391 appetendi,
1028 5337 1155 5392 quae
1171 5319 1497 5374 secundum
1516 5325 1785 5376 naturam
1805 5326 1964 5389 sunt,

320 5406 658 5478 vitandique
698 5409 1008 5476 contraria;
1040 5409 1218 5464 etiam
1267 5407 1376 5462 hoc
1407 5413 1496 5462 est
1545 5409 1740 5464 videre
1789 5427 1965 5481 quam

322 5494 492 5550 multi
525 5495 794 5553 homines
826 5498 1183 5566 noverint,ex
1197 5497 1412 5567 quibus
1431 5496 1630 5551 herbis
1654 5502 1756 5552 aut
1779 5499 1965 5553 carni-

394 5619 502 5691 (26)
537 5619 666 5675 Haec
689 5619 859 5676 lectio
889 5622 1118 5676 videtur
1146 5620 1354 5676 melior
1383 5635 1560 5691 quam
1607 5621 1665 5675 in
1715 5621 1968 5694 vulgatis

321 5691 653 5746 Augustini:
685 5694 737 5746 si
764 5708 862 5746 pro
890 5693 1210 5746 subtilitate.
1623 5739 1625 5741 .

375 5693 653 5764 ugustini:
685 5694 737 5747 si
759 5708 862 5764 pro
890 5693 1210 5748 subtilitate.
1623 5739 1625 5741 .
1836 5693 1844 5694 '

397 5763 508 5832 (27)
539 5763 748 5820 Melius
777 5765 932 5836 apud
963 5763 1381 5836 Augustinum,
1409 5772 1888 5820 merementorum.

2070 3477 2175 3516 cur
2203 3477 2317 3515 non
2349 3459 2643 3532 potuerint
2670 3459 2854 3515 facere
2883 3456 3319 3513 munitissimas
3335 3472 3595 3522 muscas,
3621 3454 3721 3528 qui

2068 3565 2243 3605 ranas
2274 3549 2989 3621 serpentesqueﬁfecerunt,
3019 3546 3130 3600 nisi
3155 3544 3498 3616 quiamajor
3517 3545 3723 3600 aderat

2069 3638 2390 3694 dominatio
2423 3637 2786 3709 prohibentis
2819 3635 2918 3690 Dei
2949 3651 3053 3708 per
3082 3633 3355 3706 spiritum
3378 3649 3554 3687 suum
3583 3633 3718 3705 (29);

2071 3727 2227 3800 quod
2261 3727 2435 3782 etiam
2469 3725 2580 3798 ipsi
2612 3725 2766 3797 magi
2800 3723 3048 3780 confessi
3083 3727 3240 3789 sunt,
3261 3721 3540 3778 dicentes:
3571 3723 3722 3792 Digi-

2068 3820 2155 3871 tus
2186 3817 2287 3872 20
2316 3816 2414 3871 Dei
2443 3815 2532 3870 hic
2554 3819 2632 3870 est
2665 3813 2983 3885 (ΕωοάΝιιι,
3019 3811 3130 3881 19).
3164 3811 3310 3877 Quid
3337 3814 3534 3866 autem
3589 3827 3720 3882 pos-

2070 3904 2192 3960 sint
2221 3921 2326 3976 per
2355 3908 2758 3959 naturam.nec
2790 3901 3020 3974 possint
3050 3917 3154 3972 per
3185 3897 3725 3972 prohibitionem,et

2073 3993 2210 4064 quid
2243 4008 2346 4064 per
2373 3992 2562 4064 ipsius
2591 3995 2812 4046 naturae
2831 4007 2952 4045 sua:
2970 3989 3364 4044 conditionem
3397 3987 3587 4044 facere
3609 4004 3722 4043 non

2073 4080 2361 4148 sinantur,
2396 4080 2618 4136 homini
2650 4079 2950 4152 explorare
2980 4077 3218 4133 difﬁcile
3265 4081 3373 4144 est,
3427 4077 3545 4131 imo
3590 4091 3722 4131 vero

2072 4168 2455 4242 impossibile,
2490 4169 2603 4224 nisi
2626 4185 2728 4241 per
2745 4167 2887 4222 illud
2915 4168 3136 4222 donum
3160 4166 3281 4233 Dei,
3305 4165 3462 4237 quod
3483 4168 3726 4236 Aposto-

2071 4257 2166 4315 lus
2196 4262 2615 4314 commemorat
2644 4257 2862 4312 dicens:
2898 4257 3012 4311 Atii
3057 4254 3379 4328 dijudicatio
3424 4256 3725 4325 spirituum

2072 4349 2119 4420 (ι
2149 4348 2267 4402 Cor.
2312 4364 2412 4415 χιι,
2478 4348 2585 4419 10).
2645 4345 2926 4401 Novimus
2983 4344 3140 4400 enim
3199 4343 3501 4399 hominem
3550 4357 3722 4416 posse

2071 4435 2392 4502 ambulare,
2427 4440 2483 4490 et
2547 4451 2733 4507 neque
2780 4433 2889 4489 hoc
2947 4449 3119 4505 posse
3152 4432 3265 4487 nisi
3323 4431 3718 4504 permittatur;

2071 4525 2265 4582 volare
2295 4530 2488 4580 autem
2524 4541 2637 4580 non
2673 4540 2844 4596 posse
2866 4522 3041 4578 etiam
3076 4521 3122 4576 si
3142 4519 3534 4594 permittatur.
3558 4519 3652 4574 Sic
3669 4521 3722 4572 et

2072 4615 2154 4669 illi
2181 4614 2371 4687 angeli
2403 4615 2670 4685 quaedam
2705 4615 2953 4684 possunt
2986 4611 3194 4676 facere,
3226 4609 3276 4665 si
3307 4608 3724 4681 permittantur

1994 4724 2042 4789 Β
2073 4704 2145 4759 ab
2173 4702 2398 4775 angelis
2429 4701 2867 4789 potentioribus
2885 4717 2953 4789 ex_
2982 4699 3229 4789 imperio
3280 4697 3398 4789 Dei;
3456 4696 3720 4789 quadam

2074 4809 2207 4848 vero
2239 4809 2355 4847 non
2389 4793 2654 4863 possunt,
2688 4805 2792 4843 nec
2825 4788 2872 4842 si
2906 4787 2977 4842 ab
3008 4787 3093 4842 eis
3126 4785 3562 4857 permittuntur,
3586 4782 3723 4856 quia

2077 4881 2173 4937 ille
2204 4898 2318 4936 non
2351 4879 2638 4952 permittit
2659 4896 2694 4934 a
2722 4875 2966 4949 quoillis
2980 4873 3216 4931 esttalis
3243 4878 3463 4930 naturae
3488 4873 3718 4935 modus,

2077 4970 2177 5042 qui
2209 4970 2385 5025 etiam
2417 4986 2520 5042 per
2543 4966 2782 5040 angelos
2812 4982 2951 5021 suos
2981 4968 3038 5020 et
3069 4963 3170 5019 illa
3213 4962 3562 5036 plerumque
3607 4975 3721 5014 non

2077 5059 2380 5130 permittit,
2415 5075 2543 5129 qua:
2573 5054 2863 5112 concessit
2894 5059 2958 5110 ut
2981 5055 3226 5125 possint.
3260 5051 3526 5124 Exceptis
3547 5049 3725 5123 igitur

2077 5145 2192 5202 illis
2205 5163 2330 5218 quae
2345 5145 2731 5202 usitatissimo
2744 5149 3086 5198 transcursu
3098 5146 3432 5214 temporum
3445 5140 3505 5195 in
3527 5153 3719 5194 rerum

2075 5239 2293 5290 naturae
2321 5235 2522 5290 ordine
2552 5231 2929 5305 corporaliter
2958 5232 3127 5297 ﬁunt,
3161 5229 3334 5286 sicuti
3375 5232 3516 5284 sunt
3562 5230 3720 5284 ortus

2076 5339 2436 5395 occasusque
2463 5319 3154 5393 siderum,generationes
3185 5323 3242 5373 et
3264 5322 3481 5373 mortes
3501 5314 3720 5372 anima-

2077 5411 2244 5479 lium,
2279 5411 2570 5467 seminum
2584 5414 2639 5465 et
2655 5409 2984 5480 germinum
3000 5407 3460 5462 innumerabiles
3482 5402 3721 5460 diversi-

2076 5506 2245 5569 tates,
2279 5500 2502 5556 nebula:
2535 5504 2592 5554 et
2624 5499 2829 5562 nubes,
2863 5497 3025 5553 nives
3057 5502 3113 5552 et
3138 5495 3368 5568 pluviae,
3404 5494 3636 5567 fulgura
3669 5493 3724 5546 et

2148 5625 2259 5693 (28)
2291 5624 2458 5695 Apud
2491 5623 2768 5678 eumdem
2791 5622 3188 5695 Augustinum
3214 5621 3404 5677 eadem
3431 5634 3674 5693 corpora.

2151 5695 2265 5765 (29)
2293 5693 2460 5766 Apud
2491 5695 2764 5750 eumdem
2794 5693 2906 5764 per’
2920 5693 3190 5763 Spiritum
3216 5696 3483 5748 sanctum.
