3968 6396
376 438 494 525 ιω
1296 460 1677 534 annnam
1719 466 1967 534 EPISC.
2011 466 2306 535 veaou.
2351 469 2525 537 orp.
2572 436 2772 539 rans
2814 464 2868 537 ι.
3696 458 3823 530 160

375 594 616 654 Ientiam
646 611 1016 673 componere,
1049 602 1115 656 ut
1143 599 1259 658 Deo
1291 602 1567 671 similem,
1600 607 1887 675 quantum
1920 604 2026 661 sci-
2052 604 2108 672 Α
2130 610 2384 679 proximo
2415 609 2478 666 in
2499 616 2735 681 tempore
2762 606 3099 664 necessitatis
3136 604 3322 673 illius;
3355 600 3493 679 quia
3520 602 3676 676 facit
3713 597 3828 657 mi.

376 685 511 743 licet
539 688 610 743 ad
636 688 764 760 ejus
790 692 1015 761 Spectat
1042 692 1499 763 concessionem,
1545 694 1730 766 possit
1773 694 2017 762 efﬁcere;
2130 698 2505 754 sericordiam.
2539 699 2638 770 qui
2653 700 2937 770 feneratur
2975 710 3250 768 proximo,
3300 701 3352 749 et
3393 693 3491 766 qui
3532 691 3830 765 praevalet

377 778 923 849 eamquementium
944 783 1586 850 naturamesse,eodem
1606 784 1733 855 ipso
1759 784 2019 851 docente,
2131 804 2323 853 manu,
2355 788 2611 843 mandata
2658 794 2838 842 servat
2884 786 3077 858 (Eccli.
3126 802 3219 851 xv,
3269 782 3347 853 2).
3399 780 3561 836 Voca
3625 779 3828 853 igitur

379 866 688 937 perpende,
722 871 786 921 ut
815 868 1044 937 quoties
1075 869 1591 941 abjecerintveras,
1613 871 1774 927 falsis
1805 873 2025 944 opinio-
2135 876 2432 931 Christum
2472 876 2543 931 ad
2578 877 2818 931 domum
2842 872 3356 947 tuam,praaparaei
3390 869 3745 925 convivium
3765 872 3827 923 et

379 954 554 1009 nibus
586 956 687 1012 22
720 956 1063 1025 induantur;
1097 963 1153 1013 et
1184 958 1327 1015 illud
1362 961 1549 1032 magis
1581 978 1800 1027 exerce,
1846 962 2023 1033 quod,
2138 983 2384 1031 caenam,
2419 966 2595 1039 pedes
2623 965 2769 1031 lava,
2810 962 3081 1037 lacrymis
3133 962 3282 1033 riga,
3331 958 3559 1035 capillis
3619 964 3822 1031 terge,

379 1045 444 1097 ut
471 1041 531 1097 in
559 1043 880 1115 primordio
910 1043 1224 1102 locutionis
1255 1050 1544 1121 suggessi,
1571 1067 1603 1103 a
1634 1050 1749 1105 Deo
1782 1050 2029 1121 inspira-
2139 1071 2310 1125 pasce
2341 1071 2496 1121 eum,
2530 1054 2695 1118 vesti,
2747 1053 2981 1120 calefac,
3035 1056 3191 1124 pota,
3229 1047 3485 1122 hospitio
3538 1046 3820 1118 suscipe,

379 1135 573 1186 torum
609 1132 971 1190 medicorum
1001 1153 1154 1191 vera.
1188 1139 1327 1208 quia
1357 1139 1835 1210 probatainvenit
1858 1138 2032 1194 soler-
2142 1160 2256 1197 non
2289 1143 2707 1216 dedignabitur
2736 1142 2808 1196 ad
2840 1143 3060 1196 donum
3106 1144 3270 1194 tuam
3318 1138 3635 1205 divertere;
3696 1135 3823 1190 imo

381 1219 482 1289 tia,
516 1238 694 1293 quam
724 1224 879 1293 quod
916 1222 1234 1280 infelicium
1262 1227 1767 1283 meretricularum
1799 1226 2030 1282 diabolo
2142 1232 2441 1287 frontuose
2471 1231 2681 1303 ingerit
2711 1248 2791 1298 se;
2843 1230 2969 1302 ipse
3017 1227 3276 1301 quotidie
3318 1231 3385 1281 ut
3436 1225 3827 1298 suscipiatur

384 1314 514 1365 acta
541 1311 886 1381 conjectavit
915 1312 1231 1369 dementia.
1254 1316 1339 1370 Ita
1361 1318 1504 1371 ﬁtut
1529 1315 1690 1371 nulla
1722 1316 2033 1371 inﬁdelita-
2143 1323 2328 1392 rogat,
2362 1336 2496 1374 cum
2524 1323 2586 1373 tu
2636 1319 2875 1374 deberes
2928 1334 3149 1390 cogere;
3198 1315 3451 1370 consulit
3499 1330 3629 1369 non
3697 1329 3826 1371 suae

384 1396 461 1453 tis
491 1396 677 1471 caligo
707 1415 908 1455 verum
940 1400 1129 1470 illum,
1166 1420 1282 1475 quo
1311 1401 1490 1457 videri
1540 1404 1847 1479 quidpiam
1890 1404 2037 1459 solet
2144 1407 2498 1480 indigentiae,
2535 1408 2634 1463 sed
2662 1411 2777 1463 tum
2806 1407 3077 1463 avaritiae:
3133 1408 3258 1461 tum
3308 1405 3546 1460 demum
3598 1402 3680 1458 ad
3724 1402 3829 1457 do-

386 1487 1451 1559 agendum,confundantintuitum;et
1482 1498 1717 1564 propter
1738 1491 2035 1565 sapientia:
2147 1514 2311 1552 mum
2342 1500 2468 1569 ejus
2492 1495 3234 1571 propera,discipulosejus
3254 1492 3578 1565 alloquere,
3608 1507 3832 1546 mune-

384 1574 625 1641 bonum,
658 1581 715 1631 et
744 1578 981 1633 medela:
1012 1596 1046 1635 a
1076 1580 1192 1635 Deo
1224 1596 1511 1636 concessa:
1535 1582 1868 1637 subsidium
1900 1599 1932 1635 a
1954 1597 2038 1637 re-
2148 1602 2232 1652 ra,
2266 1587 2591 1657 deprecare,
2627 1589 2691 1641 ut
2716 1584 2821 1639 tibi
2851 1584 3102 1652 veniam;
3160 1582 3262 1638 tibi
3315 1580 3663 1646 consilium,
3715 1577 3827 1634 tibi

384 1663 578 1736 gibus,
612 1664 752 1731 imo,
786 1670 850 1721 ut
879 1665 1110 1738 legitur,
1143 1686 1177 1723 a
1207 1668 1359 1741 Rege
1392 1669 1598 1741 utique
1646 1686 1851 1742 regum
1910 1686 2037 1725 om-
2148 1673 2574 1745 indulgentiam
2607 1678 2665 1728 et
2688 1672 2798 1744 ipsi
2835 1672 3148 1745 praebeant,
3181 1671 3231 1727 ei
3266 1688 3299 1726 a
3331 1670 3446 1725 Deo
3465 1671 3827 1743 exposcunt.

384 1753 572 1820 nium,
605 1757 725 1809 tam
757 1755 1077 1829 temporale
1108 1773 1285 1828 quam
1318 1762 1601 1813 aeternum
1656 1759 1904 1832 accipies
1934 1759 2035 1814 do-
2147 1763 2443 1834 Perpende
2493 1761 2633 1817 dum
2682 1761 2841 1819 domi
2890 1760 3155 1833 congeris
3208 1760 3462 1830 lucrum,
3512 1760 3828 1830 quantum

386 1854 529 1897 num
558 1840 759 1912 (Eccli.
792 1860 1025 1899 xxxviii.
1056 1846 1198 1917 2-8);
1240 1844 1553 1918 disciplina
1599 1864 1833 1919 quoque
1882 1848 2035 1902 exal-
2148 1851 2353 1905 anima:
2385 1867 2688 1923 comparas
2718 1849 3158 1905 detrimentum.
3194 1847 3335 1918 Quid
3366 1845 3547 1914 enim,
3591 1845 3683 1903 ait
3716 1843 3830 1901 Do-

383 1930 531 1986 tubit
561 1934 737 2004 caput
792 1936 983 1999 tuum,
1033 1938 1090 1988 et
1141 1934 1567 1993 collaudaberis
1606 1935 1666 1991 in
1717 1940 2035 2007 conspectu
2067 1965 2114 2030 Β
2150 1940 2366 2005 minus,
2396 1940 2613 2011 prodest
2639 1939 2871 2006 homini,
2898 1940 2950 1994 si
2978 1939 3299 1993 universum
3328 1935 3826 2030 mundum-luere-

386 2024 819 2092 magnatorum;
852 2022 923 2077 ad
956 2022 1315 2095 agnitionem
1348 2024 1658 2081 hominum
1707 2026 1893 2081 virtus
1934 2031 2037 2081 tua

387 2108 517 2177 erit,
550 2109 853 2166 scientiam
886 2128 1118 2184 quoque
1147 2111 1254 2168 tibi
1286 2113 1627 2169 Altissimus
1668 2114 1943 2170 honorari
1976 2113 2035 2169 in

387 2196 757 2256 mirabilibus
770 2198 895 2257 suis
924 2201 1109 2273 dabit;
1134 2202 1193 2257 in
1212 2200 1304 2258 his
1322 2219 1536 2260 curans
1556 2202 1857 2277 mitigabis
1879 2203 2037 2259 dolo-

386 2302 481 2343 res
509 2291 568 2343 et
596 2286 771 2347 facies
802 2289 1105 2363 pigmenta
1134 2292 1465 2359 suavitatis,
1491 2298 1547 2348 et
1580 2295 1885 2349 unctiones
1907 2310 2039 2349 con-

388 2374 549 2431 ficies
578 2377 931 2444 sanitatis,et
959 2395 1075 2437 non
1105 2386 1591 2439 consummentur
1606 2399 1780 2455 opera
1794 2386 1914 2451 tua,
1934 2382 2037 2437 sed

390 2474 503 2537 pax
532 2465 630 2522 Dei
661 2480 893 2538 semper
919 2468 1031 2522 erit
1060 2484 1238 2541 super
1264 2469 1473 2525 faciem
1505 2475 1675 2526 terra;
1704 2474 1837 2526 tuas.

764 2556 888 2613 Trr.
920 2554 989 2612 V.
1025 2587 1092 2599 —
1120 2562 1201 2615 De
1226 2560 1672 2629 negotiatoribus.

462 2643 549 2700 12.
582 2644 919 2717 Negotiator
946 2646 1038 2702 es?
1082 2647 1254 2703 Audi:
1301 2650 1531 2721 Propter
1584 2650 1827 2721 inopiam
1875 2650 2042 2704 multi

390 2733 759 2804 deliquerunt,
804 2738 853 2789 et
886 2736 982 2807 qui
1028 2738 1229 2807 quaerit
1284 2737 1624 2810 locupletari,
1684 2742 1890 2794 avertet
1919 2754 2043 2792 ocu-

395 2820 513 2876 lum
539 2837 721 2876 suum.
756 2822 905 2877 Sicut
955 2825 1013 2879 in
1061 2825 1238 2881 medio
1289 2828 1626 2897 compaginis
1675 2826 1919 2898 lapidum
1948 2843 2044 2898 pa-

396 2909 482 2969 lus
508 2910 719 2981 ﬁgitur,
743 2912 821 2966 sic
848 2916 897 2968 et
930 2914 1075 2969 inter
1101 2914 1341 2970 medium
1369 2915 1697 2971 venditionis
1724 2924 1775 2971 et
1822 2916 2043 2987 emptio-

392 3000 1544 3069 nisangustiabiturpeccatum.Conterctur
1555 3020 1679 3060 cum
1692 3003 2043 3076 delinquente

394 3088 673 3151 delictum.
704 3089 767 3145 Si
787 3107 898 3147 non
921 3092 983 3145 in
1005 3092 1200 3147 timore
1232 3094 1459 3149 Domini
1488 3095 1728 3149 tenueris
1757 3102 1807 3150 te
1835 3096 2046 3151 instan-

395 3185 495 3246 ter,
552 3179 659 3234 cito
712 3179 1057 3236 subvertetur
1105 3179 1296 3236 domus
1342 3185 1439 3237 tua
1494 3182 1680 3253 (Eccli.
1726 3199 1901 3249 xxvn,
1964 3182 2040 3251 1);

396 3268 690 3341 idemque:
734 3274 920 3331 Avaro
967 3269 1112 3324 nihil
1162 3273 1242 3325 est
1296 3271 1590 3328 scelestius.
1646 3273 1738 3328 Nil
1790 3273 2043 3345 iniquius

397 3373 561 3429 quam
587 3373 780 3414 amare
804 3359 1118 3430 pecuniam;
1151 3358 1239 3413 hic
1268 3360 1417 3415 enim
1436 3361 1689 3417 animam
1708 3378 1868 3417 suam
1889 3377 2046 3417 vena-
2074 3332 2118 3400 θ

400 3449 503 3503 lem
532 3447 692 3502 habet
721 3447 909 3519 (Ereti.
958 3464 1016 3515 x,
1048 3448 1143 3517 9).:
1179 3446 1467 3505 Dominus
1522 3454 1718 3506 autem
1758 3450 1817 3507 in
1868 3449 2049 3505 Evan-

398 3536 569 3609 gelio;
623 3538 945 3603 Intuemini,
1007 3536 1108 3605 ait,
1141 3544 1193 3593 et
1239 3546 1418 3594 cavete
1475 3537 1542 3593 ab
1582 3541 1732 3595 omni
1786 3540 2052 3608 avaritia,-

400 3628 531 3696 quia
558 3641 667 3681 non
702 3626 761 3679 in
784 3625 1129 3682 abundantia
1164 3627 1491 3698 cujusquam
1538 3630 1653 3683 vita
1695 3630 1934 3684 hominis
1977 3635 2057 3685 est

399 3729 562 3785 super
592 3721 798 3768 terram
822 3730 891 3768 ex
915 3715 1002 3770 his
1031 3731 1153 3786 qua:
1174 3716 1409 3786 possidet
1429 3718 1577 3787 (Luc.
1612 3734 1713 3788 xu,
1749 3717 1857 3789 15).
1879 3718 2053 3775 Item-

409 3815 522 3874 que
552 3799 654 3872 qui
685 3816 882 3872 supra;
916 3801 1129 3868 Multos,
1190 3802 1404 3873 inquit.
1434 3804 1673 3874 perdidit
1725 3822 1927 3863 aurum
1973 3811 2061 3861 at-

408 3904 511 3961 que
555 3898 842 3957 argentum
902 3890 1092 3961 (Eccli.
1150 3906 1273 3956 vm,
1329 3891 1410 3961 3),-
1468 3897 1544 3948 et:
1586 3894 1704 3949 Viro
1761 3890 1955 3965 cupido
2008 3902 2061 3950 et

409 3978 588 4048 tenaci
604 3978 724 4031 sine
754 3978 965 4033 ratione
984 3981 1064 4033 est
1082 3977 1409 4043 substantia,
1427 3984 1479 4033 et
1492 3983 1590 4051 qui
1599 3989 1815 4037 acervat
1836 3984 2058 4053 injuste,

410 4066 543 4122 aliis
570 4071 880 4135 congregat,
912 4074 963 4123 et
984 4068 1044 4121 in
1075 4054 1235 4122 bonis
1274 4067 1430 4123 illius
1485 4069 1634 4123 alius
1680 4070 2063 4126 luxuriabitur

409 4153 599 4227 (Eccli.
625 4170 741 4223 xw,
774 4156 848 4224 3):
912 4171 1287 4227 rursumque:
1348 4157 1618 4228 Difﬁcile,
1676 4158 1778 4225 ait,
1836 4162 2063 4215 exuitur

409 4245 713 4315 nogotiator
741 4261 776 4299 a
801 4246 1157 4316 negligentia,
1189 4250 1240 4301 et
1269 4262 1379 4301 non
1394 4247 1794 4319 justiﬁcabitur
1828 4266 2000 4321 caupo
2028 4267 2064 4307 α

403 4335 640 4405 peccatis
671 4334 945 4391 labiorum
978 4335 1163 4407 (Eceli.
1197 4352 1353 4402 xxvx,
1384 4339 1497 4405 28).
1534 4336 1637 4393 His
1665 4336 1863 4410 itaque
1894 4338 1978 4393 sic
1999 4354 2063 4393 se

410 4421 788 4491 habentibus,
822 4425 1137 4497 perpende,
1172 4441 1395 4496 quaso,
1442 4441 1621 4498 quam
1664 4425 2063 4498 periculosum

412 4511 623 4565 anima:
641 4516 755 4566 tuae
783 4513 1027 4569 sortitus
1057 4513 1141 4568 sis
1172 4513 1455 4583 officium;
1496 4519 1555 4570 et
1585 4515 1732 4571 scito
1761 4520 1837 4583 te,
1888 4515 2063 4589 paulo

414 4597 555 4654 licet
576 4600 991 4666 excusabilius,
1049 4618 1182 4656 cum
1232 4602 1608 4675 praedonibus
1658 4604 1940 4678 appellari
1986 4623 2065 4679 pu

2144 2033 2257 2096 tur,
2290 2031 2493 2084 animae
2523 2044 2647 2084 vero
2672 2044 2784 2084 suae
2824 2027 3213 2083 detrimentum
3261 2021 3542 2097 patiatur?
3598 2022 3820 2097 (Matth.

2145 2133 2259 2183 xvx,
2296 2119 2407 2185 25.)
2437 2118 2506 2172 Et
2536 2115 2867 2189 Apostolus:
2913 2115 3164 2183 Mundus,
3218 2112 3432 2186 inquit,
3483 2112 3723 2177 transit,
3766 2117 3819 2166 et

2144 2206 2577 2278 concupiirentia
2607 2206 2724 2277 ejus
2751 2206 2800 2274 (1
2827 2208 2985 2260 Ιοαη.
3021 2218 3082 2274 ιι,
3116 2202 3229 2272 l7).
3261 2201 3473 2257 Verere
3521 2216 3696 2274 ergo,
3733 2215 3810 2254 ne

2145 2294 2288 2351 dum
2316 2292 2728 2350 insatiabiliter
2750 2292 2942 2349 inbias
2966 2289 3340 2360 transitoriis,
3361 2288 3616 2365 priveris
3638 2302 3817 2345 man-

2147 2383 2323 2439 suris.
2356 2383 2491 2438 Esto
2522 2381 2715 2456 potius
2745 2380 2849 2437 tibi
2898 2380 3088 2436 bonus
3139 2377 3423 2447 medicus;
3466 2378 3540 2434 de
3592 2377 3819 2436 instru-

2148 2476 2345 2527 mento
2378 2470 2629 2527 avaritias
2678 2469 3013 2527 subsidium
3061 2467 3260 2523 confer
3311 2464 3543 2535 animai;
3600 2467 3812 2531 Facite,

2146 2560 2341 2633 inquit
2370 2560 2676 2629 Dominus,
2707 2560 2909 2615 amicos
2940 2557 3087 2614 vobis
3115 2557 3181 2612 de
3198 2571 3515 2612 mammona
3537 2555 3817 2629 iniquita-

2149 2654 2218 2706 tis
2246 2652 2399 2720 (Luc.
2434 2666 2547 2718 xvr,
2570 2649 2648 2717 9).
2681 2648 2795 2704 Nec
2825 2647 2935 2703 hoc
2973 2646 3175 2705 dicens
3223 2644 3494 2700 hortatur
3524 2644 3603 2699 ad
3652 2643 3815 2699 frau-

2150 2739 2410 2806 dem,sed
2427 2741 2736 2812 postquam
2756 2736 3019 2791 fraudem
3043 2734 3251 2798 fecisti,
3278 2732 3488 2789 invitat
3509 2732 3587 2788 ad
3611 2747 3817 2788 emen-

2150 2828 2467 2884 dationem.
2499 2826 2673 2882 Verbi
2695 2825 2904 2899 gratia,
2929 2823 3181 2881 debuisti
3202 2822 3441 2895 quidem
3474 2820 3558 2877 nil
3586 2836 3812 2894 rapere,

2151 2917 2232 2974 nil
2260 2916 2415 2974 malo
2438 2917 2670 2989 ingenio
2692 2911 3383 2989 congregare,'neminem
3408 2909 3691 2983 inaliquo
3715 2924 3815 2964 ne-

2152 3006 2308 3081 gotio
2356 3004 2799 3068 circumvenire,
2851 3007 3068 3070 certus,
3125 2999 3470 3074 praedicente
3511 3003 3571 3054 et
3613 2995 3818 3054 testiﬁ-

2152 3100 2320 3151 cante
2349 3093 2644 3168 Apostolo,
2676 3091 2969 3147 vindicem
3001 3106 3179 3163 super
3202 3089 3313 3144 hoc
3344 3088 3813 3161 omnipotentem

2153 3184 2468 3241 Dominum
2498 3199 2625 3240 esse
2658 3182 2707 3255 (Ι
2737 3181 2906 3237 Thess.
2944 3198 3018 3247 ιν,
3050 3180 3126 3252 6),
3161 3177 3274 3233 diei
3304 3176 3461 3233 victu
3495 3178 3813 3233 contentus

2157 3289 2412 3340 manere,
2447 3289 2482 3328 a
2504 3272 2619 3329 Deo
2649 3269 2848 3327 omnia
2876 3284 3131 3342 sperare,
3164 3266 3263 3338 qui
3297 3266 3427 3339 ipsa
3449 3279 3691 3339 quoque
3711 3278 3813 3318 vo-

2159 3361 2345 3421 latilia
2366 3360 2553 3436 pascit
2582 3359 2843 3433 quotidie
2870 3357 3075 3430 (Matth.
3104 3373 3185 3423 v1,
3216 3356 3330 3427 26);
3365 3354 3526 3427 quod
3557 3354 3688 3428 ipse
3718 3350 3815 3407 de-

2160 3451 2521 3520 disset,cum
2553 3448 2875 3523 gratiarum
2923 3445 3149 3503 actione
3197 3447 3254 3499 et
3283 3444 3409 3517 ipse
3451 3457 3712 3509 sumere,
3761 3439 3814 3494 et

2164 3540 2295 3597 aliis
2325 3538 2692 3611 participare:
2727 3536 2881 3609 quod
2914 3535 3051 3590 dare
3081 3531 3388 3597 noluisset,
3420 3546 3528 3588 nec
3579 3541 3809 3604 cupere,

2164 3630 2265 3687 sed
2298 3628 2487 3702 ipsius
2510 3625 2808 3698 justitiam
2840 3623 3185 3698 gloriﬁcare.

2237 3719 2324 3775 44.
2359 3717 2472 3772 Sed
2503 3731 2683 3789 quare
2711 3714 2833 3770 haec
2863 3717 3268 3785 transgressus
3307 3708 3558 3783 rapuisti
3606 3705 3816 3763 violen-

2165 3813 2254 3863 ter
2278 3804 2643 3880 congregasti
2666 3801 3087 3869 fraudulenter,
3122 3815 3365 3855 usuram
3384 3801 3442 3854 et
3458 3814 3525 3853 su
3536 3796 3816 3870 parabun-

2168 3896 2431 3953 dantiam
2459 3891 2694 3960 amasti,
2737 3890 2973 3963 ingenio
3031 3894 3131 3944 tuo
3179 3892 3235 3943 te
3282 3883 3652 3954 concessisti,
3703 3882 3813 3938 Deo

2169 3989 2381 4039 cuncta
2410 3981 2546 4037 licet
2566 3980 2810 4052 indigno
2840 3978 3003 4034 danti
3053 3976 3321 4049 ingratus
3367 3973 3664 4041 exstitisti,
3719 3965 3813 4025 alii

2171 4072 2496 4127 secundum
2526 4069 2755 4124 Domini
2788 4070 3143 4139 praeceptum
3183 4081 3301 4120 non
3344 4055 3811 4123 communicasti;

2173 4159 2327 4232 quod
2360 4159 2498 4213 dare
2554 4156 2638 4212 illi
2697 4173 2813 4211 non
2871 4154 3112 4229 placuit,
3173 4170 3323 4226 saepe
3375 4148 3660 4224 quaesisti,
3715 4158 3814 4202 nec

2171 4250 2421 4321 adeptus
2451 4246 2753 4302 multoties
2781 4241 3197 4301 murmurasti?
3244 4242 3383 4299 Post
3430 4242 3554 4297 haec
3601 4234 3815 4302 omnia,

2174 4356 2303 4411 quis
2358 4335 2602 4393 minime
2656 4335 2979 4393 debuerant
3034 4331 3392 4403 contingere,
3443 4346 3563 4389 non
3632 4324 3816 4384 adhuc

2172 4433 2231 4483 te
2257 4426 2383 4483 vult
2411 4424 2977 4497 perdere,Monstrat
2990 4421 3101 4476 tibi
3115 4419 3351 4476 divitias
3378 4416 3661 4475 bonitatis
3679 4427 3813 4475 suae,

2172 4522 2230 4573 et
2259 4517 2329 4572 de
2362 4515 2486 4587 ipso
2512 4529 2735 4569 veneno
2765 4511 3020 4567 avaritiae
3060 4508 3388 4565 antidotum
3439 4505 3547 4562 tibi
3593 4498 3818 4561 conﬁcit

2176 4603 2578 4677 indulgentia,
2609 4606 2671 4658 ut
2699 4601 2831 4658 dum
2858 4600 3188 4671 defeceritis,
3218 4594 3517 4669 inquiens,
3556 4590 3818 4666 recipiant

416 4684 740 4745 blicanum.
772 4686 925 4743 Vitio
982 4689 1140 4746 enim
1198 4694 1255 4746 te
1302 4691 1613 4758 deservire,
1663 4710 1768 4750 nec
1812 4695 2065 4765 modico,
2096 4700 2145 4765 ι)
2174 4712 2263 4752 vos
2294 4696 2357 4749 in
2384 4701 2593 4749 aeterna
2622 4691 2978 4749 tabernacula
3035 4690 3193 4761 (an.
3226 4704 3340 4754 1m,
3381 4686 3461 4756 7).
3510 4684 3636 4745 Illis
3690 4690 3817 4748 ωἐθ

418 4772 476 4829 id
508 4777 799 4830 monstrat
824 4776 1327 4849 vocabulum,quo
1355 4780 1876 4839 teamultisvocari
1900 4784 2075 4840 audis
2183 4782 2335 4839 male
2364 4778 2884 4854 quaesitum,pejus
2898 4778 3226 4843 inventum,
3248 4773 3502 4848 pessime
3520 4778 3819 4854 congreg-

418 4860 863 4936 cupidenarium
895 4865 1009 4935 (35)
1060 4867 1242 4922 Radix
1276 4870 1425 4923 enim
1473 4871 1722 4925 omnium
1772 4873 2064 4941 malorum,

417 4951 692 5025 Apostolo
720 4955 887 5020 teste,
922 4954 1191 5024 cupiditas
1223 4958 1272 5028 (I
1302 4957 1436 5012 Tim.
1470 4973 1548 5023 v1,
1581 4957 1691 5026 40),

494 5038 580 5096 13.
628 5041 903 5097 Attamen
947 5057 1019 5095 ne
1070 5042 1365 5114 desperes,
1419 5044 1561 5115 quia
1607 5045 1893 5116 scriptum
1940 5052 2067 5103 est:

419 5128 729 5185 Benedictio
785 5131 1015 5186 Domini
1056 5147 1229 5203 supra
1276 5141 1438 5203 caput
1485 5132 1834 5189 vendentium
1885 5136 2067 5207 (Prov.

422 5233 482 5284 ιι,
513 5217 626 5287 ‘26);
678 5217 778 5274 sed
810 5218 1117 5274 considera
1175 5236 1447 5293 quorum.
1484 5221 1594 5275 Fac
1648 5221 1865 5297 itaque,
1928 5226 2073 5282 dum

424 5304 618 5361 adhuc
649 5306 773 5362 dies
805 5310 915 5373 est,
976 5308 1132 5379 quod
1163 5309 1265 5364 23
1311 5308 1415 5363 tibi
1473 5325 1744 5382 suggero:
1806 5314 2073 5370 Fenerare

497 5448 631 5519 (35).
664 5447 1453 5522 chebaturrcupedinarium.
1488 5451 1706 5508 Verum
1754 5453 1873 5509 haec
1907 5473 2014 5511 vox
2044 5473 2079 5512 a

425 5522 731 5595 contextus
764 5521 1052 5595 sententia
1079 5521 1379 5595 abhorret.
1414 5523 1559 5578 Nam
1589 5525 1938 5595 cupedinarii
1960 5528 2079 5582 Do-

425 5595 563 5645 nato
594 5592 1013 5662 interpretante
1036 5592 1094 5647 in
1112 5594 1448 5648 Terentium
1464 5592 1765 5651 venditores
1786 5600 2082 5652 esculento-

424 5679 553 5745 rum
576 5670 627 5719 et
644 5662 1097 5745 poeulentqrum‘
1118 5663 1535 5745 appellantur,_
1567 5666 1667 5739 qui
1719 5668 1943 5745 scilicet
1985 5686 2080 5724 cu-

424 5732 608 5807 pedia,
641 5732 699 5791 id
732 5737 840 5799 est,
875 5732 1035 5794 cibos
1083 5732 1362 5793 lautiores
1401 5741 1458 5794 et
1486 5732 1621 5796 vina
1666 5740 1891 5799 rariora
1935 5757 2080 5798 ven-

2178 4877 2309 4929 tum
2339 4851 2532 4943 eroga,
2567 4851 2827 4940 quicum
2852 4865 3128 4922 defecerit
3140 4864 3285 4930 vita,
3304 4862 3411 4919 tibi
3433 4861 3495 4917 in
3524 4857 3681 4918 cmlis
3703 4851 3818 4909 red-

2179 4963 2316 5017 dere
2346 4959 2586 5025 tributa,
2620 4972 2997 5028 cempensare
3029 4953 3263 5018 collata.
3307 4952 3658 5017 coadunare,
3707 4944 3813 4998 imo

2180 5048 2574 5121 centuplicare
2600 5043 2832 5103 valeant
2860 5043 3150 5116 dispersa.
3183 5041 3439 5099 Observa
3487 5044 3704 5125 tanien,
3733 5033 3811 5125 But:

2182 5138 2228 5193 si
2262 5114 2388 5192 ﬁeri
2418 5134 2691 5208 qotest,id
2715 5114 3815 5205 est,sipriesenteesuntquibusaliquid

2182 5224 2391 5292 tulisti,
2424 5228 2481 5278 et
2512 5222 2859 5295 copiafavet,
2877 5219 3152 5295 primitus
3166 5218 3493 5275 secundum
3526 5213 3814 5272 Zacbaum

2180 5314 2367 5383 (Ibid.,
2403 5311 2508 5384 19),
2542 5312 2649 5368 etsi
2678 5327 2795 5367 non
2825 5309 3008 5375 vales,
3053 5312 3155 5366 aut
3202 5307 3368 5365 voles
3417 5298 3816 5381 quadruplum.

2185 5457 2351 5513 dunt.
2386 5452 2816 5511 Correctionem
2855 5452 3281 5524 cupidenarium
3312 5447 3591 5524 Batherii
3636 5450 3818 5524 sensu}

2187 5529 2602 5596 congruentem
2634 5513 2996 5581 induximus.
3048 5522 3358 5596 Ugutionis
3407 5521 3566 5577 enim
3610 5513 3818 5596 codicf-‘E

2190 5587 2409 5654 laudati
2469 5615 2504 5653 a
2549 5597 2768 5669 Cangio
2817 5596 3057 5652 habent:
3097 5587 3518 5669 “Cupidenarius
3573 5587 3820 5646 mercato"

2190 5670 2417 5742 cupidus
2446 5669 2823 5727 denariorum.
