1984 3226
80 210 121 241 l6l

534 210 858 247 PHIELOQUIORUM
881 210 983 261 LIBRI
1005 211 1090 243 SEX.
1109 229 1147 234 —
1162 211 1235 243 LIB.
1259 210 1284 243 Ι.

1710 213 1767 246 169

78 277 163 306 saltem
176 276 312 305 restituas
321 276 722 314 simplum.Mementoetiam
733 280 806 315 quot
820 286 881 315 per.
896 279 925 313 Α
941 278 1002 306 rius
1012 278 1148 315 judicare
1163 281 1291 316 peccato,
1304 280 1354 316 qui
1365 288 1423 308 non
1436 279 1523 308 habet
1535 281 1768 318 undejudicetur

73 319 139 359 juris
150 320 249 359 inipsa
263 322 423 356 taxatione,
441 324 513 359 quot
528 322 682 351 mendacia
696 323 725 350 in
740 323 805 360 ipsa
816 331 884 359 pro-

75 365 162 395 tuleris
173 366 326 402 such'one;
342 368 372 395 et
386 366 440 395 tibi
459 375 548 404 super
572 367 619 396 his
639 367 771 402 consule,
788 367 884 396 sciens

76 404 240 442 veracissiine
254 413 372 454 patrem
387 410 533 440 mendacii
547 411 698 440 diabolum
714 420 779 441 esse
793 413 882 447 (Joan.

74 454 126 494 vﬁl,
139 454 190 491 14),
203 456 266 493 ipso
281 454 406 487 Domino
428 458 566 492 testante,
582 456 633 493 qui
663 458 692 485 et
713 464 766 493 per
789 455 884 494 legem

77 495 397 552 wﬁbﬁtur'clamasse
406 511 416 529 :
427 501 484 529 Non
499 501 657 538 perjurabis
668 502 698 530 in
712 501 823 530 nomine
835 502 887 530 Do-

208 540 366 589 tuilLeuit.
381 554 440 579 xxx,
454 545 499 579 12)
513 555 520 580 ;
536 547 566 574 et
590 554 641 583 per
666 546 858 584 semetipsum
877 556 883 575 :

26 615 28 619 .
77 586 126 626 Eva
135 586 220 624 autem
234 587 295 619 dico
309 590 384 618 vobis
398 598 453 618 non
471 590 572 630 jurare
586 590 637 620 24
651 591 762 619 omnino
777 590 884 626 (Matth.

75 642 99 670 ν,
110 632 151 671 ἓξ)
166 642 173 670 ;
188 634 266 663 unde
281 636 310 663 et
331 634 409 662 idem
436 634 554 671 sapiens
579 634 631 672 qui
659 643 750 672 supra
767 645 773 663 :
789 635 886 664 Potius

77 676 166 720 inquit,
177 679 225 716 [ur
233 687 319 719 quam
333 679 480 720 assiduitas
500 680 557 708 viri
572 680 712 716 mendacis
728 690 737 714 ;
750 679 887 716 perditio-

75 722 239 762 nem'_ta'nien
259 724 372 761 utrique
396 723 600 753 haereditabunt
619 725 712 761 (Eecli.
735 734 782 759 xx,
806 725 851 762 17)
878 733 885 759 ;

76 766 191 809 itemque
200 778 207 797 :
221 769 365 802 lutationi
376 777 432 797 non
451 778 591 798 assuescas
614 778 643 798 os
664 772 744 798 tuum
759 781 768 803 ,-
783 770 887 798 multus

74 813 186 850 deum
207 811 290 843 casus
313 814 344 841 in
368 814 428 842 illa.
445 815 604 843 Nominatio
627 823 689 843 vero
714 815 763 842 Dei
779 823 835 843 non
852 815 889 842 sit

75 854 211 896 miliatria
225 866 276 887 ore
289 862 344 887 tuo.
357 863 384 887 et
396 859 556 887 nominibus
577 863 735 887 sanctorum
749 867 802 887 non
816 867 888 887 com-

223 903 360 940 quoniam
382 911 436 931 non
459 903 513 931 eris
537 903 670 932 immunis
684 903 718 931 ab
734 904 773 932 eis
795 903 889 940 (Eccli.

74 938 199 986 x'xnij)’.
221 938 303 979 Alibi
329 956 447 983 quoque
464 956 471 975 :
489 947 617 983 Loquela,
631 943 681 982 ait,
703 938 822 976 multum
840 948 892 984 ju-

74 988 400 1033 m‘horripilationcm
424 993 510 1028 capili
528 994 627 1020 statuet
640 992 734 1024 (Eccli.
751 1001 819 1026 xvn,
833 986 891 1026 25).

76 1033 249 1074 Horripilatio
263 1045 344 1070 vero,
361 1035 389 1063 id
406 1038 451 1064 est
460 1034 566 1064 horror
576 1036 714 1073 pilorum,
731 1037 781 1073 qui
793 1046 827 1065 ex
844 1046 892 1065 su-

76 1076 251 1122 ὺὶιότῇιξωιε,
261 1080 308 1108 vel
322 1080 414 1108 nimio
430 1080 536 1108 rubore
553 1081 627 1109 solet
637 1078 893 1118 contingere,sivis

77 1118 151 1162 nosse
176 1118 227 1154 ubi
257 1125 422 1162 contingat,
444 1125 570 1153 maxime
599 1126 667 1154 audi
696 1126 892 1162 Apostolum:

24 1202 26 1208 λ
76 1159 234 1199 "oriﬁcium
244 1172 296 1204 est,
313 1170 419 1206 inquit,
437 1170 558 1198 incidere
573 1171 603 1198 in
618 1179 717 1199 manus
732 1172 783 1199 Dei
799 1172 892 1199 viven-

76 1213 204 1252 ιίιίπεόν.
230 1223 259 1250 x,
283 1214 341 1246 31).
358 1215 391 1242 Et
414 1215 469 1243 Job
494 1215 529 1243 de
553 1214 624 1243 locis
640 1215 826 1251 pcenalibus:
845 1215 895 1244 Ubi

76 1259 168 1295 MM,
183 1259 235 1295 ait,
261 1260 338 1293 ordo,
354 1260 400 1288 sed
427 1260 609 1296 sempiternus
635 1259 732 1288 horror
759 1261 896 1288 inhabitat

76 1302 135 1340 (Job.
147 1302 180 1338 ’κζ
196 1304 256 1342 31).
273 1303 330 1332 Sed
349 1313 383 1331 ne
400 1304 520 1332 forsitan
538 1305 638 1333 minus
654 1308 753 1332 nostra
769 1305 895 1332 auctori-

74 1349 135 1386 tate,
141 1357 208 1386 qua:
223 1348 309 1377 nullo.
324 1350 378 1382 est,
386 1348 503 1381 ductus,
511 1348 666 1376 consilium
676 1358 693 1377 ει
703 1349 788 1377 nobis
795 1357 897 1385 capere

75 1385 237 1430 nolisbaudi
254 1393 391 1430 quaedam
402 1393 592 1430 verbaipsius
609 1394 737 1430 Spiritus
753 1393 899 1427 saneti;ut

75 1438 99 1465 et
107 1435 256 1474 labentur
269 1438 302 1466 in
318 1438 579 1475 ngiograpbis,tu:e
595 1438 681 1466 saluti
696 1438 898 1476 congruentia.

75 1482 177 1518 lauta,
193 1482 307 1520 inquit,
323 1483 418 1510 anima
434 1484 482 1510 iua
497 1484 562 1511 time
587 1484 682 1515 Deum,
699 1488 724 1511 et
750 1483 900 1511 sacerdotes

76 1524 146 1567 illius
157 1526 318 1563 sancti/ica.
335 1528 365 1555 In
380 1528 457 1555 omni
470 1529 572 1556 virtute
586 1530 635 1555 tua
656 1528 741 1563 dilige
765 1536 837 1560 cum,
853 1528 901 1564 qui

75 1569 182 1610 adfecit,
198 1573 228 1600 et
240 1572 386 1600 ministros
403 1572 480 1600 illius
506 1580 562 1600 non
589 1572 775 1608 derelinquas.
793 1574 901 1601 llonora

217 1620 275 1646 tota
289 1617 387 1645 anima
400 1620 456 1651 tua,
470 1621 496 1644 el
519 1616 669 1652 honoriﬁca
696 1617 863 1650 sanerdotes,
875 1619 902 1645 et

938 331 973 351 ex
987 331 1050 362 suo.
1059 323 1134 351 Audi
1146 323 1273 360 denique
1287 323 1386 361 ipsum
1395 334 1401 352 :
1409 325 1508 360 Nolite,
1517 324 1625 362 inquit,
1629 326 1768 362 judicare,

939 371 1032 396 etnon
1042 366 1242 404 judicabimini
1256 379 1267 401 ;
1281 369 1368 398 nolite
1382 369 1573 403 condemnare.
1590 374 1617 398 et
1629 379 1684 399 non
1703 380 1769 403 con:

938 411 1141 443 demnabtmini
1156 409 1270 449 (Matth.
1287 422 1337 449 v11,
1355 414 1391 450 1).
1407 414 1481 442 Audi
1496 416 1524 442 et
1539 414 1642 448 alium,
1655 416 1705 444 sed
1722 420 1767 444 ta-

940 465 1007 484 men
1034 456 1070 485 ab
1095 456 1189 493 ipsius
1208 457 1315 495 spiritu
1339 458 1480 487 doctum:
1499 460 1572 493 Noli,
1589 459 1640 494 ait,
1656 468 1769 493 querere

939 501 1004 536 ﬁeri
1013 501 1112 538 judex,
1127 502 1186 529 nisi
1198 502 1271 538 forte
1285 503 1377 530 valeas
1393 503 1520 532 virtutem
1535 505 1689 540 irrumpere
1713 507 1770 533 mi-

940 546 1066 582 quilalis.
1085 554 1118 574 ne
1132 547 1203 582 forte
1218 547 1378 577 extimescas
1391 548 1493 583 faciem
1506 550 1633 584 po‘entis,
1646 553 1673 578 et
1682 558 1771 585 ponas

939 590 1102 618 scandalum
1116 592 1144 618 in
1159 592 1286 627 equitate
1301 595 1347 620 tua
1363 592 1458 628 (Eccli.
1475 601 1525 626 vn,
1541 594 1579 629 6).
1597 595 1634 622 At
1658 596 1700 627 tu,
1718 594 1768 627 ita,

941 634 1052 671 inquis,
1068 635 1128 663 hinc
1143 637 1194 664 tua
1209 636 1345 664 videntur
1359 637 1447 668 verba
1463 646 1577 671 sonare,
1593 639 1678 675 quasi
1693 642 1771 667 Deus

937 679 1055 715 judices
1069 679 1189 708 omnino
1206 679 1279 709 nolit
1293 689 1368 709 esse.
1386 681 1439 710 Ubi
1456 690 1524 720 ergo
1537 682 1607 711 lex?
1622 684 1676 712 Ubi
1703 684 1747 712 fas
1758 685 1771 711 ‘I

942 723 995 752 Ubi
1005 724 1069 761 ipsa
1080 724 1156 752 inter
1166 725 1276 763 bouum
1288 725 1459 762 malumque
1468 726 1621 757 discretio?
1627 727 1771 757 Omnibus

942 768 1042 796 licebit
1058 767 1193 805 quzelibet
1202 768 1324 805 impune
1340 763 1425 806 agere
1438 779 1444 798 :
1458 771 1569 800 furtum
1581 780 1663 808 aeque
1674 771 1773 801 lauda-

943 813 1033 847 bitur,
1052 815 1083 840 ut
1098 813 1200 841 datum
1218 822 1224 840 :
1241 813 1312 841 vitia
1327 823 1394 842 cum
1411 814 1570 845 virtutibus
1583 816 1645 852 pari
1666 825 1776 846 corona

944 856 1126 892 gaudebunt.
1139 856 1211 889 Quis
1227 857 1304 885 inter
1319 857 1422 886 fratres
1439 859 1639 888 haereditatem
1651 861 1775 889 dividet?

946 891 1018 933 Quis
1041 891 1161 928 viduam
1181 909 1197 929 θ.
1212 901 1435 937 calumniatore,
1452 903 1594 940 virginem
1619 913 1637 932 a
1660 896 1778 942 raptore,

947 944 1104 975 defendet?
1114 945 1185 977 Quis
1198 945 1316 982 inopem
1333 946 1484 975 tuebitur?
1494 948 1567 982 Non,
1582 948 1773 986 inquitDeus,

947 988 997 1024 25
1011 988 1187 1025 probibeoin
1202 991 1338 1027 praesenti
1354 991 1460 1020 saeculo
1470 991 1588 1028 aliquod
1602 993 1775 1022 interhomi-

948 1043 1001 1062 nes
1016 1029 1245 1070 essejudicium;
1258 1036 1308 1063 sed
1320 1036 1444 1072 praedico
1452 1034 1775 1072 periculum,utcaveas

947 1080 1110 1115 peccatum.
1124 1079 1203 1111 Quod
1216 1080 1293 1107 enim
1305 1081 1502 1116 periculosum
1517 1084 1561 1110 est
1574 1082 1635 1118 uni,
1648 1092 1707 1112 non
1723 1085 1776 1112 de-

948 1123 996 1151 bet
1012 1123 1122 1159 passim
1140 1132 1156 1150 θ.
1171 1123 1274 1151 multis
1286 1124 1403 1152 ambiri.

985 1167 1028 1195 17.
1046 1167 1177 1204 Denique
1192 1167 1390 1203 considerans,
1407 1170 1454 1198 vix
1469 1172 1775 1208 unquampotuijudi~

949 1220 1012 1240 cem
1043 1220 1159 1240 cernere
1184 1212 1247 1241 sine
1270 1213 1423 1249 cupiditia.
1440 1215 1475 1242 Et
1490 1218 1566 1243 certe
1581 1215 1646 1252 ipsa
1662 1225 1720 1244 non
1735 1217 1777 1244 di-

951 1256 1059 1285 scernit
1069 1257 1163 1292 justa,
1174 1256 1234 1284 imo
1245 1257 1371 1286 obcaecat
1377 1258 1514 1294 judicum
1524 1260 1621 1289 corda.
1629 1260 1702 1289 Volo
1709 1269 1778 1298 ergo

952 1300 1155 1336 essejudices,
1173 1309 1229 1328 non
1247 1302 1419 1337 praedones;
1435 1302 1500 1331 volo
1510 1303 1638 1339 judices,
1655 1312 1713 1332 non
1733 1313 1780 1332 ra-

952 1347 1069 1381 ptores;
1086 1345 1150 1373 volo
1161 1345 1289 1381 judices,
1307 1354 1364 1374 non
1380 1346 1618 1382 calumniatores;
1631 1348 1782 1384 volojudi-

953 1398 1011 1421 cos,
1038 1389 1088 1417 scd
1104 1398 1221 1418 veraces
1242 1399 1248 1418 :
1270 1390 1333 1418 volo
1345 1391 1472 1426 judices,
1485 1393 1533 1421 sed
1546 1401 1603 1420 non
1615 1393 1724 1421 divitiis
1736 1393 1780 1421 in-

954 1434 1118 1462 hiantes.Et
1126 1434 1204 1462 enim
1216 1435 1335 1471 quidam
1350 1436 1478 1464 amicum
1488 1446 1576 1465 suum
1586 1438 1621 1466 de
1628 1438 1780 1474 partiendo

955 1488 1041 1507 onere
1067 1480 1220 1515 potestatis
1244 1480 1453 1510 consiliaturus
1470 1491 1476 1510 :
1492 1481 1641 1517 Conslit-ue,
1667 1483 1716 1517 ait,
1732 1484 1782 1520 ju-

954 1524 1027 1552 diccs
1065 1525 1113 1560 qui
1150 1524 1257 1552 oderint
1293 1527 1442 1554 avaritiam
1479 1527 1574 1563 (Exod.
1615 1536 1694 1562 xvm,
1724 1529 1779 1564 2i).

956 1568 1111 1605 Sapientiae
1130 1577 1246 1605 quoque
1268 1569 1341 1598 liber
1364 1571 1406 1598 ita
1427 1571 1540 1607 incipit.
1565 1572 1678 1608 Diligile
1694 1574 1782 1609 justi-

957 1614 1034 1647 tiam,
1051 1615 1100 1650 qui
1109 1614 1243 1649 judicalis
1259 1616 1361 1642 terram
1377 1615 1453 1651 (Sap.
1468 1623 1488 1649 ι,
1507 1616 1543 1652 1).
1560 1616 1646 1645 Jesus
1665 1626 1781 1655 quoque

72 1654 205 1698 propurpa
218 1663 247 1690 te
259 1670 326 1690 cum
340 1661 472 1689 brachiis:
484 1662 517 1689 da
530 1662 586 1690 illis
594 1665 686 1698 partes
695 1663 897 1698 primitiarum,
915 1652 937 1686 C
957 1658 1036 1686 ﬁlius
1051 1657 1151 1686 Sirach
1179 1658 1228 1686 ait.
1243 1659 1274 1686 In
1299 1659 1451 1696 judicando
1476 1662 1532 1688 esto
1557 1652 1682 1697 pupillis
1704 1652 1782 1690 mise-

73 1700 139 1737 ιίσυ(
149 1705 321 1735 inlaudatam
350 1707 389 1734 est
411 1706 471 1741 libi,
488 1708 515 1734 et
535 1706 567 1735 de
589 1707 758 1743 negligentia
770 1715 860 1743 purga
874 1708 900 1735 te

72 1756 128 1784 ειῃι
137 1751 236 1787 paucis
253 1750 351 1787 (Eccli.
365 1759 415 1785 vn,
432 1750 487 1785 3|).
512 1751 627 1786 Porrige
648 1752 766 1787 pauperi
786 1760 900 1779 manum

73 1796 153 1831 luam,
175 1796 207 1823 ut
233 1796 402 1833 perﬁciatur
432 1796 602 1831 propitiatio,
627 1800 653 1824 et
681 1796 830 1824 benedictio
853 1800 901 1824 tua

73 1836 157 1875 (sua,
172 1848 238 1874 νιιι,
266 1840 307 1877 1).
323 1841 383 1868 Non
408 1840 499 1876 litiges
523 1849 586 1868 cum
605 1841 711 1868 homine
727 1843 847 1877 potente,
867 1848 902 1868 ne

72 1881 138 1921 forte
149 1884 261 1913 iua'das
277 1886 309 1913 in
326 1893 425 1913 manus
440 1885 498 1917 eius
514 1894 520 1913 :
538 1894 593 1913 non
606 1885 752 1913 contendas
764 1894 825 1913 cum
842 1885 901 1912 viro

73 1926 257 1966 Wmne
271 1930 348 1967 forte
356 1934 465 1958 econtra
478 1931 627 1958 constituas
649 1930 726 1958 litem
754 1930 815 1957 tibi.
832 1930 902 1958 Mor-

72 1968 181 2015 ίκοὶιςπ
190 1974 348 2012 prohibeas
361 1975 491 2011 gratiam,
507 1983 557 2003 nec
577 1975 649 2003 desis
674 1975 848 2011 plorantibus
873 1975 902 2002 in

71 2017 262 2054 ωπερέαιὼηε,
287 2021 318 2047 et
338 2025 402 2047 cum
422 2020 578 2055 lugentibus
600 2020 713 2048 clnbula
738 2020 830 2056 (Eccli.
851 2028 901 2047 vn.

182 2064 246 2092 Non
261 2068 291 2098 Le
298 2065 394 2101 pigeat
408 2065 520 2092 visitare
535 2064 678 2099 inﬁrmum
694 2075 703 2096 .-
718 2073 753 2092 ex
768 2065 809 2092 his
828 2066 903 2093 enim

72 2104 100 2133 in
296 2109 466 2144 ﬁrmabm‘s.
487 2109 562 2142 Quid
587 2109 706 2146 magis?
720 2110 750 2137 In
775 2110 903 2138 omnibus

72 2151 191 2189 θρωρω
205 2154 265 2185 luis
276 2161 433 2183 memorare
446 2155 593 2182 novissimo
607 2156 664 2188 tua,
681 2158 706 2182 cl
721 2155 750 2182 in
768 2159 904 2183 atomum

72 2202 123 2224 non
130 2190 273 2234 peccabis.
881 2206 885 2207 ν

279 2243 345 2272 Τιτ.
361 2241 409 2271 VI.
424 2258 459 2263 —-
474 2243 512 2270 De
523 2243 672 2271 causidicis
687 2264 693 2272 .

104 2284 345 2330 iiﬁwsidicus
361 2287 406 2316 vel
420 2287 579 2316 advocatus
602 2297 634 2316 es
649 2288 663 2315 ?
687 2287 789 2325 Cogita
818 2289 903 2325 cujus

73 2329 190 2365 Sortitus
203 2332 247 2362 sit
257 2340 420 2367 agnomen,
436 2334 539 2360 etiam
556 2332 638 2360 bonae
663 2332 703 2360 rei
734 2332 904 2361 ministrum

72 2374 98 2402 te
109 2372 213 2406 exhibe
227 2372 363 2407 ﬁdelem;
371 2377 412 2405 De
427 2376 550 2405 Domine
560 2377 638 2405 enim
646 2376 757 2405 dictum
771 2379 826 2412 est,
837 2378 907 2414 quia

71 2417 245 2458 idm.
260 2429 333 2451 eum
351 2415 496 2449 habemus
508 2422 586 2458 apud
602 2422 725 2450 Patrem.
746 2421 907 2450 Dissimula

73 2463 367 2505 Mioﬂ_quando
379 2466 581 2494 causationem
611 2465 648 2493 ob
675 2467 906 2495 conservandam

72 2506 268 2540 dilectionem.

207 2555 223 2588 ,’
284 2555 354 2584 Tn.
367 2555 428 2583 VH.
443 2571 475 2576 —
490 2556 686 2592 Dejudicibus.

103 2594 409 2638 ίαβοωητδῒδμϐ),
436 2607 524 2637 quem
538 2608 592 2630 nos
616 2600 756 2636 comitem
779 2600 907 2629 dicimus

373 2646 425 2674 aut
434 2644 527 2681 iudex
542 2644 593 2673 es?
609 2643 770 2673 Considera
785 2646 907 2681 quamet

74 2687 102 2715 ιιι
109 2685 327 2721 habit-tutis
338 2689 560 2726 dispunetorem
568 2689 613 2717 vel
622 2689 753 2725 judicem
766 2696 774 2717 :
785 2697 908 2726 perpen—

76 2729 106 2760 de
117 2739 206 2771 quam
333 2733 438 2770 meris
449 2734 568 2772 jugum,
580 2735 610 2762 et
623 2735 695 2771 puta
705 2734 784 2770 quod
798 2742 856 2762 non
869 2733 909 2762 sit

26 2793 34 2799 -
75 2775 183 2814 πω
195 2774 496 2812 nﬂumJﬂiuseoim
512 2777 604 2808 Solius
619 2777 774 2814 est,libere
786 2777 822 2806 de
835 2777 908 2807 alte-

103 2830 159 2871 (ᾏ)
168 2827 444 2871 Vocequcotlma
459 2831 617 2871 Eutherius
626 2840 661 2871 βξ
679 2832 790 2871 Graecis
805 2831 943 2871 sumpsit,
960 2829 1036 2871 apud

954 1704 1040 1730 ricors
1067 1704 1096 1730 ut.
1124 1707 1212 1739 pater,
1228 1707 1254 1731 et
1277 1711 1328 1737 pro
1354 1705 1416 1732 viro
1430 1705 1516 1732 nuuri
1529 1712 1632 1739 eorum,
1646 1706 1741 1734 cteris
1752 1708 1783 1734 tu

955 1748 1041 1775 veluti
1063 1747 1140 1783 ﬁlius
1171 1747 1307 1775 Altissimi
1323 1746 1461 1780 obedieus,
1485 1752 1513 1776 el
1534 1749 1709 1777 miserebitur
1742 1751 1793 1786 tui,

955 1792 1045 1827 magis
1057 1799 1141 1827 quam
1152 1795 1241 1819 mater
1256 1791 1349 1827 (Eccli.
1362 1800 1400 1826 1v,
1418 1792 1473 1828 10).
1495 1792 1638 1821 Dominus
1668 1801 1784 1830 quoque

957 1836 986 1863 in
1001 1835 1225 1864 Deuteronomio
1243 1844 1249 1863 :
1266 1834 1421 1863 Malcdictus
1435 1837 1484 1872 qui
1494 1838 1627 1872 pervertit
1645 1837 1785 1873 judicium

958 1880 1080 1914 advenae,
1097 1880 1209 1916 pupilli,
1222 1883 1248 1908 et
1266 1880 1355 1908 viduae
1370 1881 1458 1917 (Deut.
1475 1890 1563 1915 xxvu,
1581 1882 1635 1917 19).
1652 1882 1784 1919 Itemque

959 1925 1007 1961 qui
1025 1933 1114 1960 supra
1131 1932 1137 1951 :
1157 1936 1170 1949 ι(
1186 1924 1226 1953 Ne
1239 1924 1390 1962 relinquas
1407 1928 1482 1954 retro
1508 1926 1560 1954 tibi
1587 1927 1759 1956 maledicere
1776 1937 1784 1963 ;

958 1969 1158 1998 maledicenlis
1173 1969 1251 1998 enim
1266 1969 1318 1998 tibi
1329 1970 1359 1998 in
1376 1971 1573 2000 amaritudine
1586 1972 1689 2000 animos
1700 1980 1786 2001 exau-

958 2015 1054 2042 dietur
1070 2015 1197 2051 precatio
1213 2015 1293 2043 illius
1307 2025 1313 2050 ;
1330 2016 1464 2044 exaudiet
1480 2018 1579 2049 autem
1595 2016 1680 2045 illum
1696 2018 1786 2051 Deus,

959 2060 1008 2096 qui
1025 2059 1089 2087 fecit
1105 2058 1187 2088 illum
1200 2060 1294 2096 (Eccli.
1303 2069 1341 2094 ιν,
1352 2061 1390 2095 5);
1403 2072 1417 2086 υ
1425 2062 1453 2089 et
1465 2061 1786 2099 _rursus:«Noliamare

959 2104 1146 2132 mendacium
1161 2103 1302 2132 adversus
1315 2104 1435 2133 fratrem
1448 2107 1546 2140 tuum;
1561 2113 1657 2142 neque
1684 2105 1799 2142 alliges

959 2149 1012 2177 tibi
1028 2147 1157 2184 duplicia
1173 2150 1309 2184 peccatu;
1326 2153 1421 2188 neque
1435 2148 1514 2177 enim
1529 2148 1559 2176 in
1575 2157 1634 2177 uno
1649 2149 1714 2186 eris
1731 2149 1793 2186 im-h

959 2193 1060 2221 munis
1075 2192 1169 2227 (Eccli.
1184 2200 1234 2225 vn,
1250 2191 1305 2228 13).
1323 2202 1337 2216 ››
1354 2190 1512 2220 Psalmista
1526 2200 1645 2229 quoque
1661 2201 1668 2221 :
1687 2193 1789 2229 Usque-

959 2246 1021 2274 quo,
1050 2236 1157 2274 inquit,
1180 2233 1315 2274 judicatis
1344 2237 1530 2272 iniquitatem,
1560 2239 1585 2265 et
1612 2238 1698 2275 facies
1723 2245 1786 2274 pec-

959 2287 1082 2310 catorum
1097 2282 1228 2310 sumitis?
1241 2281 1367 2310 Judicale
1381 2289 1466 2316 egeno
1480 2286 1505 2310 et
1517 2283 1638 2319 pupillo,
1655 2283 1789 2311 humilem

923 2339 945 2372 Β
961 2332 986 2356 ει
994 2335 1144 2363 pauperem
1152 2326 1304 2372 justiﬁcate
1313 2335 1328 2372 ,ιλ
1340 2327 1439 2363 eripite
1449 2335 1609 2364 pauperem,
1632 2332 1658 2357 et
1672 2336 1789 2365 egenum

961 2372 993 2400 de
1018 2379 1104 2399 manu
1127 2372 1274 2407 peccatoris
1296 2370 1411 2400 liberate
1433 2371 1517 2408 (Psal.
1535 2381 1629 2407 LXXXI,
1643 2374 1683 2410 2).
1706 2373 1790 2402 Alius

961 2424 1052 2444 vero:
1079 2416 1138 2443 Non
1161 2424 1286 2444 assumas
1306 2415 1414 2453 inquit,
1434 2425 1581 2453 personam
1602 2418 1737 2454 puuperis
1760 2418 1791 2445 in

956 2461 1064 2498 judicio
1096 2461 1191 2497 (Eccli.
1226 2469 1308 2494 xxxv,
1337 2461 1390 2496 16).
1415 2462 1497 2496 Quod
1523 2464 1594 2490 tunc
1631 2463 1791 2491 observan-

962 2507 1033 2533 dum
1051 2505 1137 2540 scias,
1152 2506 1269 2542 quando
1286 2506 1499 2542 divesjustam,
1511 2516 1622 2544 pauper
1637 2507 1790 2545 injustam,

962 2554 995 2579 ut
1011 2550 1130 2585 assolet,
1148 2550 1235 2579 habet
1249 2559 1380 2579 causam.
1394 2551 1467 2579 item
1482 2551 1622 2588 idemque
1633 2561 1663 2580 τί(
1674 2551 1790 2584 Audite,

963 2598 992 2624 et
1005 2595 1083 2632 quod
1090 2595 1207 2632 justum
1224 2597 1268 2623 est
1279 2595 1422 2632 judicate,
1435 2596 1495 2625 sive
1509 2596 1582 2625 civis
1597 2596 1637 2624 sit
1656 2595 1715 2629 ille,
1732 2595 1792 2623 sive
1804 2620 1805 2623 η

962 2639 1136 2677 peregrinus
1152 2648 1159 2668 :
1171 2639 1252 2675 nulla
1265 2639 1407 2670 distantia
1417 2640 1452 2668 sii
1468 2640 1723 2677 personarumJta
1731 2647 1794 2676 par-

962 2693 1031 2713 vum
1047 2683 1172 2715 audietis
1188 2686 1220 2712 ut
1235 2691 1388 2720 magnum,
1401 2692 1459 2713 nec
1473 2684 1623 2721 accipietis
1637 2682 1794 2718 cujusdam

963 2736 1119 2767 personam
1134 2728 1164 2756 in
1178 2728 1301 2764 judicio,
1317 2729 1388 2764 quin
1407 2728 1458 2757 Dei
1475 2731 1525 2758 est
1540 2724 1793 2767 judiciumlDaut.

962 2774 985 2808 Ι,
1003 2775 1058 2810 16).
1075 2785 1090 2800 π
1105 2772 1200 2802 Judex
1214 2780 1281 2801 vero
1308 2771 1417 2812 dicitur
1443 2772 1528 2810 quasi
1539 2773 1592 2809 jus
1611 2770 1712 2807 dicens
1724 2768 1795 2803 ἱᾶιη

1065 2835 1141 2864 quos
1155 2825 1181 2854 is
1196 2829 1339 2864 λογοθιτης,
1359 2825 1386 2864 is
1401 2828 1456 2860 est,
1472 2826 1523 2863 qui
1548 2823 1691 2853 rationem
1714 2816 1796 2860 judi-

380 2861 642 2911 Langoberdorum
652 2861 956 2908 legibuslocopoiittu,
972 2861 1016 2897 ὕοι
1033 2861 1086 2896 loci
1099 2865 1223 2894 servator
1233 2861 1413 2900 appellatur.
