3936 6374
297 450 437 548 lie

1225 479 1601 552 RATHEBII
1642 479 1888 549 EPISC.
1932 474 2223 546 VERON.
2270 479 2444 545 OPP.
2490 479 2690 547 PARS
2731 476 2783 547 Ῑ.

3593 436 3733 541 mo"

293 616 450 676 deo?
469 616 589 677 Hoc
610 634 646 677 a
667 588 897 678 Ine-non
916 617 1144 697 indiges
1165 621 1496 695 inquirere;
1529 624 1587 677 te
1615 620 1812 692 ipsum
1841 618 1935 674 in-
1963 616 2021 684 Α
2048 631 2145 672 ves
2164 616 2193 672 Ἰ
2221 618 2414 685 Servo,
2444 615 2664 690 inquis,
2696 616 2854 674 ﬁliis.
2887 615 3033 674 Ante
3063 614 3120 672 te
3150 610 3393 672 forsitan
3435 578 3737 670 obibunta

292 710 545 782 terroga,
580 713 637 767 te
664 710 926 778 conveni,
952 715 1144 768 tecum
1175 711 1522 768 causamini.
1554 709 1676 778 Dic,
1709 707 1944 782 rogo,in
2053 705 2235 774 Dabo,
2265 706 2372 774 ais,
2406 723 2510 779 pro
2541 707 2740 762 anima
2777 705 3033 762 illorum.
3068 704 3312 770 Quando
3334 703 3362 759 ‘I
3394 706 3713 776 postquam

294 792 523 870 quibus
544 799 720 857 rebus
738 803 1009 857 constant
1037 800 1248 857 divitia
1279 805 1391 857 tua
1414 801 1443 856 ?
1465 801 1527 856 ln
1558 796 1946 873 possessioni-

296 885 431 954 bus,
490 885 710 960 inquis,
768 888 1138 962 pradiorum,
1195 907 1519 956 servorum,
1576 886 1944 954 ancillarum,

298 989 606 1047 equorum,
639 976 839 1046 boum,
872 982 1328 1051 caterarumque
1349 978 1662 1051 pecudum;
1699 976 1759 1030 in
1781 976 1947 1031 obse-

2052 811 2152 851 eos
2184 794 2553 850 absorbuerit
2581 794 2889 867 gehenna?
2918 794 3043 849 Non
3070 792 3287 849 audisti
3309 791 3605 865 psalmum
3628 790 3720 846 di-

2055 889 2283 940 centem
2317 901 2330 939 :
2365 884 2422 939 Id
2469 886 2685 957 inferno
2715 886 2837 957 quis
2866 884 3216 957 conﬁtebitur
3246 883 3352 938 tibi
3375 880 3403 936 ’ἲ
3432 882 3604 952 (Psal.
3633 897 3715 950 vr,

2062 973 2136 1043 6).
2169 973 2294 1029 Non
2324 972 2515 1045 legisti
2544 991 2556 1029 :
2590 976 2779 1030 Frater
2806 990 2917 1029 non.
2956 973 3195 1040 redimit,
3228 971 3458 1028 redimet
3508 970 3665 1026 homo
3688 969 3717 1024 ?

301 1063 652 1120 cundatione
702 1066 1173 1138 obsequentium,
1206 1066 1588 1123 delectatione
1636 1080 1846 1120 canum
1896 1066 1955 1118 et
2062 1062 2235 1133 (Psal.
2263 1078 2455 1130 XLVIII,
2489 1062 2564 1133 8).
2599 1066 2899 1118 Postremo
2958 1077 3051 1116 me
3098 1078 3214 1116 non
3263 1059 3479 1116 audisti
3510 1059 3719 1115 dicen-

306 1151 672 1225 accipitrum,
704 1154 1067 1212 abundantia
1100 1156 1373 1223 vestium,
1406 1154 1800 1219 ustensilium,
1832 1152 1953 1208 fru-

310 1241 515 1309 menti,
544 1242 664 1298 vini
693 1246 751 1299 et
778 1242 911 1312 olei,
945 1259 1265 1317 armorum,
1314 1244 1561 1318 argenti,
1608 1241 1735 1299 auri
1782 1245 1957 1314 atque

312 1344 703 1403 gemmarum.
772 1332 1023 1405 Optime.
1090 1334 1259 1399 Modo
1329 1336 1386 1390 te
1444 1332 1573 1389 volo
1629 1331 1956 1389 convenire.

312 1419 434 1489 Dic,
489 1436 649 1493 rogo,
704 1426 1024 1494 tempestas
1080 1437 1385 1495 nunquam
1422 1421 1542 1477 hac
1580 1425 1681 1477 tua
1718 1419 1963 1492 contigit

310 1508 532 1582 praedia
550 1509 579 1564 ?
599 1510 920 1577 Quomodo,
953 1509 1170 1583 inquis,
1206 1510 1374 1568 aliter
1402 1510 1525 1566 ﬁeri
1557 1509 1751 1583 potuit
1773 1511 1797 1564 ἒ
1816 1510 1964 1575 Quo-

309 1597 506 1664 modo,
540 1597 807 1670 inquam,
839 1598 986 1654 dicis
1039 1603 1095 1655 te
1148 1615 1409 1672 unquam
1441 1599 1721 1655 veraciter
1760 1613 1963 1671 posse-

311 1685 489 1755 disse,
518 1686 675 1760 quod
704 1685 888 1743 valuit
916 1691 1237 1760 tempestas
1281 1688 1555 1744 auferre?
1585 1686 1757 1744 Nulla
1804 1686 1963 1743 enim

310 1773 536 1831 ratione
561 1774 841 1832 veraciter
868 1780 957 1832 est
988 1777 1348 1849 tuum,quod
1381 1776 1633 1849 alicujus
1663 1776 1963 1833 invasione

312 1867 506 1938 potest
533 1864 659 1921 ﬁeri
689 1881 804 1920 non
831 1865 1203 1921 tuumzunde
1232 1869 1289 1921 et
1316 1864 1460 1921 illud
1491 1866 1772 1939 sapientis
1796 1880 1809 1920 :
1846 1866 1965 1921 Non

2064 1155 2181 1207 tem
2216 1169 2229 1206 :
2258 1153 2420 1207 Ibunt
2444 1153 2505 1207 hi
2524 1153 2581 1208 in
2602 1152 2934 1223 supplicium
2950 1159 3242 1217 aeternum,
3265 1150 3409 1223 justi
3441 1156 3625 1205 autem
3657 1149 3722 1203 in

2065 1242 2237 1296 vitam
2264 1247 2529 1297 aeternam
2549 1241 2785 1313 Ἠλιακή.
2819 1238 3370 1312 ιχν,46.)οιιοωοάο
3402 1242 3596 1296 autem
3627 1240 3721 1294 est

2068 1330 2534 1402 aternum,quod
2549 1329 2800 1400 alicujus
2814 1346 2913 1385 mu
2923 1333 3394 1401 nere,postquam
3408 1326 3590 1385 semel
3604 1326 3727 1383 fue-

2069 1417 2146 1473 rit
2156 1419 2456 1491 adeptum,
2474 1422 2666 1491 potest
2677 1418 2800 1474 ﬁeri
2814 1417 3200 1474 nullum?Non
3215 1417 3429 1473 audisti
3447 1435 3460 1474 :
3484 1418 3725 1486 Liguum

2071 1508 2132 1563 in
2161 1524 2485 1581 quocunque
2513 1509 2625 1564 loco
2655 1507 2933 1574 ceciderit,
2968 1509 3049 1563 ibi
3075 1506 3227 1563 erit?
3257 1504 3444 1579 (Eccli.
3479 1523 3541 1573 ιι,
3570 1508 3648 1577 3).

2142 1597 2231 1651 35.
2264 1595 2427 1651 Unde
2459 1596 2507 1651 si
2532 1596 2619 1652 vis
2650 1613 2755 1669 pro
2786 1596 2986 1652 anima
3014 1599 3135 1664 tua,
3159 1594 3247 1651 vel
3276 1593 3594 1668 cujuslibet
3620 1596 3729 1651 da-

2070 1701 2153 1754 re,
2181 1685 2322 1741 dum
2354 1689 2419 1741 tu
2449 1684 2593 1741 illud
2625 1684 2911 1758 possides,
2947 1685 3052 1754 da;
3080 1685 3223 1741 dum
3249 1684 3337 1741 tui
3356 1684 3732 1757 estjuris,tui

2072 1773 2447 1844 arbitrii,tua
2475 1775 2949 1847 potestatis,dum
2970 1774 3129 1831 vales
3155 1774 3383 1843 redimi,
3408 1775 3550 1830 dum
3572 1773 3733 1831 vales

2070 1859 2329 1919 liberari.
2362 1862 2583 1919 Divitia
2614 1863 2771 1919 enim
2802 1868 2915 1919 tua
2956 1868 3012 1919 te
3063 1863 3404 1920 anteeedero
3455 1866 3730 1936 possunt,

309 1953 604 2027 proprium
631 1953 803 2021 dicas,
835 1953 976 2025 quod
1004 1956 1215 2010 mutari
1252 1962 1445 2027 potest.
1496 1955 1610 2010 Sed
1660 1953 1964 2011 videamus
1991 1981 2043 2048 Β
2073 1956 2239 2022 sequi
2272 1952 2511 2008 omnino
2541 1969 2658 2007 non
2689 1956 2958 2048 possunt.
2994 1951 3099 2007 Hic
3134 1969 3316 2009 sanus
3347 1952 3535 2025 incipe
3567 1952 3730 2018 dare,

316 2045 543 2098 cetera.
601 2042 869 2100 Forsitan
923 2043 1153 2099 ﬁrmius
1210 2044 1476 2115 possides
1525 2059 1611 2099 ea.
1645 2043 1826 2111 Servi,
1861 2061 1964 2098 an-

316 2129 483 2200 cilla,
515 2129 673 2202 equi,
700 2130 875 2186 boves
900 2135 1223 2203 possuntne
1268 2149 1303 2187 a
1351 2132 1722 2204 pradonibus
1766 2131 1962 2205 diripi,

319 2219 486 2276 clade
515 2219 767 2295 Opprimi
788 2219 817 2273 ?
846 2218 930 2275 Ad
958 2224 1318 2291 postremum
1367 2237 1561 2276 nonne
1591 2220 1683 2277 his
1713 2238 1874 2293 aque
1901 2237 1967 2275 ac

319 2307 429 2365 tibi
450 2307 565 2380 (67)
587 2325 716 2365 sors
730 2311 819 2364 est
840 2308 1165 2365 moriendi?
1183 2312 1386 2365 Vestes
1408 2312 1707 2383 nequeunt
1726 2328 1761 2365 a
1780 2309 1859 2365 tin
1869 2309 1968 2366 ais

320 2395 587 2454 demoliri
609 2396 807 2465 ?Scio,
844 2397 1064 2469 inquis,
1095 2399 1419 2455 remedium
1449 2397 1607 2455 inde.
1638 2398 1808 2455 Bene.
1841 2398 1965 2454 Ali-

318 2485 463 2559 quid
510 2485 662 2542 nosti
712 2484 974 2553 remedii,
1008 2502 1074 2542 nt
1116 2485 1250 2558 igne
1281 2502 1393 2542 non
1428 2487 1657 2560 possint
1688 2487 1968 2544 absumi?

315 2573 465 2642 Non,
495 2573 715 2647 inquis,
748 2574 849 2630 sed
883 2574 1052 2631 mitto
1081 2591 1180 2632 eas
1208 2573 1368 2641 illuc,
1406 2575 1504 2631 ubi
1552 2576 1881 2633 continetur
1910 2579 1967 2632 et

313 2679 547 2721 aurum.
578 2662 681 2721 Est
704 2662 869 2720 locus
899 2666 1193 2732 arcuatus,
1226 2680 1342 2719 non
1372 2663 1526 2721 valet
1553 2664 1674 2737 igni
1703 2681 1833 2723 esse
1870 2682 1963 2722 ac-

314 2769 539 2813 cessus.
595 2752 879 2808 Concedo.
935 2753 1178 2825 Semper
1231 2768 1368 2826 ergo
1415 2752 1533 2809 illic
1563 2754 1782 2810 erunt?
1813 2771 1963 2810 nun-

316 2854 574 2913 quamne
603 2841 745 2896 foris
775 2838 1096 2913 prodibunt
1118 2844 1141 2897 ?
1164 2840 1397 2897 Facient
1418 2841 1764 2914 plane,Quid
1797 2843 1966 2899 tunc?

316 2930 378 2987 Si
409 2929 602 2998 salva,
634 2928 806 2985 salva
830 2947 844 2998 ;
864 2928 915 2984 si
945 2928 1204 3001 perdita,
1236 2930 1610 3002 perdita.Ubi
1641 2947 1778 3004 ergo
1800 2936 1967 2988 tanta

317 3016 639 3092 diligentia,
671 3020 835 3073 tanta
872 3018 1181 3074 custodia?
1208 3018 1356 3082 Quid
1390 3018 1606 3091 profuit
1633 3023 1795 3076 tanto
1824 3023 1967 3076 tem-

317 3121 457 3180 pore
495 3104 1162 3178 custodisse,aliquando
1201 3106 1525 3179 perdidisse
1545 3108 1573 3163 ?
1602 3109 1735 3164 Esto
1759 3107 1839 3163 nil
1861 3108 1965 3164 ho-

317 3211 451 3252 rum
482 3193 817 3268 contingat;
853 3194 986 3267 quis
1013 3196 1166 3251 tuas.
1201 3211 1336 3252 cum
1367 3195 1503 3251 hinc
1533 3196 1718 3262 vadis,
1733 3196 1966 3253 divitias

313 3289 509 3343 tecum
540 3283 769 3357 portat?
796 3283 998 3340 Nonne
1023 3288 1079 3340 te
1101 3284 1267 3341 video
1295 3284 1491 3357 ligatis
1522 3288 1617 3341 41
1654 3285 1965 3357 pollicibus

317 3389 463 3448 pene
494 3344 720 3430 nudum
752 3371 845 3446 agi
876 3373 933 3429 in
963 3344 1381 3429 tumulum?Ei
1407 3373 1456 3429 si
1489 3373 1599 3429 hoc
1618 3344 1723 3430 tibi
1746 3373 1966 3430 contin-
1994 3344 2038 3411 θ

312 3468 431 3537 gat,
457 3462 695 3533 beatum
729 3466 787 3518 te
817 3461 1059 3519 forsitan
1091 3461 1360 3528 dixerim,
1395 3478 1533 3519 nam
1564 3463 1758 3535 audivi
1809 3477 1961 3537 sape

309 3552 547 3609 divitem
580 3568 615 3608 a
646 3550 804 3624 lupis
833 3555 1179 3607 comestum.

380 3641 470 3697 3t.
493 3638 642 3703 Quid
673 3654 832 3712 ergo,
854 3639 1078 3711 inquis,
1102 3640 1394 3711 agendum
1416 3639 1445 3695 ?
1465 3642 1551 3696 An
1584 3640 1843 3715 segnitia
1865 3659 1964 3698 va-

310 3728 589 3793 candum,
621 3726 704 3782 nil
733 3725 1437 3793 laborandum,omnibus
1468 3730 1968 3787 mendicandum?

313 3815 456 3881 Quis
483 3814 605 3882 dat,
635 3813 687 3870 si
717 3814 911 3869 omnis
941 3813 1278 3870 mendicat?
1299 3819 1423 3872 Non
1450 3834 1464 3884 ;
1493 3834 1610 3873 non
1643 3818 1788 3875 illud
1822 3836 1967 3892 pra-

314 3901 637 3977 cipio,dicit
656 3900 962 3969 Dominus,
978 3901 1097 3957 imo
1118 3903 1473 3959 omnimodis
1495 3905 1807 3977 prohibeo;
1832 3924 1967 3963 nam

320 3989 561 4065 pradixi
588 3989 716 4057 tibi,
747 3989 902 4062 quod
934 3989 994 4045 in
1013 3988 1217 4046 sudore
1239 3991 1421 4047 vultus
1452 3994 1542 4048 tui
1566 3996 1791 4050 vesceris
1827 4010 1973 4065 pane

322 4088 414 4136 tuo
444 4078 596 4152 (Gen.
630 4094 714 4145 ιιι,
783 4077 895 4149 19).
962 4081 1107 4133 Cum
1174 4077 1317 4134 illud
1385 4080 1645 4152 pradixi,
1713 4081 1973 4138 laborem

326 4166 536 4223 indixi:
559 4168 623 4223 tu
648 4170 885 4224 econtra
913 4164 996 4221 nil
1021 4165 1108 4223 vis
1136 4165 1421 4239 laborare,
1439 4167 1542 4224 sed
1569 4167 1976 4227 laborantibus

326 4256 576 4323 auferre,
610 4260 685 4324 et,
719 4271 854 4313 cum
884 4259 949 4311 tu
977 4272 1146 4312 vaces
1177 4256 1431 4329 peccatis
1463 4262 1520 4312 et
1566 4256 1811 4326 deliciis,
1844 4257 1977 4315 aliis

322 4344 585 4401 laborem
604 4343 997 4413 indicis;cum
1028 4348 1265 4401 econtra
1292 4361 1387 4400 me
1417 4344 1476 4398 in
1506 4344 1737 4401 Psalmo
1759 4345 1978 4404 dixisse

320 4432 532 4506 legeris
580 4450 595 4489 :
643 4434 876 4490 Labore:
920 4449 1190 4489 manuum
1238 4436 1463 4489 tuarum
1499 4435 1631 4505 quia
1672 4435 1976 4493 manduca-

323 4521 449 4585 bis;
500 4520 687 4576 beatus
741 4537 816 4589 es,
879 4520 1011 4575 bene
1064 4520 1172 4575 tibi
1214 4522 1325 4576 erit
1351 4522 1523 4591 (Psal.
1557 4538 1764 4591 cxxvn,
1795 4527 1873 4594 2).
1906 4525 1977 4581 Et

322 4622 426 4681 per
452 4606 794 4679 Apostolum
820 4622 837 4664 :
871 4608 981 4676 Qui
1006 4623 1119 4663 non
1146 4609 1264 4663 vult
1293 4612 1530 4680 operari,
1563 4627 1662 4667 nec
1687 4614 1979 4670 manducet

2074 2042 2131 2093 et
2183 2040 2231 2094 si
2271 2040 2585 2096 inﬁrmitas
2642 2038 2855 2103 evenit.
2913 2040 3237 2096 studiosius
3294 2057 3508 2113 eroga;
3567 2043 3625 2096 et
3680 2040 3733 2096 si

2075 2144 2234 2185 mors
2292 2130 2623 2196 intervenit,
2684 2146 2755 2184 nc
2811 2128 3057 2196 timeas;
3103 2129 3259 2201 quod
3299 2128 3393 2184 hic
3432 2134 3735 2201 erogatur,

2074 2215 2195 2272 illic
2228 2218 2524 2289 proficiet;
2558 2221 2788 2272 tantum
2822 2236 2891 2273 ne
2933 2218 3087 2273 Deus
3127 2235 3324 2273 serum
3365 2218 3596 2290 judicet
3643 2219 3736 2273 in—

2075 2310 2354 2378 emptum,
2424 2306 2831 2362 necessitatem
2901 2323 3019 2362 non
3101 2304 3381 2373 attendat,
3450 2307 3739 2380 approbet

2073 2396 2455 2463 voluntatem,
2510 2413 2628 2451 non
2678 2395 3063 2467 reprehendat
3119 2394 3550 2451 intentionem:
3595 2412 3736 2451 con-

2075 2485 2293 2541 sideret
2345 2484 2442 2541 hic
2496 2489 2553 2540 te
2602 2501 2815 2541 sanum
2858 2483 3113 2541 voluisse
3144 2484 3303 2552 dare,
3336 2482 3530 2541 videat
3555 2488 3613 2540 te
3637 2483 3738 2540 hic

2076 2573 2341 2646 coepisse,
2374 2572 2469 2629 hic
2496 2572 2754 2629 voluisse
2783 2572 3075 2645 complere
3102 2590 3114 2628 :
3144 2573 3215 2629 de
3245 2572 3545 2629 voluntate
3574 2573 3739 2631 enim

2075 2665 2130 2717 et
2182 2661 2504 2717 intentione
2551 2661 2806 2735 judicat.
2841 2662 2916 2716 At
2971 2661 3115 2718 forte
3139 2661 3287 2717 dicis
3322 2679 3335 2717 :
3371 2661 3743 2733 reliquerunt

2076 2749 2222 2807 mibi
2272 2753 2562 2823 parentes,
2597 2766 2842 2822 possum
2889 2766 3004 2805 non
3051 2749 3382 2822 relinquere
3425 2748 3583 2818 ﬁliis,
3634 2755 3741 2807 aut

2075 2838 2409 2911 nepotibus,
2440 2842 2543 2894 aut
2567 2836 2863 2911 aliquibus
2884 2837 3264 2895 haredibus?
3300 2838 3396 2893 Va
3441 2837 3581 2908 illis,
3633 2838 3737 2912 qui

2072 2931 2259 2983 totum
2284 2927 2390 2982 tibi
2408 2925 2795 2999 reliquerunt,
2812 2926 2925 2981 sibi
2944 2926 3027 2981 nil
3051 2924 3459 2995 tulerunt,imo
3475 2925 3735 2983 multum

2074 3015 2360 3071 tulerunt.
2392 3015 2707 3087 Nunquam
2738 3015 2894 3071 enim
2926 3015 3156 3073 deﬁciet
3210 3016 3367 3088 quod
3419 3015 3683 3072 tulerunt
3717 3034 3733 3085 ;

2075 3103 2512 3161 damnationem
2544 3104 2698 3160 enim
2732 3108 3073 3177 perpetuam
3102 3104 3214 3160 sibi
3245 3104 3733 3178 tulcrunt,ignem

2074 3195 2423 3264 perpetuum
2455 3191 2567 3248 sibi
2599 3191 2863 3248 tulerunt
2884 3210 2897 3261 ;
2918 3191 3087 3265 quasi
3116 3197 3171 3249 te
3190 3193 3346 3250 Deus
3377 3210 3494 3249 non
3522 3194 3735 3267 possit,

2074 3296 2302 3352 nosque
2314 3279 2549 3336 illorum
2568 3280 2971 3337 muniﬁcentia
2985 3282 3351 3355 pascere,qui
3364 3286 3550 3338 totum
3566 3299 3736 3339 mun-

2074 3369 2215 3424 dum
2248 3370 2401 3442 pacit
2435 3369 2719 3441 quotidie.
2753 3369 2940 3437 Pater,
2992 3369 3210 3443 inquis,
3272 3388 3439 3428 meus
3497 3371 3740 3444 reliquit

2073 3457 2407 3514 mihi.Patri
2441 3458 2576 3531 quis
2597 3457 2626 3512 ?
2657 3458 3045 3531 avus,inquis.
3078 3462 3216 3529 Avo,
3250 3462 3384 3533 quis
3404 3460 3433 3516 ?
3460 3477 3735 3533 proavus,

2075 3544 2181 3599 ais.
2215 3544 2432 3601 Proavo
2459 3544 2593 3616 quis
2614 3544 2643 3599 ‘I
2673 3543 2771 3601 ille
2803 3543 2941 3602 talis
2969 3550 3028 3602 et
3055 3545 3211 3603 talis.
3232 3546 3352 3604 Illis
3381 3548 3516 3620 quis
3535 3548 3564 3604 ?
3593 3548 3738 3621 quid

2076 3650 2170 3689 me
2200 3633 2417 3706 fatigas
2445 3634 2725 3706 rogando,
2761 3633 2983 3707 inquis,
3015 3636 3222 3705 Adam,
3255 3637 3364 3692 etsi
3412 3653 3530 3693 non
3562 3636 3739 3694 alius.

2075 3723 2261 3779 Adam
2294 3722 2428 3795 quis
2450 3723 2478 3779 ?
2510 3724 2685 3779 Deus.
2720 3723 2869 3795 Ergo
2897 3723 2999 3780 Dei
3031 3729 3174 3793 erat,
3209 3724 3327 3781 imo
3364 3724 3527 3793 velis,
3561 3725 3741 3795 nolis,

2077 3812 2173 3869 Dei
2205 3817 2297 3867 est
2317 3816 2504 3867 totum
2524 3830 2538 3879 ;
2562 3812 2797 3868 etiamsi
2829 3830 2943 3869 non
2978 3813 3228 3886 accipiat
3256 3830 3290 3870 a
3312 3819 3388 3881 te,
3412 3813 3637 3871 habeta
3658 3820 3736 3871 te.

2079 3902 2299 3958 Domini
2328 3905 2409 3957 est
2453 3910 2601 3958 terra
2640 3910 2692 3957 et
2714 3902 3000 3973 plenitudo
3025 3902 3141 3974 ejus
3171 3904 3341 3971 (Paci.
3376 3920 3506 3970 xxv,
3536 3905 3608 3972 1).
3638 3906 3739 3961 Va

2081 3994 2278 4045 autem
2306 3990 2411 4059 eis,
2453 3991 2671 4061 quibus
2701 3991 2803 4047 42
2833 3989 2980 4046 tanti
3012 3996 3424 4047 successerunt
3451 3992 3736 4049 haredes.

2083 4081 2147 4133 ut
2177 4076 2462 4133 Dominus
2494 4095 2799 4150 nunquam
2829 4078 2946 4135 illis
3004 4079 3284 4136 meruerit
3340 4096 3469 4137 esse
3526 4080 3737 4139 haras.

2084 4166 2332 4238 Rumpe,
2366 4165 2471 4234 ﬁli,
2504 4183 2731 4240 rumpe,
2759 4184 2974 4239 quaso,
3009 4167 3166 4224 hunc
3222 4169 3445 4238 funem,
3497 4185 3569 4225 ne
3626 4170 3739 4227 hoc

2084 4270 2219 4311 cum
2280 4253 2424 4327 ipsis
2480 4255 2900 4328 constringaris
2958 4257 3017 4311 in
3075 4257 3482 4329 perditionem.
3527 4258 3740 4332 Accipe

2086 4342 2395 4400 Dominum
2445 4342 2752 4410 haredem,
2793 4348 2859 4399 ut
2897 4348 2951 4399 te
2990 4343 3087 4400 ille
3144 4346 3390 4419 accipiat
3421 4346 3582 4421 regni
3642 4348 3738 4403 sui

2086 4437 2439 4497 consortem;
2458 4433 2673 4504 partire
2689 4448 2825 4488 cum
2843 4431 2943 4489 illo
2976 4432 3230 4491 ﬁliorum
3253 4435 3743 4505 hareditatem,et

2084 4521 2249 4578 effice
2274 4537 2407 4577 eum
2442 4520 2558 4577 illis
2590 4520 2848 4577 fratrem.
2881 4522 3044 4589 Quod
3076 4522 3127 4580 si
3165 4540 3282 4579 non
3312 4523 3419 4592 vis,
3453 4541 3641 4598 neque
3672 4529 3739 4582 tu

2086 4612 2215 4684 ejus
2243 4609 2640 4666 hareditatem
2671 4611 3007 4684 usurpabis.
3047 4614 3318 4669 Attamen
3366 4612 3530 4682 velis,
3563 4613 3737 4685 nolis,

320 4696 390 4769 (ιι
420 4697 592 4751 Thess.
624 4711 709 4763 ιιι,
742 4694 853 4767 10).
888 4694 1114 4751 Labora
1133 4696 1352 4769 itaque,
1376 4698 1525 4767 dico,
1550 4699 1758 4769 fruere,
1782 4719 1978 4776 eroga,
2008 4709 2057 4774 Β
2088 4699 2422 4773 approbabo
2442 4700 2561 4754 tuis
2584 4698 2771 4771 ipsius
2799 4699 3175 4767 testimoniis,
3208 4718 3325 4757 non
3352 4706 3410 4759 te
3434 4705 3567 4758 tuas
3598 4718 3742 4774 pos-

318 4784 610 4859 disperge.
632 4783 796 4839 Sicut
814 4799 921 4857 ego
942 4799 1057 4839 non
1080 4799 1244 4841 cesso
1266 4785 1549 4855 dare,imo
1567 4791 1964 4848 committere:

318 4874 401 4930 ita
428 4879 493 4930 tu
526 4889 598 4929 ne
626 4888 821 4929 cesses
858 4888 1135 4945 erogare;
1187 4877 1245 4929 et
1291 4890 1542 4947 semper,
1604 4878 1744 4949 quia
1787 4879 1966 4950 jussi,

317 4962 503 5019 labori
534 4960 760 5031 insiste,
779 4964 846 5016 ut
865 4959 1267 5034 habeas,quod
1295 4964 1485 5034 possis
1508 4970 1830 5039 erogare,et
1850 4984 1965 5023 non

317 5050 395 5108 sit
410 5066 559 5124 opus
579 5048 1113 5106 servare.0tiositas
1143 5050 1235 5105 eui
1245 5067 1323 5118 ιιι,
1343 5049 1393 5105 si
1416 5068 1531 5107 non
1557 5054 1730 5110 certis
1758 5054 1966 5112 diebus

316 5138 433 5197 mei
464 5152 661 5202 causa,
692 5138 933 5194 inimica
963 5141 1053 5194 est
1083 5137 1314 5193 anima.
1347 5140 1517 5195 Enim
1547 5157 1680 5199 vero
1711 5160 1817 5199 nec
1846 5143 1966 5202 ullo

315 5231 579 5299 tempore
632 5229 691 5282 te
740 5224 868 5282 volo
908 5226 1164 5283 otiosum
1196 5243 1324 5283 esse
1358 5244 1371 5282 :
1407 5245 1543 5285 nam
1576 5231 1685 5286 etsi
1716 5232 1833 5288 dixi
1865 5250 1968 5305 per

314 5314 666 5387 Prophetam
701 5330 714 5370 :
754 5316 943 5370 Vacate
1002 5315 1102 5371 sed
1160 5315 1360 5370 addidi
1401 5332 1415 5371 :
1468 5320 1543 5373 Et
1596 5320 1785 5388 videte,
1836 5324 1970 5394 quia

310 5418 409 5472 ego
446 5419 571 5458 sum
598 5403 861 5458 Dominus
891 5404 1207 5475 (Psal.xi.v,
1238 5404 1346 5473 11),
1400 5409 1464 5459 ut
1516 5405 1809 5481 intelligas
1860 5411 1967 5467 tibi

313 5492 636 5547 cavendum
666 5489 731 5565 [f.
760 5491 1175 5563 vancandum],
1209 5492 1351 5546 mihi
1385 5495 1777 5554 serviendum.
1819 5499 1967 5565 Quid

310 5595 459 5651 opus
488 5583 580 5636 est
608 5584 675 5635 ut
702 5596 917 5647 serves,
942 5580 1043 5652 qui
1076 5596 1169 5635 me
1200 5580 1375 5636 dante
1406 5583 1667 5653 quotidie
1699 5586 1843 5643 satis
1873 5604 1969 5643 ac-

308 5666 496 5740 cipis?
525 5667 673 5732 Quid
697 5668 966 5724 convenit
997 5672 1060 5724 ut
1082 5683 1297 5735 serves,
1331 5671 1432 5741 qui
1465 5670 1701 5744 ignoras
1732 5676 1824 5731 cui
1847 5692 1967 5733 ser-

380 5773 493 5849 (67)
525 5773 698 5849 Vulg.
733 5791 891 5848 aqua
924 5776 1045 5842 tibi,
1079 5774 1277 5832 minus
1302 5777 1468 5834 bene.

2079 4789 2269 4846 sidere
2297 4787 2547 4843 divitias.
2586 4788 2716 4854 Fac,
2752 4787 2971 4860 inquis.
3005 4789 3211 4861 Eroga,
3255 4789 3405 4846 dico.
3467 4790 3593 4846 Non
3653 4790 3741 4847 fa-

2077 4878 2249 4945 ciam,
2282 4876 2451 4933 dicis.
2486 4876 2647 4931 Cur?
2676 4876 2899 4946 Timeo,
2932 4877 3041 4935 ais.
3073 4878 3221 4943 Quid
3250 4878 3278 4934 ?
3309 4878 3573 4950 inquam,
3600 4896 3741 4951 pau-

2078 4966 2538 5039 pertatem.Ergo
2551 4966 2914 5038 paupertatis
2928 4970 3067 5022 sunt
3084 4972 3194 5023 tua
3205 4967 3442 5037 divitia,
3459 4985 3575 5024 non
3598 4972 3735 5023 tua.

2076 5055 2363 5111 Dominus
2384 5059 2475 5111 est
2494 5055 2651 5110 enim
2674 5054 2775 5126 qui
2803 5054 3096 5112 interdicit
3118 5056 3545 5128 subjectus,cui
3566 5056 3740 5129 quid-

2074 5143 2215 5200 libet
2262 5143 2645 5200 interdicitur.
2680 5144 2841 5199 Ecce.
2874 5149 2931 5200 te
2977 5146 3311 5215 confitente,
3353 5145 3735 5218 deprehendi,

2076 5249 2191 5288 non
2213 5236 2445 5288 tantum
2465 5235 2519 5287 te
2542 5236 2675 5287 tuas
2689 5249 2801 5287 non
2818 5232 3117 5304 possidere
3131 5233 3493 5303 divitias,sed
3512 5235 3686 5290 etiam
3703 5251 3740 5291 a

2077 5325 2421 5393 paupertate
2443 5319 2750 5392 possideri,
2776 5319 2868 5374 cui
2906 5320 3044 5393 ipsa
3077 5321 3337 5379 serviunt
3365 5322 3597 5378 divitia.
3623 5322 3735 5378 Sed

2076 5410 2241 5465 video
2274 5409 2413 5481 quid
2447 5408 2850 5464 declinaveris.
2883 5410 3030 5465 Cum
3059 5411 3219 5467 enim
3251 5427 3458 5467 servus
3488 5408 3571 5466 sis
3601 5427 3737 5467 ava-

2077 5498 2242 5564 ritia,
2262 5514 2379 5554 non
2411 5514 2593 5552 ausus
2613 5514 2741 5552 eam
2766 5498 2973 5553 saltem
2999 5499 3323 5568 nominare,
3347 5499 3458 5554 sub
3479 5499 3738 5571 tegmine

2077 5586 2440 5659 paupertatis
2473 5585 2699 5659 elegisti
2721 5586 3054 5659 confugere,
3080 5604 3215 5643 cum
3237 5603 3353 5644 non
3378 5588 3585 5644 timere
3606 5602 3736 5643 eam

2079 5680 2136 5731 te
2168 5678 2413 5747 constet,
2446 5675 2546 5731 sed
2581 5674 2893 5732 abhorrere
2930 5694 2942 5732 :
2977 5674 3139 5734 illam
3173 5675 3509 5747 vere,cujus
3541 5691 3739 5734 amore
