3936 6376
340 424 482 523 ἒιθθ

1293 437 1672 527 annnam
1714 460 1960 527 EPISC.
2004 458 2294 527 vanos.
2341 460 2520 529 OPP.
2567 457 2768 529 esas
2807 456 2864 528 ι.

3674 452 3795 528 181

359 572 1531 669 men(Psal.vam,20).Jobveroquiddam
1543 595 2019 671 expressius,Du-
2043 597 2099 665 Α
2120 596 2321 671 phetae,
2354 598 2654 656 mercedem
2678 598 2957 673 prophetae
2987 596 3218 673 accipiet
3244 594 3524 670 (Mallius,
3557 597 3792 674 il),etc.

361 684 878 767 eunt,inquiens,in
904 688 1055 743 bonis
1065 686 1180 743 dies
1190 695 1393 753 suos,et
1413 688 1473 742 in
1489 695 1691 759 puncto
1710 687 1781 743 ad
1800 688 2022 758 inferna

359 764 683 832 descendent
712 772 845 849 (Job.
878 793 994 843 xm,
1027 776 1135 846 13).
1188 774 1355 832 Alius
1404 779 1599 831 autem
1632 791 1646 832 :
1675 776 1831 845 Agite
1876 792 2022 847 nunc

357 867 569 937 divites,
602 868 704 934 ait,
731 867 947 938 plorato
977 866 1038 921 in
1065 866 1327 931 miseriis,
1360 881 1478 937 qua
1507 866 1797 920 advenient
1823 865 1974 919 vobis
1999 884 2020 932 ,-

357 953 572 1013 divitize
598 962 795 1012 vestrae
815 955 1139 1027 putrefacta
1168 958 1314 1022 sunt,
1344 957 1396 1009 et
1426 954 1751 1009 vestimenta
1778 960 1957 1009 vestra
1985 970 2021 1008 a

359 1049 521 1109 tineis
570 1053 804 1101 comesta
851 1051 1015 1111 sunt;
1072 1059 1274 1099 aurum
1319 1048 1370 1101 et
1415 1050 1707 1111 argentum
1777 1049 2021 1097 vestrum

358 1126 717 1207 ¢ieruginavit,
771 1139 824 1190 et
875 1134 1071 1202 rubigo
1118 1146 1305 1188 eorum
1352 1131 1502 1187 vobis
1556 1134 1615 1187 in
1648 1131 2019 1186 testimonium

359 1216 485 1295 erit,
517 1232 567 1282 et
593 1221 950 1280 manducdbit
975 1236 1167 1277 carnes
1194 1229 1400 1276 vestras
1429 1223 1571 1276 sicut
1598 1222 1762 1293 iqnis.
1792 1220 2021 1275 Thesaw

360 1308 584 1375 rizastis
612 1326 776 1385 super
804 1320 1029 1378 terram,
1078 1313 1132 1367 et
1175 1311 1235 1364 in
1280 1309 1493 1365 deliciis
1520 1310 1809 1365 enutristis
1855 1307 2019 1364 corda

360 1411 539 1462 vestra
568 1405 629 1459 in
657 1402 748 1458 die
773 1402 1059 1457 occisionis
1088 1418 1107 1454 :
1136 1398 1447 1455 adduxistis
1476 1401 1620 1454 iram
1648 1398 1795 1455 vobis
1824 1400 1883 1453 in
1925 1414 2021 1453 no-

360 1493 601 1550 vissimis
631 1481 820 1548 diebus
865 1505 879 1545 :
919 1504 1038 1546 ecce
1063 1503 1263 1545 merces
1293 1489 1671 1559 operariorum
1697 1495 2016 1553 vestrorum,

360 1585 459 1658 qui
485 1587 824 1637 messuerunt
868 1578 1114 1648 regiones
1163 1582 1387 1643 vestras,
1421 1589 1548 1649 quae
1590 1575 1852 1647 fraudata
1878 1583 1959 1631 est
1984 1593 2020 1630 a

357 1673 534 1741 vobis,
564 1670 783 1735 clamat,
816 1674 869 1724 et
894 1668 1103 1722 clamor
1142 1680 1331 1722 eorum
1379 1666 1437 1719 in
1481 1679 1641 1721 aures
1667 1665 1889 1721 Domini
1916 1664 2018 1720 Sa-

361 1762 521 1820 baoth
550 1760 802 1817 introivit
833 1774 847 1813 :
880 1755 1154 1812 occidistis
1172 1754 1389 1827 justum
1434 1762 1488 1810 et
1528 1770 1639 1810 non
1687 1755 1889 1810 restitit
1930 1768 2019 1810 vo-

361 1853 445 1909 bis
473 1852 605 1924 (Jac.
635 1862 692 1916 ν,
728 1844 870 1917 1-6).
921 1842 1087 1900 Sicut
1129 1858 1264 1899 vero
1318 1841 1489 1899 bonis
1534 1842 1816 1898 divitibus
1855 1841 2019 1897 nulla

359 1942 550 2014 major
578 1933 787 1995 salutis
815 1936 905 1990 est
934 1944 1131 2001 causa,
1158 1946 1336 2005 quam
1386 1930 1693 1988 humilitas
1736 1946 1901 2001 vera;
1934 1930 2019 1987 ita

357 2030 490 2090 istis
519 2023 684 2083 nulla
713 2022 923 2080 certior
964 2020 1150 2077 ruina
1194 2032 1392 2087 causa,
1424 2036 1603 2092 quam
1644 2016 1875 2076 illorum
1908 2034 2013 2076 su-

358 2114 722 2196 perbiaJpsa
740 2112 1044 2169 enim‘non
1076 2108 1270 2165 solum
1300 2118 1365 2165 se
1392 2110 1773 2182 perdont,sed
1788 2113 1852 2166 et
1868 2108 2015 2166 alios

354 2202 717 2282 opprimant,
749 2205 948 2266 urunt,
998 2202 1059 2255 et
1085 2197 1368 2263 cruciant,
1402 2213 1581 2271 seque
1613 2198 1882 2254 meliores
1913 2199 2013 2254 de-

358 2295 616 2373 pretiant
666 2288 812 2369 (69);
867 2288 1024 2345 unde
1074 2291 1133 2343 et
1181 2286 1515 2354 Psalmista,
1566 2289 1705 2343 Dum
1750 2288 2011 2361 superbit,

358 2384 571 2459 inquit,
631 2376 855 2454 impius,
917 2375 1231 2435 incenditur
1281 2392 1494 2449 pauper
1544 2376 1720 2449 (Psal.
1761 2390 1840 2445 ιιι,
1899 2378 2015 2448 23).

354 2462 621 2546 Itemque
650 2466 870 2526 orando
904 2482 918 2521 :
947 2462 1198 2521 Miserere
1243 2466 1442 2532 nostri,
1481 2465 1726 2532 Domine,
1756 2467 2016 2522 miserere

352 2563 549 2627 nostri,
580 2561 712 2635 quia
740 2558 979 2613 multum
1022 2554 1217 2626 repleti
1260 2570 1450 2609 sumus
1496 2554 1849 2625 despectione,
1881 2556 2015 2627 quia

351 2640 591 2710 inultum
617 2644 823 2722 repleta
864 2649 940 2701 est
987 2644 1176 2699 anima
1219 2651 1425 2698 nostra.
1457 2643 1812 2715 opprobrium
1841 2644 2015 2699 abun-

353 2731 614 2799 dantibus
658 2743 710 2793 et
753 2733 1017 2806 despectio
1044 2729 1292 2803 superbis
1321 2731 1494 2792 (Psal.
1529 2747 1700 2800 cxxn,
1733 2732 1807 2802 4).
1853 2732 2014 2788 Unde

351 2822 412 2887 et
437 2824 771 2900 Apostolus,
803 2820 1159 2878 medicinam
1190 2820 1507 2891 quamdam
1550 2820 1636 2876 eis
1673 2820 1961 2876 adhibens
1996 2839 2009 2877 ε

353 2914 653 2982 Divitibus,
686 2911 899 2984 inquit,
933 2908 1094 2982 hujus
1122 2910 1317 2963 saeculi
1340 2911 1601 2981 praecipe,
1630 2925 1742 2964 non
1786 2911 2014 2981 superbe

349 3008 532 3082 agere,
557 3014 728 3082 neque
757 3000 992 3072 gloriari
1021 2998 1084 3053 in
1102 2997 1312 3053 incerto
1342 2996 1669 3052 divitiarum
1699 3000 1746 3071 (ι
1778 2999 1913 3053 Tim.
1931 3015 2010 3068 νι,

349 3088 463 3165 17).
486 3085 895 3162 Omnibusque
923 3085 1271 3161 generaliter
1303 3103 1316 3142 :
1350 3085 1493 3141 Bene
1531 3088 1745 3158 faciant
1793 3087 2007 3152 divites,

328 3187 464 3244 .sint
491 3182 552 3240 in
575 3180 828 3254 operibus
860 3174 1036 3243 bonis,
1067 3175 1235 3247 facite
1285 3174 1555 3242 tribuant,
1591 3178 2009 3247 communicent,

348 3273 721 3333 thesaurizent
764 3268 874 3324 sibi
917 3263 1336 3338 fundamean
1371 3265 1588 3333 bonum,
1620 3273 1681 3322 ut
1709 3268 2012 3338 apprehen-

342 3364 485 3421 dant
509 3373 694 3419 veram
723 3359 894 3415 vitam
920 3337 1082 3427 (Ibid.
1115 3352 1205 3420 18,
1239 3352 1351 3426 19.)
1383 3353 1525 3410 Ecce
1573 3337 1866 3427 quomodo
1914 3372 2009 3412 ca-
2039 3337 2085 3406 (ἶ

340 3446 542 3511 melus
589 3448 857 3523 deposita
905 3443 1065 3519 gibbi
1115 3443 1364 3507 sarcina,
1400 3460 1505 3517 per
1554 3444 1814 3500 foramen
1863 3443 2010 3502 valel

347 3548 490 3600 acus
542 3538 794 3597 transire
845 3533 1061 3607 (Matth.
1107 3546 1221 3602 xxx,
1270 3533 1391 3605 24);
1453 3535 1748 3605 quomodo
1786 3533 2007 3591 animal

350 3632 707 3696 tortuosum,
755 3640 929 3682 onere
973 3620 1258 3696 deposito,
1308 3638 1534 3695 pennas
1580 3638 1881 3679 assumere
1911 3640 2007 3680 co-

346 3708 567 3776 Tum'be
598 3714 773 3791 (Psal.
806 3729 915 3777 LIV,
941 3712 1001 3779 7)
1032 3716 1089 3767 et
1115 3711 1176 3765 in
1209 3712 1389 3766 ramis
1431 3711 1797 3783 requiescere
1845 3713 2010 3769 arbo-

349 3806 433 3863 ris
463 3806 535 3861 de
555 3805 813 3859 semente
859 3799 1085 3871 sinapis
1125 3798 1291 3853 editae
1324 3800 1471 3872 (Luc.
1505 3816 1623 3868 xm,
1656 3801 1765 3871 l9),
1793 3804 1852 3857 et
1900 3818 2007 3858 nec

319 3880 459 3953 .hoc
516 3884 733 3955 solum,
780 3887 881 3943 sed
931 3891 988 3942 et
1031 3890 1199 3940 tanta
1241 3888 1606 3959 prerogativa
1632 3888 1806 3943 ditari
1855 3889 2005 3946 utin

340 3978 626 4055 taspharo
659 3974 772 4049 (70)
803 3972 961 4029 illius
991 3968 1247 4036 Madian,
1279 3973 1461 4045 Epha,
1495 3978 1553 4029 et
1591 3975 1746 4031 Saba
1792 3991 2004 4032 aurum

342 4074 403 4128 et
431 4068 572 4126 thus
603 4067 677 4123 ad
707 4060 993 4137 templum
1041 4060 1270 4117 Domini
1320 4062 1586 4118 deferant
1615 4063 1742 4135 (Isa.
1787 4081 1876 4132 nx,
1909 4065 2001 4134 6);

342 4148 651 4218 Isma‘elitte
671 4150 1571 4228 quoquenegotiatorcsstactem
1593 4154 1650 4207 et
1670 4152 2001 4220 thimiame,

339 4247 717 4319 resinamque
748 4243 806 4299 in
841 4240 1060 4299 Galaad
1091 4242 1432 4297 nascentem
1467 4240 1617 4311 (Gen.
1641 4258 1852 4311 xxxvn,
1885 4243 1997 4314 25),

336 4336 576 4396 subaudi
604 4334 885 4402 deferant,
918 4330 979 4386 id
1018 4334 1114 4395 est
1160 4328 1569 4401 praedicatores
1599 4330 1785 4385 sancti
1824 4333 2001 4406 verba

336 4420 801 4499 Scripturarum,
834 4417 1002 4494 quasi
1052 4419 1446 4491 quorumdam
1495 4419 1824 4491 congeriem
1866 4436 1995 4477 aro-

337 4515 651 4580 matum,et
666 4500 1021 4565 thesaurum
1050 4502 1351 4578 sapientia:
1383 4503 1854 4576 desiderabilem,
1870 4510 1997 4581 qui-

335 4602 448 4658 bus
491 4604 549 4656 et
594 4586 741 4654 alios
792 4590 997 4659 ditare,
1028 4599 1085 4651 et
1129 4593 1295 4650 bona:
1348 4594 1641 4667 Opinionis
1687 4596 1891 4653 nidore
1921 4599 1994 4654 ad

2127 684 2199 743 Et
2250 686 2558 759 Apostolus
2609 706 2622 744 :
2663 688 2813 744 Alter
2855 690 3087 745 alterius
3132 706 3303 747 onera
3342 698 3574 763 portate,
3616 694 3672 747 et
3715 691 3797 747 sic

2126 775 2497 849 adimplebitis
2526 777 2695 849 legem
2722 778 2937 833 Christi
2958 777 3098 847 (Gal.
3119 795 3196 846 vr,
3224 780 3306 851 2).
3330 778 3542 851 Recipe
3567 779 3792 852 itaque,

2126 863 2227 922 45
2260 881 2293 920 o
2322 864 2502 931 dives,
2534 883 2639 938 pro
2671 867 2907 921 nomine
2937 866 3153 922 Christi
3189 867 3636 940 prophetantem
3684 867 3801 924 ali-

2127 969 2303 1026 quem
2334 953 2395 1009 in
2428 955 2662 1010 nomine
2692 956 2842 1027 ejus,
2876 958 2932 1010 et
2964 956 3257 1029 prephetm
3280 955 3467 1029 ipsius
3500 971 3635 1012 cum
3664 956 3795 1030 ipso

2127 1041 2371 1113 recipies
2404 1045 3028 1111 mercedem;sustenta
3058 1043 3271 1117 Opibus
3302 1045 3421 1101 tuis
3446 1046 3707 1117 justum,
3739 1051 3796 1103 et

2118 1130 2367 1202 justitiw
2414 1131 2658 1203 recipies
2704 1130 3010 1200 meritum;
3063 1131 3171 1187 hoc
3216 1134 3306 1189 est
3357 1132 3513 1190 enim
3557 1133 3797 1190 divitias

2127 1219 2578 1291 negotiatorum,
2626 1220 2682 1275 id
2732 1223 2823 1275 est
2873 1221 3022 1276 bene
3071 1220 3460 1293 operantium,
3509 1221 3567 1278 in
3616 1222 3794 1279 dorso

2125 1312 2376 1381 portare,
2409 1308 2495 1364 eis
2525 1308 2585 1364 in
2617 1310 2768 1365 bono
2808 1326 2980 1382 opere
3025 1309 3359 1366 subsidium
3388 1311 3557 1367 ferre.
3601 1310 3794 1367 Colla-

2126 1401 2254 1452 tum
2284 1402 2479 1453 autem
2509 1398 2595 1455 eis
2624 1396 2961 1455 subsidium
3008 1398 3272 1471 ipsorum
3323 1399 3599 1472 impetrat
3647 1417 3795 1457 con-

2126 1486 2409 1555 sortium;
2437 1486 2699 1559 ipsorum
2724 1503 2859 1542 vero
2891 1486 3251 1543 consortium
3287 1502 3536 1561 regnum
3589 1489 3795 1562 acqui-

2125 1577 2214 1630 ret
2261 1576 2707 1648 sempiternum,
2756 1576 2884 1649 ipso
2928 1578 3243 1649 praetenta
3270 1576 3369 1650 qui
3416 1575 3558 1634 vivit
3602 1582 3663 1635 et
3706 1594 3796 1635 re-

2126 1669 2267 1737 gnat
2287 1663 2347 1720 in
2372 1668 2676 1721 aeternum.

2209 1752 2333 1809 Trr.
2367 1752 2561 1810 xvm.
2594 1787 2663 1797 —
2692 1755 2767 1812 De
2790 1754 3106 1813 hominibus
3132 1757 3376 1828 fortuna
3402 1755 3712 1813 mediocris.

2201 1842 2291 1897 29.
2325 1841 2633 1900 Mediocris
2664 1844 2769 1900 es?
2796 1842 2945 1901 Audi
2973 1843 3319 1917 Apostolum
3354 1861 3368 1902 :
3401 1845 3519 1903 Non
3550 1853 3615 1902 ut
3662 1847 3796 1904 aliis

2125 1933 2400 1999 remissio,
2449 1933 2594 1989 vobis
2646 1941 2831 1989 autem
2874 1933 3179 1995 tribulatio.
3224 1934 3315 1991 sed
3358 1949 3430 1990 eo:
3472 1936 3796 2008 auscultate

2124 2027 2301 2077 vestra
2331 2021 2674 2078 abundantia
2703 2020 2930 2078 illorum
2958 2023 3204 2095 inopiam
3225 2025 3493 2097 suppleat,
3528 2032 3591 2080 ut
3636 2028 3694 2080 et
3729 2026 3795 2081 il.

2123 2109 2299 2167 lorum
2329 2109 2671 2168 abundantia
2700 2120 2894 2169 vestra:
2923 2111 3130 2184 inopia;-
3156 2112 3231 2169 sil
3246 2112 3687 2186 supplementum
3726 2112 3798 2185 (II

2123 2197 2245 2255 Cor.
2290 2217 2412 2269 vm,
2463 2200 2552 2267 43,
2604 2202 2724 2269 14);
2754 2204 2811 2257 et
2858 2199 3005 2257 illud
3053 2200 3249 2257 Tobiae
3284 2219 3299 2257 :
3331 2200 3398 2257 Si
3421 2201 3668 2258 multum
3695 2202 3795 2261 tibi

2122 2295 2216 2354 est,
2250 2287 2599 2346 abundanter
2618 2291 2839 2355 tribue;
2868 2291 2919 2345 si
2936 2306 3159 2362 parum,
3190 2291 3359 2345 etiam
3394 2291 3581 2362 ipsum
3625 2289 3796 2350 liben'

2123 2386 2206 2434 ter
2234 2378 2521 2451 impertire
2550 2378 2706 2435 stude
2735 2378 2881 2449 (Tob.
2908 2395 2984 2447 ιν,
3011 2379 3093 2450 9).
3118 2376 3285 2443 Quod
3335 2376 3387 2434 si
3432 2379 3792 2438 omnimodis

2121 2466 2676 2539 pauper,considera
2704 2466 2822 2523 duo
2851 2466 3037 2522 vidua:
3072 2465 3301 2522 minuta
3334 2466 3485 2539 (Luc.
3537 2483 3659 2535 xxx,
3709 2468 3786 2541 2).

2124 2555 2291 2611 Forte
2316 2555 2529 2611 desunt
2557 2560 2615 2612 et
2639 2556 2803 2627 ipsa?
2846 2555 3036 2612 Habes
3087 2553 3329 2611 calicem
3369 2571 3533 2628 aqua
3567 2555 3788 2630 frigidis

2123 2643 2327 2716 (Matth.
2354 2662 2413 2710 x,
2445 2645 2558 2715 42).
2592 2645 2716 2700 Non
2767 2649 2875 2711 est,
2924 2644 3147 2717 inquis,
3193 2649 3429 2717 puteus,
3464 2644 3632 2701 deest
3662 2645 3788 2702 fons

2119 2731 2208 2787 vel
2240 2731 2604 2804 fluvius,ipso
2636 2750 2750 2789 non
2784 2732 2951 2789 adest
2980 2736 3230 2800 torrens,
3262 2731 3657 2789 hauritorium
3679 2734 3784 2811 (τί)

2120 2821 2361 2878 omnino
2393 2820 2721 2878 nullum.Et
2746 2820 2840 2877 hic
2864 2820 3094 2877 Domini
3127 2838 3242 2877 non
3262 2821 3783 2890 deesteonsilium;

2121 2911 2257 2966 audi
2289 2912 2449 2967 enim
2480 2909 2820 2984 angelorum
2853 2910 2913 2966 in
2944 2909 3257 2983 Evangelio
3308 2910 3641 2967 canticum:
3667 2911 3784 2968 Glo-

2121 3001 2209 3055 riu
2237 3002 2299 3056 in
2327 3000 2561 3056 excelsis
2596 3005 2725 3071 Deo,
2756 3008 2807 3055 et
2838 3001 2900 3055 in
2928 3003 3078 3055 terra
3118 3016 3233 3072 pas:
3273 2999 3591 3056 hominibus
3640 3001 3784 3056 bona

2119 3090 2415 3146 voluntatis
2445 3091 2598 3164 (Luc.
2630 3104 2696 3158 ιι,
2729 3089 2840 3161 14).
2868 3090 3053 3145 Avaro
3086 3094 3281 3144 autem
3312 3088 3644 3146 secundum
3662 3089 3784 3146 Hie-

2121 3194 2434 3252 ronymum
2465 3183 2587 3235 tam
2618 3177 2782 3235 deest
2830 3177 2985 3251 quod
3037 3178 3234 3246 habet,
3269 3193 3446 3252 quam
3480 3177 3641 3251 quod
3672 3194 3782 3235 non

2119 3265 2315 3323 habet.
2343 3267 2615 3333 Sed,heul
2651 3268 2956 3323 vecordem
2988 3284 3103 3335 me,
3130 3266 3271 3340 quid
3303 3280 3561 3340 namque
3600 3267 3781 3324 habeo

2121 3357 2494 3413 confectum?
2530 3355 2680 3412 Dum
2712 3356 2868 3412 enim
2904 3356 3314 3429 properantius
3344 3372 3523 3431 quam
3550 3357 3784 3430 expedit

2120 3445 2352 3510 festino,
2376 3445 2701 3501 maximum
2750 3446 3143 3519 quorumdam
3173 3449 3294 3501 tam
3326 3445 3574 3501 divitum
3607 3461 3780 3519 quam

2122 3540 2179 3592 et
2203 3535 2583 3592 mediocrium
2613 3534 2821 3590 vitium
2854 3533 3051 3591 dimisi
3076 3534 3459 3591 omnino.Sed
3491 3538 3777 3608 retrogra-

2121 3624 2261 3681 dum
2294 3640 2502 3681 rursus
2529 3623 2819 3680 sermonis
2848 3622 2959 3680 iter
2986 3622 3288 3695 arripiam,
3314 3622 3530 3680 iterum
3561 3622 3775 3692 dicam,

2119 3712 2331 3769 iterum
2363 3716 2642 3786 repetam,
2675 3711 3181 3780 clamabo,dicam,
3217 3728 3334 3767 non
3367 3709 3776 3781 dimittam;di-

2118 3818 2245 3857 cam
2276 3807 2474 3859 tamen
2506 3818 2620 3857 non
2649 3816 2717 3857 ex
2744 3814 2892 3867 meo,
2941 3799 3183 3856 alterius
3226 3799 3327 3855 sed
3377 3816 3516 3857 voce
3544 3800 3767 3868 boabo;

2112 3894 2343 3947 tantum
2375 3891 2670 3963 siquidem
2702 3893 2791 3945 est
2812 3906 2877 3944 ac
2897 3887 3194 3961 tale,quod
3232 3904 3344 3944 non
3372 3890 3627 3946 audeam
3645 3888 3772 3945 reti-

2112 3992 2276 4047 nere,
2305 3979 2537 4036 etiamsi
2589 3980 2645 4035 id
2696 3978 2845 4034 meis
2893 3994 3180 4050 nequeam
3219 3978 3415 4035 verbis
3462 3978 3767 4051 explicare;

2113 4072 2375 4139 poteram
2408 4071 2603 4122 autem
2636 4070 2977 4139 utcumque,
3006 4066 3111 4123 sed
3140 4065 3485 4122 contradicit
3523 4066 3674 4122 ratio
3707 4068 3765 4137 If.

2112 4153 2336 4225 oratio],
2354 4156 2481 4226 jam
2513 4156 2584 4210 ab
2615 4153 2728 4210 alio
2758 4155 2914 4210 edita
2944 4152 3555 4211 disertissime.Potest
3572 4157 3767 4211 autem

2108 4241 2258 4310 ﬁeri,
2290 4248 2357 4298 ut
2382 4240 2550 4299 labor
2577 4242 2672 4298 hic
2702 4248 2899 4300 noster
2924 4243 2984 4298 in
3010 4242 3329 4315 cujuslibet
3358 4246 3525 4300 exeat
3557 4260 3765 4299 manus

2106 4332 2210 4404 qui
2231 4332 2360 4402 eius
2384 4331 2676 4388 dictorum
2701 4338 2905 4404 expers
2934 4331 3013 4387 sit
3036 4331 3275 4404 penitus
3322 4331 3461 4404 (72);
3493 4340 3631 4388 eum
3662 4347 3764 4387 nec

2107 4420 2411 4477 defuturos
2442 4421 2702 4477 noverim
2732 4421 3074 4477 innumeros
3105 4418 3450 4487 certissime,
3476 4420 3658 4492 quiet
3687 4418 3761 4475 is-

2106 4508 2268 4578 tis,et
2298 4509 2503 4565 multis
2529 4509 2661 4565 aliis
2684 4526 2717 4565 a
2737 4513 2936 4565 nostra
2965 4524 3201 4582 quoque
3233 4508 3476 4565 scientia
3505 4509 3763 4565 remotis-

2104 4598 2275 4654 simis
2293 4597 2374 4655 ita
2392 4598 2512 4654 sint
2535 4596 2995 4670 refertissimi,ut
3016 4597 3408 4670 dedignentur
3426 4602 3759 4653 nostrorum

331 4680 437 4770 Dei
470 4700 730 4770 amorem
754 4684 1089 4753 accen‘d’tare,
1114 4686 1173 4738 et
1194 4681 1448 4738 inﬁrmis
1480 4683 1776 4741 mentibus
1802 4687 1997 4743 mede-
2021 4702 2071 4770 Β
2098 4685 2188 4742 vel
2219 4686 2348 4742 visu
2379 4687 2452 4743 ad
2486 4690 2851 4742 momentum
2898 4684 3108 4740 saltem
3160 4683 3453 4756 impediri,
3498 4700 3572 4739 ne
3618 4683 3758 4738 dum

328 4766 452 4835 l'am
474 4766 620 4832 ’boni
652 4771 900 4846 exempli
925 4770 1152 4827 valeant
1182 4772 1762 4844 praebcre,quatenus
1786 4773 1988 4831 intitu-

322 4854 602 4924 babiliter
622 4860 823 4919 cuncti
852 4858 1087 4916 valeant
1112 4859 1733 4933 animadverterequte
1763 4863 1983 4935 impos-

326 4944 526 5010 sibilia
549 4954 689 5008 sunt
731 4949 885 5023 apud
917 4948 1207 5013 homines,
1240 4946 1544 5021 possibilia
1586 4950 1742 5021 apud
1798 4950 1981 5008 Deum

320 5040 684 5098 omnimodis
739 5054 868 5095 esse
920 5038 1110 5107 (Marc.
1167 5053 1224 5103 x,
1280 5038 1373 5108 27)
1436 5053 1449 5092 :
1502 5038 1657 5110 quod
1689 5041 1981 5111 quomodo

314 5128 449 5187 ‘lieri
479 5128 666 5203 possit
686 5116 920 5183 Veritas
948 5126 1075 5199 ipsa
1121 5142 1239 5182 non
1284 5127 1488 5195 tacuit,
1523 5127 1663 5182 dum
1700 5128 1757 5182 in
1786 5127 1980 5185 Evan-

302 5214 473 5290 pelio
509 5213 657 5271 dixit
696 5233 709 5271 :
744 5215 848 5284 Qui
876 5216 1071 5287 recipit
1112 5216 1432 5286 prophetam
1478 5217 1540 5269 in
1590 5217 1812 5272 nomine
1853 5232 1983 5289 pro-

391 5318 505 5394 (69)
528 5320 781 5394 Depretio
824 5339 868 5397 _a
920 5318 1301 5397 rIfertulliari‘o,
1361 5320 1669 5397 Cypriano,
1730 5321 1977 5397 allisque

320 5390 644 5463 usurpatur
668 5406 776 5465 pro
806 5390 1153 5465 deprimere,
1180 5390 1701 5465 viliusaestimare.

390 5462 1155 5537 (70)_Tasphorus‘dorsum
1204 5462 1516 5537 signiﬁcat,
1578 5464 1670 5537 cui
1727 5466 1975 5521 transfe-

298 5534 913 5609 ‘i'ehddimpbrruntur
932 5548 1137 5609 'on_era,
1166 5548 1200 5588 a
1227 5534 1466 5609 vocibus
1499 5534 1970 5609 barbaratassus,

2092 4772 2347 4831 lectione
2377 4774 2708 4831 desiderent
2739 4773 2875 4828 frui.
2908 4772 3190 4838 Quocirca
3218 4771 3498 4828 libentius
3526 4774 3650 4827 tam
3680 4770 3757 4827 is-

2092 4864 2212 4919 tius
2242 4863 2376 4937 (73),
2402 4879 2581 4936 quam
2614 4860 2865 4920 aliorum
2897 4860 3184 4918 similium
3222 4860 3337 4928 hic,
3374 4874 3555 4933 quam
3607 4872 3754 4924 meo,

2091 4956 2225 5008 utor
2254 4956 2619 5019 sermone,ut
2646 4955 2703 5007 et
2733 4950 2833 5023 qni
2861 4948 2976 5006 alio
3005 4949 3084 5021 [id
3113 4958 3191 5005 est
3220 4947 3382 5021 alibi]
3430 4949 3751 5020 nequeunt,

2090 5041 2185 5097 hic
2214 5040 2446 5097 valeant
2470 5056 2673 5097 eorum
2701 5040 2859 5095 dicta
2887 5038 3149 5095 invenire
3178 5042 3236 5095 et
3258 5052 3463 5095 eorum
3512 5051 3747 5094 consor-

2090 5130 2174 5187 tio
2198 5130 2380 5186 robur
2408 5129 2646 5202 aliquod
2678 5132 2880 5185 nostra
2909 5132 3127 5200 queant
3158 5128 3441 5184 obtinere.

2160 5221 2249 5274 30.
2282 5219 2386 5275 Dic
2414 5233 2573 5291 ergo,
2607 5234 2804 5290 quaeso
2852 5220 2937 5283 tu,
2986 5216 3225 5288 loquere
3270 5220 3359 5283 tu,
3411 5212 3621 5282 clama,
3665 5216 3746 5281 ω,

2159 5325 2271 5399 (71)
2300 5326 2686 5399 ﬂauritorium
2716 5321 3025 5399 hauriendi
3050 5322 3535 5399 instrumentum.

2158 5388 2270 5465 (72)
2298 5396 2528 5467 Vulgati
2556 5396 2821 5467 expressit
2848 5396 3089 5467 penitus.
3122 5392 3607 5467 Emendationem
3639 5388 3744 5467 levi

2085 5459 2650 5523 mutationeusensu's
2680 5459 2911 5521 edocuit
2944 5483 2957 5521 :
2991 5465 3218 5536 hacque
3248 5465 3321 5520 de
3350 5480 3528 5536 causa
3568 5459 3745 5536 paulo

2084 5545 2220 5611 ante
2250 5538 2546 5611 edidimus
2566 5538 2877 5611 cujuslibet,
2903 5536 3161 5611 obierat

3183 5531 3742 5610 guerumlibethuod

304 5604 876 5681 icomulus,'qstruea,
907 5609 965 5681 et
992 5604 1361 5681 GrmcagoM;
1394 5606 1621 5681 ferens;
1656 5608 1811 5663 unde
1830 5604 1975 5681 post
2082 5609 2131 5666 si
2165 5604 2720 5667 retinendum-esset
2749 5604 3282 5681 quorumlibetﬁdnc
3304 5604 3742 5665 emendandum

310 5693 502 5760 pauca
524 5678 750 5760 divitias
776 5675 1257 5760 negotiatorumdd
1291 5680 1379 5734 est
1408 5675 1969 5749 benecperantium,

310 5747 375 5804 in
400 5748 558 5807 dorso
572 5757 799 5822 portare
820 5747 1113 5805 scribitur.

2089 5691 2334 5753 expertes
2353 5684 2481 5738 sint.

2152 5746 2267 5823 (75)
2299 5754 2479 5823 Istius,
2512 5752 2583 5809 de
2614 5768 2729 5827 quo
2758 5750 2985 5809 scilicet
3025 5754 3195 5809 antea
3238 5749 3483 5816 dixerat,
3512 5746 3738 5805 alterius
