3912 6358
130 402 242 462 641

944 402 1044 463 DE
1089 401 1275 463 VITA
1323 405 1387 462 9.
1436 394 1844 462 MANSI'ETI
1886 396 2095 459 LIllltl
2145 403 2326 463 DI'O.
2360 439 2437 448 —
2468 407 2614 467 LIB.
2666 410 2736 467 ll.

3436 415 3554 472 642

129 533 444 590 videretur.
480 533 661 607 Cujus
695 533 776 591 rei
809 536 977 591 testis
1009 552 1123 591 non
1166 538 1289 590 sine
1324 538 1409 590 sui
1450 538 1666 607 pudore
1699 552 1781 586 rc-
1812 529 1871 599 Α
1902 534 2196 601 cunjubilo
2216 540 3351 615 gressibus.vallatamnndiqnecatervis
3369 546 3556 600 sancti

132 624 258 690 fert,
284 623 424 695 quid
457 623 516 678 in
551 623 651 678 illo
685 625 760 678 sit
794 640 1003 697 passus
1031 632 1252 680 secreto
1278 625 1551 691 cubiculi,
1578 624 1787 678 virtute

130 713 429 784 praestanti
464 712 617 767 beati
652 714 966 770 Mansueti.

201 801 311 856 Sed
345 817 462 873 qua
490 800 679 872 gloria
711 803 864 874 regis
903 810 993 857 est
1042 803 1227 858 celare
1260 806 1520 867 verbum,
1558 802 1785 857 Domini

134 893 322 945 autem
354 888 708 961 investigare
731 908 1094 959 sermonem;
1126 893 1355 946 veniam
1380 893 1449 946 ad
1488 892 1626 944 illud
1653 908 1787 961 quo-

136 995 243 1049 que
265 979 418 1050 quod
443 995 509 1034 ea
533 980 644 1034 sub
664 984 1033 1051 tempestate,
1056 980 1234 1051 hujus
1259 981 1408 1035 beati
1435 982 1537 1034 viri
1567 981 1789 1037 meritis

139 1066 313 1122 fuisse
344 1068 627 1138 probatur
659 1071 984 1123 ostensum.
1011 1070 1134 1124 Non
1161 1070 1343 1124 multo
1376 1075 1505 1141 post
1531 1076 1789 1140 tempore

140 1154 485 1210 ulciscendis
503 1156 757 1211 obnoxia
780 1157 1137 1212 facinoribus
1161 1159 1421 1211 omnium
1444 1159 1648 1213 divinze
1674 1156 1792 1211 ani-

140 1244 555 1298 madversionis
586 1246 863 1299 severitas
898 1252 1133 1317 peccata
1166 1247 1579 1317 perstrinxvrat
1617 1265 1791 1316 popu-

140 1332 344 1387 lorum.
371 1334 653 1387 Morbosm
675 1334 1030 1387 calamitatis
1056 1335 1251 1389 clades
1281 1341 1409 1388 arta
1444 1336 1537 1388 llei
1564 1336 1789 1403 judicio

140 1439 237 1492 per
282 1421 528 1492 populos
580 1423 980 1476 incanduerat.
1018 1424 1160 1476 Nam
1210 1423 1397 1477 instar
1448 1424 1787 1491 ingnium-ini

142 1510 334 1581 pestis,
364 1527 496 1580 qum
527 1511 827 1583 quondam
878 1511 1127 1582 populos
1180 1513 1353 1565 italiae
1404 1514 1783 1582 corripuerat,

141 1600 371 1670 quidam
404 1598 676 1654 litteralis
706 1600 768 1672 [Ῑ.
794 1599 1073 1671 lateralis“
1101 1600 1263 1655 dolor
1296 1602 1509 1671 ubique
1540 1601 1787 1656 redivivo

140 1688 387 1759 germine
420 1688 742 1759 spargitur,
767 1706 831 1743 ac
868 1688 1146 1743 lethiferis
1177 1689 1535 1744 invalescens
1564 1707 1789 1743 succes-

142 1776 315 1845 sibus,
331 1777 641 1849 regionum
665 1778 884 1833 finibus
903 1778 1020 1833 Iate
1040 1784 1416 1849 pervagatur;
1438 1780 1635 1850 sicque.
1655 1796 1791 1849 quo-

1897 620 1999 673 viri
2037 620 2263 691 gleliam
2298 628 2368 680 ad
2414 631 2705 699 prtqiriam
2753 632 2975 698 sedem,
3009 650 3120 686 non
3157 634 3281 687 sine
3313 636 3427 688 voti
3464 634 3555 688 sui

1900 725 2157 779 i‘nunrre,
2196 716 2470 771 icti-runt.
2508 720 2651 772 Nam
2681 721 2893 775 coactis
2930 722 3078 776 inter
3108 741 3242 777 aera
3274 724 3553 791 nubibus,

1900 802 2095 853 tantus
2140 803 2298 871 prius
2345 804 2687 875 imploratus
2743 808 2929 862 imber
2976 810 3117 865 ccclo
3179 813 3552 882 prolluxerat,

1898 894 2155 957 quantus
2181 892 2363 945 arenti
2393 900 2555 948 terrai
2588 898 2855 951 sut'iiccrc
2882 898 3047 969 plene
3074 900 3380 970 potuisset.
3408 902 3555 955 Tan-

1900 976 2030 1029 dem
2062 977 2241 1047 igitur
2284 982 2481 1052 templi
2532 986 2772 1054 januam
2814 1004 2947 1041 cum
2996 987 3271 1044 laudibus
3314 989 3555 1060 prOpin-

1900 1066 2238 1133 quantibus,
2261 1086 2390 1123 mox
2417 1075 2587 1125 ltttlltc
2628 1073 2909 1128 claritatis
2933 1075 3115 1145 jubar
3146 1076 3285 1130 illud
3320 1095 3555 1133 venera-

1900 1153 2012 1207 bile
2046 1172 2255 1225 corpus
2279 1159 2465 1212 visum
2510 1167 2597 1214 (δι
2645 1164 3029 1230 pra~ccssisse,
3058 1172 3119 1218 ut
3152 1170 3267 1220 tota
3300 1165 3555 1221 ecclesia:

1899 1244 2071 1296 domo
2094 1247 2452 1313 etl'ulgurans
2478 1250 2781 1303 manifeste
2808 1255 2967 1307 daret
3004 1255 3244 1325 intelligi
3274 1274 3449 1325 quam
3475 1255 3556 1309 (ἰί-

1900 1334 2096 1387 viuum
2126 1343 2273 1389 esset
2304 1341 2455 1407 quod
2502 1341 2942 1411 templosaneto
2986 1345 3289 1397 videbatur
3337 1344 3553 1400 inferri.

1900 1425 2061 1477 Tune
2087 1426 2278 1478 sonitu
2306 1429 2477 1481 eonfu
2500 1448 2559 1477 ne
2588 1428 2985 1483 multitudinis
3014 1432 3305 1501 rumpitur
3322 1451 3561 1486 Conren-

1898 1518 1992 1566 tus
2008 1520 2204 1585 eu‘pta‘
2230 1518 2358 1569 mod
2373 1516 2485 1569 ulat
2500 1518 2589 1572 ion
2604 1519 2649 1571 is
2666 1538 2677 1577 ξ
2700 1519 2913 1590 versisq
2928 1539 2995 1573 ue.
3018 1522 3069 1573 in
3091 1521 3557 1589 contrariavotis,

1898 1608 2195 1671 emperunt
2223 1604 2419 1674 plures
2446 1606 2576 1660 flere
2604 1625 2716 1677 pl‘a'
2739 1609 3125 1679 gaudio,dum
3154 1610 3564 1666 nescirentcur

1900 1690 2033 1743 tlere
2059 1691 2418 1760 debuissent,
2446 1694 2555 1747 nisi
2582 1696 2735 1765 quod
2759 1698 2943 1750 sancti
2974 1697 3158 1767 pietas
3182 1716 3446 1769 superna:
3474 1699 3559 1754 iu-

1904 1779 2148 1834 t'usionis
2181 1782 2454 1835 affectum
2482 1800 2723 1837 suorum
2750 1784 3139 1839 concitaverat
3169 1786 3228 1840 in
3264 1786 3561 1844 mentibus

142 1866 268 1921 dam
285 1865 439 1922 malo
458 1866 1791 1939 auspicio,seriecumulatamorborum,plebes
1820 1902 1868 1966 B
1903 1868 2181 1922 ﬁliorum.
2221 1870 2332 1924 .\'cc
2364 1887 2498 1925 vero
2541 1889 2795 1943 praesens
2828 1874 3072 1928 antistes
3104 1873 3377 1947 lacrymis
3406 1879 3562 1931 tem-

144 1960 392 2025 pereunt,
409 1954 616 2027 populi
640 1955 979 2021 concidunt,
997 1958 1120 2011 sine
1140 1957 1465 2011 ditl‘erentia
1486 1959 1791 2028 utriusque

145 2061 303 2099 sexus
322 2050 377 2099 et
399 2044 648 2111 ordinis,
675 2044 987 2099 volvuntur
1010 2046 1246 2114 agmina
1269 2052 1654 2100 mortuorum.
1682 2048 1790 2101 Nec

148 2132 189 2186 is
211 2134 303 2204 qui
326 2132 425 2187 tali
453 2132 651 2188 dolore
676 2134 992 2205 corripitur
1015 2134 1167 2187 ultra
1200 2134 1461 2188 triduum
1484 2136 1573 2188 vix
1598 2153 1794 2207 super-

148 2237 261 2277 esse
292 2221 409 2277 ullo
455 2224 628 2277 modo
681 2222 1059 2294 permittitur.
1094 2224 1160 2277 Et.
1193 2222 1331 2294 quid
1369 2224 1421 2276 in
1459 2224 1585 2277 aliis
1632 2228 1794 2277 tieret

152 2316 420 2366 terrarum
454 2312 723 2383 partibus
752 2312 1060 2365 incertum.
1086 2312 1241 2366 Hanc
1268 2314 1470 2366 urbem
1494 2314 1684 2366 clades
1716 2314 1793 2367 ita

151 2402 554 2470 superveniens
590 2401 900 2471 irruperat,
928 2406 991 2453 ut
1016 2402 1086 2453 ad
1122 2418 1302 2454 unum
1338 2402 1680 2472 quemlibet.
1706 2418 1793 2455 ex-

152 2489 316 2559 ceptis
359 2489 493 2545 aliis
548 2489 912 2543 diversarum
961 2488 1361 2551 ecclesiarum,
1395 2489 1607 2542 locum.
1646 2491 1795 2544 sicut

154 2576 291 2631 idem
314 2579 574 2649 pontifex
594 2595 705 2632 non
727 2579 851 2633 sine
870 2579 1089 2648 gemitu
1115 2578 1495 2645 memorabat,
1515 2580 1693 2633 denos
1712 2580 1795 2633 vel

154 2671 409 2737 septenos
432 2672 805 2722 mortuorum
830 2666 1051 2722 loculos
1076 2669 1184 2723 sub
1208 2668 1392 2722 oculis
1412 2669 1691 2739 aspiceret
1720 2670 1800 2721 in-

156 2754 271 2809 ferri
294 2755 700 2811 tumulandos.
722 2758 995 2810 Arctatur
1016 2757 1269 2829 pontifex
1295 2757 1680 2828 plurimorum
1708 2775 1800 2829 pe.-

155 2842 320 2899 riculo
344 2844 1018 2900 morientium.Tandem
1043 2845 1100 2899 id
1126 2846 1351 2900 consilii
1384 2848 1559 2900 menti
1600 2847 1797 2900 infun-

156 2930 315 2999 ditur,
331 2938 393 2987 ut
414 2931 689 2988 videlicet
714 2933 868 2988 idem
893 2939 1184 3005 protector
1207 2935 1412 2990 beatus
1437 2936 1795 3005 Mansuetus,

161 3037 219 3075 ex
244 3038 354 3093 quo
389 3024 581 3078 fuerat
612 3023 841 3095 positus
874 3022 997 3078 loco
1035 3025 1244 3078 iterum
1279 3030 1644 3096 assumptus,
1672 3032 1799 3079 tan—

162 3126 318 3180 quam
348 3111 506 3166 inter
524 3112 780 3166 viventes
814 3117 869 3166 et
901 3117 1165 3167 mortuos
1198 3114 1425 3166 medius
1451 3120 1798 3184 tqqionatur.

164 3196 340 3270 Itaque
373 3201 646 3256 triduano
678 3202 980 3272 praemisso
1006 3203 1257 3272 jejunio,
1282 3203 1553 3257 consultu
1579 3205 1797 3271 habito,

1902 1962 2084 2027 perat,
2114 1958 2213 2027 qui
2254 1958 2409 2013 illius
2435 1959 2760 2015 dulcedinis
2785 1978 3156 2016 communem
3179 1980 3313 2018 cum
3346 1963 3558 2035 populo

1904 2046 2226 2101 ubertatem
2264 2048 2407 2100 mire
2437 2050 2743 2103 sentiebat.
2772 2051 2837 2104 Et
2867 2067 2997 2105 ecce
3030 2051 3223 2106 clades
3255 2052 3355 2107 illa
3380 2070 3559 2124 quam

1907 2175 1918 2187 .
1968 2176 1978 2187 .
2028 2177 2038 2187 .
2087 2176 2099 2187 .
2147 2176 2159 2187 .
2207 2176 2218 2187 .
2254 2135 2562 2189 hominum
2595 2140 2839 2192 elfusam
2874 2158 2999 2193 esse
3034 2139 3307 2206 diximus,
3335 2141 3563 2196 favente

1906 2223 2073 2276 istius
2110 2224 2287 2278 nostri
2326 2226 2666 2295 protectoris
2710 2227 2931 2280 meritis
2966 2229 3151 2297 gratia
3185 2229 3415 2283 Domini
3450 2230 3563 2284 Rc-

1903 2312 2243 2381 demptoris,
2274 2314 2355 2366 sic
2390 2315 2511 2368 suis
2545 2316 2803 2369 desaevit
2840 2318 3234 2386 processibus,
3270 2322 3331 2371 ut
3365 2318 3561 2389 palam

1908 2408 2279 2469 cognosceret
2313 2403 2618 2457 universus
2653 2404 2903 2474 populus
2938 2406 3091 2475 quod
3136 2424 3236 2476 pro
3271 2406 3443 2461 domo
3478 2407 3564 2462 Is-

1908 2489 2023 2543 rael
2062 2490 2116 2542 in
2147 2489 2236 2543 die
2272 2490 2498 2545 Domini
2526 2499 2705 2546 staret
2729 2510 2795 2547 ex
2826 2494 3065 2547 adverso
3100 2496 3153 2547 in
3190 2497 3373 2566 pretio
3405 2513 3568 2550 sanc-

1910 2584 2003 2631 tus
2068 2579 2407 2635 Mansuetus
2466 2599 2708 2635 suarum
2772 2584 3032 2636 omnium
3088 2584 3280 2639 ovium
3334 2585 3567 2656 adjutor

1911 2668 2435 2737 prmstanlissimus
2473 2671 2679 2723 factus.

1985 2757 2143 2809 Libet
2178 2774 2408 2827 quoque
2433 2757 2575 2812 illud
2601 2758 2735 2812 huic
2766 2765 2975 2813 nostrai
3003 2760 3318 2815 narrationi
3354 2761 3565 2817 insere-

1912 2863 1991 2909 re,
2022 2846 2171 2915 quod
2199 2862 2343 2914 pene
2371 2846 2585 2901 nostris
2609 2848 2883 2901 omnibus
2907 2848 3252 2918 praicedenti
3279 2853 3560 2920 tempore,

1912 2935 1979 2987 ed
2020 2933 2247 2986 laudem
2283 2951 2512 3005 quoque
2546 2935 2717 2989 istius
2752 2936 2899 2990 beati
2931 2936 3037 2989 viri
3071 2940 3271 2990 notum
3301 2942 3389 2991 est
3420 2954 3563 2992 con-

1913 3022 2133 3091 tigisse.
2170 3022 2235 3075 Et
2271 3023 2408 3093 quia
2459 3024 2767 3093 Iit‘tIBtliClUS
2814 3025 3121 3095 episcopus
3153 3030 3240 3078 est
3271 3025 3328 3079 in
3362 3043 3563 3095 causa,

1913 3128 2026 3165 non
2060 3112 2297 3181 derogat
2348 3129 2605 3182 persona)
2662 3112 3007 3183 prmcellenti
3043 3113 3335 3167 Divinitati
3369 3114 3566 3169 debita

1912 3198 2221 3254 clementia
2256 3206 2517 3271 porrecta
2564 3201 2872 3271 peccaturi.
2908 3202 3217 3256 Severitate
3254 3203 3430 3271 igitur
3463 3204 3563 3258 lla-

161 3285 367 3343 videtur
387 3290 665 3362 episcopo
688 3296 1110 3361 congruum,ut
1132 3290 1389 3346 collectis
1412 3293 1601 3347 denuo
1626 3312 1801 3365 popu-
1831 3269 1872 3332 C
1912 3288 2043 3356 gelli
2072 3290 2364 3360 percussis
2388 3290 3024 3361 plcbilms,sanct0rum
3046 3291 3271 3345 meritis
3290 3292 3563 3364 exempti,

160 3372 327 3431 lorum
352 3379 616 3450 undique
647 3380 916 3447 catervis,
944 3380 1093 3434 beati
1127 3381 1232 3433 viri
1264 3398 1475 3451 corpus
1508 3383 1577 3436 ad
1611 3383 1796 3438 eccle-

161 3462 289 3520 siam
336 3468 511 3523 sitam
570 3467 861 3539 scropulis
895 3467 1181 3540 [Errouecs
1209 3473 1332 3539 pres
1364 3471 1429 3524 de
1465 3472 1634 3543 Tuulj,
1670 3490 1796 3542 qua)

160 3550 317 3609 beata:
348 3556 445 3611 Dei
479 3555 788 3629 genitricis
830 3557 1023 3611 Maria:
1058 3558 1272 3629 smpius
1322 3558 1467 3613 solet
1515 3559 1793 3615 illustrari

160 3642 458 3713 miraculis,
487 3645 701 3700 debeat
722 3645 1026 3710 destinari,
1054 3652 1336 3718 tanquam
1369 3649 1521 3719 apud
1548 3648 1798 3704 cmlestis

159 3726 509 3802 Imperatoris
558 3751 856 3790 summam
903 3734 1630 3805 Imperatricem,matrcm
1674 3755 1797 3793 om-

161 3818 304 3876 nium
336 3839 471 3879 sane
495 3841 743 3879 suarum
768 3824 1318 3891 ovium,commissa
1352 3825 1637 3894 legatione
1670 3845 1797 3898 per-

162 3905 326 3981 fungi.
351 3912 565 3984 Sicque
597 3912 707 3967 hoc
742 3913 891 3967 facto
926 3912 1049 3968 visa
1081 3919 1168 3969 est
1199 3914 1391 3969 clades
1426 3914 1524 3969 illa
1556 3934 1660 3970 suo
1694 3916 1797 3972 ali-

163 4000 489 4067 quantulum
512 4001 712 4057 furore
735 4002 1058 4057 mitescere.
1086 4003 1195 4057 Sed
1223 4020 1323 4057 nec
1348 4004 1429 4059 sic
1463 4005 1795 4075 paventium

162 4087 483 4157 populorum
510 4096 699 4151 tenror
720 4090 1111 4145 abscinditur:
1132 4108 1267 4145 nam
1285 4092 1497 4146 iterum
1518 4094 1666 4148 beati
1690 4094 1795 4148 viri

162 4172 368 4243 glebam
384 4178 652 4233 humeris
672 4178 1389 4250 imponentes,principale
1409 4182 1674 4249 ejusdem
1696 4184 1793 4239 Dei

163 4264 434 4327 genitricis
485 4267 871 4323 Buxeriarum
915 4267 1609 4343 [Bouarieresalix-Damae]
1660 4288 1793 4326 cum

164 4347 329 4407 Choris
351 4354 669 4425 permiscui
696 4354 919 4410 ordinis
952 4355 1567 4426 psallentium,erectis
1599 4359 1655 4412 in
1678 4359 1795 4413 Do»

165 4438 361 4498 minum
381 4446 657 4500 cordibus
676 4449 956 4515 expetunt
974 4445 1531 4517 ccenobinm,ibique
1550 4465 1795 4517 przesen-

162 4527 206 4577 te
232 4527 432 4585 domno
464 4532 722 4587 Gerardo
764 4531 1039 4601 pontiﬁce
1069 4538 1268 4587 exacta
1307 4540 1473 4588 nocte
1507 4535 1625 4601 illa,
1650 4537 1790 4592 dum

1907 3378 2117 3433 cmlesti
2152 3378 2474 3449 disciplina!
2508 3382 2782 3449 prmfatus
2814 3397 3049 3450 quoque
3084 3382 3339 3451 pontifex
3370 3381 3564 3436 subdi-

1909 3472 2024 3536 tur,
2045 3472 2106 3521 ut
2128 3471 2318 3522 tactus
2341 3486 2407 3521 ex
2423 3469 2657 3522 verbere
2680 3468 2928 3521 celerius
2951 3474 3225 3539 agnoscat
3248 3470 3383 3540 quia
3410 3486 3564 3525 unus

1907 3561 1996 3611 est
2028 3556 2313 3610 Dominus
2348 3562 2672 3627 przrpotens
2698 3557 2795 3627 qui
2831 3558 3081 3627 percutit
3113 3562 3169 3610 et
3198 3563 3387 3611 sanat.
3414 3558 3561 3629 Ergo

1909 3650 1971 3698 ut
1993 3644 2160 3714 plura
2182 3645 2477 3712 reticeam,
2499 3645 2596 3716 qui
2619 3644 2823 3697 multis
2846 3644 2975 3699 aliis
2993 3645 3321 3701 orationum
3348 3646 3565 3703 fomen-

1908 3738 1967 3787 ta
1990 3737 2336 3805 porrexerat,
2362 3732 2519 3802 gravi
2544 3750 2781 3803 pressus
2802 3732 3171 3788 incommodo
3194 3733 3477 3807 valneque
3500 3751 3563 3792 se

1911 3822 2133 3876 habens
2163 3838 2333 3893 aegre,
2368 3821 2639 3875 inﬁrmus
2673 3821 3077 3876 decumbcbat.

1980 3911 2148 3966 Nulla
2176 3904 2311 3965 huic
2339 3911 2545 3977 virtus,
2572 3911 2768 3965 nullus
2799 3911 2960 3982 vigor
2991 3917 3409 3982 permanserat,
3438 3916 3557 3969 toto

1908 4018 2145 4072 corpore
2170 4001 2605 4065 contabescens,
2630 4017 2730 4054 nec
2754 4017 3029 4055 somnum
3052 4018 3155 4055 nec
3178 4000 3374 4056 cibum
3398 4018 3561 4075 cape-

1909 4108 1969 4145 re
2001 4090 2166 4145 valde
2197 4089 2535 4144 debilitatus
2570 4094 2812 4159 poterat,
2846 4089 3025 4145 vitam
3072 4107 3305 4145 exesam
3338 4091 3559 4146 ducens

1907 4179 2060 4234 inter
2092 4177 2415 4249 angustias,
2449 4178 2519 4232 de
2566 4177 2895 4233 imminenti
2937 4179 3138 4234 funere
3188 4179 3557 4237 solummodo

1906 4268 2216 4337 cogitabat.
2252 4267 2398 4332 Quid
2435 4267 2668 4334 faceret,
2702 4284 2815 4337 quo
2848 4284 2908 4321 se
2937 4271 3183 4322 verteret
3214 4268 3421 4323 anxius
3460 4286 3555 4325 ne-

1905 4357 2152 4423 sciebat;
2175 4356 2372 4428 plebes
2392 4356 2719 4423 absolvens,
2740 4356 2860 4427 ipse
2886 4373 2918 4409 a
2938 4356 3207 4427 plebibus
3227 4356 3552 4423 absolutus,

1904 4445 2094 4501 solum
2129 4445 2346 4499 exitum
2391 4449 2633 4498 UIU‘SitIS
2678 4445 3072 4513 exspectabat.
3097 4443 3275 4514 Cujus
3316 4445 3553 4515 quidem

1902 4533 2261 4588 infirmitatis
2286 4533 2361 4585 ita
2384 4532 2766 4603 exprimimus
2790 4531 3179 4595 incommoda,
3204 4537 3265 4585 ut
3288 4532 3554 4588 videlicet

164 4617 385 4675 mditum
436 4621 719 4692 gestiunt,
755 4621 870 4675 dici
912 4622 1034 4692 jam
1066 4620 1184 4675 ullo
1218 4623 1388 4676 modo
1439 4639 1551 4676 non
1603 4630 1791 4695 potest
1820 4641 1868 4704 D
1900 4624 2278 4678 ostendamus
2294 4627 2507 4692 quanta
2531 4638 2631 4691 per
2653 4622 2885 4673 beatum
2911 4620 3282 4673 Mansuetum
3306 4620 3456 4675 hanc
3476 4622 3553 4675 sit

160 4718 315 4771 quam
357 4708 684 4764 incredibili
736 4708 1119 4764 multitudine
1170 4710 1397 4780 stipatae
1441 4712 1789 4781 populorum

164 4791 397 4851 cohortes
421 4801 664 4854 confuso
688 4798 891 4853 ordine
910 4799 1114 4854 turbas
1138 4799 1605 4868 miscuerunt,ex
1628 4803 1788 4868 vicis,

163 4893 219 4932 ex
238 4885 470 4953 agris,ex
489 4886 736 4942 diversis
760 4887 1027 4958 partibus
1050 4888 1107 4942 in
1129 4905 1311 4943 unum
1333 4893 1565 4959 repente
1586 4908 1791 4946 coeun-

164 4965 309 5023 tium.
356 4973 496 5029 Hinc
556 4992 734 5031 sacra:
789 4974 1064 5046 virgines,
1118 4976 1275 5031 illinc
1329 4978 1789 5035 innumerabiles

164 5052 472 5118 Christiana:
496 5065 630 5120 ﬁdei
657 5066 971 5135 greges,ad
996 5064 1159 5120 littus
1192 5067 1505 5124 Murteusis
1531 5070 1788 5126 tluminis

166 5153 324 5214 usque
352 5155 746 5222 properantes,
776 5151 873 5206 ubi
908 5153 980 5208 ab
1014 5152 1221 5208 incolis
1264 5153 1374 5210 loci
1415 5155 1575 5212 illius
1603 5158 1789 5213 votive

166 5234 482 5305 petentibus,
517 5244 825 5310 acceptum
859 5242 947 5295 est
978 5239 1132 5295 beati
1162 5240 1271 5295 viri
1303 5244 1631 5299 venerabile
1663 5261 1787 5300 cor-

166 5329 275 5384 pus.
304 5323 368 5380 Et
397 5343 529 5383 cum
568 5329 698 5399 jam
744 5328 889 5383 satis
929 5329 1054 5383 visa
1085 5327 1199 5383 illis
1247 5330 1421 5386 fuerit
1467 5333 1788 5390 excrevisse

167 5418 420 5477 aquarum
438 5416 827 5484 immensitas,
845 5417 1048 5473 liberis
1062 5417 1216 5474 inter
1230 5420 1418 5475 undas
1437 5422 1695 5477 vestibus
1715 5424 1787 5478 ad

167 5506 307 5584 renes
336 5518 516 5575 usque
546 5507 717 5577 aquis
748 5506 1066 5573 convoluti,
1093 5507 1232 5562 dicti
1267 5515 1405 5565 sunt
1433 5510 1661 5567 alveum
1695 5529 1789 5584 pe-

166 5577 311 5640 dibus
326 5590 735 5662 transmcasse,
753 5611 868 5650 non
887 5595 1014 5650 sine
1033 5595 1421 5653 admiratione
1442 5600 1782 5658 multorum.

167 5665 287 5730 Hinc
317 5680 504 5739 omnis
535 5681 635 5741 illa
672 5667 973 5757 popularis
1003 5686 1196 5755 turba,
1224 5689 1601 5761 progrediens
1641 5690 1786 5751 lastis

1902 4713 2150 4783 gratiam
2187 4711 2521 4764 subsecuta.
2548 4711 2691 4765 Nam
2724 4710 2825 4763 hac
2853 4708 3235 4762 invalescente
3263 4709 3551 4775 molestia,

1902 4818 2034 4855 cum
2060 4800 2340 4870 pcnejam
2358 4800 2600 4868 jamque,
2625 4798 2680 4851 in
2707 4798 2977 4851 extremis
3002 4803 3215 4869 ageret,
3240 4802 3553 4871 tertiasque

1903 4889 2171 4944 continue
2204 4888 2599 4942 hebdomadas
2634 4887 2929 4940 instimnes
2972 4886 3264 4941 letba‘liter
3292 4889 3549 4955 duceret,

1902 4980 1969 5031 ad
2004 4982 2204 5032 notum
2230 4976 2412 5033 sancti
2446 4975 2733 5030 Mansueti
2758 4976 3049 5046 refugium
3074 4982 3317 5047 urgente
3349 4978 3551 5032 morbo

1902 5082 2195 5122 recurrere
2228 5069 2477 5136 mgrotus
2518 5064 2819 5119 deliberat.
2855 5066 3059 5119 Obstat
3089 5081 3118 5118 e
3157 5069 3361 5121 contra
3390 5064 3550 5121 mili—

1899 5160 2025 5212 tum
2058 5155 2343 5211 familiare
2374 5154 2745 5225 obsequium,
2772 5170 2844 5208 ne
2874 5152 3139 5209 videlicet
3170 5154 3321 5209 sicut
3352 5172 3553 5211 rumor

1898 5245 2106 5312 fuerat,
2141 5244 2191 5300 si
2222 5243 2541 5317 contigeret
2572 5243 2885 5298 Dominum
2936 5241 2994 5297 in
3042 5243 3309 5298 ordinem
3341 5260 3550 5300 mona-

1900 5335 2111 5391 sticum
2143 5332 2420 5400 converti,
2444 5348 2540 5387 eos
2568 5348 2800 5403 quoque
2830 5331 3048 5403 pariter
3067 5332 3242 5388 rebus
3273 5332 3547 5387 domesti-

1898 5426 1983 5481 cis
2015 5441 2148 5479 cum
2198 5422 2444 5477 Domino
2484 5420 2717 5492 privari.
2752 5422 2885 5487 Quae
2935 5420 3157 5476 scilicet
3206 5438 3298 5476 res
3346 5437 3548 5475 eorum

1898 5519 2123 5569 mentes
2156 5513 2384 5568 animos
2417 5527 2528 5581 quc
2560 5509 2922 5565 confuderat.
2956 5513 3027 5565 At
3057 5510 3151 5563 ille
3182 5508 3280 5579 qui
3312 5509 3428 5563 vim
3460 5508 3547 5563 la-

1899 5603 2053 5659 boris
2072 5600 2397 5674 torquentis
2423 5599 2768 5664 insenserat,
2794 5600 3014 5670 rumpit
3040 5596 3336 5653 obstacula
3356 5595 3546 5668 prohi-

1897 5682 2343 5757 bentium,bcati
2357 5688 2463 5747 viri
2478 5686 2824 5761 suti‘ragium
2839 5686 3085 5744 festinus
3100 5682 3540 5757 impetit,totum
