3912 6356
387 415 504 475 643

1488 410 1826 472 ADSONIS
1872 407 2311 472 DERVENSIS
2357 410 2719 473 ABBATIS.

3701 414 3821 474 644

383 562 447 603 se
487 547 612 616 ejus
652 544 805 615 apud
854 544 1037 598 Deum
1088 542 1499 596 interventioni
1550 541 1881 609 committit,
1909 547 2029 598 tam
2057 550 2113 619 Α
2146 543 2319 598 modo
2371 544 2707 616 depressus,
2743 559 2919 616 quam
2969 544 3190 615 potenti
3245 545 3571 601 interventu
3623 553 3821 617 sancti

656 634 902 687 fratrum
954 630 1320 687 orationibus
1380 630 1681 686 studiosus
1727 630 2037 700 incumbit,

380 726 629 792 votaque
662 738 771 775 sua
801 719 919 775 Deo
949 736 1017 775 ac
1049 724 1252 775 sancto
1305 719 1609 774 Mansuete
1643 720 1761 774 imo
1812 725 2040 792 pectore

379 810 668 877 deferens,
714 824 828 863 non
880 808 1045 879 prius
1094 806 1322 862 abstitit
1369 824 1547 878 quam
1598 808 1897 863 redeuntis
1942 826 2041 865 sa-

377 896 539 963 lutis,
574 896 822 952 Domino
870 896 1211 964 miserante,
1247 896 1554 968 sanctique
1605 896 1895 951 Mansueti
1927 897 2039 951 vir-

378 990 503 1042 tute
541 987 896 1054 conferente,
921 990 1155 1058 sperata
1202 985 1488 1040 beneﬁcia
1532 986 1842 1057 persensit.
1877 987 2038 1051 Quod

378 1091 565 1148 usque
599 1075 770 1130 hodie
801 1074 956 1129 idem
988 1074 1253 1146 pontifex
1285 1090 1403 1128 non
1436 1072 1561 1130 sine
1594 1072 1869 1146 suspiriis
1902 1074 2038 1131 soli-

376 1168 474 1219 tus
519 1168 605 1220 est
653 1163 886 1230 referre,
924 1167 1142 1236 quanto
1175 1180 1241 1218 eo
1276 1168 1534 1234 tempore
1585 1162 1760 1218 fuerit
1809 1163 2036 1218 incom-

2149 632 2436 687 exstiterit
2466 632 2684 687 ccrlesti
2733 632 3024 688 medicina
3074 632 3356 689 salvatus.
3391 634 3462 690 Et
3515 636 3657 708 quia
3713 636 3825 691 ali—

2150 737 2268 792 qua
2297 722 2368 776 de
2417 721 2607 776 sancti
2654 721 2835 792 hujus
2865 720 3185 777 virtutibus
3214 722 3521 794 przrsentis
3551 723 3612 779 in
3645 740 3827 781 carne

2151 809 2447 882 pontiﬁcis
2507 815 2772 882 tempore
2839 815 3007 882 gesta
3075 810 3235 866 brevi
3296 810 3544 881 calamo,
3605 818 3676 868 ut.
3746 814 3827 869 ita

2149 899 2367 963 dicam,
2401 898 2659 953 sodalem
2699 899 2810 955 sibi
2855 897 3119 954 libellum
3174 899 3302 970 ejus
3350 899 3595 972 imperio
3651 917 3825 957 exso-

2148 987 2402 1055 luturus,
2439 1004 2591 1043 nunc
2640 988 2697 1043 in
2741 987 2833 1043 his
2868 1004 3101 1060 quoque
3155 988 3331 1044 finem
3384 990 3675 1046 faciamus
3713 992 3816 1046 ad-

2138 1076 2254 1147 juti
2288 1076 2416 1147 ejus
2448 1077 2833 1143 orationibus,
2869 1076 3165 1149 aspirante
3206 1077 3395 1149 gratia
3435 1076 3672 1134 Do'mini
3711 1079 3819 1136 Re-

2150 1165 2495 1253 demptoris.

1113 1509 1537 1646 VlTA
1642 1507 2289 1648 SANCTI
2403 1510 3073 1651 BASOLI

1838 1754 2326 1814 CONFESSORIS

1620 1907 2061 2005 Auctore
2143 1903 2563 2006 Adsone

644 2102 828 2173 (Apud
867 2100 1112 2169 Mabill.,
1149 2100 1273 2155 Acta
1304 2101 1399 2155 SS.
1434 2100 1551 2154 ord.
1585 2100 1641 2154 S.
1677 2100 1902 2171 Bened.,
1935 2101 2058 2157 Sac
2091 2101 2163 2171 ll,
2197 2119 2253 2173 p.
2286 2102 2379 2171 66,
2410 2118 2479 2157 ex
2508 2101 2843 2156 membranis
2870 2106 3187 2159 monasterti
3214 2105 3269 2159 S.
3301 2105 3531 2173 Basoli.)

1630 2390 2070 2464 PROLOGUS
2122 2389 2532 2462 AUCTORIS

442 2620 493 2674 1.
529 2620 815 2685 Quoniam
859 2619 1244 2675 describenda
1284 2620 1645 2676 sanctissimi
1677 2620 2028 2676 confessoris
2057 2622 2106 2690 B
2137 2620 2405 2677 ariditate
2447 2621 2747 2677 constricti
2793 2638 3022 2689 sumus,
3056 2627 3219 2678 tanto
3268 2623 3676 2681 vehementius
3731 2626 3804 2681 ad

370 2707 585 2763 Christi
610 2708 797 2763 Basoli
816 2708 943 2766 vitm
961 2713 1315 2781 actuumque
1340 2710 1594 2781 insignia
1615 2728 1730 2782 pra:
1750 2710 2025 2765 manibus

370 2795 678 2865 habemus,
713 2815 778 2853 os
808 2802 864 2852 et
893 2802 1288 2857 cornostrum
1333 2799 1393 2853 in
1436 2798 1646 2854 cmlum
1687 2799 2020 2871 dirigimus,

350 2880 529 2957 quia,
564 2890 812 2941 testante
846 2886 1169 2957 Scriptura,
1192 2886 1376 2942 Omne
1408 2888 1612 2943 datum
1645 2888 1933 2959 optimum
1965 2892 2025 2942 et

368 2988 542 3029 omne
572 2974 793 3029 donum
839 2974 1159 3044 perfectum
1197 2976 1512 3030 desursum
1542 2992 1670 3031 esse
1692 2976 1823 3045 (Jac.
1857 2992 1897 3039 ι,
1934 2975 2020 3046 17)

368 3063 799 3133 cognoscimus.
833 3061 917 3115 Ad
966 3061 1074 3115 hoc
1105 3069 1299 3118 autem
1342 3080 1492 3134 opus
1522 3062 1729 3133 trepidi
1780 3062 2020 3116 omnino

368 3164 611 3204 manum
635 3148 1181 3219 extendimus,quia
1212 3154 1385 3203 tanta:
1418 3150 1674 3203 materia:
1705 3149 1930 3204 meritis
1961 3154 2019 3203 et

368 3236 600 3309 ingenio
630 3236 886 3308 impares
911 3235 1133 3293 viribus
1157 3237 1329 3297 .fracti
1349 3237 1813 3305 succumbimus,
1837 3254 2016 3308 quam

367 3324 468 3379 uni
486 3343 555 3380 ex
574 3324 799 3395 antiqui
823 3325 1104 3397 temporis
1122 3324 1478 3396 primoribus
1497 3325 1642 3381 satis
1663 3325 2016 3398 condignam

366 3430 495 3470 esse
532 3413 969 3486 perpendimus.
1004 3412 1107 3468 Cui
1153 3414 1406 3481 etiamsi,
1441 3419 1507 3469 ut
1553 3413 1860 3486 gentilium
1912 3415 2016 3488 fig-

367 3508 568 3559 menta
595 3503 874 3567 referunt,
909 3503 1193 3558 Homerus
1233 3507 1336 3558 aut
1374 3502 1604 3559 Tullius
1633 3503 1831 3559 Cicero
1865 3504 2017 3559 redi-

369 3596 456 3649 ret
484 3592 555 3648 ab
585 3592 807 3658 inferis,
842 3609 957 3647 non
1012 3597 1208 3663 posset
1235 3592 1427 3647 verbis
1476 3592 1773 3648 includere
1822 3610 2016 3659 omne,

368 3686 434 3738 ut
461 3684 692 3754 gestum
724 3685 832 3750 est,
862 3698 1008 3752 opus
1039 3682 1247 3738 lelntI‘.
1278 3681 1537 3747 virtutis;
1571 3687 1790 3753 quanto
1820 3682 2020 3737 minus

367 3784 472 3843 ego
495 3770 657 3826 solus
678 3770 1014 3835 homuncio,
1039 3770 1131 3827 cui
1156 3788 1259 3825 nec
1281 3771 1529 3827 scientia
1549 3775 1757 3842 praesto
1780 3775 1889 3838 est,
1912 3788 2019 3826 nec

368 3860 713 3916 meritorum
738 3858 857 3915 ulla
888 3860 1129 3915 decusat
1161 3860 1329 3925 ratio,
1354 3875 1458 3916 nec
1492 3876 1578 3924 ea,
1605 3875 1732 3931 qua:
1755 3860 1814 3915 in
1844 3859 2019 3916 rebus

367 3947 788 4009 excellentibus
817 3953 907 4002 est
953 3948 1117 4002 valde
1163 3948 1510 4014 necessaria,
1545 3948 1697 4003 docti
1731 3950 2020 4004 sermonis

368 4035 595 4091 oratio?
627 4035 775 4101 Quid
805 4036 979 4107 ergo?
1009 4036 1116 4090 etsi
1150 4036 1375 4107 indigni
1406 4053 1634 4103 sumus,
1659 4036 1898 4092 omnino
1930 4041 2021 4091 ta-

368 4123 672 4179 cebimus?
690 4124 954 4179 Forsitan
977 4124 1134 4178 enim
1151 4123 1383 4196 culpam
1408 4123 1786 4191 incurrimus,
1800 4125 1849 4179 si
1868 4126 2017 4196 ejus,

368 4211 438 4266 de
470 4228 585 4283 quo
616 4228 848 4284 semper
887 4212 1059 4284 digne
1108 4212 1264 4284 loqui
1316 4229 1653 4285 possumus,
1686 4213 1933 4269 virtutes
1962 4218 2020 4268 et

367 4316 543 4372 opera
559 4298 822 4356 silemus.
838 4301 999 4366 Quod
1018 4301 1065 4354 si
1085 4318 1152 4356 ex
1173 4302 1343 4356 nobis
1362 4301 1583 4357 nullam
1602 4302 2018 4358 sufficientiam

367 4389 674 4456 habemus,
710 4388 1004 4446 credimus
1049 4395 1267 4455 tamen,
1304 4395 1367 4445 ut
1398 4390 1712 4463 Gregorius
1742 4390 2017 4447 Romanae

367 4495 465 4533 rex
496 4478 839 4551 eloquentia:
890 4479 1114 4545 scribit,
1150 4480 1287 4551 quia
1325 4479 1494 4548 vires,
1530 4497 1677 4552 quas
1726 4480 2021 4551 imperitia

366 4567 630 4639 denegat,
667 4567 922 4623 charitas
968 4567 1285 4623 ministrat.
1322 4568 1389 4623 Et
1430 4569 1676 4625 fortasse
1706 4586 1773 4623 eo
1813 4569 2019 4623 facun-

365 4655 558 4711 diores
580 4656 821 4720 erimus,
839 4674 953 4729 quo
977 4657 1211 4729 propria
1236 4658 1447 4712 virtute
1474 4657 1555 4712 nil
1578 4658 1846 4719 ﬁdimus;
1881 4659 2020 4731 quia

366 4748 585 4813 quanto
608 4745 741 4815 quis
764 4745 1063 4799 humiliter
1094 4747 1245 4800 intra
1272 4763 1439 4801 suam
1464 4763 1525 4802 se
1547 4746 1823 4818 deprimit
1855 4746 2017 4819 igno-

365 4831 637 4899 rantiam,
667 4838 825 4887 tanto
857 4834 1197 4889 sublevatur
1226 4833 1470 4889 interius
1503 4852 1605 4906 per
1634 4835 1917 4905 Spiritum
1950 4836 2017 4891 il-

366 4917 775 4984 luminantem,
809 4927 865 4975 et
894 4922 1259 4978 auditoribus
1281 4924 1477 4977 animo
1500 4923 1702 4977 utilius
1727 4922 1871 4978 solet
1894 4942 2021 4996 pro-

367 5010 535 5061 desse
558 5009 711 5078 quod
746 5010 1006 5081 procedit
1027 5012 1280 5065 exterius
1312 5029 1378 5066 ex
1408 5028 1540 5067 vera
1570 5011 1922 5068 humilitate.
1946 5015 2018 5069 At.

364 5110 498 5149 vero
532 5096 713 5150 oratio
747 5113 871 5167 qum
903 5116 969 5152 ex
1016 5099 1169 5153 fastu
1209 5100 1495 5171 superbiae
1529 5100 1738 5171 prodit,
1776 5102 2015 5157 audien-

364 5188 482 5237 tem
535 5201 651 5238 non
696 5186 952 5255 adjuvat,
986 5188 1082 5241 sed
1139 5188 1380 5243 fastidit.
1416 5189 1564 5261 Ergo
1616 5190 1754 5260 quia
1802 5191 2016 5247 mentis

438 5326 551 5420 (ﬂ
992 5328 1049 5381 in
1085 5329 1415 5420 _Chron.‘a‘d
1453 5346 1558 5420 ang
1584 5330 1708 5420 9&2.
1742 5332 2015 5420 ᾼγνιοιάηςς,
2047 5357 2094 5420 D

364 5392 575 5469 inquit,
610 5398 1043 5469 archiepiscopus
1074 5400 1129 5453 in
1163 5392 1491 5455 monasterio
1522 5402 1578 5455 S.
1612 5402 1797 5458 Basoli
1825 5392 2014 5460 mena;

364 5468 487 5522 chos
517 5470 702 5542 mittit,
736 5468 981 5542 exlmlsis
1011 5472 1225 5526 clericis
1270 5473 1367 5542 qui
1403 5470 1710 5542 serviebant
1740 5474 1839 5538 ibi,
1871 5491 2013 5529 com-

364 5487 487 5522 cnos
517 5487 702 5533 mum,
736 5487 805 5524 ex
829 5487 981 5525 rums
1011 5487 1225 5526 cwrzczs
1270 5488 1361 5542 qui
1403 5487 1710 5539 serviebant
1740 5487 1839 5538 lDl,
1871 5491 2013 5529 com-

361 5542 580 5595 mittens
614 5539 753 5594 illud
800 5487 1093 5595 ilinomaro
1118 5551 1169 5596 et
1198 5543 1447 5596 Rolmaro
1496 5541 1801 5598 abbatibus.
1834 5544 2013 5601 Hinc-

362 5616 572 5685 marus
598 5611 781 5685 abbas
803 5612 867 5685 S._
891 5611 1137 5685 Remigii
1169 5613 1324 5685 apud
1355 5613 1587 5685 Remos,
1611 5618 1668 5667 et
1700 5615 2014 5672 Rotmarus

361 5681 810 5741 Altivillacensis
844 5683 986 5740 forte
1007 5681 1540 5758 abbas,‘monachis
1559 5681 1714 5761 apud
1738 5687 2013 5751 Basolum

2134 2710 2354 2765 fontem
2405 2726 2693 2781 aquarum
2726 2709 3044 2766 viventium
3096 2711 3361 2768 sitientes
3410 2715 3802 2781 recurrimus,

2134 2801 2356 2869 qnanto
2384 2797 2791 2853 inardescentc
2822 2799 2918 2853 siti
2965 2798 3126 2854 intus
3157 2805 3501 2869 azstuamus,
3532 2802 3590 2856 in
3623 2802 3802 2858 illum

2132 2885 2521 2956 suspirantes,
2556 2884 2614 2939 in
2664 2886 2830 2941 illum
2880 2892 3082 2943 nostra
3120 2890 3438 2960 praecordia
3483 2895 3799 2962 ponentes,

2132 2974 2202 3027 de
2233 2990 2350 3043 quo
2378 2973 2662 3028 veraciter
2704 2975 2991 3045 scriptum
3024 2980 3314 3045 tenemus,
3348 2979 3489 3049 quia
3535 2979 3596 3033 in
3649 2979 3802 3035 ecclo

2129 3060 2305 3115 habet
2334 3060 2671 3115 cathedram
2704 3060 2804 3132 qui
2854 3062 3022 3116 docet
3066 3065 3242 3118 corda
3273 3064 3582 3122 hominum
3616 3072 3790 3135 (Anc.

2127 3156 2281 3202 tract.
2314 3148 2348 3201 3
2382 3149 2441 3202 in
2472 3165 2509 3201 ι.
2541 3149 2709 3219 Epist.
2736 3149 2891 3204 Joan.
2920 3151 3066 3204 circa
3094 3152 3303 3221 ﬁnem).

2200 3236 2407 3304 Quibus
2435 3236 2749 3291 auctoribus
2777 3239 3010 3309 scriptor
3046 3238 3188 3293 hanc
3214 3241 3379 3294 vitam
3408 3255 3725 3315 componat.

2196 3327 2251 3378 2.
2287 3324 2425 3380 Inde
2456 3323 2653 3396 itaque
2698 3325 2957 3397 accipere
2986 3326 3277 3393 volumus,
3314 3330 3469 3384 unde
3511 3331 3800 3391 innume-

2128 3413 2403 3469 rabilium
2455 3413 2673 3471 fluenta
2728 3415 3076 3486 paginarum
3125 3432 3431 3472 emanasse
3481 3423 3798 3492 cognosci-

2128 3520 2282 3570 mus,
2307 3504 2478 3573 cujus
2508 3502 2709 3575 gratia:
2740 3507 2931 3559 totum
2962 3505 3218 3576 profecto
3259 3506 3642 3575 ascribimus,
3679 3528 3798 3583 quo

2128 3592 2369 3648 docente
2395 3591 2691 3663 egreditur
2713 3591 3001 3664 quidquid
3034 3594 3343 3666 profertur.
3367 3595 3480 3650 Sed
3504 3598 3635 3653 etsi
3662 3604 3799 3671 post

2131 3699 2244 3736 non
2268 3681 2464 3736 subito
2486 3680 2770 3753 prosiliat,
2799 3681 2897 3753 qui
2920 3699 3068 3754 opus
3091 3682 3199 3739 hoc
3222 3688 3489 3741 nostrum
3510 3688 3794 3760 evestigio

2131 3770 2476 3837 remordeat,
2512 3775 2578 3825 ut
2622 3775 2679 3827 et
2726 3772 2850 3844 ipse
2898 3771 2992 3828 bis
3030 3773 3337 3830 venustius
3365 3776 3792 3847 componendis

2129 3858 2345 3930 eloquii
2377 3859 2469 3915 sui
2492 3863 2779 3915 torrentes
2802 3860 3030 3928 inﬂuat,
3054 3877 3182 3932 qua:
3215 3878 3322 3917 nos
3350 3862 3550 3919 minus
3579 3861 3791 3922 idonee

2129 3947 2215 4003 vel
2247 3952 2465 4003 temere
2491 3947 2893 4019 composuisse
2925 3950 3263 4022 redarguat;
3299 3951 3539 4007 reducat
3567 3952 3643 4007 ad
3673 3968 3789 4009 me-

2132 4037 2404 4103 moriam,
2438 4037 2595 4107 quod
2626 4055 2739 4093 non
2772 4036 2881 4092 hoc
2913 4038 3184 4111 proprius
3216 4039 3502 4111 quidlibet
3530 4039 3788 4097 faciendi

2131 4124 2406 4197 impetus,
2440 4125 2541 4180 sed
2575 4131 2927 4197 praeceptum
2956 4115 3377 4184 venerabiliifm
3409 4128 3648 4185 Patrum
3681 4146 3785 4186 nos

2131 4212 2378 4280 duxerit,
2403 4214 2513 4268 sub
2535 4230 2782 4285 quorum
2813 4213 3057 4286 imperio
3089 4214 3444 4283 militamus;
3479 4218 3703 4289 quibus
3735 4218 3782 4275 si

2129 4301 2682 4371 contradiceremus,
2712 4303 2951 4374 majoris
2980 4304 3285 4361 dementia:
3317 4306 3479 4362 nefas
3506 4323 3640 4362 esse
3672 4324 3784 4380 pu-

2128 4390 2402 4445 tavimus.
2429 4390 2695 4463 Ipsorum
2717 4408 2853 4464 ergo
2875 4396 3079 4447 contra
3108 4394 3304 4448 omnia
3338 4394 3655 4466 inopinata:
3690 4396 3781 4451 ob-

2120 4478 2396 4549 jectionis
2418 4478 2619 4549 jacula
2650 4479 2985 4535 defensione
3008 4481 3381 4551 confidimus,
3405 4483 3625 4554 quibus
3657 4486 3781 4539 obe-

2130 4568 2362 4622 dientiw
2394 4585 2543 4623 onus
2585 4569 2924 4623 auctoribus
2954 4569 3321 4627 tolerandum
3351 4588 3480 4627 esse
3518 4573 3775 4645 suscepi-

2129 4675 2282 4723 mus,
2305 4656 2402 4728 qui
2426 4663 2557 4730 post
2580 4657 2813 4729 longam
2839 4660 3176 4716 monasticae
3196 4659 3584 4716 institutionis
3608 4662 3779 4717 aboli-

2128 4750 2247 4799 tam
2282 4746 2645 4801 honestatem
2678 4745 2784 4801 hac
2814 4751 3015 4802 nostra
3045 4753 3209 4803 (etate
3241 4748 3524 4821 regularis
3558 4750 3775 4805 militia

2129 4840 2265 4889 sunt
2316 4840 2679 4906 reparatores
2739 4839 2914 4906 atque
2972 4843 3324 4893 recreatores
3373 4840 3506 4905 (13).
3554 4839 3775 4903 Quibus

2128 4939 2261 4976 cum
2290 4922 2617 4988 obcdimus,
2636 4923 2760 4975 vita:
2794 4929 3003 4977 nostra:
3029 4924 3295 4978 ordinem
3324 4924 3686 4980 honoramus
3716 4940 3772 4979 ac

2130 5015 2336 5065 nostra'
2362 5012 2658 5066 servitutis
2683 5012 3047 5081 propositum
3073 5011 3319 5068 illaesum
3341 5029 3770 5069 conservemus.

2127 5102 2271 5156 Cum
2304 5118 2434 5155 vero
2467 5102 2537 5155 ab
2571 5117 2774 5155 eorum
2796 5101 3128 5156 obedientia
3154 5106 3368 5157 temere
3390 5101 3767 5165 declinamus,

2125 5191 2309 5247 Deum
2329 5190 2940 5260 offcndimus,animas
2958 5197 3187 5248 nostras
3205 5191 3492 5259 laedimus,
3510 5208 3613 5262 pro
3636 5207 3770 5247 mer-

2127 5334 2416 5390 restitutis
2462 5335 2900 5405 praeficiendum
2951 5339 3233 5390 curarunt
3273 5333 3554 5390 Odoleum
3597 5335 3769 5391 abba-

2125 5411 2265 5473 tem,
2299 5405 2391 5486 cu_i
2422 5406 2902 5486 AdsoﬂGerberto
2926 5406 3241 5486 Remorum
3273 5406 3522 5486 antitisti
3552 5420 3771 5462 corevus

2126 5478 2430 5545 successit,
2448 5477 2870 5550 :edificavitque
2890 5477 3191 5533 basilicam
3210 5477 3402 5550 qualis
3422 5478 3600 5534 etiam
3626 5492 3768 5533 nunc

2126 5553 2410 5630 superest,
2450 5553 2511 5603 ut
2545 5548 2976 5630 gei'bertusnin
3024 5550 3195 5630 epist.
3228 5548 3263 5602 7
3310 5554 3577 5630 testatur.
3634 5550 3769 5630 Legg

2125 5619 2503 5746 Gtuéléelmum
2536 5619 2727 5676 Marlot
2756 5620 2816 5677 in
2850 5619 2948 5675 lib.
2981 5637 3039 5677 1v
3061 5619 3318 5695 'niotrop.
3345 5620 3532 5693 Rem.,
3559 5638 3686 5694 cap.
3708 5619 3771 5676 25

2125 5707 2155 5750 e
2287 5733 2299 5748 .
