3912 6358
94 425 213 486 645

1412 431 1512 492 DE
1557 432 1744 494 VITA
1790 429 1854 494 S.
1901 434 2207 498 BASOLI.

3416 450 3533 510 646

96 557 646 614 cedeinobedientim
661 558 1356 632 damnationisjudicium
1371 565 1756 621 sustinemus.
1788 567 1844 634 Α
1874 569 2093 623 domini
2125 572 2423 626 Confessor
2455 574 2511 626 in
2546 575 2760 646 populo
2791 575 3014 643 lateret,
3049 578 3238 632 effecit
3264 597 3276 646 ;
3304 581 3403 650 qui
3438 580 3534 635 bis

97 647 240 718 Ergo
272 647 332 701 in
367 646 474 702 hac
505 652 672 719 parte
706 664 878 702 nemo
909 651 1165 705 mordaci
1193 653 1529 724 pl‘ﬂ‘jlltlicit)
1564 655 1621 708 in
1654 672 1760 709 nos

89 734 285 806 jacula
304 740 709 808 contorqueat,
747 736 885 809 quia
914 737 1228 810 vituperari
1254 758 1368 794 non
1395 742 1676 796 debemus
1709 743 1758 798 si

99 823 380 878 instituta:
440 823 744 884 servitutis
790 825 1095 881 humiliter
1124 829 1384 884 oflicium
1421 831 1756 901 implemus.

645 923 684 976 Α
693 930 808 977 udo
815 924 892 977 ris
925 924 1205 979 modestia.

163 1021 214 1075 3.
236 1020 347 1076 Sed
373 1034 562 1092 neque
603 1025 840 1076 econtra
884 1019 1244 1079 laudationis
1269 1026 1555 1096 cujusque
1591 1026 1757 1082 funes

99 1107 471 1174 innectimus,
507 1109 648 1180 quia
695 1111 933 1165 omnino
959 1110 1182 1166 laudari
1207 1131 1238 1167 a
1263 1131 1558 1186 quoquam
1593 1133 1756 1171 recu-

100 1196 420 1269 samus,qui
443 1195 812 1254 laudandum
839 1217 1140 1272 nunquam
1165 1201 1386 1272 aliquid
1422 1222 1526 1258 nos
1559 1205 1747 1274 egisse

100 1285 497 1340 meminimus.
533 1285 594 1341 In
625 1285 732 1342 hoc
767 1305 1021 1360 namque
1069 1289 1170 1344 tali
1203 1292 1435 1362 negotio
1469 1310 1580 1346 non
1607 1298 1695 1348 est
1724 1311 1758 1348 a

101 1373 345 1429 dictante
366 1375 690 1445 quaerenda
713 1375 995 1444 laudatio,
1018 1379 1119 1434 sed
1152 1379 1435 1434 virtutum
1473 1380 1758 1436 imitanda

99 1463 408 1534 proportio,
441 1469 503 1518 et
532 1479 731 1520 rerum
764 1471 1064 1537 gestarum
1097 1484 1232 1523 cum
1263 1469 1504 1523 veritate
1565 1470 1754 1540 profe-

100 1553 268 1608 renda
295 1553 569 1609 assertio.
605 1555 664 1609 Si
711 1554 892 1626 igitur
949 1557 1123 1610 debet
1182 1557 1316 1628 quis
1374 1557 1622 1625 laudari,
1659 1557 1754 1612 ille

97 1641 357 1697 laudetur
377 1643 454 1697 de
485 1659 601 1714 quo
635 1660 741 1699 nos
775 1642 979 1698 famuli
1013 1643 1332 1717 loquimur,
1359 1645 1454 1701 ille
1484 1646 1756 1702 laudetur

98 1731 190 1804 qui
242 1731 496 1788 virtutes
553 1737 851 1804 operatur,
885 1732 980 1787 ille
1013 1735 1113 1806 qui
1159 1735 1286 1804 jam
1320 1735 1755 1808 triumphaliter

96 1820 344 1892 pervenit
368 1821 448 1878 ad
485 1827 745 1893 portum,
770 1839 884 1876 non
931 1823 1026 1878 ille
1059 1824 1160 1894 qui
1201 1825 1392 1880 adhuc
1414 1824 1474 1880 in
1506 1826 1750 1892 incerto,

1871 657 2122 713 Francia:
2147 663 2414 732 partibus
2437 670 2490 717 et
2513 666 2932 721 monachorum
2967 669 3228 723 imitator
3258 661 3562 742 egregius.

1868 747 2292 814 exstitit,totius
2308 751 2501 822 populi
2522 755 2610 808 sui
2633 755 2788 826 apud
2814 755 3128 812 Dominum
3153 759 3532 831 semperpiis—

1871 835 2056 892 simus
2090 839 2374 894 mediator
2394 842 2522 896 erit.

1956 946 2109 999 Fides
2142 947 2303 1017 hujus
2339 949 2585 1006 historz'a’
2615 951 2810 1005 Auctor
2842 970 3020 1008 rerum
3056 954 3302 1009 ordinem
3335 971 3442 1011 non

2591 1031 2787 1078 servat.

1925 1106 1990 1158 ,4.
2023 1107 2296 1170 Qumdam
2330 1108 2506 1178 igitur
2537 1111 2748 1166 tradita
2778 1129 2844 1166 ex
2877 1114 3255 1184 antiquorum
3287 1131 3514 1172 memo-

1868 1192 1953 1246 ria
1983 1195 2278 1265 eopiosius
2315 1197 2641 1265 retulimus,
2675 1202 2936 1270 quaedam
2999 1219 3132 1257 vero
3180 1203 3252 1258 ab
3287 1219 3352 1258 eo
3384 1204 3526 1260 fide-

1869 1279 2010 1336 lium
2039 1283 2218 1338 relata
2242 1285 2376 1338 stilo
2399 1287 2632 1357 proprio
2655 1290 3224 1357 commendavimus,
3245 1291 3527 1347 nonnulla

1865 1387 2097 1442 quoque
2129 1373 2341 1428 addere
2367 1373 2537 1429 libuit
2559 1377 2776 1446 quibus
2799 1383 2855 1432 et
2873 1377 2986 1450 ipsi
3020 1379 3525 1444 interfuimus,sed

1863 1465 1920 1514 et
1941 1461 2043 1516 illa
2082 1462 2332 1517 breviter
2359 1464 2616 1518 exsecuti
2650 1482 2861 1521 sumus
2894 1484 3023 1538 quae
3058 1467 3235 1523 rebus
3266 1469 3530 1523 testimo—

1864 1549 1960 1602 nio
1992 1551 2369 1620 prmsentium
2428 1553 2786 1623 astipulante
2831 1555 3171 1611 didicimus.
3211 1557 3273 1611 In
3305 1555 3528 1611 descri-

1863 1639 2057 1710 ptione
2075 1645 2270 1694 autem
2291 1644 2490 1696 nostra
2512 1642 2778 1697 ordinem
2800 1660 3029 1699 servare
3047 1645 3526 1716 supersedimus;

1861 1727 2181 1784 dummodo
2215 1730 2271 1784 id
2305 1746 2633 1801 ageremus,
2660 1736 2724 1786 ut
2754 1749 2881 1804 quae
2914 1749 2977 1788 se
3009 1740 3223 1789 nostrae
3245 1733 3528 1792 inferrent

1862 1815 2098 1883 notitiae,
2123 1819 2303 1874 surda
2333 1835 2431 1874 ore
2463 1836 2577 1875 non
2609 1821 3038 1878 transeundum
3075 1838 3204 1878 esse
3225 1823 3524 1894 judicare-

97 1908 235 1965 inter
260 1909 485 1966 ﬂuctus
515 1909 719 1982 dirigit
752 1912 1173 1968 remum.Unus
1195 1919 1283 1968 est
1315 1913 1496 1984 igitur
1512 1931 1579 1970 ex
1602 1913 1753 1985 prin~
1783 1938 1831 2003 Β
1867 1921 2040 2003 mns_;
2074 1908 2342 2003 quamvis
2373 1923 2606 2003 quoque
2636 1925 2670 1963 τι
2697 1909 2972 2003 pluribus
3001 1912 3283 2003 affirmas
3315 1911 3519 1980 soleat.

101 1998 313 2071 cipibus
344 2000 777 2056 monachorum
813 2001 1365 2073 sublimium,quem
1390 2022 1496 2059 nos
1529 2004 1753 2059 Monas-

105 2089 215 2144 ticm
243 2091 370 2144 vita:
403 2090 772 2162 professores
833 2091 1277 2163 indignissimos
1311 2093 1410 2162 qui
1443 2110 1544 2147 nec
1577 2092 1749 2148 mini-

105 2192 245 2233 mam
266 2180 615 2234 meritorum
647 2179 997 2251 particulam
1030 2181 1596 2252 attigimus,oportet
1618 2182 1748 2237 lau-

105 2266 226 2322 dare
243 2272 300 2323 et
331 2266 590 2323 recolere
623 2269 844 2324 devotis
878 2269 1234 2340 pectoribus.
1267 2270 1505 2325 Justum
1535 2269 1750 2342 quippe

105 2361 196 2422 est,
211 2360 270 2410 ut
288 2372 466 2428 quem
491 2356 786 2412 habemus
813 2374 928 2429 pra:
962 2358 1148 2413 oculis
1171 2360 1357 2413 nostri
1385 2360 1608 2414 ordinis
1641 2360 1748 2414 du-

105 2458 214 2499 cem
243 2445 631 2518 przecipuum,
667 2461 784 2518 quo
815 2452 1071 2518 regente,
1127 2465 1230 2520 per
1269 2449 1459 2503 varios
1491 2464 1662 2503 casus
1695 2452 1751 2503 et

106 2535 181 2586 tot
203 2532 548 2590 discrimina
580 2549 776 2590 rerum
818 2535 1114 2591 tendimus
1147 2537 1218 2590 ad
1251 2537 1526 2608 patriam,
1562 2537 1747 2592 nostri

105 2619 449 2678 devotionem
482 2622 867 2678 exhibeamus
891 2625 1156 2696 obsequii
1185 2626 1480 2696 ritumque
1499 2626 1745 2691 colendi,

110 2713 164 2762 ut
189 2715 320 2766 tunc
350 2728 498 2767 suos
527 2727 660 2767 esse
709 2719 1105 2784 recognoscat,
1142 2731 1278 2768 cum
1313 2716 1368 2768 in
1395 2715 1623 2783 judirio
1653 2729 1748 2769 ve-

110 2797 597 2856 niensaservitute
610 2817 720 2855 sua
732 2818 844 2856 non
867 2802 1048 2856 fuisse
1065 2807 1372 2857 extraneos
1395 2803 1746 2858 considerat.

113 2887 204 2951 Qui
224 2887 338 2944 haec
370 2895 574 2945 autem
619 2888 846 2962 legerit,
872 2890 1184 2963 intelligat,
1226 2891 1380 2962 quod
1417 2896 1615 2946 nostra
1646 2908 1748 2946 cx-

114 2976 323 3032 actioad
345 2977 664 3050 legendum
687 2995 821 3033 eum
848 2996 961 3033 non
988 2978 1588 3051 compellat,sciatque
1611 2979 1752 3050 quia

117 3061 214 3119 alia
242 3082 341 3136 pro
388 3067 526 3122 aliis
585 3084 701 3121 non
761 3066 1130 3122 introducere
1187 3067 1502 3134 voluimus,
1537 3068 1636 3121 sed
1668 3067 1748 3122 rei

117 3156 268 3221 gestae
297 3156 566 3212 ordinem
599 3155 1050 3227 diligentissime
1083 3156 1525 3226 investigantes,
1557 3173 1749 3228 quan-

1865 1995 2020 2066 quod
2054 1996 2235 2051 solers
2287 1997 2604 2068 antiquitas
2637 2016 2704 2054 ex
2734 1999 2889 2054 beati
2922 1999 3030 2055 viri
3061 1999 3288 2056 actibus
3321 2005 3522 2074 poste-

1863 2101 2058 2139 rorum
2085 2087 2380 2140 memoria:
2405 2104 2516 2140 non
2554 2087 2796 2142 modica:
2829 2087 3176 2159 quantitatis
3200 2089 3416 2146 librum
3441 2107 3524 2146 re-

1861 2173 2222 2245 liquerit,qui
2240 2180 2433 2230 tamen
2458 2175 2648 2230 adhuc
2674 2177 2890 2233 nostris
2913 2179 3322 2250 conspectibus
3336 2194 3522 2250 usque

1862 2262 1918 2315 in
1938 2280 2196 2334 praesens
2217 2265 2571 2336 deprehendi
2602 2283 2714 2319 non
2740 2267 2946 2337 potuit.
2964 2267 3074 2322 Sed
3107 2267 3226 2322 sive
3244 2267 3388 2322 illud
3411 2273 3520 2334 est,

1861 2351 2002 2422 sive,
2028 2359 2090 2406 ut
2121 2359 2292 2423 poeta
2323 2353 2501 2419 canit,
2542 2355 2846 2419 Audieras,
2893 2356 2993 2410 sed
3025 2355 3184 2410 fama
3213 2356 3324 2410 fuit
3347 2374 3360 2424 ;
3383 2372 3523 2428 spe-

1860 2438 2026 2496 cialis
2048 2441 2300 2512 pastoris
2327 2427 2513 2496 nostri
2535 2443 2783 2498 virtutes
2805 2448 2862 2497 et
2884 2459 3060 2514 opera
3083 2460 3190 2499 nos
3212 2443 3384 2499 silere
3417 2444 3525 2500 mi-

1860 2529 2016 2583 nime
2049 2531 2334 2598 convenit,
2370 2531 2468 2602 qui
2508 2535 2562 2585 et
2594 2537 2729 2587 ante
2787 2549 2998 2604 corpus
3055 2533 3185 2603 ejus
3244 2533 3521 2589 excubias

1861 2620 2091 2689 agimus
2123 2621 2258 2686 (14),
2289 2625 2344 2673 et
2376 2621 2687 2692 patrocinii
2719 2621 3125 2692 singularitate
3167 2623 3516 2694 gaudemus.

1860 2707 1971 2762 Nec
1998 2709 2165 2763 nobis
2188 2708 2295 2762 erit
2329 2709 2490 2762 oneri
2528 2714 3052 2780 quantumcunque
3087 2711 3278 2782 ipsius
3308 2727 3521 2783 praeco-

1860 2797 1956 2850 nia
1978 2797 2200 2851 scimus
2219 2796 2291 2851 ab
2322 2796 2452 2851 aliis
2481 2796 2714 2852 dilatari
2741 2814 2754 2851 :
2780 2798 2899 2852 imo
2931 2799 3126 2869 potius
3152 2803 3396 2870 surgent
3422 2799 3518 2853 in-

1859 2890 2153 2940 crementa
2174 2885 2446 2956 gaudii,si
2471 2885 2570 2940 ubi
2594 2903 2700 2940 nos
2721 2885 3049 2954 deficimus,
3072 2887 3385 2960 contigerit
3415 2903 3520 2960 per

1859 2974 2038 3030 alium
2063 2973 2401 3047 adimpleri;
2433 2974 2574 3046 quia
2600 2975 2842 3029 virtutes
2873 2976 3002 3047 ejus
3021 2993 3168 3048 quas
3191 2975 3335 3031 ccclo
3368 2981 3518 3032 teste

1859 3069 1948 3119 est
1969 3069 2263 3136 operatus,
2298 3063 2447 3119 sicut
2468 3062 2666 3118 nullus
2689 3064 3024 3120 mortalium
3047 3065 3235 3138 potuit
3265 3065 3515 3138 pleniter

1858 3153 2281 3224 agnoscere,ita
2299 3170 2488 3208 sermo
2507 3153 2895 3225 plurimorum
2922 3171 3036 3210 non
3060 3155 3210 3210 valet
3231 3155 3518 3210 omnimo-

120 3241 225 3296 tum
255 3245 517 3300 studium
553 3249 821 3301 nostrum
855 3245 1181 3318 pertingere
1212 3247 1423 3317 potuit,
1447 3262 1518 3300 ne
1550 3251 1750 3300 tantus
1779 3229 1824 3296 (ἶ
1861 3245 1953 3299 dis
1983 3243 2288 3316 explicare.

1559 3561 1660 3632 PR
1671 3561 1748 3631 1F
1753 3561 2038 3632 FATIO.

121 3773 345 3853 ltempla
373 3791 689 3838 sanctorum
719 3799 881 3856 quam
913 3784 1095 3838 utilia.
1125 3785 1321 3839 Auctor
1352 3800 1541 3838 nomen
1583 3800 1746 3837 suum

807 3857 1027 3926 premit.

174 3939 221 3993 5.
251 3940 326 3998 Ex
363 3943 538 4017 longo
582 3943 764 4015 hujus
796 3945 1281 4016 peregrinationis
1316 3946 1484 3998 tzedio
1519 3943 1742 3999 felicem

122 4025 178 4080 ad
193 4031 428 4100 patriam
450 4031 1132 4099 revertentes,habemus
1169 4033 1498 4088 necessaria
1529 4032 1742 4087 SS.Pa-

121 4116 252 4172 trum
270 4120 708 4194 exempla,quos
733 4122 1000 4175 novimus
1018 4121 1411 4192 promeruisse
1429 4120 1744 4175 virtutibus

123 4200 406 4271 gloriosum
438 4210 512 4264 ad
543 4209 724 4265 ccelos
751 4227 1084 4265 ascensum.
1112 4210 1213 4264 llic
1245 4209 1747 4280 namque,utdici-

1855 3763 2019 3819 dium
2051 3763 2151 3818 fiat
2188 3763 2558 3834 Redemptori
2589 3762 2844 3834 placens.
2881 3761 3036 3817 Bono
3067 3763 3280 3818 etenim
3315 3762 3506 3818 fructu

1854 3857 2190 3908 sanctorum
2224 3851 2566 3906 memoriam
2608 3850 2941 3918 recolimus,
2974 3851 3022 3904 si
3055 3851 3358 3907 fastidium
3391 3869 3506 3909 non

1854 3941 1929 3995 sit
1961 3919 2178 3995 imitari
2202 3940 2354 4012 quod
2379 3940 2622 3994 auribus
2645 3940 3114 3995 audimus.Bono
3147 3941 3334 3996 fructu
3368 3959 3507 3998 san-

1855 4035 2080 4086 ctorum
2111 4029 2478 4085 celebramus
2501 4028 2723 4094 festa,si
2757 4029 3199 4085 condimentum
3232 4031 3506 4088 innocen-

1854 4121 1946 4174 tia:
1980 4118 2189 4190 accipit
2219 4116 2310 4173 his
2356 4117 2554 4172 infelix
2612 4118 2970 4173 conscientia
3025 4124 3245 4176 nostra.
3286 4122 3511 4179 Festiva

1853 4226 2109 4282 namque
2133 4207 2349 4281 gaudia
2374 4224 2488 4263 non
2517 4207 2780 4262 ciborum
2803 4207 3037 4280 vinique
3067 4210 3506 4281 afﬂuentim,sed

122 4292 360 4361 tur,inter
376 4297 735 4372 Charybdim
758 4298 1098 4372 Syllamque
1122 4299 1602 4370 navigantes,non
1619 4298 1744 4352 sine
1774 4302 1822 4366 ι)
1854 4303 2110 4353 mentem
2171 4297 2484 4370 puriﬁcaas
2545 4295 2898 4352 desiderium
2931 4298 3002 4352 de
3033 4297 3252 4369 Spiritu
3302 4305 3506 4356 sancto

124 4393 303 4454 magno
321 4386 581 4457 periculo
605 4388 714 4441 iter
736 4388 995 4442 medium
1022 4388 1317 4456 ducimus,
1344 4391 1399 4442 et
1429 4385 1595 4440 valde
1627 4387 1740 4441 for-

125 4468 430 4530 midandum
454 4494 526 4532 ne
555 4475 616 4531 in
647 4475 944 4532 dexteram
968 4478 1085 4531 sive
1111 4477 1167 4530 in
1192 4481 1415 4547 partem
1441 4476 1742 4530 sinistram

125 4555 225 4614 Vela
250 4562 588 4621 relaxemus.
625 4565 839 4620 Praasto
871 4570 1010 4620 sunt
1042 4565 1197 4619 enim
1227 4565 1519 4635 utrimque
1543 4570 1739 4619 trucu-

123 4639 264 4703 lenta:
283 4650 496 4721 bestiae,
531 4670 660 4725 qua:
692 4652 741 4708 si
776 4671 880 4709 nos
909 4655 980 4709 ad
1014 4671 1075 4710 se
1108 4653 1466 4709 declinantes
1498 4669 1739 4724 aspexe-

125 4729 236 4801 rint,
264 4741 477 4808 patenti
536 4741 815 4798 barathro
871 4744 1165 4809 sorbeant,
1199 4747 1374 4812 atque
1432 4742 1737 4812 profundis

124 4824 414 4903 gurgitibus
443 4830 817 4903 immergant.
850 4832 998 4897 Quia
1026 4831 1205 4902 igitur
1233 4829 1354 4885 haec
1387 4831 1591 4884 mortis
1614 4829 1738 4884 lati-

126 4901 240 4963 bula
265 4929 359 4984 per
387 4933 490 4972 nos
513 4901 683 4973 caute
711 4919 923 4972 evitare
958 4935 1072 4973 non
1105 4935 1441 4990 possumus,
1475 4918 1603 4972 ideo
1635 4935 1734 4972 cu-

125 4992 250 5053 riose
275 4999 485 5060 lumine
515 5010 848 5062 sanctorum
881 5008 1332 5078 praecedentium
1365 5006 1603 5061 semitas
1634 5023 1734 5060 ex-

126 5081 403 5160 ploremus,
437 5097 502 5148 ut
531 5093 639 5149 iter
676 5100 870 5150 tutum
895 5095 1044 5150 inter
1064 5101 1146 5149 tot
1171 5096 1513 5150 discrimina
1549 5100 1735 5149 tenea-

128 5183 254 5229 mus.
278 5179 431 5244 Quod
490 5188 630 5238 tunc
689 5184 1097 5240 convenienter
1148 5185 1400 5256 agimus,
1435 5183 1484 5239 si
1529 5199 1731 5238 eorum

127 5258 334 5345 Virtutes
355 5274 410 5325 et
429 5287 605 5343 opera
625 5273 1087 5340 consideremus,
1116 5274 1398 5345 nobisque
1430 5289 1499 5328 ex
1529 5289 1730 5327 eorum

127 5341 410 5414 imitatione
464 5341 678 5417 salutis
732 5361 998 5434 exempla
1051 5362 1394 5434 capiamus;
1449 5361 1496 5416 si
1539 5377 1732 5417 mores

129 5445 512 5516 componimus,
533 5450 714 5506 vitam
744 5451 1149 5516 emendamus,
1175 5455 1232 5505 et
1253 5449 1535 5522 quidquid
1565 5454 1654 5504 est
1671 5450 1730 5504 in

131 5523 265 5582 nobis
292 5530 400 5593 Deo
430 5535 876 5611 diSplicens,per
898 5543 1111 5594 sanctas
1134 5539 1592 5594 conversationis
1615 5544 1732 5593 stu-

185 5669 406 5754 (ᾊῌΙίο
433 5681 691 5754 nomine
752 5683 1173 5741 monachorum
1209 5683 1266 5740 S.
1298 5682 1493 5754 Basoli
1542 5681 1729 5754 loqui-

131 5736 208 5794 tur
229 5736 368 5805 A'dso
397 5749 576 5811 abbas
601 5736 1728 5832 nem-eae‘s'ssaaai;vage;Moneta}.

1852 4387 2149 4458 componit
2179 4384 2397 4440 laetitia.

1921 4477 1974 4528 6.
2011 4475 2141 4530 Ideo
2173 4491 2310 4545 ergo
2341 4490 2448 4528 nos
2473 4473 2624 4527 beati
2649 4474 2901 4544 pastoris
2932 4476 3114 4529 nostri
3147 4492 3214 4530 ac
3241 4476 3502 4547 praeclari

1849 4557 2199 4618 confcs’soris
2239 4561 2453 4617 Christi
2487 4560 2676 4615 Basoli
2698 4563 2875 4616 vitam
2899 4568 3180 4634 actusque
3213 4565 3497 4620 describi-

1850 4659 2075 4719 mus,ut
2097 4669 2200 4724 per
2220 4651 2374 4724 quod
2402 4651 2510 4704 iter
2539 4651 2610 4705 ad
2646 4649 2892 4721 gloriam
2924 4651 3247 4722 pervenerit
3279 4653 3339 4708 in
3373 4669 3500 4709 me-

1848 4743 2092 4797 moriam
2129 4741 2499 4796 reducamus.
2529 4740 2672 4795 Ecce
2692 4739 2907 4794 etenim
2941 4739 2988 4794 si
3018 4746 3236 4812 quanta
3265 4742 3342 4798 sit
3371 4743 3502 4815 ejus

1847 4833 2033 4904 gloria
2060 4832 2119 4886 in
2150 4829 2294 4884 cmlo
2313 4829 2860 4892 consideremus,ad
2885 4845 2951 4884 ea
2977 4835 3170 4884 tamen
3207 4847 3334 4903 qua:
3367 4837 3501 4890 ante

1846 4920 2086 4993 pertulit
2105 4919 2293 4974 visum
2318 4918 2715 4983 retlcetamus;
2737 4917 2874 4989 quia
2897 4916 3042 4972 nihii
3074 4919 3218 4974 mihi
3243 4923 3498 4992 prodest,

1845 5027 1977 5064 cum
2005 5009 2073 5063 de
2096 5006 2427 5063 cwlestibus
2451 5006 2643 5071 audio,
2673 5006 2721 5061 si
2746 5007 2866 5061 haec
2887 5007 3108 5078 quibus
3137 5009 3208 5064 ad
3243 5009 3503 5066 cmlestia

1845 5099 2127 5164 tenditur,
2159 5097 2229 5152 ad
2265 5111 2476 5150 manus
2529 5111 2644 5149 non
2691 5094 2910 5150 evolvo.
2944 5095 3109 5151 Unde
3140 5097 3502 5154 sanctissimi

1842 5187 2022 5259 hujus
2046 5185 2232 5241 Patris
2251 5185 2430 5240 vitam
2459 5183 2731 5239 Iidelibus
2754 5185 3028 5242 ducimus
3048 5185 3108 5240 in
3141 5186 3497 5260 exemplum,

1843 5276 1942 5348 qui
1965 5276 2118 5348 quod
2143 5273 2353 5329 diaboli
2379 5278 2739 5328 tentamenta
2761 5273 2986 5330 fortiter
3003 5275 3192 5341 evicit,
3219 5292 3281 5330 se
3303 5276 3502 5347 profe-

1841 5369 1933 5420 cto
1955 5363 2015 5420 in
2041 5364 2224 5419 ardua
2245 5362 2610 5435 sequendum
2636 5361 2786 5417 filios
2827 5363 3083 5418 edocuit.
3118 5365 3187 5419 Et
3217 5363 3498 5436 quoniam

1841 5453 2088 5526 gentiles
2120 5450 2452 5525 philosophi
2485 5450 2779 5522 prazclaris
2833 5468 3079 5508 suorum
3139 5451 3498 5508 facinoribus

1841 5541 2155 5612 provocati,
2187 5540 2300 5614 ipsi
2337 5539 2544 5612 perditi
2576 5540 2836 5611 perditos
2867 5541 3180 5612 quaesivere
3204 5537 3494 5594 memoria:

1839 5682 2342 5815 gz-Dgrﬁiwcesis
2363 5681 2892 5749 Catalaunensis,in
2924 5685 3112 5737 tractu
3145 5677 3424 5744 Partensi,
3445 5678 3495 5735 le

1887 5763 1975 5814 art
2013 5771 2116 5815 οιδ.

1887 5763 2042 5815 arma
2049 5763 2116 5815 ιδ.
