3906 6406
206 388 328 449 653

1541 396 1641 456 DE
1684 397 1867 458 VITA
1913 400 1974 459 S.
2025 402 2323 465 BASOLI.

3514 415 3631 474 654

205 497 488 551 omnium
520 497 804 553 bonarum
822 500 1104 554 virtutum
1128 516 1369 555 suarum
1393 503 1682 572 optimum
1709 503 1873 557 falsa-
1900 508 1955 572 Α
1986 512 2072 559 tos
2102 511 2367 579 sudores,
2404 514 2654 566 tiuantos
2690 488 2935 568 subierit
2968 531 3070 586 pro
3120 515 3349 571 Christo
3382 517 3628 582 labores,

207 590 487 644 mentum
520 589 577 643 in
610 589 841 643 cunctis
872 590 981 644 sibi
1017 589 1429 655 adhibuit.Qui
1464 591 1537 644 ab
1569 591 1665 646 illo
1699 593 1871 662 pieta-

206 682 334 733 tum
374 677 537 733 fonte
569 678 848 749 primario
878 678 1048 751 plene
1089 679 1512 745 decoratus,nil
1540 678 1697 734 aliud
1730 681 1869 735 foris

203 768 522 823 ostendere
555 768 764 840 potuit,
799 784 976 839 quam
1008 768 1163 840 quod
1198 768 1360 822 intus
1393 769 1610 822 donum
1636 768 1868 840 pietatis

203 859 448 913 infudit.
506 857 634 914 Fuit
681 874 938 929 namque
996 857 1212 929 ubique
1273 857 1600 929 piissimus,
1650 858 1868 929 ubique

204 948 534 1005 clementia:
582 949 850 1004 ubertate
906 948 1212 1019 profusus;
1244 948 1377 1019 pius
1437 949 1494 1002 in
1546 948 1865 1019 opulentia,

203 1040 338 1112 pius
362 1040 422 1093 ln
449 1037 729 1094 mediocri
754 1036 1113 1101 substantia;
1139 1036 1271 1107 pius
1295 1036 1447 1091 circa
1464 1035 1867 1108 ditiores,pius

205 1129 595 1187 nihilominus
618 1129 771 1183 circa
786 1127 1178 1199 pauperiores.
1196 1126 1265 1180 Et
1281 1126 1326 1179 si
1350 1130 1669 1179 coarctatos
1692 1130 1866 1196 atque

205 1231 469 1283 extrema
528 1218 874 1275 necessitate
934 1232 1235 1286 possessus
1295 1232 1473 1267 manu
1527 1213 1865 1268 subb-vaute

203 1314 568 1373 instantibus
607 1326 719 1363 non
754 1310 949 1378 posset
996 1304 1286 1373 angustiis
1338 1321 1557 1368 eruere,
1594 1303 1864 1373 precibus

207 1404 523 1460 insistebat
554 1416 667 1471 quo
700 1411 956 1466 superna
997 1392 1251 1464 potentis
1299 1391 1558 1446 levamen
1611 1392 1860 1447 adferret.

206 1494 365 1550 Unde
392 1506 583 1561 usque
602 1486 774 1541 hodie
797 1481 1041 1555 quilibet
1065 1486 1165 1535 aut
1190 1498 1383 1535 rerum
1417 1480 1623 1551 pulsus
1646 1480 1861 1533 incom-

204 1582 412 1647 modis,
430 1583 537 1636 aut
564 1575 817 1647 alicujus
838 1570 1229 1627 malefactoris
1252 1570 1588 1641 fatigatione
1611 1570 1858 1624 constri-

200 1678 349 1743 ctus,
381 1673 489 1727 aut
523 1667 726 1723 morbo
774 1666 1013 1735 urgente
1043 1663 1302 1725 vexatus,
1338 1658 1385 1714 si
1435 1657 1604 1731 plena
1640 1659 1753 1713 fide
1784 1659 1856 1713 ad

197 1762 378 1818 sancti
396 1759 585 1830 hujus
608 1751 919 1810 accesserit
941 1749 1258 1816 tumulum,
1275 1748 1413 1820 quia
1432 1747 1594 1819 pium
1620 1747 1857 1818 quzrsie-

196 1848 580 1921 rit,largitate
602 1841 835 1917 pietatis
860 1838 1287 1911 indulgentiam
1316 1838 1482 1891 laetus
1514 1836 1851 1908 rcportabit.

196 1941 350 2012 Saepe
380 1951 621 2010 quoque
668 1936 725 1987 et
772 1947 878 1985 nos
930 1928 1102 1983 tubas
1149 1924 1459 1998 populares
1490 1925 1562 1979 ad
1612 1941 1845 1979 sacrum

194 2045 401 2101 corpus
432 2024 801 2097 ejus,coacto
824 2035 996 2091 grege
1026 2016 1251 2071 venisse
1275 2015 1625 2085 aspeximus,
1646 2018 1848 2068 contra

196 2115 555 2173 adversarios
588 2128 729 2168 suos
759 2115 889 2164 voto
923 2125 987 2161 ac
1020 2104 1290 2176 lacrymis
1322 2104 1680 2174 adjutorium
1732 2103 1844 2155 im-

195 2207 476 2278 plorasse;
514 2215 766 2275 quorum
798 2196 1067 2270 precibus
1116 2199 1355 2248 sanctus
1405 2193 1504 2247 Dei
1549 2193 1847 2247 confessor

199 2297 399 2368 pietate
421 2296 729 2367 permotus
760 2286 1078 2343 semineces
1097 2282 1295 2349 erexit,
1314 2282 1542 2337 miseris
1570 2280 1841 2335 occurrit.

196 2390 419 2440 vexatos
451 2379 729 2444 absolvit,
761 2377 961 2431 hostes
1010 2373 1242 2445 abjecit,
1281 2373 1476 2427 tristes
1528 2372 1585 2424 in
1631 2370 1845 2443 gaudia

199 2471 592 2537 commutavit,
625 2472 682 2523 et
712 2464 1045 2521 dolentibus
1096 2461 1288 2517 felicia
1337 2460 1637 2532 provenire
1689 2458 1839 2513 t'ecit.

199 2563 332 2618 Hinc
355 2561 542 2635 igitur
563 2556 730 2613 facile
764 2568 1046 2626 cognosce
1068 2549 1208 2622 quia
1238 2550 1573 2621 quicunque
1605 2548 1675 2603 ad
1708 2563 1842 2602 eum

201 2669 324 2708 cum
354 2652 572 2725 pietate
604 2643 918 2710 accessit,a
947 2655 1190 2695 munere
1222 2638 1453 2710 pietatis
1483 2655 1704 2693 vacuus
1730 2654 1842 2691 non

201 2740 446 2809 recessit,
480 2737 625 2810 quia
654 2732 809 2805 quod
844 2731 933 2785 vir
967 2728 1078 2784 iste
1126 2727 1333 2783 beatus
1385 2728 1625 2798 accepit,
1660 2726 1843 2797 gratis

203 2828 375 2895 dedit;
395 2825 557 2899 quod
590 2820 871 2896 possedit,
890 2817 1140 2872 libenter
1162 2814 1393 2881 tribuit;
1415 2815 1566 2886 quod
1596 2814 1842 2869 obtineri

201 2917 396 2984 decuit,
431 2927 741 2984 nunquam
774 2907 1023 2981 negavit.

536 3001 614 3057 Ad
640 2999 1021 3072 perfectionem
1042 2996 1251 3067 jugz'tcr
1276 2995 1505 3065 (κρίναι.

265 3098 344 3150 17.
377 3094 477 3150 Hic
500 3090 798 3163 siquidem
820 3087 992 3158 longo
1015 3085 1165 3140 inter
1184 3084 1391 3138 fratres
1411 3082 1469 3136 in
1495 3082 1846 3163 monasterio

200 3185 446 3255 tempore
496 3158 721 3244 vivens,
772 3192 838 3231 ac
892 3174 1003 3229 sub
1064 3170 1398 3227 monasticm
1455 3158 1845 3225 institutionis

1980 604 2299 667 quantasve
2332 602 2724 674 spiritualium
2758 603 3144 658 certaminum
3196 606 3305 659 sibi
3359 606 3635 662 indixerit

1980 687 2304 758 passiones,
2328 690 2450 747 solo
2484 696 2629 746 teste
2661 691 2824 759 coelo,
2878 691 2999 745 solo
3032 693 3336 750 decertans
3380 696 3635 753 cmlcstis

1978 776 2190 830 Arbitri
2225 784 2806 853 cunctapenetraute
2857 788 3076 836 secreto
3129 787 3304 854 atque
3354 783 3634 840 invisibili

1969 863 2213 933 judicio,
2251 868 2387 939 quia
2418 886 2531 923 non
2564 869 2715 923 valet
2747 873 2943 924 nostro
2976 888 3243 926 sermone
3275 872 3504 941 revolvi,
3539 875 3632 930 de-

1978 956 2333 1010 cernendum
2368 957 2754 1028 relinquimus
2790 957 3049 1013 fidelium
3078 960 3469 1029 mstimationi,
3491 964 3631 1034 quia

1978 1043 2162 1096 sancti
2199 1062 2312 1099 non
2347 1045 2633 1100 minuitur
2662 1046 2981 1115 gloria,ubi
3016 1052 3223 1102 nostra:
3247 1049 3631 1123 deficitcopia

1975 1127 2450 1207 liuguaxVigiliis
2475 1134 2753 1189 nimirum
2772 1139 2825 1189 et
2844 1136 3628 1209 orationibusjugiterinten-

1978 1223 2093 1282 tlis,
2128 1225 2223 1274 aut
2261 1221 2487 1293 legebat
2536 1240 2784 1293 semper,
2820 1230 2919 1277 aut
2980 1224 3064 1278 vir
3119 1231 3359 1281 sanctus
3397 1228 3621 1283 orabat.

1975 1307 2212 1362 Nullum
2247 1316 2479 1381 tempus
2511 1330 2541 1364 a
2577 1312 2952 1367 meditatione
2975 1313 3119 1383 legis
3141 1314 3241 1368 Dei
3266 1316 3622 1385 prieteriens.

1974 1396 2133 1450 nullo
2168 1406 2464 1454 1001001110
2498 1418 2531 1454 0
2562 1400 2769 1454 salutis
2818 1402 3093 1472 operibus
3123 1418 3382 1473 cessans,
3405 1404 3625 1460 lassata

1972 1487 2264 1541 Continuis
2297 1488 2715 1544 afflictionibus
2740 1490 3003 1543 membra
3023 1490 3076 1543 in
3103 1490 3437 1544 servitutem
3458 1492 3628 1563 spiri-

1971 1578 2067 1629 tus
2100 1577 2417 1647 redigebat,
2451 1595 2687 1633 carnem
2738 1578 2991 1650 spiritui,
3042 1578 3316 1650 spiritum
3348 1581 3624 1636 curvabat

1969 1663 2454 1732 Salvatori,totus
2485 1666 2542 1720 in
2577 1666 3020 1735 lectione,totus
3054 1666 3110 1721 in
3144 1668 3432 1736 oratione;
3467 1687 3620 1726 sem-

1967 1768 2069 1821 per
2092 1752 2144 1805 in
2170 1755 2297 1824 ejus
2330 1770 2425 1807 ore
2466 1754 2752 1821 Christus,
2773 1771 3004 1826 semper
3034 1754 3091 1809 in
3133 1756 3261 1827 ejus
3294 1758 3466 1812 corde
3498 1758 3621 1830 Spi-

1968 1844 2060 1893 tus
2092 1846 2359 1907 sanctus;
2396 1858 2628 1913 semper
2658 1842 2727 1896 ab
2760 1842 2887 1911 ejus
2936 1847 3167 1914 pectore
3218 1848 3441 1899 interna)
3484 1846 3615 1903 vitaz

1962 1928 2184 1983 monita
2216 1930 2627 2000 procedebant.

2124 2036 2389 2107 Populum
2426 2036 2581 2090 verbo
2614 2045 2663 2091 ct
2689 2039 2931 2109 exemplo
2962 2039 3031 2093 ad
3060 2039 3301 2095 melioris
3332 2043 3453 2096 vita?

2483 2110 2789 2163 institutum
2816 2110 3083 2165 hortatur.

2028 2195 2111 2248 19.
2149 2194 2291 2249 Cum
2326 2202 2519 2251 autem
2544 2199 2671 2268 ejus
2691 2198 2885 2269 opinio
2909 2200 3181 2270 ccepisset
3208 2200 3290 2256 ire
3315 2217 3414 2271 per
3435 2218 3613 2274 popu-

1955 2282 2060 2347 los,
2097 2285 2233 2355 quia
2266 2287 2518 2355 profecto
2556 2288 2701 2341 tanti
2733 2288 2837 2341 viri
2873 2288 3145 2359 religiosa
3175 2290 3295 2345 vita
3333 2291 3610 2347 occultari

1956 2372 2054 2425 diu
2091 2390 2203 2425 non
2237 2379 2480 2443 poterat,
2505 2381 2803 2447 coeperunt
2833 2378 2903 2431 ad
2934 2395 3069 2433 eum
3101 2380 3454 2451 populorum
3478 2399 3611 2437 con-

1956 2460 2133 2515 fluere
2166 2460 2598 2532 multitudines,
2618 2466 2825 2522 salutis
2857 2472 2912 2521 et
2932 2467 3059 2520 vitae
3083 2468 3363 2525 auxilium
3389 2472 3460 2526 ab
3484 2472 3609 2543 ipso

1953 2555 2309 2619 expetentes.
2345 2552 2453 2617 Qui
2488 2553 2867 2610 beatissimus
2900 2556 2999 2610 Dei
3036 2573 3237 2613 servus
3269 2575 3373 2630 per
3421 2561 3610 2616 sancti

1955 2636 2209 2708 Spiritus
2237 2641 2487 2710 gratiam
2520 2642 2815 2713 sapienter
2853 2645 3113 2713 edoctus,
3145 2646 3505 2703 venientium
3537 2650 3610 2705 ad

1955 2741 2015 2779 se
2046 2726 2405 2797 frequentias
2436 2728 2741 2783 hominum
2793 2730 3046 2802 effugere
3084 2750 3196 2787 non
3236 2732 3456 2802 valens,
3508 2751 3609 2791 eas

1954 2819 2289 2869 sanctarum
2306 2817 2783 2886 przedicationum
2803 2819 3548 2895 radiisillustrabat,eloqui
3557 2824 3606 2880 is

1955 2903 2183 2957 Domini
2212 2903 2635 2975 inflammabat,
2669 2912 2840 2979 atque
2870 2909 2941 2962 ad
2974 2925 3232 2964 amorem
3282 2911 3606 2968 ccelestium

1957 2993 2109 3062 quod
2134 2991 2306 3047 dictis
2337 2995 2703 3064 provocabat,
2737 2996 3018 3067 exemplis
3048 2997 3423 3053 informabat.
3458 3000 3609 3055 Gau-

1958 3080 2129 3134 debat
2154 3082 2405 3153 populus
2428 3084 2736 3139 universus
2758 3085 2829 3140 ad
2852 3086 3179 3141 doctrinam
3207 3087 3416 3159 ipsius,
3439 3089 3606 3145 bene-

1957 3169 2202 3224 dicendo
2233 3171 2411 3225 simul
2443 3177 2498 3226 et
2529 3172 2819 3229 laudando
2869 3175 3204 3243 Dominum,
3242 3177 3341 3248 qui
3392 3177 3505 3233 sibi
3533 3180 3606 3235 ad

203 3245 497 3344 disciplina
518 3284 656 3324 cum
687 3264 909 3322 cazteris
930 3263 1046 3317 Deo
1069 3260 1445 3323 militans,ita
1474 3275 1536 3313 se
1567 3258 1834 3329 spiritua-
1865 3245 1913 3309 D
1952 3257 2200 3315 salutem
2234 3260 2555 3317 multorum
2584 3263 2641 3318 in
2674 3263 2819 3319 fines
2850 3281 2989 3319 suos
3013 3264 3493 3322 liberalissimum
3519 3267 3606 3322 di-

205 3357 345 3416 libus
372 3356 641 3416 subdidit
664 3351 971 3418 institutis,
992 3354 1055 3405 ut
1087 3348 1350 3403 moribus
1381 3348 1683 3402 consocios
1705 3365 1843 3402 suos

207 3450 573 3514 antecederet,
591 3450 767 3516 atque
797 3438 1120 3515 prudentiae
1138 3438 1343 3493 decore
1362 3436 1514 3492 inter
1542 3437 1688 3491 alios
1723 3438 1844 3508 ipse

208 3537 610 3609 resplenderet.
631 3534 701 3590 Et
731 3549 865 3588 cum
898 3532 967 3585 de
997 3529 1207 3584 virtute
1247 3528 1306 3581 in
1351 3526 1623 3582 virtutem
1656 3527 1846 3582 fidelis

209 3623 420 3682 Domini
450 3626 626 3682 miles
652 3619 984 3678 sublimiter
1013 3617 1379 3684 excrevisset,
1404 3616 1845 3689 perfectissimis

207 3711 317 3783 ipse
346 3716 517 3788 coepit
545 3710 750 3769 haberi
781 3707 1114 3781 perfectior;
1149 3710 1206 3760 et
1234 3721 1368 3760 cum
1401 3709 1627 3760 caveret
1656 3721 1726 3760 ne
1776 3704 1846 3759 de

208 3800 427 3859 fervoris
443 3809 620 3876 atque
636 3796 974 3855 constantia:
992 3812 1109 3851 suae
1127 3793 1537 3867 gratia,divina
1553 3792 1608 3848 in
1632 3798 1849 3849 statera

202 3887 424 3958 justitiaa
458 3886 811 3947 examinatio
857 3884 1054 3941 minus
1101 3881 1322 3953 aliquid
1372 3881 1718 3945 invenisset;
1748 3898 1850 3954 per

210 3980 529 4049 quotidiana
552 3979 914 4035 incrementa
950 3988 1181 4045 semper
1217 3971 1492 4026 tendebat
1514 3972 1583 4025 ad
1618 3970 1844 4039 altiora,

209 4080 422 4141 semper
447 4069 507 4126 in
534 4066 843 4124 sanctitate
866 4061 1178 4119 ferventior
1199 4077 1265 4116 ac
1286 4060 1480 4132 seipse
1515 4059 1845 4115 sublimior.

213 4151 344 4211 Nam
374 4175 505 4215 cum
540 4158 819 4212 diuturna
849 4150 1279 4209 examinatione
1312 4150 1371 4205 in
1403 4148 1848 4221 congregatione

216 4241 441 4302 fratrum
474 4244 808 4303 communis
838 4239 1107 4298 exercitio
1142 4256 1351 4311 pugnae
1393 4238 1538 4295 bene
1570 4238 1849 4309 probatus

213 4335 261 4385 et
286 4335 538 4407 undique
565 4334 815 4407 perfecte
847 4330 1056 4386 fuisset
1083 4327 1375 4393 elimatus,
1409 4330 1473 4380 ut
1522 4326 1848 4381 secundum

214 4416 555 4494 Scripturam
570 4421 791 4495 justior
812 4421 1047 4483 esset,et
1070 4415 1259 4487 magis
1282 4414 1476 4469 adhuc
1496 4414 1850 4469 sanctificari

216 4512 479 4576 potuisset
540 4513 721 4584 (Apoc.
754 4526 893 4575 xxn,
929 4507 1039 4571 11),
1068 4505 1139 4560 ad
1199 4504 1497 4575 singulare
1555 4508 1850 4559 certamen

1956 3352 2180 3402 rexerat
2210 3354 2544 3420 patronum.

2132 3440 2349 3494 Fontem
2382 3443 2440 3495 in
2469 3444 2666 3496 montis
2697 3444 2892 3498 vertice
2920 3444 3126 3499 ca'litus
3157 3446 3424 3516 impetrat.

2024 3528 2113 3581 20.
2149 3528 2271 3583 Non
2321 3545 2454 3584 vero
2504 3534 2592 3584 est
2641 3530 2757 3585 ullo
2790 3533 2962 3587 modo
3009 3532 3424 3598 dubitandum,
3449 3533 3603 3605 quod

1957 3615 2017 3669 Β.
2036 3615 2276 3671 Basolus
2299 3617 2397 3689 qui
2422 3622 2718 3673 tantorum
2743 3620 3029 3675 bonorum
3048 3620 3211 3691 prius
3234 3620 3459 3675 radices
3478 3622 3612 3676 fixe-

1957 3708 2063 3771 rat,
2085 3709 2258 3777 atque
2279 3705 2503 3761 intimis
2524 3706 2844 3763 virtutibus
2875 3708 2975 3763 Dei
3008 3707 3117 3762 soli
3149 3707 3378 3780 sibique
3411 3710 3610 3783 cogni-

1956 3795 2051 3845 tus
2086 3791 2275 3846 fuerat
2305 3808 2408 3863 per
2437 3792 2738 3865 signorum
2787 3810 2981 3850 ramos
3031 3794 3286 3850 exterius
3335 3795 3608 3865 diffusus,

1957 3896 2071 3935 non
2096 3879 2270 3934 etiam
2302 3880 2641 3937 hominibus
2661 3882 3096 3939 demonstratus
3114 3881 3426 3955 insigniter
3443 3884 3617 3941 mira-

1958 3967 2105 4023 culis
2124 3974 2470 4024 coruscaret.
2491 3970 2596 4035 Qui
2621 3970 2762 4025 dum
2788 3971 2846 4026 in
2872 3971 3145 4044 praedicto
3168 3971 3292 4027 loco
3311 3972 3370 4026 in
3398 3977 3614 4028 sanctae

1960 4058 2416 4113 conversationis
2439 4058 2669 4115 culmen
2694 4059 2950 4116 eminere
2968 4061 3258 4134 coepisset.
3268 4060 3486 4133 placuit
3508 4062 3616 4119 cle-

1959 4146 2187 4201 mentis:
2220 4147 2539 4204 divinitatis
2561 4150 2886 4217 ostendere,
2905 4155 3135 4222 quanta;
3169 4152 3322 4223 apud
3358 4168 3418 4206 se
3460 4156 3616 4207 esset

1956 4235 2192 4291 virtutis
2223 4242 2278 4290 et
2301 4238 2625 4309 meriti,qui
2645 4243 2875 4293 tantum
2901 4239 2957 4293 in
2982 4244 3136 4294 terra
3156 4256 3350 4295 coram
3382 4239 3614 4311 populis

1957 4325 2117 4379 visus
2150 4325 2357 4380 fuisset
2388 4325 2869 4381 humiliari.Nam
2892 4343 3024 4382 cum
3047 4327 3103 4381 in
3128 4344 3363 4382 summo
3395 4329 3614 4382 montis

1958 4413 2190 4485 vertice,
2226 4414 2379 4467 sicut
2410 4413 2805 4484 preediximus,
2844 4414 3245 4469 reconditioris
3293 4413 3613 4469 habitaculi

1960 4500 2230 4556 cellulam
2263 4502 2561 4571 erexisset,
2594 4506 2651 4556 et
2680 4518 2843 4573 aqua:
2872 4502 3118 4572 penuria
3148 4501 3234 4555 vir
3258 4506 3498 4558 sanctus
3530 4502 3615 4557 ni-

218 4605 463 4670 properat
490 4606 697 4657 contra
726 4596 1025 4653 diabolum
1059 4597 1448 4665 pugnaturus,
1483 4592 1714 4646 Domini
1745 4594 1852 4647 vir-
1882 4613 1924 4679 C
1960 4591 2145 4644 mium
2178 4589 2493 4656 laboraret;
2521 4590 2775 4661 quadam
2798 4590 2888 4643 die
2912 4589 2969 4643 in
2994 4589 3092 4645 ill‘o
3115 4594 3313 4645 monte
3334 4591 3501 4646 nisus
3523 4595 3613 4646 est

217 4684 326 4740 tute
351 4691 640 4761 sapienter
668 4688 952 4743 armatus.

282 4774 356 4831 18.
388 4777 597 4835 Volens
654 4776 849 4847 itaque
908 4772 1229 4828 humanam
1281 4787 1382 4842 per
1425 4769 1624 4825 omnia
1666 4770 1844 4827 vitare

222 4868 690 4923 conversationem
747 4868 802 4918 et
860 4861 1083 4935 ingredi
1142 4859 1320 4914 vitam
1382 4859 1725 4925 solitariam,
1784 4862 1843 4915 in

222 4956 483 5010 nemorosi
552 4954 771 5012 montis
845 4951 1148 5007 cacumine
1217 4948 1409 5003 locum
1484 4966 1689 5004 rursus
1735 4949 1845 5005 sibi

222 5033 372 5110 elegit
441 5044 711 5111 alterum,
772 5042 831 5096 in
921 5056 1036 5111 quo
1123 5037 1329 5093 cellam
1398 5053 1532 5091 cum
1596 5039 1847 5093 oratorio

154 5157 164 5165 ς
226 5133 542 5204 construxit,
574 5129 950 5204 singulariter
980 5125 1306 5182 conversari
1340 5124 1698 5193 desiderans,
1734 5143 1848 5197 quo

224 5217 487 5276 mandatis
531 5218 865 5289 cmlestibus
914 5215 1228 5289 perfectius
1273 5218 1428 5269 esset
1471 5212 1753 5279 intentus,
1789 5219 1845 5269 et

225 5306 676 5380 contemplativos
710 5307 948 5363 suavius
978 5308 1036 5360 et
1067 5302 1271 5374 purius
1302 5306 1500 5373 posset
1537 5304 1844 5375 decerpere

228 5382 441 5450 fructus.
457 5400 576 5464 Quo
604 5398 663 5451 in
686 5396 811 5451 loco
834 5393 1115 5450 secretius
1134 5409 1235 5464 per
1255 5392 1641 5464 quadraginta
1658 5410 1844 5448 annos

229 5467 489 5554 habitans,
520 5492 575 5543 et
605 5489 808 5541 contra
837 5482 1144 5553 antiquum
1176 5485 1504 5550 serpentem
1537 5482 1717 5551 (Apoc.
1741 5498 1841 5548 xu,

228 5558 274 5627 9)
302 5571 359 5622 ut
382 5571 540 5633 fortis
570 5573 791 5634 athleta
809 5570 1054 5629 viriliter
1074 5573 1249 5642 atque
1269 5568 1847 5642 insuperabiliter'di-

232 5650 789 5740 micans,imperatori
818 5678 924 5719 suo
950 5658 1200 5715 ﬁdeliter
1222 5657 1515 5716 militavit.
1536 5657 1641 5716 Ubi
1666 5675 1847 5732 quan-

1957 4679 2025 4735 de
2056 4683 2218 4733 terra:
2248 4679 2571 4733 visceribus
2605 4679 2676 4732 ad
2712 4695 2849 4733 suos
2881 4694 3027 4733 usus
3079 4695 3291 4749 aquam
3342 4680 3609 4736 educere.

1955 4770 2058 4834 Qui
2095 4785 2226 4822 eum
2260 4768 2330 4822 ad
2366 4767 2697 4822 fodiendam
2732 4771 2945 4822 terram
2980 4768 3295 4835 accederet,
3320 4773 3376 4823 et
3398 4785 3612 4841 aquam

1956 4857 2063 4911 sibi
2098 4856 2299 4913 deesse
2329 4854 2535 4910 anxius
2560 4856 2752 4924 ferret,
2771 4856 2994 4911 devotis
3017 4857 3288 4928 precibus
3311 4858 3382 4912 ad
3416 4858 3613 4913 Domi-

1958 4962 2097 5000 num
2132 4962 2448 4999 conversus
2481 4962 2615 5000 eum
2650 4945 2898 5013 invocat,
2933 4945 3031 5016 qui
3066 4946 3362 5017 quondam
3397 4945 3614 5020 populo

1959 5053 2065 5088 sua
2097 5051 2199 5105 per
2230 5035 2457 5088 deserta
2489 5034 2621 5088 sitis
2644 5033 2839 5106 inopia
2863 5034 3355 5107 fatigato,aquam
3380 5036 3450 5091 de
3468 5037 3615 5093 duro

1958 5123 2235 5195 dignatus
2267 5126 2355 5176 est
2388 5122 2709 5193 producere
2740 5140 2898 5177 saxo.
2935 5124 3065 5178 Mox
3095 5124 3251 5180 dicto
3281 5125 3455 5179 citius
3486 5126 3616 5182 fons

1953 5212 2012 5266 in
2044 5212 2245 5267 eodem
2280 5212 2404 5267 loco
2454 5213 2629 5282 coepit
2682 5212 3231 5268 abundantissimus
3282 5214 3480 5281 ﬂuere,
3514 5215 3614 5286 qui

1957 5318 2144 5373 usque
2176 5300 2233 5355 in
2270 5318 2527 5372 prmsens
2561 5305 2793 5372 tempus
2826 5303 2898 5356 de
2929 5302 3330 5372 superioribus
3380 5304 3449 5357 ad
3498 5303 3617 5359 ima

1955 5390 2277 5457 delabitur;
2302 5392 2394 5444 cui
2418 5390 2684 5446 videlicet
2708 5390 2873 5458 fonti,
2901 5391 2971 5445 ad
2991 5391 3097 5445 viri
3123 5391 3223 5446 Dei
3260 5391 3612 5463 obsequium

1956 5479 2015 5534 in
2049 5484 2247 5535 monte
2282 5480 2603 5546 emananti,
2629 5484 2799 5535 vetus
2839 5497 3051 5535 nomen
3084 5486 3173 5535 est
3206 5496 3219 5533 :
3257 5479 3421 5551 Legit
3456 5496 3611 5536 ossa.

1959 5568 2066 5636 Qui
2086 5573 2285 5625 tamen
2309 5585 2423 5624 non
2447 5568 2671 5642 absque
2688 5568 2909 5625 ratione
2928 5570 3011 5625 sic
3032 5567 3310 5641 appellari
3330 5567 3613 5636 creditur;

1959 5675 2093 5714 nam
2122 5674 2227 5733 pro
2251 5674 2316 5716 eo
2340 5658 2495 5732 quod
2518 5676 2586 5716 ex
2607 5658 2797 5716 officio
2820 5656 3222 5717 medicaminis
3251 5653 3494 5732 depulsa
3523 5656 3613 5713 in-
