3906 6352
296 334 515 416 655'

1409 360 1740 424 ABSONIS
1786 357 2224 425 DERVENSIS
2268 358 2606 422 ABBATIS

3595 364 3732 429 656

293 493 571 550 firmitate
601 494 861 550 humana
882 493 1023 565 ligat
1040 495 1268 561 ossa,id
1290 499 1376 550 est
1398 494 1594 549 firmat
1615 499 1670 550 et
1711 493 1944 561 solidat,
1978 495 2033 562 Α
2060 492 2269 550 salutis
2301 494 2539 566 signum
2568 494 2987 549 continentem.
3026 496 3159 561 Quae
3192 496 3367 552 etiam
3401 514 3543 553 crux
3575 496 3736 553 inte-

288 583 363 639 ab
396 583 525 655 ipsa
554 599 662 637 sua
684 580 906 638 salubri
938 583 1235 653 potatione
1259 598 1469 638 nomen
1495 585 1544 638 ei
1570 584 1751 639 fuisse
1770 584 1951 655 impo-

288 670 471 728 situm
494 687 609 727 non
638 669 1000 726 dubitamus.
1025 670 1133 737 Qui
1168 671 1296 727 fons
1322 672 1464 728 olim
1501 672 1611 728 sub
1644 673 1832 728 sancti
1867 687 1953 728 se-

288 758 493 833 pulcro
519 757 989 824 exsiliens,nunc
1022 760 1277 831 quodam
1312 760 1479 833 quasi
1505 762 1576 816 de
1596 761 1831 816 vasculo
1849 778 1953 834 per

287 847 546 904 ecclesia:
572 864 634 903 se
658 848 1042 904 fundamenta
1074 851 1406 922 prorumpit
1427 850 1794 919 (17),haustu
1826 850 1953 906 dul-

289 936 374 993 cis
396 941 452 992 et
482 936 553 993 ad
585 937 909 1009 potandum
942 936 1217 993 salubris.
1252 938 1332 995 De
1364 955 1479 1011 quo
1530 938 1752 995 scilicet
1796 939 1951 995 sicut

290 1026 495 1083 multis
514 1026 832 1081 sanitatum
853 1027 1264 1097 experimentis
1278 1032 1639 1099 compertum
1657 1033 1949 1097 tenemus,

289 1116 496 1189 siquis
518 1119 770 1187 mgrotus
800 1132 1149 1187 quacunque
1173 1117 1515 1173 infirmitate
1547 1119 1819 1174 detentus
1848 1119 1949 1173 de-

290 1205 573 1262 siderium
607 1204 873 1277 potandi,
889 1204 974 1259 vel
1006 1223 1217 1277 corpus
1248 1223 1316 1261 ex
1336 1224 1402 1261 eo
1423 1206 1693 1263 habuerit
1715 1206 1952 1263 abluen-

289 1296 370 1365 di,
404 1296 476 1350 de
504 1294 720 1348 virtute
744 1292 931 1347 sancti
956 1293 1307 1349 confessoris
1337 1296 1615 1363 conﬁsus,
1642 1296 1950 1369 adeptione

290 1387 536 1456 speratis
567 1381 775 1438 salutis
808 1398 924 1438 non
957 1382 1065 1438 erit
1096 1382 1215 1440 ullo
1268 1384 1439 1440 modo
1490 1384 1686 1441 divina
1732 1387 1948 1458 pietate

289 1472 630 1531 frustratus.

717 1563 871 1619 Cerco
898 1568 1023 1617 nato
1053 1562 1236 1617 lumen
1268 1566 1523 1619 restituit.

361 1654 452 1708 21.
484 1651 656 1707 Aliud
681 1666 915 1723 quoque
936 1668 1051 1706 non
1075 1652 1440 1725 prmterimus
1463 1652 1691 1727 insigne
1712 1654 1946 1710 virtutis

288 1740 667 1810 miraculum,
696 1740 852 1812 quod
903 1740 975 1796 ad
1027 1741 1454 1797 ostendendum
1496 1742 1558 1798 B.
1594 1743 1945 1801 confessoris

2057 582 2313 653 gerrime
2334 582 2413 638 ibi
2434 586 2737 655 permanet
2756 599 2942 655 usque
2962 585 3022 638 in
3045 590 3392 656 praesentem
3410 586 3566 642 diem
3581 587 3598 659 (
3608 588 3730 659 18).

2061 670 2455 727 Lectoriolum
2487 687 2720 743 quoque
2748 672 3044 743 quoddam
3075 672 3338 746 ligneum
3383 673 3734 748 sculptoria:

2060 760 2205 815 artis
2237 759 2635 833 pulcherrima
2684 760 2877 833 specie
2927 763 3319 835 compositum
3368 781 3568 820 secum
3617 764 3735 821 Dei

2060 848 2318 905 famulus
2352 849 2499 905 ferre
2531 850 3260 918 consueverat,altitudine
3282 852 3479 925 palmo
3509 870 3545 909 a
3568 857 3740 910 terra

2058 937 2464 1010 prominenti:
2501 937 2594 993 cui
2646 938 2767 994 sive
2818 940 3048 1008 sedens,
3074 939 3193 997 sive
3243 941 3422 997 etiam
3473 941 3534 998 in
3566 946 3739 999 terra

2050 1026 2277 1097 jacens,
2290 1026 2661 1105 psalmorum
2684 1026 2769 1082 vel
2794 1044 3096 1084 sacrarum
3130 1030 3567 1103 Scripturarum
3590 1048 3746 1105 sup-

2057 1116 2253 1186 posita
2290 1100 2605 1170 .volumina
2651 1133 2803 1188 sarpc
2852 1117 3152 1172 recitabat.
3186 1100 3276 1173 Dei
3296 1137 3413 1192 qua
3455 1100 3738 1176 videlicet

2059 1204 2351 1272 mensula,
2385 1204 2608 1260 excisas
2643 1205 2712 1259 ad
2748 1206 2919 1261 fidem
2956 1206 3163 1261 divina:
3196 1208 3429 1264 virtutis
3467 1210 3736 1281 sparsim

2056 1293 2375 1366 particulas
2406 1292 2746 1365 morbisque
2790 1299 2846 1348 et
2876 1295 3129 1350 maxime
3170 1296 3434 1351 dentium
3478 1300 3733 1354 restibus

2056 1381 2455 1455 interpositus,
2469 1381 2689 1439 multas
2709 1383 2981 1440 novimus
3002 1384 3262 1441 effecisse
3282 1385 3548 1457 virtutes,
3566 1387 3735 1445 sicut

2057 1471 2183 1527 loco
2215 1488 2321 1528 suo
2354 1470 2565 1544 poterit
2595 1487 2947 1545 cognoscere
2970 1472 3169 1529 lector.

2146 1579 2353 1652 Aprum
2382 1595 2415 1635 a
2448 1578 2794 1653 venatoribus
2819 1588 3018 1653 tuetur.
3049 1582 3269 1653 Insigne
3296 1584 3633 1639 miraculum

2568 1650 2640 1706 ad
2670 1650 2922 1708 Vidulam
2959 1650 3197 1709 amnem.

2122 1740 2213 1793 23.
2248 1740 2379 1795 Jam
2401 1739 2583 1812 igitur
2604 1738 2801 1795 divina
2822 1740 3083 1813 potentia
3113 1743 3442 1800 secundum
3460 1744 3735 1804 inelfabi-

285 1829 501 1889 Christi
527 1826 717 1927 Basoli
746 1829 1023 1932 meritum
1047 1834 1279 1885 constat
1299 1831 1357 1886 in
1376 1830 1577 1887 eodem
1601 1831 1725 1887 loco
1749 1831 1943 1889 divina
1971 1866 2019 1932 Β
2054 1828 2138 1929 les
2162 1827 2486 1932 divinitatis
2515 1827 2790 1932 et‘gloriae
2985 1831 3240 1932 divitias,
3273 1833 3443 1932 hunc.
3478 1835 3732 1891 beatum

284 1921 465 1977 fuisse
497 1916 758 1990 potentia
778 1915 1165 1973 declaratum.
1188 1919 1333 1974 Nam
1356 1920 1595 1991 quidam
1614 1921 1939 1994 puer,sicut

282 2012 355 2067 ab
389 2010 516 2082 ipso
549 2006 840 2079 portantis
862 2011 1025 2062 utero
1059 2007 1117 2062 in
1151 2008 1439 2063 mundum
1481 2010 1774 2065 nascendo
1805 2027 1937 2083 pro-

280 2100 489 2168 dierat,
523 2100 804 2168 perpetua
826 2093 1071 2151 luminis
1103 2096 1350 2151 orbitate
1400 2099 1940 2170 privatus,nomine

276 2183 1003 2259 Aunegiselus,oculorum
1036 2183 1188 2241 male
1219 2186 1478 2260 ingenita
1510 2187 1764 2243 czecitate
1786 2191 1940 2243 tene-

280 2278 456 2332 batur
488 2273 834 2343 damnatus;
866 2273 960 2329 cui
993 2273 1204 2331 ccelum
1236 2280 1292 2331 et
1322 2280 1477 2331 terra
1507 2292 1609 2349 per
1639 2293 1757 2332 sum
1776 2282 1940 2333 natu-

281 2382 357 2421 ra:
388 2362 733 2436 qualitatem
767 2362 1069 2436 incognita
1099 2363 1350 2432 fuerant,
1376 2364 1485 2421 nisi
1517 2370 1747 2423 tantum
1779 2367 1936 2439 quod

282 2453 489 2510 auditu
517 2449 609 2507 vel
639 2454 800 2507 tactu
830 2452 1122 2525 potuisset
1153 2453 1473 2511 advertere.
1499 2454 1602 2511 Hic
1629 2454 1809 2528 igitur
1838 2472 1940 2512 ca:-

282 2542 476 2598 citatis
508 2557 624 2596 SUtB
648 2539 865 2597 damna
881 2556 996 2596 non
1020 2545 1228 2614 sponte
1251 2541 1463 2614 ferens,
1478 2542 1548 2598 ad
1583 2543 1801 2599 montis
1830 2560 1937 2600 su-

282 2629 511 2702 periora
556 2644 660 2700 per
702 2626 954 2684 alterum
1000 2629 1237 2702 ductus,
1270 2633 1406 2685 ante
1453 2629 1611 2687 illius
1666 2629 1776 2687 viri
1834 2631 1937 2688 Dei

282 2717 555 2775 cellulam
578 2714 864 2773 excubare
886 2722 1266 2774 consueverat
1288 2717 1690 2792 caecus.Cujus
1709 2718 1937 2792 injuriis

281 2809 521 2863 sanctus
550 2804 782 2862 Domini
816 2804 1270 2861 misericorditer
1293 2822 1658 2879 compassus,
1675 2809 1746 2864 ad
1776 2807 1933 2866 coale-

280 2900 430 2952 stem
462 2910 767 2950 recurrens
799 2891 1348 2964 Medicum,orando
1380 2897 1655 2954 studebat
1674 2898 1937 2954 obtinere

279 2983 627 3040 remedium.
652 2982 769 3038 Nec
800 2981 996 3037 divina
1026 2981 1290 3055 dignatio
1322 2984 1526 3039 audire
1552 2985 1782 3040 distulit
1811 3003 1937 3058 pro-

275 3070 418 3127 ximi
441 3087 545 3143 pro
566 3068 755 3125 salute
773 3068 991 3123 infirmi
1024 3071 1529 3127 certantem.Nam
1554 3088 1688 3128 mox
1707 3071 1937 3145 expleta

275 3156 715 3223 oratione,inter
734 3155 962 3211 medias
982 3157 1252 3212 tenebras
1264 3157 1363 3212 diu
1382 3163 1592 3231 negata
1607 3157 1705 3214 lux
1722 3161 1930 3232 patuit,

2047 1918 2237 1973 virum
2269 1922 2509 1973 terrena:
2542 1918 2719 1974 etiam
2765 1919 3150 1977 sublimitatis
3202 1921 3543 1980 hominibus
3580 1940 3731 1981 con-

2047 2006 2300 2064 stituens
2330 2006 2533 2063 haberi
2565 2008 2969 2077 reverendum,
2992 2008 3185 2065 locum
3218 2027 3452 2084 quoque
3480 2018 3731 2087 propter

2045 2095 2432 2152 inhabitantis
2445 2095 2724 2151 meritum
2742 2098 3168 2170 temporalibus
3184 2101 3700 2174 rebus,adpra:sen
3712 2145 3725 2157 .

2047 2183 2286 2255 quidem
2321 2185 2428 2239 sub
2462 2183 2568 2239 hac
2615 2184 2921 2241 Occasione
2951 2188 3280 2243 decreverat
3320 2188 3729 2247 fulciendums

2048 2273 2183 2329 Erat
2220 2287 2477 2344 namque
2514 2273 2756 2344 quidam
2780 2281 3110 2347 praepotens
3129 2276 3310 2333 Attila
3332 2270 3596 2348 nomine;
3623 2280 3729 2337 hic

2045 2360 2295 2418 venandi
2326 2360 2514 2433 gratia
2543 2361 2629 2432 (ut
2656 2360 2803 2417 illud
2844 2378 3033 2435 genus
3067 2370 3155 2421 est
3175 2366 3507 2440 hominum)
3527 2370 3727 2425 conti-

2048 2465 2227 2522 guam
2256 2449 2363 2505 viri
2397 2449 2499 2506 Dei
2531 2449 2754 2506 cellulae
2788 2452 2997 2509 silvam
3030 2472 3199 2510 suam
3233 2456 3567 2514 intraverat.
3603 2459 3729 2516 Nec

2048 2555 2150 2611 spe
2180 2537 2463 2595 frustrata
2494 2540 2753 2611 agrestis
2783 2542 2979 2612 praeda
3009 2544 3213 2599 defuit.
3235 2545 3381 2601 Nam
3413 2546 3574 2602 miras
3599 2563 3730 2605 ma-

2046 2625 2373 2701 gnitudinis
2398 2644 2608 2700 aprum
2621 2672 2635 2696 ,
2649 2629 2986 2687 recentibus
3006 2633 3268 2705 vestigiis
3285 2634 3606 2707 fugientem
3624 2637 3723 2692 in-

2047 2716 2317 2788 sequitur
2337 2714 2753 2773 anhelantibus
2776 2719 3052 2791 equis.At
3081 2720 3184 2777 illa
3201 2722 3480 2780 immanis
3502 2724 3721 2795 bestia,

2048 2809 2114 2861 ut
2142 2804 2371 2861 cunctis
2401 2803 2729 2861 viventibus
2755 2811 2846 2862 est
2876 2812 3087 2865 natura
3118 2811 3327 2868 mortis
3355 2812 3589 2870 horrere
3618 2814 3724 2870 in-

2045 2892 2587 2959 teritum,montem
2620 2893 2678 2947 in
2712 2911 2827 2966 quo
2857 2896 2946 2951 vir
2974 2896 3075 2953 Dei
3097 2901 3390 2956 resederat
3422 2904 3724 2975 ascendit,

2045 2982 2120 3038 ad
2152 2979 2357 3036 cellam
2388 2980 2517 3050 ejus
2568 2984 2724 3036 recto
2766 2999 2974 3054 gressu
3025 2989 3310 3057 pervenit,
3341 3006 3715 3064 sensumque

2044 3068 2479 3142 quodammodo
2502 3068 2748 3126 rationis
2773 3069 3300 3147 habens,dcposita
3322 3078 3547 3136 feritate
3571 3082 3718 3137 ante

2044 3157 2222 3230 pedes
2251 3155 2439 3211 sancti
2469 3155 2703 3229 hispida
2730 3158 2929 3215 buella
2957 3162 3330 3233 pervolvitur,
3360 3169 3529 3238 quasi
3573 3170 3717 3225 vitae

276 3250 452 3318 atque
482 3244 555 3301 ad
587 3258 746 3299 novze
794 3242 1077 3299 claritatis
1135 3245 1383 3317 gratiam
1443 3252 1699 3303 reserata
1745 3249 1931 3305 fronte
1961 3231 2006 3299 C
2045 3244 2572 3317 sumimploratura
2589 3231 3034 3317 prmsidium.At
3057 3250 3154 3307 ille
3174 3231 3453 3311 misertus
3477 3257 3720 3315 irratio-

277 3350 491 3391 novum
522 3332 633 3389 sibi
667 3332 958 3387 mundum
991 3350 1167 3405 quem
1199 3350 1505 3407 nunquam
1536 3335 1767 3393 viderat
1783 3354 1937 3394 reco-

276 3423 508 3497 gnovit;
544 3420 643 3495 qui
673 3420 1022 3477 duodecimo
1043 3437 1161 3477 sua:
1194 3424 1382 3480 aztatis
1406 3441 1557 3480 anno
1580 3424 1803 3483 meliori
1833 3428 1936 3483 du-

279 3516 414 3571 catu
446 3510 646 3567 lumen
685 3510 758 3565 ad
794 3509 1029 3583 prepria
1058 3509 1226 3568 lmtus
1255 3512 1589 3587 reportavit.
1622 3517 1744 3582 Quo
1772 3533 1937 3572 vene-

279 3600 493 3659 rabiles
516 3597 788 3657 monachi
815 3598 875 3655 in
896 3597 1156 3657 inferiori
1181 3601 1397 3658 montis
1420 3603 1559 3669 situ,
1575 3604 1727 3660 sicut
1756 3622 1936 3678 supra

280 3688 667 3757 ostendimus,
699 3687 1035 3745 habitantes
1070 3689 1289 3759 audito,
1324 3690 1572 3748 insolitae
1611 3692 1691 3750 rei
1742 3694 1934 3751 admi-

280 3779 465 3837 randa
495 3777 749 3834 novitate
780 3776 1056 3850 perculsi,
1080 3780 1345 3836 accensis
1391 3780 1571 3838 cereis
1619 3781 1934 3840 Dominicis

280 3866 471 3926 crucis
528 3865 588 3933 in
650 3864 925 3922 manibus
986 3865 1223 3939 signum
1274 3867 1523 3926 ferentes
1556 3871 1933 3944 triumphale,

276 3956 508 4031 magnis
538 3953 781 4011 laudum
813 3952 1052 4010 vocibus
1085 3972 1270 4028 usque
1302 3958 1372 4012 ad
1396 3974 1530 4013 eum
1554 3958 1748 4015 locum
1769 3974 1936 4015 vene-

274 4050 413 4102 runt
435 4040 772 4118 psallentes,
807 4041 924 4097 Deo
958 4044 1180 4115 gratias
1212 4046 1571 4101 unanimiter
1601 4052 1858 4121 agentes.

446 4132 668 4187 Crucem
703 4128 975 4201 lapideam
1007 4133 1067 4185 in
1095 4147 1273 4188 eremo
1303 4135 1510 4207 erigere
1540 4138 1768 4191 curavit.

340 4225 431 4277 22.
463 4219 550 4276 Ab
571 4234 637 4275 eo
661 4217 841 4291 igitur
864 4222 1126 4292 tempore
1143 4237 1355 4277 nomen
1380 4221 1531 4278 beati
1566 4222 1675 4279 viri
1696 4239 1932 4280 omnem

270 4312 424 4368 circa
445 4308 763 4382 regionem,
782 4323 886 4379 per
908 4307 1107 4379 plures
1131 4310 1303 4382 coepit
1325 4311 1595 4381 diffundi,
1611 4312 1752 4385 quia
1783 4313 1935 4370 sicut

271 4400 557 4474 scriptum
582 4402 669 4455 est
693 4414 705 4452 :
731 4398 849 4454 Non
878 4405 1052 4469 potest
1078 4402 1268 4455 civitas
1299 4401 1556 4458 abscondi
1574 4419 1743 4474 supra
1784 4420 1934 4460 mon-

271 4499 375 4547 tem
404 4491 694 4548 constituta
725 4486 930 4555 (Matth.
967 4504 1020 4557 v,
1058 4489 1165 4558 14).
1208 4490 1292 4545 Ad
1326 4489 1649 4547 multorum
1700 4508 1931 4565 quoque

2044 3332 2224 3391 nabili
2255 3334 2484 3407 pecudi,
2514 3333 2667 3390 sicut
2690 3340 2815 3391 erat
2846 3336 3056 3409 plenus
3084 3340 3319 3413 pietatis
3365 3346 3423 3397 et
3472 3347 3715 3415 gratim,

2041 3426 2207 3480 tanta
2236 3422 2597 3479 insecutores
2626 3422 2835 3481 virtute
2867 3443 2983 3483 uno
3009 3428 3134 3483 ﬁxit
3165 3429 3224 3484 in
3257 3429 3405 3499 loco,
3429 3438 3495 3487 ut
3524 3437 3584 3488 et
3611 3436 3716 3490 vi-

2045 3513 2248 3568 derent
2268 3510 2454 3566 oculis
2472 3512 2585 3567 sibi
2608 3512 2933 3585 proximam
2953 3516 3289 3586 bestiam,et
3305 3524 3501 3575 tamen
3517 3521 3714 3579 hianti

2044 3616 2143 3658 ore
2170 3616 2286 3657 non
2321 3605 2561 3672 possent
2590 3601 2829 3660 omnino
2850 3605 3209 3678 contingere.
3245 3606 3564 3667 Praedictus
3593 3611 3711 3669 ita-

2045 3706 2159 3762 que
2178 3689 2375 3759 Attila,
2411 3689 2564 3747 sicut
2591 3694 2717 3747 erat
2743 3691 2833 3746 vir
2863 3692 3074 3772 bonus,
3108 3694 3421 3755 manifeste
3468 3701 3713 3772 cognita

2045 3779 2145 3837 Dei
2176 3778 2407 3845 virtute,
2441 3779 2917 3851 prmsumptionis
2950 3768 3069 3839 suis
3121 3782 3395 3857 ﬂagitans
3442 3768 3703 3858 veniam,

2045 3866 2331 3941 quidquid
2363 3866 2514 3924 circa
2534 3865 2727 3923 locum
2752 3869 2841 3924 sui
2863 3869 3017 3942 juris
3042 3876 3183 3941 erat,
3219 3874 3502 3931 nonnulla
3522 3876 3705 3933 etiam

2043 3958 2290 4031 propria:
2320 3956 2710 4030 possessionis
2732 3958 2970 4030 praedia,
2986 3958 3184 4016 villam
3208 3978 3441 4036 quoque
3464 3964 3561 4020 ubi
3587 3980 3703 4022 usu

2044 4046 2264 4103 rustico
2310 4043 2758 4117 Septcmsalices
2807 4046 3178 4121 (Sept-Saulis)
3227 4050 3458 4123 dicitur,
3494 4061 3702 4110 sancto

2042 4135 2161 4193 viro
2194 4132 2461 4200 contulit,
2498 4132 2811 4207 locumque
2861 4137 2987 4208 ejus
3037 4138 3269 4195 traditis
3320 4140 3701 4200 facultatibus

2042 4225 2272 4299 primus
2300 4222 2426 4296 ipsc
2456 4222 2680 4279 ditavit.
2698 4226 2884 4295 Atque
2922 4230 3133 4282 extunc
3155 4229 3324 4299 quasi
3358 4245 3485 4285 mos
3514 4230 3699 4287 inole-

2041 4312 2194 4369 visse
2220 4311 2499 4378 creditur,
2530 4316 2587 4367 et
2616 4328 2804 4383 usque
2853 4312 3025 4370 hodie
3069 4317 3429 4374 venerationi
3476 4335 3545 4375 ex
3597 4320 3697 4375 illo

2042 4402 2403 4470 observatur,
2429 4405 2492 4457 ut
2523 4401 2571 4457 si
2603 4400 2662 4455 in
2695 4402 2970 4473 prmdicto
3003 4405 3225 4477 Regetii
3249 4404 3402 4463 saltu
3425 4408 3700 4480 quaelibet

2042 4492 2215 4547 fuerit
2248 4495 2513 4564 promota
2531 4489 3110 4565 venatio,postquam
3143 4494 3304 4550 illius
3335 4496 3489 4553 intra
3521 4514 3697 4572 agge-

271 4578 537 4636 notitiam
570 4576 758 4649 ipsius
794 4577 952 4632 fama
984 4576 1314 4634 sanctitatis
1355 4578 1536 4647 illata,
1568 4580 1641 4635 ad
1694 4579 1931 4636 laudem
1961 4603 2009 4669 Β
2041 4585 2200 4669 stum
2223 4577 2564 4650 silvulze,cui
2589 4578 2724 4634 hinc
2747 4579 2879 4636 inde
2900 4582 3485 4657 prominet,ingressa
3505 4602 3699 4658 perve-

271 4666 598 4724 Conditoris
649 4670 707 4723 et
769 4665 1017 4739 gloriam
1077 4665 1464 4738 plurimorum
1516 4673 1923 4741 provocaverat

270 4756 465 4811 corda.
501 4756 564 4811 In
597 4754 1033 4827 septentrionali
1065 4760 1262 4811 autem
1294 4757 1482 4829 ipsius
1514 4758 1731 4813 montis
1779 4759 1923 4813 emi-

270 4843 516 4900 nentiori
549 4847 711 4916 parte
742 4860 867 4915 qua:
899 4844 1103 4899 urbem
1136 4846 1394 4917 respicit,
1428 4849 1741 4917 antequam
1775 4846 1835 4901 in
1857 4863 1922 4901 eo

266 4932 391 4989 loco
405 4931 610 4990 cellam
635 4931 1303 5002 sihiconstrueret,iuter
1325 4934 1620 4991 condensa
1642 4934 1921 4992 silvarum

264 5022 513 5078 frutecta
534 5019 737 5077 orandl
760 5022 872 5076 sibi
895 5021 1286 5093 frequentiam
1308 5023 1543 5079 fecerat.
1579 5023 1641 5078 In
1670 5040 1785 5095 quo
1809 5024 1921 5081 sci-

264 5111 400 5169 licet
424 5110 547 5169 loco
578 5110 855 5167 orationis
889 5127 953 5166 ac
986 5127 1164 5167 sacrae
1197 5109 1465 5169 lectionis
1516 5116 1650 5167 vota
1699 5118 1920 5185 quanto

264 5200 545 5257 secretius
576 5204 739 5257 tanto
773 5199 977 5274 purius
1000 5200 1383 5272 persolvebat.
1410 5200 1518 5257 Ubi
1552 5200 1728 5256 etiam
1778 5219 1921 5258 crux

264 5291 389 5342 erat
419 5288 609 5360 posita
638 5288 1043 5361 lapidea,quia
1068 5288 1158 5343 vir
1187 5287 1286 5344 Dei
1312 5288 1489 5343 nimis
1512 5288 1821 5360 indignum
1843 5291 1923 5347 fe-

263 5375 428 5434 rebat
445 5394 806 5451 quemquam
831 5378 1056 5433 diutius
1080 5375 1410 5431 inhabitare
1436 5373 1650 5445 locum,
1677 5376 1791 5433 nisi
1816 5377 1921 5435 hoc

341 5521 452 5593 (17)
486 5520 709 5577 Visitur
739 5519 914 5577 hodie
941 5533 1177 5593 quoque
1207 5517 1347 5593 fons
1366 5517 1491 5593 ipse
1531 5517 1591 5572 in
1622 5523 1825 5593 crypta
1859 5519 1921 5593 Β,

269 5586 463 5647 Maria:
496 5609 662 5649 sacra
693 5593 803 5648 sub
838 5586 1045 5662 majori
1078 5586 1272 5662 altari,
1293 5586 1610 5662 distinctus
1633 5586 1707 5645 ab
1728 5586 1801 5645 eo
1824 5590 1924 5662 qui

269 5676 337 5728 ex
356 5664 618 5741 proximo
642 5665 763 5719 loco
781 5678 883 5733 per
900 5657 1069 5715 tubos
1092 5657 1399 5733 plumbeos
1425 5658 1480 5715 in
1500 5657 1923 5717 monasterium

2040 4668 2209 4737 nerit,
2229 4684 2333 4725 nec
2352 4668 2534 4736 canis,
2552 4684 2656 4724 nec
2677 4674 2918 4726 venator
2936 4669 3185 4729 ulterius
3207 4674 3418 4730 audeat
3438 4673 3696 4747 insequi,

2038 4776 2175 4833 Ultio
2205 4774 2393 4831 divina
2426 4777 2483 4830 in
2513 4791 2636 4831 eum
2667 4777 2764 4848 qui
2794 4778 2855 4831 in
2883 4776 2958 4852 _S.
3012 4778 3197 4835 Basoli
3240 4782 3374 4852 festo
3414 4783 3692 4838 venationi

2739 4848 2982 4904 vacabat.

2103 4937 2191 4991 24.
2227 4934 2296 4990 Et
2327 4934 2604 5008 quoniam
2637 4951 2698 4992 se
2730 4937 2979 5010 praabuit
3011 4939 3091 4997 rei
3119 4945 3293 5014 gestae
3332 4942 3582 5011 occasio,
3614 4942 3696 4998 di-

2031 5041 2231 5082 cemus
2255 5028 2310 5080 et
2333 5023 2490 5080 aliud
2515 5025 2670 5098 quod
2691 5024 2863 5100 longe
2885 5032 3017 5099 post
3039 5029 3224 5086 sancti
3241 5029 3346 5086 viri
3371 5031 3691 5088 transitum

2028 5117 2292 5186 tempore
2321 5112 2382 5169 in
2412 5130 2471 5169 re
2504 5112 2709 5182 simili,
2741 5115 2843 5171 scd
2875 5116 3244 5175 dissimiliter
3272 5119 3526 5188 accedit;
3561 5136 3691 5193 quae

2037 5218 2131 5258 res
2162 5218 2310 5274 pene
2329 5206 2450 5258 tota
2481 5205 2645 5275 gesta
2666 5206 2753 5257 est
2775 5203 2833 5257 in
2856 5204 3104 5261 circuitu
3127 5207 3472 5280 (f.,intuitu)
3504 5209 3691 5282 regio-

2033 5291 2145 5347 nis.
2173 5290 2421 5357 Quidam
2467 5308 2535 5347 cx
2592 5291 2947 5349 Francorum
2988 5294 3258 5365 ducibus,
3295 5313 3410 5351 non
3458 5296 3632 5369 longe
3660 5312 3693 5351 a

2034 5379 2220 5436 sancti
2248 5378 2354 5435 viri
2383 5378 2575 5435 Basoli
2597 5379 2857 5437 eoenobio
2889 5380 3055 5439 illum
3090 5400 3266 5440 suum
3298 5385 3688 5442 domesticum

2035 5521 2351 5577 derivatur.

2106 5592 2217 5663 (18)
2251 5592 2313 5665 in
2335 5591 2461 5663 ipso
2484 5591 2609 5648 loco
2635 5609 2773 5650 crux
2805 5595 2979 5651 etiam
3014 5614 3167 5654 nunc
3200 5598 3428 5665 visitur,
3445 5599 3536 5656 cui
3572 5599 3683 5657 exi-

2040 5680 2157 5735 gua
2187 5663 2332 5719 cella
2363 5670 2495 5720 ante
2527 5681 2710 5721 annos
2741 5683 2958 5738 paucos
2990 5670 3265 5744 adjuncta
3293 5663 3435 5728 erat.
