3906 6352
163 438 268 504 65⁵1
1482 436 1584 499 DE
1627 436 1810 498 VITA
1854 435 1918 499 S.
1964 437 2239 501 BASOLI
3441 432 3559 504 658

169 572 531 631 collocaverat
576 576 963 645 apparatum;
993 570 1051 626 in
1102 570 1272 641 cujus
1322 570 1555 642 superbi
1606 569 1799 624 divitis
1829 571 1884 636 Α
1912 570 2233 637 ctissimus,
2262 570 2661 627 misericordia
2692 572 3171 646 benignissimus.
3197 592 3428 631 morum
3455 575 3560 631 ho-

166 665 340 736 gestu,
369 659 532 716 vultu
560 664 621 716 et
651 659 854 716 habitu
887 658 1032 715 nihil
1061 676 1239 731 quam
1273 658 1568 714 saecularis
1600 662 1797 730 poten-
1909 664 2133 714 nestatc
2157 660 2819 733 prazeipuus,jucundus
2843 664 2901 718 in
2926 680 3214 731 sermone,
3234 665 3475 723 devotus
3498 666 3559 723 in

166 752 249 809 tia:
277 754 464 806 tumor
493 749 809 804 insederat.
844 749 981 803 Erat
1012 749 1191 820 igitur
1219 766 1286 803 ea
1309 748 1588 820 dies,qua
1612 748 1799 802 sancti
1908 748 2334 819 praedicatione,
2368 750 2583 821 pietate
2613 750 2948 819 laudabilis,
2978 754 3261 809 suavitate
3283 755 3556 826 anabilis,

166 837 497 897 confessoris
511 837 695 909 hujus
711 837 1161 908 exspectabatur
1176 841 1419 891 ventura
1434 836 1795 891 solemnitas.
1909 835 2097 891 nudos
2128 836 2473 893 vestimento
2503 842 2725 911 tegens,
2761 839 2957 894 surdis
2987 839 3251 895 auditum
3282 842 3555 911 reddens,

163 928 249 983 Ait
274 926 446 999 igitur
476 925 602 982 suis
637 943 649 980 :
684 927 830 981 Ante
863 924 1189 980 diluculum
1222 930 1405 979 estote
1438 923 1799 997 parati,quia
1908 940 2088 979 caecos
2118 922 2480 993 illuminans,
2517 927 2805 982 dmmonia
2836 929 2906 982 ab
2930 928 3185 984 obsessis
3214 930 3557 1002 corporibus

163 1034 278 1073 cras
308 1018 576 1071 venatum
610 1015 694 1069 ire
722 1013 1007 1086 disposui.
1046 1014 1200 1068 Inter
1230 1030 1396 1085 quos,
1426 1012 1525 1085 qui
1549 1012 1799 1068 sanioris
1906 1011 2238 1068 eliminans.
2277 1015 2535 1086 Denique
2566 1032 2683 1070 suae
2725 1016 3097 1073 resolutionis
3145 1017 3298 1073 diem
3346 1019 3556 1092 spiritu

164 1103 359 1160 mentis
388 1104 754 1169 exstiterant,
787 1103 858 1156 ab
883 1102 987 1157 hac
1018 1102 1337 1157 intentione
1362 1102 1687 1173 principem
1711 1118 1800 1156 co-
1908 1100 2224 1172 prophetiae
2258 1102 2367 1156 sibi
2400 1106 2724 1175 praevidens
2747 1106 3071 1173 imminere,
3098 1108 3155 1160 in
3178 1108 3555 1178 Aquitaniam

144 1180 437 1250 nabantur
467 1196 746 1259 avertere,
780 1191 1040 1246 dicentes
1072 1208 1267 1245 sacras
1300 1190 1527 1261 vigilias
1559 1191 1793 1257 adesse;
1908 1189 2187 1261 dirigens,
2223 1198 2489 1261 nepotem
2516 1210 2688 1247 suum
2714 1194 2784 1247 ad
2809 1210 2867 1248 se
2890 1202 3157 1250 sanctum
3185 1202 3461 1252 convocat
3482 1198 3556 1253 ab

165 1299 197 1337 a
221 1280 313 1336 tali
341 1281 538 1354 potius
569 1296 738 1351 opere
770 1280 1149 1351 parcendum,
1192 1284 1362 1333 tanta:
1404 1279 1517 1334 diei
1569 1296 1798 1335 servare
1908 1279 2050 1332 urbe
2087 1279 2387 1334 Lemoviea
2414 1281 2797 1349 Balsemium;
2828 1285 2923 1353 qui
2952 1285 3354 1356 statim,hujus
3369 1286 3556 1341 Patris

163 1367 547 1435 reverentiam,
577 1366 691 1421 sibi
724 1367 913 1439 magis
944 1366 1366 1439 quiescendum
1399 1370 1450 1420 et
1484 1384 1610 1423 esse
1633 1366 1797 1422 feria-
1907 1365 2194 1437 legatione
2226 1373 2517 1439 suscepta,
2554 1370 2625 1424 ab
2660 1370 2774 1425 illis
2806 1372 3102 1443 egreditur
3132 1373 3559 1445 finibus,atque

165 1461 295 1513 tum.
328 1456 542 1510 Contra
571 1472 699 1527 quae
732 1452 828 1509 ille
860 1455 1211 1510 obstinatior
1247 1473 1354 1510 sua
1397 1456 1573 1510 verba
1620 1458 1792 1520 rotat,
1904 1454 2091 1525 ipsius
2143 1473 2203 1511 se
2254 1462 2563 1526 praesentat
2608 1464 2906 1529 gratanter
2955 1462 3310 1532 aspectibus.
3346 1461 3451 1518 Cui
3489 1463 3553 1519 B.

1904 1543 2149 1599 Basolus
2180 1546 2393 1600 asserit
2425 1560 2527 1616 per
2555 1546 2841 1618 Spiritum
2871 1548 2981 1603 sibi
3006 1550 3188 1606 fuisse
3214 1550 3551 1620 revelatum,

1905 1632 2059 1703 quod
2094 1632 2216 1702 ipse
2250 1634 2310 1688 in
2342 1634 2606 1703 ejusdem
2641 1635 2998 1693 habitatione
3031 1637 3185 1694 cellae
3225 1639 3554 1696 conversari

1904 1719 2111 1775 debeat
2140 1724 2273 1792 post
2294 1720 2516 1776 obitum
2536 1739 2710 1778 suum
2731 1739 2744 1777 :
2765 1726 2935 1795 cujus
2948 1725 3229 1782 salutaria
3244 1732 3553 1801 praecepta,

1903 1811 1968 1862 ut
1986 1808 2173 1864 bonus
2195 1807 2352 1864 filius
2377 1811 2714 1867 obedienter
2735 1813 3124 1885 amplectitur.
3146 1813 3344 1886 Itaque
3366 1833 3554 1887 quan-

164 1546 302 1618 quod
333 1544 560 1600 dixerat
581 1560 643 1598 se
664 1542 1047 1615 impleturum
1068 1542 1283 1597 firmat.
1300 1543 1633 1598 Crastinum
1655 1548 1798 1599 tem-

162 1650 262 1707 pus
280 1634 609 1699 advenerat,
633 1631 766 1703 equi
792 1637 1156 1699 sternuntur,
1179 1649 1306 1703 quze
1326 1632 1545 1688 talibus
1566 1632 1797 1687 fuerant

159 1722 349 1780 ofﬁciis
380 1725 521 1794 apta
552 1719 1256 1794 prmparantur,capturis
1280 1719 1648 1777 silvestribus
1675 1725 1796 1776 ten-

161 1811 293 1867 dunt
321 1811 516 1867 frenos
548 1810 933 1865 committere.
966 1810 1079 1865 Nec
1104 1825 1285 1876 mora,
1313 1811 1645 1882 spumantis
1666 1808 1793 1881 apri

160 1915 380 1955 cursum
410 1898 512 1954 ille
546 1896 864 1969 insequens
894 1915 1080 1969 usque
1102 1898 1173 1952 ad
1198 1898 1540 1969 praedictum
1572 1896 1792 1954 silvulis
1823 1940 1871 2005 Β
1906 1896 2007 1952 diu
2039 1896 2294 1968 posthaec
2325 1897 2382 1952 in
2415 1914 2652 1971 corpore
2674 1901 3084 1959 sanctissimus
3106 1906 3422 1977 supervixit
3448 1906 3556 1961 Ba-

328 1992 359 2005 .,
406 2003 435 2005 __
941 1985 1037 2005 me
1085 2001 1213 2005 μ---
1272 2001 1407 2005 ,μμ
1642 1991 1683 2005 ,κ
1728 1986 1790 2005 _,
1918 1985 2070 2005 __.,__
2126 1985 2183 2005 Lg
2228 1986 2325 2005 ιη,
2758 1989 2769 2001 -
2845 1989 2904 2002 -.
2982 1989 3015 2005 .-
3217 1993 3257 2005 -κ
3370 1994 3379 2004 .
3433 1993 3445 2004 ι

162 1992 449 2060 aggestum
485 1984 902 2060 pervolaverat.
941 1985 1043 2041 Hic
1084 2001 1218 2040 mox
1265 2001 1415 2057 equo
1464 1986 1693 2041 labente
1723 1986 1794 2043 ad

161 2080 359 2133 terram
382 2075 641 2149 graviter
663 2075 995 2130 confractus
1019 2073 1373 2141 devolvitur;
1400 2075 1482 2129 ita
1499 2080 1802 2147 correptus

140 2166 266 2220 'non
286 2166 411 2237 jam
442 2180 617 2236 equo,
654 2163 752 2218 sed
775 2161 1039 2219 humeris
1065 2161 1373 2217 hominum
1398 2163 1707 2234 impositus
1732 2165 1803 2220 ad

162 2270 259 2310 sua
285 2255 646 2325 deportatur,
681 2251 835 2307 diem
877 2251 1046 2306 illum
1095 2251 1357 2307 venerari
1390 2253 1459 2307 de
1491 2258 1717 2320 caatero,
1754 2254 1803 2309 si

163 2341 277 2397 vitae
307 2342 668 2407 redderetur,
696 2339 1012 2411 pollicitus.

337 2430 676 2503 Suspensum
700 2430 759 2483 in
784 2430 1031 2500 patibulo
1064 2430 1390 2485 incolumem
1419 2438 1616 2485 servat.

231 2520 312 2573 25.
347 2517 680 2574 Referimus
710 2522 765 2573 et
798 2517 955 2573 aliud
989 2512 1104 2574 non
1133 2519 1575 2574 contemnendis
1598 2519 1678 2574 rei
1706 2519 1808 2573 mi-

175 2606 441 2675 raculum,
476 2605 542 2663 in
574 2623 690 2678 quo
722 2624 839 2661 uno
880 2606 1001 2663 solo
1053 2606 1276 2678 liquido
1328 2612 1542 2679 pateat,
1578 2613 1810 2679 quanta:

172 2696 331 2752 fuerit
356 2695 597 2751 virtutis
627 2699 685 2750 et
714 2696 926 2762 meriti,
952 2697 1123 2765 cujus
1150 2694 1518 2751 solummodo
1549 2695 1811 2751 invocato

173 2785 390 2842 nomine
425 2801 592 2840 mors
616 2784 719 2854 jus
750 2800 924 2839 suum
955 2782 1226 2856 perdidit,
1259 2788 1315 2839 et
1346 2785 1599 2856 przedam
1634 2801 1812 2857 quam

174 2871 313 2930 intra
341 2875 545 2930 fauces
578 2889 725 2946 pene
756 2877 1120 2928 contraxerat
1149 2877 1213 2928 ut
1234 2872 1468 2944 penitus
1495 2873 1814 2929 absorbens

172 2960 486 3033 inglutiret,
503 2962 716 3017 virtute
738 2961 923 3017 sancti
949 2960 1139 3017 Basoli
1168 2964 1441 3033 superata
1466 2977 1582 3016 non
1605 2960 1811 3033 potuit.

172 3050 364 3108 Dicant
392 3048 498 3107 alii
530 3050 672 3124 quid
706 3050 960 3107 sentiant
988 3055 1045 3107 et
1072 3050 1276 3118 velint,
1299 3066 1403 3124 ego
1430 3055 1626 3106 autem
1648 3051 1818 3124 proti-

177 3143 286 3195 teor
312 3144 368 3197 et
387 3143 599 3207 testor,
618 3138 757 3210 quia
774 3137 1110 3210 ubicunque
1127 3155 1188 3194 sc
1203 3138 1614 3211 opportunitas
1635 3138 1813 3206 dedit,

178 3227 219 3283 si
245 3243 373 3285 vera
402 3246 471 3285 ex
502 3227 619 3283 ﬁde
642 3231 881 3300 rogatus
902 3232 992 3299 est
1014 3228 1169 3284 sicut
1188 3227 1486 3299 rogandus
1507 3226 1817 3296 fuit,mise-

1911 1985 2093 2051 solus,
2126 1985 2185 2040 hi
2218 1986 2335 2041 duo
2366 1986 2473 2042 viri
2506 1988 2857 2045 nobilissimi
2890 1989 2950 2046 in
2978 1989 3185 2048 timore
3217 1993 3449 2049 Domini
3470 2010 3559 2050 re-

1912 2073 2286 2146 ligiosissime
2318 2080 2457 2131 sunt
2487 2081 2826 2134 conversati.

2551 2169 2681 2223 Dies
2725 2168 2921 2224 obitus.

1984 2251 2073 2308 27.
2108 2252 2368 2324 Denique
2391 2270 2523 2309 cum
2538 2255 2665 2326 jam
2687 2257 2884 2313 divina
2904 2258 3212 2316 clementia
3232 2264 3315 2315 tot
3338 2260 3567 2318 labores

1917 2347 2143 2395 aeterna:
2176 2343 2578 2399 retributionis
2621 2345 2831 2417 dignos
2878 2347 3232 2416 decerneret,
3268 2350 3407 2421 quia
3450 2367 3567 2406 non

1918 2427 2088 2482 aliter
2118 2429 2582 2487 immortalitatis
2613 2431 2801 2504 gloria
2828 2434 3029 2491 vestiri
3059 2440 3304 2508 poterat,
3329 2437 3443 2493 nisi
3466 2454 3568 2510 pro

1919 2518 2112 2572 debito
2144 2517 2336 2573 carnis
2370 2519 2598 2575 mortali
2648 2524 2858 2578 exutus
2906 2525 3162 2595 tegmine
3210 2523 3436 2593 fuisset,
3470 2541 3574 2597 per

1922 2606 2308 2677 quadraginta
2335 2623 2522 2663 annos
2553 2608 2669 2664 Deo
2718 2610 2998 2683 probatus
3045 2628 3111 2668 ac
3160 2614 3449 2684 perfectus
3480 2614 3569 2670 in-

1919 2699 2153 2762 ventus,
2182 2712 2331 2750 onus
2361 2696 2658 2767 deponens
2691 2700 2950 2770 corporis
2977 2699 3187 2756 ccelum
3220 2701 3565 2774 ingreditur,

1922 2781 2106 2837 beatis
2138 2782 2416 2855 angelicis
2448 2784 2753 2856 spiritibus
2785 2787 3307 2861 sociandus,atque
3330 2791 3388 2844 in
3410 2794 3571 2846 aiter-

1923 2887 2065 2926 num
2098 2871 2223 2926 sine
2255 2870 2368 2927 ﬁne
2393 2872 2689 2941 victurus;
2722 2875 2780 2930 in
2805 2890 2920 2948 quo
2943 2876 3116 2932 modo
3136 2876 3568 2948 lastatur,modo

1921 2960 2155 3032 gaudet,
2190 2961 2363 3016 modo
2395 2962 2681 3019 bonornm
2714 2965 2981 3021 omnium
3013 2964 3165 3022 felici
3198 2966 3573 3039 jucunditate

1924 3047 2263 3121 perfruitur,
2279 3050 2379 3121 qui
2394 3067 2696 3123 nunquam
2720 3053 2778 3108 in
2800 3053 2908 3110 hac
2927 3053 3044 3111 vita
3064 3055 3326 3127 requiem
3343 3055 3571 3124 habuit,

1927 3153 2231 3209 nunquam
2259 3139 2507 3194 cessavit
2536 3140 2719 3196 donec
2750 3140 2822 3196 ad
2853 3158 2988 3197 eum
3028 3142 3355 3214 perveniret
3402 3159 3578 3216 quem

1928 3226 2261 3298 quaesierat,
2277 3243 2450 3299 quem
2482 3235 2801 3301 optaverat,
2818 3246 2995 3302 quem
3010 3231 3179 3288 etdiu
3192 3233 3264 3288 de
3275 3235 3397 3290 toto
3410 3233 3583 3289 corde

179 3331 360 3373 rerum
388 3315 775 3373 necessitates
783 3316 1132 3389 juvitatque
1156 3315 1218 3372 in
1244 3315 1533 3372 mortibus
1554 3317 1820 3388 trequen-
1847 3304 1891 3370 Β
1929 3315 1990 3370 in
2021 3315 2131 3371 hac
2162 3314 2554 3389 lacrymarum
2578 3317 2834 3374 convalle
2857 3318 3164 3392 suspirans
3188 3319 3578 3378 desiderabat.

177 3407 256 3461 ter
282 3404 487 3478 positis
520 3404 796 3462 occurrit.
830 3403 1014 3460 Homo
1065 3403 1307 3477 quidam
1360 3408 1485 3459 erat
1535 3404 1817 3461 vocabulo

180 3494 564 3568 Ragenulfus;
597 3494 694 3551 hic
725 3494 982 3568 quadam
1015 3494 1260 3551 admissi
1292 3495 1712 3551 interveniente
1736 3495 1817 3550 fa-

179 3583 352 3642 ctione
384 3585 456 3643 ab
478 3584 834 3641 adversariis
857 3584 1044 3640 fuerat
1066 3583 1660 3657 comprehensus.Qui
1684 3600 1819 3639 cum

179 3673 339 3750 morti
368 3675 499 3748 ejus
548 3671 885 3729 nullatenus
934 3687 1172 3744 parcere
1216 3671 1557 3740 voluissent,
1593 3672 1664 3727 ad
1695 3686 1822 3728 me-

180 3760 328 3820 dium
358 3764 671 3829 deductus,
688 3760 1013 3828 discussus,
1029 3759 1406 3832 dijudicatus,
1430 3761 1668 3817 tandem
1690 3776 1825 3816 mox

178 3854 258 3906 est
286 3849 555 3924 patibulo
587 3850 819 3906 affixus.
836 3849 939 3906 Hic
960 3866 1097 3921 ergo
1119 3848 1273 3905 sicut
1291 3854 1415 3906 erat
1439 3849 1592 3905 inter
1611 3848 1824 3905 ccelum

178 3941 498 4012 terramque
536 3955 888 4010 suspensus,
925 3954 1063 3994 cum
1092 3938 1291 3995 anima
1310 3939 1437 4010 jam
1461 3937 1520 3993 in
1550 3938 1827 3994 extremis

181 4033 380 4100 ageret,
400 4045 469 4084 ac
500 4043 685 4101 prope
702 4026 1096 4083 miserrimam
1114 4025 1374 4081 animam
1392 4026 1562 4081 nodis
1588 4030 1827 4083 exactus

181 4130 427 4173 evomere
440 4114 766 4180 debuisset,
781 4113 1188 4186 interlaqueos
1198 4114 1380 4184 (quod
1392 4113 1523 4169 aliis
1535 4119 1623 4170 est
1636 4115 1830 4170 morti-

181 4201 282 4261 bus
311 4204 588 4277 nequius)
610 4203 789 4275 huius
812 4200 1204 4258 sanctisssimi
1235 4202 1583 4259 confessoris
1613 4203 1829 4260 Christi

184 4290 364 4349 subito
395 4292 509 4349 sibi
533 4289 1572 4363 memoriaincidit.Voceitaque,qua
1583 4296 1828 4364 poterat,

185 4382 447 4437 astrictus
469 4385 537 4438 ut
566 4384 692 4436 erat
721 4380 1010 4447 faucibus,
1028 4378 1187 4435 omni
1218 4379 1525 4436 conamine
1556 4381 1831 4454 spiritum

146 4530 149 4533 _
184 4468 620 4544 colligens,totis
634 4468 887 4542 prmcord
900 4468 969 4526 iis
993 4472 1264 4523 sanctum
1281 4467 1378 4523 Dei
1396 4468 1838 4527 Basoluminvo-

186 4562 347 4627 cat,et
375 4564 441 4616 ut
472 4557 589 4616 sibi
622 4558 681 4613 in
705 4561 968 4613 extrema
989 4556 1341 4613 necessitate
1362 4562 1635 4614 succurat
1656 4557 1834 4631 lacry-

188 4645 470 4704 mabiliter
498 4644 854 4719 expostulat.
873 4645 987 4701 Nec
1000 4644 1261 4719 privatus
1275 4649 1363 4700 est
1374 4646 1657 4717 ereptoris
1674 4647 1835 4703 auxi-

188 4730 435 4802 lio;nam
464 4736 719 4807 laqueus
751 4750 885 4790 mox
917 4733 1336 4807 rumpitur,ille
1359 4735 1430 4789 ab
1457 4733 1572 4790 alto
1596 4728 1832 4802 labitur,

189 4823 399 4891 pamale
414 4828 778 4881 tormentum
792 4822 1257 4894 solvitur.Super
1271 4839 1474 4878 omnes
1490 4823 1665 4879 timor
1676 4828 1731 4879 et
1744 4825 1839 4880 ad-

188 4908 404 4967 miratio
438 4911 683 4979 ruit,ille
706 4910 935 4968 solutus
957 4916 1015 4966 et
1035 4910 1182 4965 liber
1202 4928 1237 4966 a
1258 4916 1445 4966 morte
1468 4912 1841 4968 recedit.Plu-

189 5011 273 5051 res
301 5015 537 5074 quoque
567 4999 665 5057 alii
698 5016 800 5073 per
830 4999 1060 5056 diversa
1081 4998 1342 5055 locorum
1366 5000 1438 5055 ad
1465 5001 1595 5072 ejus
1617 5001 1841 5058 invoca-

189 5084 394 5145 tionem
426 5089 581 5145 sacri
615 5088 873 5145 nominis
904 5087 1117 5145 lethale
1149 5087 1481 5161 periculum
1505 5096 1837 5147 evaserunt.

299 5177 637 5234 Balsemium
665 5186 911 5251 nepotem
938 5194 1008 5235 ea:
1032 5177 1335 5251 Aquitania
1363 5176 1434 5233 ad
1462 5191 1519 5233 se
1548 5184 1715 5235 v'ocat.

254 5265 339 5321 26.
374 5264 511 5322 Fuit
543 5270 739 5323 autem
769 5266 924 5323 inter
954 5266 1074 5323 haec
1107 5266 1166 5322 S.
1200 5264 1445 5321 Basolus
1487 5266 1605 5322 vita
1654 5266 1841 5339 perfe-

260 5389 373 5464 (18)
402 5390 594 5446 Sancti
632 5394 816 5449 Basoli
861 5408 1056 5464 corpus
1098 5392 1167 5446 ab
1215 5392 1514 5464 Hincmaro
1557 5391 1846 5447 [lentarum

195 5460 425 5532 episcopo
454 5480 485 5517 e
515 5465 727 5519 tumulo
758 5460 995 5519 levatum
1022 5470 1102 5518 est
1127 5462 1305 5518 medio
1352 5463 1548 5517 sacculo
1580 5480 1656 5529 ιχ,
1689 5465 1844 5532 cujus

195 5482 425 5532 εμιδσορσ
454 5482 485 5517 e
515 5482 727 5519 tumulo
758 5482 995 5519 levatum
1022 5482 1102 5518 est
1127 5482 1305 5518 mcaw
1352 5482 1548 5517 swculo
1580 5482 1656 5529 xx,
1689 5482 1757 5517 cu
1780 5482 1843 5518 us

170 5580 173 5581 ν
200 5531 273 5606 ξεί
299 5530 585 5606 historiam
612 5552 646 5590 a
676 5535 981 5592 Frodoardo
1012 5537 1442 5606 praetermissum
1469 5533 1631 5588 habes
1672 5482 1843 5605 iii/Ira.

199 5597 412 5659 Interim
439 5607 712 5661 monitum
744 5608 993 5662 lectorem
1012 5597 1294 5672 'volumus,
1330 5604 1385 5659 S.
1420 5605 1607 5660 Basoli
1653 5597 1846 5676 corpus

195 5680 386 5794 prater
406 5676 577 5746 ipstvs
607 5678 861 5734 baculum
892 5680 951 5733 in
976 5679 1202 5750 proprio
1229 5679 1557 5732 monasterio
1584 5693 1617 5730 a
1649 5680 1846 5732 nostris

233 5747 733 5794 onoriﬁmntzksim
758 5752 1032 5794 assentari
1071 5751 1129 5794 in
1177 5756 1432 5794 arnmbzn.
1479 5747 1649 5794 them-
1684 5763 1846 5794 nunm

233 5747 733 5815 onoriﬁcentissime
758 5747 1032 5805 asservari
1071 5747 1129 5804 in
1177 5756 1432 5819 argentea
1479 5747 1650 5811 theca,
1684 5763 1848 5819 quam

1929 3404 1988 3460 Si
2021 3404 2153 3476 quis
2182 3421 2319 3477 ergo
2351 3404 2581 3477 plenius
2612 3406 2772 3463 hunc
2800 3408 2990 3464 virum
3039 3424 3213 3467 nosse
3263 3409 3579 3480 desiderat,

1930 3509 2107 3565 quam
2141 3492 2364 3549 fortiter
2394 3494 2504 3551 fide
2532 3496 2821 3551 mundum
2851 3495 3071 3564 vicerit,
3106 3495 3261 3569 legat
3302 3496 3449 3552 illud
3483 3496 3585 3553 ubi

1930 3578 2274 3635 inscribitur
2292 3579 2345 3635 ei
2366 3596 2578 3636 nomen
2602 3598 2817 3637 novum
2839 3587 2897 3637 et
2918 3598 3131 3638 nomen
3155 3580 3406 3639 civitatis
3423 3597 3584 3641 nova

1930 3666 2254 3724 Jerusalem
2288 3668 2469 3740 (Apoc.
2504 3685 2588 3736 ιιι,
2615 3670 2734 3738 12);
2763 3674 2819 3726 et
2840 3685 2974 3725 cum
2996 3669 3349 3727 intellexerit
3366 3669 3584 3743 quibus

1933 3755 2033 3812 illa
2062 3754 2266 3811 civitas
2298 3756 2517 3828 fulgeat
2548 3758 2930 3827 ornamentis,
2964 3758 3073 3813 hoc
3103 3761 3294 3815 totum
3321 3757 3408 3820 illi
3439 3775 3585 3817 con-

1934 3845 2098 3912 ferat,
2132 3861 2198 3900 eo
2230 3846 2385 3916 quod
2437 3845 2652 3902 ibidem
2702 3847 3132 3918 quodammodo
3181 3846 3310 3919 ipse
3355 3848 3497 3904 civis
3527 3852 3588 3904 et

1936 3949 2239 4005 possessor
2268 3933 2451 4004 hujus
2480 3934 2731 3990 civitatis
2763 3951 2798 3991 a
2827 3935 2944 3991 Deo
2984 3935 3282 3993 conditore
3331 3936 3588 3994 creditur

1936 4023 1995 4077 in
2027 4026 2374 4094 perpetuum
2407 4024 2783 4091 constitutus,
2818 4025 3009 4080 factus
3034 4026 3161 4096 jam
3211 4026 3408 4081 suavis
3437 4024 3590 4082 inter

1938 4109 2194 4183 paradisi
2220 4108 2477 4179 delicias,
2495 4128 2598 4167 nec
2620 4111 2781 4168 estin
2803 4129 2870 4168 eo
2892 4112 3339 4180 macula.Quem
3359 4115 3595 4171 dextera

1939 4197 2153 4254 Christi
2185 4197 2645 4270 amplectitur,ct
2673 4200 2875 4257 laevam
2908 4202 3018 4257 sub
3052 4203 3241 4274 capite
3262 4202 3591 4275 (Cant.n,6),

1942 4286 2103 4360 pacis
2133 4303 2339 4343 somno
2372 4288 2691 4357 dormiens,
2728 4291 2960 4361 premit,
2996 4290 3125 4347 ideo
3175 4307 3372 4347 coram
3424 4308 3492 4347 eo
3534 4290 3595 4347 in

1943 4381 2225 4431 aeternum
2251 4378 2435 4447 factus
2460 4385 2539 4433 est
2570 4379 2629 4432 in
2648 4394 2780 4449 pace
2814 4378 2959 4433 locus
2991 4387 3040 4434 et
3070 4377 3331 4434 habitatio
3373 4380 3488 4450 ejus
3532 4380 3595 4433 in

1944 4465 2077 4520 Sion
2111 4465 2280 4533 (Psal.
2312 4481 2473 4531 LXXV,
2505 4465 2580 4533 3).
2615 4464 2769 4520 Dum
2800 4465 2981 4537 igitur
3011 4465 3223 4521 saecula
3266 4470 3508 4521 manent
3536 4470 3596 4523 et

1946 4570 2059 4608 nox
2086 4569 2223 4608 cum
2254 4552 2346 4609 die
2375 4554 2625 4625 partitur
2654 4552 2992 4622 vices,fama
3012 4542 3422 4626 praedicabitur
3445 4554 3506 4610 in
3527 4569 3594 4610 eo

1946 4642 2330 4699 sanctissimis
2346 4641 2496 4708 vitae,
2529 4646 2586 4697 et
2607 4659 2714 4699 nos
2732 4657 3036 4715 nunquam
3059 4642 3354 4699 immunes
3374 4643 3597 4702 erimus

1947 4732 2018 4787 ab
2052 4731 2237 4802 ipsms
2268 4730 2459 4785 laude.
2480 4730 2739 4787 Decessit
2763 4734 2959 4787 autem
2981 4731 3077 4787 hic
3098 4735 3381 4803 patronus
3402 4734 3599 4789 noster

1946 4821 2020 4877 ab
2052 4820 2161 4875 hac
2190 4818 2319 4875 luce
2358 4819 2430 4874 ad
2480 4818 2817 4886 Dominum,
2852 4819 2945 4876 die
2994 4823 3154 4876 sexto
3203 4820 3599 4878 Kalendarum

1948 4909 2378 4975 Decembrium,
2412 4906 2471 4962 in
2503 4924 2570 4963 eo
2592 4907 2716 4964 loco
2748 4924 2921 4980 quem
2954 4908 3065 4965 sibi
3097 4909 3507 4983 éomposuerat
3525 4910 3601 4966 ad

1951 4997 2246 5071 agendum
2281 5001 2496 5053 sanctae
2526 4997 2656 5053 vitae
2688 4997 3275 5070 propositum.Nepos
3306 5014 3440 5055 vero
3472 4997 3603 5070 ejus

1951 5085 2279 5143 Balsemius
2309 5091 2367 5142 et
2395 5086 2521 5159 ipse
2550 5086 2962 5143 sanctissimus
2992 5086 3052 5143 in
3082 5087 3287 5144 eadem
3320 5086 3470 5144 cella
3492 5103 3599 5144 us-

1953 5192 2065 5249 que
2097 5175 2168 5255 ad
2200 5175 2418 5231 exitum
2451 5190 2627 5232 suum
2658 5174 2895 5245 mansit,
2929 5176 3078 5233 bene
3126 5177 3315 5234 Patris
3363 5177 3458 5234 sui
3498 5193 3603 5251 per

1953 5266 2153 5322 omnia
2178 5264 2423 5339 vestigia
2452 5270 2692 5322 secutus
2724 5265 2878 5337 (18").

1955 5399 2105 5461 Hugo
2160 5391 2325 5447 abbas
2381 5391 2545 5463 hujus
2610 5392 2853 5445 nominis
2918 5389 3187 5447 secundus
3250 5392 3375 5461 ﬁeri
3418 5391 3608 5462 jussit,

1955 5478 2244 5516 sacrasque
2272 5464 2330 5516 Β.
2367 5463 2553 5516 Basoli
2588 5463 2853 5516 reliquias
2900 5464 2961 5516 in
3008 5480 3074 5516 ea
3115 5452 3419 5516 recondidit
3465 5476 3608 5516 anno

1954 5478 2244 5533 sacrasque
2272 5464 2330 5517 Β.
2367 5461 2553 5517 Basoli
2588 5463 2853 5533 reliquias
2900 5464 2961 5516 in
3008 5480 3074 5518 ea
3115 5461 3424 5517 recondidit
3465 5476 3612 5516 anno

1955 5533 2067 5589 Inc.
2117 5534 2272 5588 Verbi
2298 5535 2490 5614 .1121,
2519 5542 2778 5614 regnante
2831 5533 3096 5614 Ludovico
3149 5533 3607 5614 rege_Fran‘co‘r_.,

1957 5621 2102 5662 anno
2148 5608 2306 5675 regni
2349 5604 2433 5671 13,
2468 5601 2959 5676 archiepiscopatus
3008 5619 3129 5660 vero
3176 5601 3237 5658 Π.
3271 5601 3486 5671 Rodulﬁ
3520 5601 3603 5667 14,

1958 5679 2041 5732 uti
2071 5679 2128 5730 in
2157 5690 2336 5747 capsa;
2363 5676 2703 5750 suppedaneo
2737 5676 2950 5744 legitur.
