3906 6352
349 451 468 514 659
1394 441 1731 504 ADSONIS
1776 437 2208 501 DERVENSIS
2253 437 2592 500 ABBATIS

1633 763 2496 903 LIBELLUS

537 999 667 1086 DE
726 995 1503 1086 TRANSLATIONE
1565 993 1688 1081 ΕΤ
1752 991 2292 1082 MIRAGULIS
2351 991 2434 1080 S.
2497 991 2855 1080 BASOL!
2913 991 3580 1082 CONFl‘lSSORlS

1379 1184 1815 1276 ﬁuclore
1903 1173 2318 1276 Λᾰεοηε
2388 1175 2751 1275 abbate

351 1375 544 1448 (Apud
577 1373 821 1441 Mabill.,
863 1378 1006 1430 dcta
1035 1381 1367 1430 sanctorum
1392 1371 1516 1428 θνα.
1551 1375 1606 1428 S.
1644 1371 1878 1435 Bencd.,
1911 1369 2117 1426 Smeuli
2151 1369 2223 1426 IV
2253 1373 2416 1442 parte
2449 1372 2791 1442 n,p.137,ex
2820 1372 3146 1428 ms.codico
3177 1371 3423 1428 cmnobii
3456 1371 3788 1443 S.Basoli.)

1295 1691 2246 1790 OBSERVATIONES
2309 1693 2825 1786 PRAEVI/E.

428 2038 746 2097 Historiam
778 2036 1184 2094 translationis
1217 2053 1320 2093 seu
1351 2035 1692 2092 elevationis
1725 2037 1783 2092 S.
1819 2035 2008 2092 Basoli
2041 2036 2120 2108 ab
2144 2035 2617 2108 Adsonegabbate
2650 2033 2924 2108 Dervensi
2955 2033 3070 2108 sub
3091 2049 3338 2108 annum
3355 2034 3472 2108 980_
3493 2033 3795 2108 scriptam

357 2111 543 2168 fuisse
573 2110 831 2166 diximus
861 2109 920 2164 in
953 2108 1166 2165 saeculo
1197 2108 1609 2178 secundo,ubi
1641 2108 1906 2178 ejusdem
1936 2106 2126 2178 sancti
2156 2106 2287 2163 Vita
2320 2106 2502 2162 relata
2532 2110 2639 2162 est.
2675 2106 2835 2161 Hanc
2887 2104 3138 2178 Adsonis
3186 2104 3661 2178 lucubrationem
3695 2105 3796 2162 hic

359 2182 706 2238 exhibemus
736 2198 869 2235 cum
902 2179 1203 2234 nonnullis
1234 2177 1556 2243 miraculis,
1589 2176 1841 2249 quorum
1871 2177 2072 2250 aliqua
2099 2183 2522 2234 commemorat
2554 2177 2941 2250 Frodoardus,
2967 2176 3332 2250 nulla,_quod
3357 2177 3566 2242 sciam,
3589 2181 3798 2250 trans-

362 2253 598 2310 lationis
628 2252 936 2308 mentione
959 2254 1127 2306 facta.
1159 2253 1246 2304 An
1272 2267 1407 2304 vero
1441 2248 1802 2304 FrodOardus
1831 2267 1899 2304 ex
1928 2248 2178 2314 Adsone,
2212 2267 2284 2304 an
2316 2250 2471 2304 Adso
2503 2266 2570 2304 ex
2620 2249 2950 2304 Frodoardo
2997 2248 3269 2320 quaedam
3319 2253 3631 2320 mutuatus
3689 2249 3794 2314 sit,

360 2323 505 2380 mihi
535 2323 963 2394 incompertum
990 2339 1004 2388 ;
1038 2338 1175 2394 nam
1209 2320 1356 2394 alter
1385 2321 1546 2394 alteri
1573 2320 1821 2394 aequalis
1852 2321 1990 2394 fuit,
2015 2321 2248 2394 tametsi
2285 2321 2652 2376 Frodoardus
2683 2321 2855 2394 armis
2889 2319 3249 2394 ferelviginti
3285 2324 3435 2394 ante
3482 2319 3798 2394 Adeonem

362 2395 632 2450 decessit.
669 2389 874 2449 Utrum
907 2391 1170 2448 canonici
1203 2391 1291 2446 vel
1315 2391 1584 2446 monachi
1607 2389 1665 2445 in
1685 2392 1946 2446 emnobio
1968 2391 2026 2446 S.
2045 2391 2232 2446 Basoli
2260 2397 2406 2455 tum,
2428 2409 2562 2446 cum
2582 2391 2888 2446 translatio
2906 2389 3195 2446 celebrata
3211 2389 3793 2458 est,existerint,non

361 2465 508 2522 satis
538 2465 738 2536 liquet.
774 2465 1122 2536 Certeﬂanuo
1151 2465 1258 2536 882
1279 2463 1410 2536 jam
1438 2461 1630 2536 locum
1665 2462 2000 2536 insidebant
2029 2461 2296 2536 canonici
2325 2462 2629 2517 monachis
2652 2462 2973 2536 sulfecti,ut
2995 2467 3290 2536 testantur
3309 2461 3514 2516 litteras
3532 2479 3794 2536 excusa:

361 2537 522 2592 toria:
555 2532 899 2591 clericorum
931 2535 1310 2590 Rcmensium
1343 2533 1414 2586 ad
1443 2532 2151 2605 Hildcboldumaliosque
2181 2534 2604 2604 suifraganeos,
2639 2533 2856 2604 quibus
2887 2550 3014 2588 sese
3046 2533 3378 2605 purgabant
3407 2549 3478 2605 ex
3507 2549 3595 2598 eo,
3622 2532 3794 2605 quod

363 2612 594 2664 mortuo
629 2607 938 2662 Hincmare
969 2607 1038 2661 de
1071 2607 1267 2660 futuro
1301 2621 1636 2660 successore
1668 2609 1800 2660 ante
1828 2603 2144 2659 visitato’ris
2177 2603 2490 2660 adventum
2525 2603 3188 2661 tractaverant.l)emum
3209 2603 3509 2659 canonicis
3531 2603 3796 2664 abiectis

365 2679 619 2734 restituti
653 2681 791 2733 sunt
821 2677 1093 2732 monachi
1125 2693 1278 2732 anno
1307 2677 1945 2742 952,11texl‘rodoardo
1970 2675 2264 2744 ad,Vitam
2293 2675 2550 2731 S.Basoli
2574 2675 3046 2740 observavimus;
3073 2681 3128 2731 et
3149 2677 3258 2731 sub
3281 2676 3538 2730 secundo
3563 2675 3794 2731 abbate

363 2751 614 2816 Adsonc,
649 2748 847 2804 Odolci
880 2748 1052 2820 primi
1087 2754 1217 2820 post
1236 2747 1662 2820 restitutionem
1686 2747 2294 2820 abbatissuccessurc,
2315 2747 2466 2801 Adso
2491 2747 2798 2820 Dervcnsis
2820 2748 3004 2820 abbas
3025 2747 3182 2820 hunc
3205 2746 3468 2820 libellum
3493 2745 3790 2820 exaravit.

366 2821 578 2902 Induis
605 2816 942 2902 pri_m_9rdi'is
973 2816 1128 2902 apud
1161 2820 1219 2874 S.
1255 2819 1528 2902 baceolum
1560 2824 1858 2902 utcunque
1890 2816 2142 2900 viguisse
2174 2817 2788 2902 litterashcolligimus.
2815 2835 2884 2902 ex
2913 2817 3453 2902 gerbertihep‘istola
3479 2821 3536 2884 7,
3563 2817 3620 2902 in
3661 2833 3790 2902 quia

366 2887 624 2948 Plinium
654 2897 712 2948 et
738 2887 1138 2964 Eugraphium
1170 2908 1239 2946 ex
1258 2888 1512 2946 S.Basoli
1539 2893 1639 2944 aut
1665 2887 1979 2944 Orbacensi
2003 2888 2359 2944 monasterio
2378 2887 2486 2943 sibi
2509 2887 2788 2961 perscribi
2809 2889 2881 2944 ab
2900 2889 3144 2944 Airardo
3158 2887 3474 2946 Gerbertus
3493 2887 3788 2962 postulat.

438 3071 573 3126 CAP.
608 3069 650 3124 Ι.
685 3069 998 3124 Monasterii
1025 3067 1082 3122 S.
1109 3067 1292 3122 Basoli
1311 3067 1656 3130 instauratio,
1676 3065 2018 3136 ejusdemque
2043 3063 2100 3131 Α
2129 3068 2264 3119 ante
2286 3064 2476 3120 fuerat
2499 3063 3178 3136 repositum,collocavit.
3195 3066 3257 3121 In
3281 3069 3485 3123 eadem
3505 3084 3642 3125 vero
3669 3067 3794 3135 die,

932 3156 1108 3210 sancti
1137 3154 1440 3209 translatio.

435 3245 750 3317 Postquam
781 3248 979 3300 autem
1011 3242 1390 3298 beatissimus
1424 3241 1591 3296 Pater
1611 3239 1854 3296 Basolus
1875 3239 2012 3297 hinc

365 3335 437 3392 ad
470 3351 725 3408 superna
756 3332 1034 3388 ccelorum
1067 3329 1382 3386 transierat
1410 3345 1608 3402 regna,
1642 3329 1702 3384 in
1733 3328 1831 3384 illo
1863 3329 2012 3385 duo-

365 3424 553 3482 decim
577 3421 1000 3478 monachorum
1020 3418 1302 3486 ccenobio,
1327 3419 1483 3490 quod
1507 3418 1578 3473 ad
1603 3417 1826 3473 radices
1854 3433 2014 3473 mon-

361 3512 440 3570 tis
473 3516 759 3569 statutum
793 3509 931 3566 olim
975 3509 1156 3565 fuisse
1203 3507 1480 3574 diximus,
1516 3506 1688 3580 longo
1735 3507 2011 3562 deﬂuenti

362 3607 625 3675 tempore
654 3590 872 3672 partim
889 3602 1126 3670 propter
1143 3595 1418 3651 incursus
1435 3595 2011 3666 barbaricos,partim

359 3707 494 3748 vero
527 3693 763 3762 propter
792 3688 1126 3759 frequentes
1157 3690 1215 3741 et
1236 3688 1502 3758 perpetes
1523 3683 1582 3738 in
1606 3700 1782 3756 regno
1805 3682 2016 3754 princi-

361 3796 505 3852 pum
535 3777 880 3844 discordias,
905 3775 1097 3830 omnis
1127 3773 1505 3844 antiquorum
1532 3773 1767 3828 Patrum
1791 3772 2016 3844 deperit

359 3868 633 3924 instituta
664 3865 918 3922 traditio.
953 3865 1119 3918 Tunc
1160 3861 1337 3918 etiam
1389 3865 1446 3916 et
1497 3861 1611 3916 alia
1659 3861 2014 3916 monasteria

360 3960 504 4012 sunt
527 3971 636 4011 suo
666 3955 884 4010 honore
914 3951 1161 4024 privata,
1194 3951 1423 4006 nudatis
1455 3950 1629 4006 rebus
1655 3949 1930 4019 ecclesiae,
1957 3953 2015 4004 et

359 4043 626 4116 plurimze
656 4042 969 4098 subversa}.

433 4131 570 4187 Post
597 4130 815 4186 multos
845 4129 1026 4201 igitur
1055 4129 1180 4183 dies
1211 4128 1487 4183 redeunte
1527 4126 1800 4182 Ecclesiis
1850 4143 2009 4198 pace,

361 4236 568 4276 rursus
600 4219 660 4274 in
691 4219 920 4274 diverso
951 4215 1170 4272 montis
1195 4215 1396 4280 latere,
1430 4233 1496 4270 eo
1529 4215 1588 4269 in
1609 4215 1732 4270 loco
1757 4214 1854 4270 ubi
1879 4233 2011 4270 san-

362 4313 492 4365 ctus
514 4306 746 4364 Domini
771 4306 1001 4380 egregie
1040 4309 1416 4360 conversatus
1438 4305 1648 4370 fuerat,
1671 4305 1744 4359 ob
1768 4303 2016 4358 miracu-

361 4398 549 4454 lorum
569 4397 977 4453 assiduitatem
988 4440 1000 4462 ,
1015 4411 1144 4466 quae
1157 4394 1442 4449 Dominus
1456 4393 1808 4466 dignabatur
1819 4410 2014 4464 opera-

359 4487 406 4542 ri
439 4503 542 4559 per
565 4501 720 4554 eum,
747 4483 906 4542 aliud
938 4487 1028 4539 est
1058 4483 1480 4538 monasterium
1501 4499 1534 4537 a
1555 4481 1885 4537 B.Nivardo
1911 4481 2010 4536 Re-

357 4574 546 4631 mensi
581 4573 1016 4646 archiepiscopo
1048 4587 1306 4643 congruo
1339 4569 1482 4626 satis
1505 4575 1561 4625 et
1587 4569 1814 4624 decenti
1839 4585 2008 4640 opere

355 4652 728 4728 fabricatum,
763 4659 1116 4717 habitaculis
1159 4660 1219 4714 in
1271 4658 1518 4714 circuitu
1561 4659 1734 4729 juxta
1782 4657 2005 4712 cultum

356 4749 653 4822 religionis
679 4749 1088 4805 convenienter
1116 4747 1439 4819 dispositis.
1475 4747 1716 4813 Quando
1755 4763 1888 4800 vero
1920 4750 2005 4800 to-

355 4841 483 4892 tum
515 4838 642 4908 ejus
671 4835 782 4892 loci
815 4837 886 4892 ad
919 4835 1152 4892 laudem
1185 4840 1242 4890 et
1271 4834 1516 4906 gloriam
1549 4833 1728 4889 divini
1751 4833 2008 4890 nominis

353 4927 511 4980 esset
537 4929 1014 4980 consummatum
1047 4940 1215 4995 opus,
1240 4924 1341 4978 sed
1365 4927 1424 4978 et
1444 4927 1576 4994 post
1607 4921 1793 4978 multa
1824 4939 2004 4977 anno-

353 5028 484 5066 rum
518 5011 810 5066 curricula
838 5011 1186 5068 venerabilis
1210 5011 1558 5066 Uincmarus
1583 5011 1899 5066 Remorum
1923 5028 2008 5066 ar-

351 5100 760 5172 chiepiscopus
781 5100 1137 5155 sanctissimi
1162 5099 1350 5154 Basoli
1375 5116 1588 5172 corpus
1610 5099 1865 5164 aloco,in
1890 5117 2004 5172 quo

349 5186 2000 5255 eratvenerabiliterhumatum,decrevittransferendum.

351 5277 455 5332 Hic
485 5276 666 5348 igitur
694 5280 1004 5331 convocato
1033 5275 1194 5330 omni
1225 5275 1378 5330 clero
1401 5293 1506 5330 suo
1539 5280 1713 5346 atque
1745 5276 2004 5330 maxima

349 5363 732 5423 multitudine
762 5362 982 5434 populi,
999 5367 1172 5434 prout
1189 5367 1352 5418 tanto
1367 5362 1596 5435 negotio
1609 5363 1745 5434 dign
1755 5362 1854 5418 um
1876 5365 2000 5420 fue-

347 5458 461 5521 rat,
495 5444 774 5508 ell'odiens
806 5452 956 5506 sacri
991 5451 1252 5523 corporis
1283 5451 1648 5516 thesaurum,
1683 5451 1752 5506 de
1784 5451 1908 5508 loco
1939 5453 1998 5507 in

345 5559 461 5615 quo
494 5541 656 5613 prius
679 5538 1297 5612 jacuerat,eomposito
1331 5555 1560 5610 quoque
1591 5538 1998 5596 ecclesiastica:

343 5630 648 5703 dignitatis
681 5627 932 5702 plurimo
961 5632 1357 5698 competenter
1382 5631 1684 5699 apparatu,
1711 5645 1845 5684 cum
1869 5647 1999 5685 can-

2123 3167 2242 3222 qua
2253 3150 2912 3206 honoriﬁcentissimum
2929 3151 3283 3208 translatum
3296 3155 3530 3227 estejus
3543 3172 3794 3228 corpus,

2122 3238 2252 3311 ipsa
2281 3238 2457 3294 etiam
2491 3238 2794 3294 dedicatur
2824 3239 3072 3296 ecclesia
3101 3241 3160 3294 in
3193 3239 3412 3296 honore
3443 3243 3599 3298 beati
3640 3244 3800 3299 Mar-

2119 3327 2248 3395 tini,
2281 3327 2495 3384 Christi
2529 3327 2762 3384 Domini
2795 3329 3172 3395 confessoris,
3195 3345 3260 3384 ac
3285 3329 3659 3386 sanctissimi
3693 3333 3800 3388 Ba-

2122 3415 2228 3472 soli
2258 3417 2440 3472 nostri
2467 3433 2570 3489 per
2601 3415 2813 3473 szecula
2858 3418 3087 3490 patroni
3139 3416 3431 3490 specialis.
3461 3417 3592 3474 Haac
3651 3436 3794 3476 vero

2120 3505 2427 3562 translatio
2459 3505 2725 3563 simulet
2763 3505 3018 3562 ecclesias
3071 3523 3247 3563 sacrae
3296 3505 3587 3563 dedicatio
3645 3509 3794 3564 ldus

2123 3593 2390 3650 Octobris
2423 3594 2573 3650 facta
2602 3598 2690 3650 est
2721 3611 2754 3649 a
2786 3595 3024 3666 praefato
3056 3595 3392 3662 Hincmaro,
3426 3611 3660 3668 magna;
3691 3612 3791 3652 au-

2122 3682 2408 3740 ctoritatis
2465 3681 2938 3756 archiepiscopo;
2991 3701 3108 3756 qua
3162 3682 3384 3740 scilicet
3441 3685 3536 3740 die
3588 3683 3790 3758 ipsius

2124 3769 2310 3825 sancti
2339 3769 2679 3826 solemnitas
2710 3770 2986 3828 recolitur
3023 3771 3323 3839 celebrior,
3357 3771 3498 3844 quia
3543 3776 3790 3846 propter

2125 3857 2473 3930 populorum
2508 3859 2594 3930 (ut
2621 3858 2898 3932 diximus)
2931 3878 2998 3916 ex
3037 3861 3282 3918 diversis
3333 3866 3390 3917 et
3436 3860 3787 3934 longinquis

2125 3947 2389 4019 partibus
2421 3948 2838 4004 confluentiam
2871 3949 3117 4019 contigit
3148 3954 3214 4006 ut
3240 3949 3556 4006 haberetur
3591 3951 3782 4006 famo-

2125 4036 2262 4091 sior.
2295 4035 2375 4090 Ex
2407 4052 2472 4092 eo
2502 4035 2755 4108 denique
2782 4041 3044 4110 tempore
3084 4037 3289 4094 multis
3320 4043 3379 4093 et
3409 4037 3779 4095 intercessio-

2125 4124 2298 4180 nibus
2329 4126 2516 4180 sancti
2546 4125 2942 4196 hujus,multa
2973 4132 3112 4183 sunt
3143 4128 3312 4200 signa
3342 4131 3577 4184 ostensa
3605 4129 3784 4183 virtu-

2123 4217 2273 4280 tum,
2307 4229 2435 4284 quaa
2466 4229 2583 4268 non
2617 4219 2756 4268 sunt
2785 4215 3209 4286 comprehensa
3239 4215 3449 4286 litteris
3471 4216 3540 4272 ad
3563 4231 3781 4274 memo—

2124 4301 2272 4356 riam
2304 4306 2694 4374 posterorum.
2720 4303 2836 4358 Nos
2858 4307 3052 4359 autem
3077 4312 3364 4376 quantum
3386 4309 3589 4361 nostra
3611 4307 3777 4360 aetate

2124 4394 2224 4445 aut
2255 4389 2378 4445 fieri
2407 4389 2685 4459 vidimus,
2715 4395 2818 4448 aut
2848 4398 3000 4448 certe
3030 4410 3165 4449 vera
3192 4393 3456 4450 ﬁdelium
3497 4393 3775 4450 relatione

2110 4478 2235 4549 jam
2269 4477 2407 4533 olim
2441 4478 2592 4534 facta
2622 4466 3026 4552 cognovimus,
3055 4482 3175 4537 sive
3207 4499 3276 4538 ea
3297 4499 3424 4554 qua:
3455 4499 3490 4536 a
3521 4482 3774 4554 pruden-

2118 4565 2368 4622 tioribus
2395 4566 2659 4624 historiis
2686 4569 2937 4625 breviter
2967 4574 3166 4626 notata
3196 4571 3306 4644 ipsi
3342 4570 3767 4643 perspeximus,

2118 4656 2188 4710 ad
2221 4655 2534 4712 utilitatem
2567 4656 2886 4729 legentium
2919 4658 3113 4731 palam
3144 4659 3400 4716 exsecuti
3429 4677 3662 4716 sumus.

2189 4745 2324 4800 CAP.
2361 4745 2428 4801 ΙΙ.
2463 4746 2536 4801 De
2564 4747 2660 4801 illo
2689 4749 2788 4818 qui
2818 4749 3177 4805 irreverenter
3212 4752 3389 4805 sancti
3445 4749 3699 4804 baculum

2517 4837 2740 4906 accepit,
2769 4839 2928 4909 cujus
2953 4853 3048 4909 pes
3073 4840 3358 4894 emarcuit.

2189 4923 2384 4994 Longe
2414 4926 2544 4995 post
2573 4924 2723 4979 beati
2755 4925 2972 4980 Christi
3004 4927 3356 4984 confessoris
3382 4923 3760 4998 obitum,qui-

2117 5012 2252 5068 dam
2286 5011 2518 5068 natione
2550 5012 2784 5082 nobilis,
2820 5015 2920 5070 sed
2953 5015 3142 5072 elatus
3190 5020 3422 5072 tumore
3447 5020 3504 5072 et
3535 5011 3758 5072 bestiali

2117 5099 2340 5178 feritate
2372 5101 2608 5168 mentis,
2641 5103 2710 5156 ad
2745 5120 2972 5160 sacram
3004 5105 3252 5162 accessit
3277 5103 3761 5174 ecclesiam,velut

2113 5205 2292 5244 causa
2321 5189 2624 5246 orationis.
2659 5191 2764 5257 Qui
2791 5198 2923 5264 post
2953 5194 3274 5252 orationem
3309 5193 3430 5250 solo
3460 5207 3757 5259 excussus,

2114 5276 2389 5332 baculum
2422 5278 2608 5333 sancti
2630 5280 2873 5352 accepit,
2899 5298 2963 5336 ac
2987 5287 3182 5338 mento
3206 5293 3758 5355 suspensum,supcr

2111 5367 2318 5436 pedem
2353 5365 2572 5422 stultus
2597 5372 2656 5422 et
2677 5385 2882 5424 amens
2906 5371 3089 5441 ponit,
3113 5371 3323 5427 deinde
3345 5367 3754 5427 subsannando

2109 5453 2257 5508 dixit
2288 5469 2301 5507 :
2337 5453 2420 5508 En
2443 5453 3504 5530 baculusisteindicatquamparvula:
3525 5460 3749 5512 staturae

2109 5541 2354 5598 Basolus
2383 5541 2478 5598 hic
2511 5542 2715 5598 fuerat.
2752 5544 2865 5599 Nec
2911 5563 3076 5602 mora
3124 5547 3276 5602 hanc
3330 5543 3748 5618 blasphemiam

2107 5629 2253 5686 ultio
2286 5631 2481 5686 divina
2513 5631 2939 5704 complectitur.
2975 5635 3121 5690 Nam
3155 5653 3255 5708 pes
3277 5637 3427 5707 ejus,
3453 5634 3548 5689 cui
3571 5626 3745 5690 sancti

341 5720 473 5776 ticis
504 5723 562 5776 et
584 5717 894 5791 hymnisin
915 5717 1042 5789 ipsa
1063 5714 1309 5770 ecclesia
1329 5715 1516 5772 multo
1538 5717 1792 5773 nobilius
1815 5737 1991 5789 quam
2023 5703 2066 5770 (ἶ
2106 5719 2354 5775 baculus
2405 5721 2593 5776 fuerat
2645 5703 3072 5796 Superpositus,
3113 5703 3418 5791 emarcuit,
3451 5741 3481 5780 e
3511 5717 3742 5791 vestigio
