3906 6352
126 457 236 520 661

1136 457 1238 521 DE
1281 458 1610 521 TRANSL.
1659 457 1759 519 ET
1802 453 2066 519 MIRAC.
2117 457 2183 518 S.
2231 455 2535 520 BASOLI.

3423 457 3540 524 669..

129 591 620 664 putrefactus,nee
655 591 843 648 multo
864 598 992 664 post
1022 610 1155 648 cum
1174 594 1447 665 gravibus
1469 593 1775 647 tormentis
1807 599 1861 664 Α
1890 589 2378 662 habuerat,quam
2407 591 2908 664 passivaqualitas
2929 593 3080 649 intra
3102 595 3419 650 czecitatcm
3441 597 3542 652 diu

128 683 197 738 de
227 698 467 753 corpore
498 685 586 736 est
618 681 880 736 evulsus.
901 681 1123 754 Corpus
1156 684 1354 754 itaque
1387 683 1456 738 ad
1492 680 1776 752 templum

128 771 230 827 viri
264 771 364 826 Dei
391 771 728 843 disponitur
760 770 1156 837 evehendum;
1191 771 1345 843 quod
1371 775 1566 825 tamen
1591 769 1670 824 ita
1692 772 1781 824 est

129 861 248 917 loco
282 861 548 927 inﬁxum,
572 861 741 932 quasi
775 861 1070 932 quoddam
1107 859 1490 916 simulacrum
1525 860 1780 913 immane

131 950 662 1020 saxeum.Cumque
695 950 765 1004 ad
797 948 988 1004 locum
1023 949 1210 1004 sancti
1246 948 1492 1019 lternigii
1525 947 1778 1016 illatum,

130 1039 298 1095 etiam
331 1037 641 1110 exsequias
685 1039 1064 1093 decernerent
1097 1039 1453 1102 infercndas,
1488 1043 1550 1091 ut
1583 1040 1780 1107 posset

133 1128 330 1185 elevari
365 1127 557 1198 gleba,
592 1144 707 1182 non
743 1132 830 1181 est
864 1145 895 1182 a
924 1128 1038 1182 Deo
1073 1133 1128 1181 et
1161 1133 1362 1182 sancto
1403 1125 1606 1182 Basolo
1641 1141 1774 1178 con-

133 1235 289 1274 cessa
319 1214 576 1270 licentia.
611 1217 684 1269 At
714 1232 846 1271 vero
896 1217 1240 1271 necessitate
1284 1220 1544 1286 cogente,
1581 1215 1638 1268 in
1671 1213 1775 1267 Ca-

131 1305 420 1364 talaunico
455 1303 742 1360 territorio
776 1305 1012 1360 demum
1049 1305 1410 1377 permittitur
1441 1303 1652 1358 habere
1687 1319 1773 1356 se-

132 1395 441 1469 pulturam.

197 1485 326 1540 CAP.
361 1483 459 1539 III.
493 1484 567 1538 De
598 1491 932 1538 monstruoso
963 1484 1164 1538 honinc
1191 1500 1261 1538 ex
1294 1485 1404 1538 viro
1437 1481 1777 1536 Curmolensi

846 1564 1049 1609 curato.

197 1645 304 1700 Nec
337 1643 484 1698 illud
508 1660 740 1716 quoque
765 1643 1058 1698 silendum
1082 1643 1344 1715 estquod
1371 1643 1440 1697 ad
1462 1641 1645 1696 sancti
1670 1639 1775 1694 hu-

124 1732 752 1807 jusobtentum,divino
768 1735 910 1787 nutu
931 1732 1198 1787 novimus
1213 1733 1392 1786 fuisse
1405 1744 1772 1785 concessum.

130 1823 388 1880 Pluribus
409 1825 502 1877 est
519 1820 1106 1892 compertum,vicum
1131 1820 1571 1876 Curmolensem
1592 1817 1777 1883 (Caur-

128 1913 324 1982 melois)
355 1927 476 1966 non
507 1909 678 1982 longe
709 1927 836 1964 esse
861 1927 893 1964 a
922 1909 1276 1965 monasterio
1309 1907 1774 1977 situm.’l‘empus

131 2000 392 2066 instabat,
427 2014 546 2070 quo
570 1996 758 2053 sancti
791 1996 1142 2052 confessoris
1187 1995 1528 2052 solemnitas
1560 1992 1773 2049 annuis
1803 1969 1852 2034 Β

132 2085 348 2163 gaudiis
380 2086 736 2143 celebranda
767 2091 942 2141 esset.
979 2085 1120 2141 Illuc
1172 2101 1233 2140 se
1287 2085 1452 2157 plebs
1503 2083 1773 2138 universa

134 2177 481 2235 contulerat:
521 2175 839 2248 promiscui
874 2174 1194 2229 multitudo
1227 2191 1400 2229 sexus
1434 2173 1582 2226 hanc
1623 2186 1652 2224 e
1685 2169 1772 2223 di-

132 2283 282 2322 verso
311 2264 704 2338 frequentiam
739 2263 1100 2334 impleverat.
1133 2263 1278 2318 Huic
1324 2276 1557 2335 quoque
1597 2263 1770 2313 tanta:

135 2354 402 2410 claritatis
435 2351 794 2426 spectaculo,
827 2368 894 2407 ex
922 2353 1048 2406 vico
1087 2351 1360 2424 superius
1409 2349 1571 2404 illato
1621 2347 1774 2402 inter

135 2442 428 2516 populares
444 2446 679 2497 turmas
697 2458 757 2496 se
779 2440 954 2495 etiam
991 2441 1231 2513 quidam
1247 2440 1634 2503 immerserat,
1668 2435 1770 2507 qui

134 2533 370 2604 corporis
412 2533 478 2586 in
526 2547 784 2585 massam
833 2535 1129 2585 contracta
1177 2530 1466 2601 congerie,
1502 2541 1770 2601 gressum

133 2622 244 2676 vivo
273 2622 459 2676 ferens
495 2619 553 2674 in
588 2636 824 2690 corpore
855 2619 1172 2691 sepultum,
1209 2617 1542 2673 videntibus
1574 2629 1772 2686 quem-

136 2711 254 2765 dam
285 2710 590 2766 horrorem
641 2709 967 2763 incusserat
1024 2707 1373 2762 mirabilem.
1432 2706 1536 2761 Per
1586 2708 1768 2759 totam

137 2802 311 2855 tamen
325 2815 543 2870 repens
556 2797 628 2852 ab
651 2797 830 2868 hujus
851 2796 961 2852 diei
983 2795 1316 2870 spectaculo
1331 2813 1445 2850 non
1460 2791 1770 2860 abstinuit,

139 2888 245 2960 ipso
260 2890 450 2960 potius
487 2887 646 2942 omni
668 2885 880 2959 populo
913 2886 1312 2958 spectaculum
1335 2881 1665 2951 factus,voti
1681 2880 1772 2935 sui

139 2992 357 3033 censum
391 2974 814 3032 brevissimum
849 2991 982 3030 cum
1015 2974 1146 3030 aliis
1176 2974 1346 3046 plena
1398 2973 1510 3027 ﬁde
1550 2968 1770 3026 intulit.

141 3064 268 3120 Cum
273 3066 396 3137 jam
407 3065 466 3120 hi
479 3080 607 3120 ems
620 3063 1248 3119 cmlestibusnocturna
1261 3064 1414 3116 esset
1427 3057 1776 3114 celebranda

144 3152 448 3221 celebritas,
485 3153 690 3210 divina
731 3152 885 3208 circa
933 3168 993 3207 se
1051 3152 1309 3205 irruente
1351 3147 1616 3219 vestigia,
1649 3161 1774 3217 quas

146 3242 498 3300 dorsualibus
551 3241 905 3296 inhaeserant
955 3240 1246 3312 partibus,
1279 3238 1534 3294 extensis
1585 3234 1775 3290 nervis

1889 679 2276 745 concluserat,
2293 698 2470 752 quam
2496 682 2708 753 cenjux
2726 681 3012 738 sollicitus
3037 701 3138 755 per
3155 685 3340 740 sancti
3360 685 3541 758 hujus

1889 768 2162 822 meritum
2182 769 2429 823 credidit
2448 769 3184 826 liberandamJumentum
3203 773 3382 842 igitur
3399 779 3542 829 stra-

1887 855 1986 923 vit,
2025 857 2129 912 hac
2162 858 2530 930 superposita
2561 859 2892 930 procedenti
2938 865 3154 916 sancta)
3185 862 3541 920 celebritatis

1890 945 2095 1000 festivo
2128 952 2437 1012 conventu,
2473 949 2532 1001 ﬁt
2568 947 2692 1019 ipse
2741 966 2874 1003 cum
2927 967 3102 1004 uxore
3146 966 3295 1006 creca
3322 969 3476 1006 unus
3507 968 3538 1007 e

1889 1033 2398 1090 circumstantium
2436 1038 2627 1091 turba.
2669 1037 2917 1109 Jamque
2967 1055 3112 1108 pene
3159 1039 3386 1094 itineris
3439 1039 3539 1096 illo

1889 1139 1994 1177 suo
2029 1122 2222 1178 labore
2257 1132 2685 1189 consummato,
2721 1127 2858 1181 bino
2894 1128 3084 1182 adhuc
3118 1133 3373 1183 restante
3405 1129 3537 1184 mil-

1889 1210 2264 1278 liario,sensit
2287 1214 2463 1267 etiam
2491 1213 2545 1267 in
2573 1214 2661 1267 via
2684 1214 2957 1268 virtutem
2981 1214 3168 1270 sancti
3196 1215 3406 1284 Basoli,
3436 1217 3536 1288 qui

1889 1317 2002 1354 non
2035 1307 2122 1355 est
2155 1318 2366 1372 passus
2401 1306 2463 1356 ut
2493 1303 2700 1356 devota
2749 1304 2894 1356 ﬁdes
2928 1307 3239 1374 antequam
3277 1307 3536 1362 laborem

1887 1389 2224 1454 exsolveret,
2274 1389 2489 1444 laboris
2549 1390 2786 1460 prarmio
2852 1391 3136 1446 frustrata
3189 1401 3534 1449 remaneret.

1886 1475 2031 1531 Nam
2066 1495 2200 1532 mox
2221 1479 2427 1532 orbata
2444 1478 2660 1532 femina
2680 1478 2844 1532 mala:
2863 1479 3252 1550 possessionis
3270 1483 3540 1539 tenebras

1885 1564 2120 1633 deserit,
2154 1566 2538 1638 pinnaculum
2571 1567 2772 1638 templi
2804 1568 3020 1640 apertis
3053 1567 3237 1623 oculis
3268 1570 3337 1625 de
3369 1570 3539 1644 longe

1885 1653 2141 1726 respicit,
2176 1657 2555 1728 gaudensque
2588 1657 2796 1712 marito
2828 1657 2975 1712 dixit
3011 1675 3021 1711 :
3059 1657 3287 1714 Gratias
3338 1660 3452 1716 Deo
3482 1665 3539 1716 et

1885 1748 2085 1798 sancto
2117 1743 2343 1810 Basolo,
2369 1745 2578 1800 redditi
2612 1743 2854 1800 luminis
2885 1747 3136 1817 gratiam
3161 1761 3533 1820 recognosco.

1885 1836 2061 1904 atque
2109 1831 2362 1888 ecclesia:
2414 1832 2645 1888 culmen
2696 1831 2917 1905 fulgere
2966 1835 3152 1890 video.
3189 1835 3442 1909 Indeque
3473 1855 3534 1893 se

1886 1926 2050 1976 terra;
2084 1922 2352 1993 protinus
2383 1923 2946 1989 excutiens,nudatis
2970 1923 3216 1994 pedibus
3239 1924 3531 1999 reliquum

1884 2009 2110 2066 itineris
2141 2011 2296 2083 quod
2329 2011 2992 2082 superfusrat,celeriter
3021 2014 3359 2085 peragit.Ad
3392 2019 3536 2072 tem—

1883 2099 2045 2172 plum
2093 2101 2312 2171 gratias
2369 2104 2572 2154 actura
2624 2101 2904 2172 pervenit,
2949 2105 3004 2155 et
3047 2099 3264 2157 laetanti
3319 2104 3532 2176 populo

1883 2187 2095 2260 gaudia
2126 2190 2350 2260 majora
2379 2188 2718 2244 cumulavit.

1883 2285 2016 2340 CAP.
2052 2285 2145 2341 Vl.
2178 2287 2251 2341 De
2281 2285 2511 2359 quodam
2541 2285 2986 2342 administratam
3035 2286 3241 2359 Sperne
3292 2291 3529 2348 nomine.

2359 2357 2602 2424 Qualiter
2631 2366 2904 2429 correptus
2932 2360 3060 2428 fuit.

1953 2445 2078 2500 Non
2112 2443 2280 2516 longe
2312 2461 2346 2500 a
2376 2450 2576 2499 nostra
2607 2447 2772 2500 etate
2807 2446 2917 2517 (20)
2949 2446 3189 2518 quidam
3225 2447 3534 2522 religiosus

1883 2533 1969 2587 vir
2001 2537 2058 2588 et
2088 2533 2215 2588 vitae
2266 2532 2606 2605 probabilis,
2640 2533 2990 2590 Benedictus
3040 2535 3296 2602 nomine,
3345 2538 3533 2610 ipsius

1883 2621 2441 2694 monasterii‘abbas
2471 2627 2525 2677 et
2558 2625 2747 2676 rector
2777 2627 2864 2676 est
2897 2623 3368 2688 constitutus,vir
3397 2627 3534 2682 sim-

1882 2709 2127 2782 plicitati
2158 2710 2424 2775 studens,
2460 2715 2518 2765 et
2543 2708 2744 2764 altaris
2775 2708 3060 2764 familiam
3075 2711 3240 2780 juste
3260 2717 3316 2767 et
3338 2715 3532 2770 mode-

1882 2804 2003 2854 rate
2051 2799 2408 2872 gubernans.
2462 2799 2569 2864 Qui
2631 2798 2981 2853 Benedictus
3039 2799 3216 2854 decus
3272 2800 3531 2858 ecclesia

1884 2889 2090 2960 spatiis
2122 2885 2442 2958 ampliavit,
2487 2892 2542 2942 et
2588 2887 2764 2942 variis
2809 2887 3070 2942 donariis
3118 2890 3440 2955 exornavit,
3470 2896 3531 2948 et

1885 2980 2014 3049 post
2045 2993 2158 3032 non
2191 2975 2422 3031 modica
2443 2976 2572 3030 vitm
2607 2991 2726 3030 sua:
2749 2975 2940 3046 spatia
2968 2974 3120 3030 bono
3151 2975 3265 3032 fine
3289 2978 3527 3048 quievit.

1885 3065 2030 3122 Huic
2061 3081 2379 3137 germanus
2408 3064 2606 3132 frater,
2643 3063 2878 3119 nomine
2929 3064 3212 3136 Spernus,
3245 3065 3414 3122 Pater
3443 3073 3534 3126 est

1887 3153 2372 3226 subrogatus,qui
2405 3153 2680 3208 fraternis
2705 3153 3066 3224 degenerans
3098 3153 3381 3223 moribus,
3406 3156 3533 3214 dira

1887 3244 2205 3316 cupiditate
2235 3243 2810 3315 correptus,vinoque
2833 3241 2904 3296 ad
2927 3259 2991 3298 os
3014 3258 3198 3314 usque
3228 3245 3528 3316 perﬂatus,

144 3329 252 3388 loca
278 3349 384 3388 sua
407 3331 694 3387 violenter
723 3333 1010 3402 repetunt,
1039 3345 1219 3401 supra
1247 3327 1422 3400 pedes
1464 3330 1612 3382 teste
1660 3339 1761 3397 po-
1798 3331 1844 3399 ο
1884 3334 2058 3404 capit
2090 3333 2328 3389 sibimet
2358 3331 2673 3404 aliquando
2701 3331 2892 3387 dicere
2927 3348 2938 3384 :
2973 3331 3076 3387 Hic
3107 3348 3273 3389 meus
3302 3349 3531 3406 gerum-

146 3419 262 3492 pulo
291 3419 574 3486 constitit,
608 3424 665 3475 et
693 3435 764 3474 ex
793 3418 1025 3474 incessu
1068 3433 1214 3474 novo
1264 3415 1524 3471 laetitiam
1557 3411 1772 3469 festivi-

147 3509 266 3567 tatis
296 3511 459 3567 urbis
490 3508 848 3566 mirantibus
878 3508 1057 3564 auxit.

402 3599 544 3656 CAP.
578 3596 672 3654 IV.
712 3599 786 3654 De
830 3598 1236 3652 illuminatione
1261 3595 1485 3668 puellm.

203 3687 447 3744 Axonam
480 3686 695 3759 (Aisne)
726 3685 969 3741 fluvium
1005 3689 1339 3740 nostrorum
1373 3681 1541 3738 multi
1601 3697 1773 3736 nove-

148 3776 346 3842 runt,in
376 3777 549 3850 cujus
571 3775 839 3847 partibus
868 3773 1062 3847 puella
1084 3773 1351 3846 quaadam
1383 3771 1774 3842 fuerat,quam

149 3867 177 3914 ει
199 3863 494 3918 cunabulis
519 3862 709 3917 invisa
724 3863 954 3917 czecitas
973 3859 1366 3916 tenebat.Haec
1399 3860 1514 3914 fere
1532 3857 1779 3930 quadra-

149 3950 290 4022 ginta
311 3953 478 4010 annis
502 3952 603 4008 tali
629 3951 820 4007 fuerat
842 3949 1074 4007 inclusa
1093 3965 1324 4005 carcere
1347 3947 1776 4022 pmnali.Quam

150 4045 394 4108 parentes
423 4042 665 4096 tandem
699 4039 1038 4112 impositam
1069 4037 1356 4103 vehiculo,
1393 4039 1650 4091 instante
1682 4034 1775 4090 die

151 4125 472 4202 festo,longo
489 4131 695 4186 exacto
709 4129 913 4184 itinere
929 4128 1081 4182 inter
1092 4131 1329 4182 ceteras
1340 4125 1496 4198 vulgi
1517 4125 1780 4197 frequen-

152 4213 336 4283 tias,ad
363 4218 786 4275 monasterium
801 4213 1779 4288 ducentes,perveniunt,illatisque

152 4306 249 4360 voti
281 4308 366 4362 sui
399 4307 934 4378 muneribus,hanc
968 4323 1199 4379 quoque
1217 4306 1404 4361 sancti
1426 4304 1781 4360 meritisme-

155 4391 379 4450 dendam
411 4395 901 4466 oﬂ'erunt.Neque
931 4393 1026 4449 hic
1058 4392 1244 4448 defuit
1275 4392 1524 4463 profusae
1546 4391 1780 4463 pietatis

157 4485 648 4553 mystcrium,nam
679 4482 848 4555 longe
881 4482 1148 4538 mmroris
1177 4479 1481 4552 angustias
1504 4478 1697 4536 subito
1720 4479 1779 4534 in

158 4569 350 4637 gaudia
376 4571 779 4628 commutavit.
815 4573 949 4638 Quae
981 4586 1131 4626 caeca
1158 4573 1414 4634 venerat,
1449 4567 1782 4624 illuminata

159 4658 392 4728 recessit,
428 4677 494 4716 ac
522 4664 726 4733 postea
757 4659 956 4732 plures
985 4658 1182 4714 vivens
1232 4674 1333 4730 per
1363 4673 1568 4723 annos,
1604 4656 1777 4712 mira-

159 4743 333 4802 culum
367 4765 538 4804 suum
572 4749 701 4820 ipsa
729 4746 1107 4804 circumtulit.

297 4835 428 4892 ΟΑΡ.
460 4837 529 4892 ν.
561 4839 637 4893 De
665 4838 899 4892 muliere
924 4852 1063 4892 mea
1093 4843 1253 4908 atque
1281 4835 1614 4890 illuminata.

220 4921 374 4980 Aliud
408 4925 697 4998 siquidem
721 4925 858 4981 huic
880 4942 994 4980 non
1018 4942 1086 4980 ex
1100 4927 1220 4979 toto
1243 4923 1530 4979 dissimile
1548 4921 1782 4978 virtutis

163 5021 289 5078 opus
316 5021 539 5086 gestum
573 5014 878 5070 referimus
899 5030 1077 5086 super
1107 5013 1336 5069 Coslam
1354 5011 1558 5068 itidem
1581 5011 1780 5067 fluvio-

164 5095 266 5152 lum
297 5100 674 5171 (’19).Quidam
710 5104 862 5158 inter
893 5102 1190 5175 proximos
1221 5099 1783 5168 habitans,nativum

164 5182 426 5246 incolebat
455 5193 864 5266 eespitem,qui
892 5191 1164 5248 videlicet
1191 5209 1224 5246 a
1255 5191 1379 5246 loco
1413 5190 1628 5246 distare
1657 5207 1784 5246 cer-

166 5271 304 5330 nitur
330 5277 524 5336 decem
555 5285 609 5336 et
639 5285 768 5338 octo
814 5281 999 5337 ferme
1030 5279 1340 5336 milliariis.
1391 5278 1492 5335 Hic
1541 5296 1780 5335 uxorem

228 5453 329 5530 (19)
359 5455 524 5512 Colsa
553 5459 846 5523 ﬂuviolus,
881 5458 1050 5530 cosio,
1082 5457 1142 5530 in
1170 5473 1318 5530 pago
1367 5456 1780 5530 Catalaunensi

169 5521 320 5600 paulo
349 5544 524 5599 supra
544 5533 747 5587 urbem
781 5521 977 5585 inﬂuit
1009 5521 1066 5584 in
1111 5521 1458 5594 Meteonem,
1494 5529 1782 5600 habetque

165 5599 336 5672 ξιθιιςῐι
368 5603 788 5672 cognominem,
824 5602 924 5657 ubi
959 5600 1225 5672 sepultus
1257 5601 1315 5656 S.
1346 5599 1786 5666 Gibriauus,ex

173 5655 468 5744 Frgdoardi'
493 5655 700 5741 lib:

232 5737 335 5804 (20)
369 5740 610 5813 Tempore
665 5737 873 5800 Scilicet
899 5743 1086 5799 domm‘
1133 5741 1332 5798 Ebonis
1370 5741 1782 5812 archiepiscopi,

1808 4698 1858 4768 D

1881 3440 1995 3479 nus
2022 3422 2414 3494 praedecessor
2439 3419 2670 3492 ignavia
2698 3420 3061 3485 detentus,ut
3087 3424 3228 3491 puto
3261 3423 3526 3494 segnitie,

1882 3528 1949 3566 ex
1979 3510 2160 3566 lucris
2189 3509 2371 3580 hujus
2421 3507 2654 3564 familias
2701 3507 2944 3562 nescivit
2993 3524 3100 3562 sua
3149 3507 3313 3564 lucra
3361 3509 3528 3568 docte

1883 3599 2203 3655 cumulare.
2230 3595 2505 3669 Praecepit
2538 3613 2642 3668 ego
2676 3596 2800 3667 ipse
2832 3596 3192 3666 procuratori
3226 3613 3331 3652 suo
3361 3597 3525 3656 villa-

1885 3706 2015 3744 rum
2048 3687 2270 3742 incolas
2303 3685 2414 3741 sibi
2443 3690 2723 3756 tanquam
2756 3685 2826 3738 ad
2859 3683 3056 3756 puteal
3085 3684 3528 3758 exhiberi;quos

1885 3797 1987 3850 per
2014 3777 2174 3833 varia
2217 3775 2573 3844 distringens
2623 3772 2930 3844 supplicia,
2965 3773 3076 3828 sibi
3127 3774 3279 3829 bona
3327 3791 3529 3834 eorum

1887 3871 2084 3940 posset
2112 3863 2391 3920 violenter
2421 3867 2784 3934 extorquere.
2817 3862 2994 3916 Adest
3041 3866 3300 3919 tremens
3333 3869 3389 3920 et
3421 3866 3534 3921 mi-

1889 3974 2017 4014 sera
2042 3955 2480 4010 rusticanorum
2514 3950 2832 4006 multitudo
2865 3951 3392 4023 confusa,injustas
3422 3955 3536 4011 sibi

1890 4043 2396 4114 intentari’pacnas
2428 4040 2778 4095 considerat.
2815 4041 2978 4094 Tunc
3011 4040 3083 4095 ad
3119 4045 3321 4096 notum
3346 4043 3539 4099 cuncti

1889 4135 2198 4190 recurrunt
2229 4129 2444 4184 auxiliu
2457 4147 2511 4184 m
2526 4128 2896 4200 protendunt
2918 4144 3130 4184 manus
3145 4130 3214 4184 ad
3230 4130 3538 4204 templum,

1890 4223 2068 4279 ﬂebili
2101 4220 2324 4294 gemitu
2359 4222 2630 4273 sanctum
2663 4217 2933 4272 invocant
2972 4217 3266 4274 Basolum.
3299 4219 3413 4275 Nec
3446 4219 3541 4276 ille

1889 4310 2078 4384 plebis
2109 4325 2226 4365 suae
2251 4307 2350 4362 diu
2373 4305 2641 4377 querelas
2664 4305 3232 4376 sustinuit.Spcrnus
3250 4307 3538 4364 malorum

1889 4398 2209 4454 intentatur
2238 4400 2294 4450 et
2326 4393 2622 4448 minarum
2648 4393 3196 4465 spirans,nocturno
3217 4394 3536 4463 silentio,in

1890 4492 2079 4544 stratu
2109 4501 2219 4540 suo
2251 4482 2447 4538 divina
2475 4481 2687 4536 virtute
2716 4479 3111 4548 confunditur,
3127 4497 3368 4537 sensum
3401 4499 3536 4554 per-

1892 4574 2060 4640 didit,
2091 4571 2321 4628 medius
2355 4569 2598 4640 crepuit,
2642 4585 2775 4623 cum
2825 4567 3006 4622 fetore
3054 4567 3234 4623 nimio
3282 4569 3536 4641 pessime

1889 4664 2068 4718 vitam
2103 4659 2322 4718 amisit.
2357 4657 2602 4714 Familia
2633 4662 2883 4712 tremore
2924 4655 3135 4723 soluta,
3172 4658 3364 4713 cuncti
3399 4663 3538 4715 sunt

1890 4750 2250 4808 instantibus
2283 4745 2523 4819 periculi
2557 4744 2805 4800 liberati.
2869 4793 2872 4796 λ

1966 4849 2099 4904 CAP.
2131 4847 2254 4903 VII.
2289 4844 2449 4971 Quod
2476 4859 2574 4916 per
2599 4859 2783 4916 preces
2813 4845 3086 4926 immerita
3105 4843 3259 4926 .beati
3287 4847 3472 4902 Basoli

2285 4918 2306 4969 ι
2331 4915 2670 4971 'andalorum
2697 4921 2967 4970 exercitus
2998 4915 3154 4971 redit.

2342 4915 2670 4971 'andalorum
2697 4917 2967 4970 exercitus
2998 4915 3154 4971 redit.

1893 5053 1902 5062 .
1967 5010 2207 5080 Propter
2236 5008 2672 5078 perseverantes
2711 5003 3002 5059 malorum
3051 5008 3387 5060 nostrorum
3439 5021 3541 5062 ne-

1895 5099 2134 5172 quitias,
2166 5096 2273 5152 has
2305 5093 2625 5150 Galliarum
2659 5097 2852 5166 partes
2900 5093 3098 5150 divina
3145 5095 3290 5151 ultio
3338 5095 3542 5168 gentili

1895 5187 2090 5262 gladio
2121 5183 2412 5257 disposuit
2443 5183 2668 5239 tradere
2700 5183 3012 5239 feriendas.
3049 5183 3402 5240 Francorum
3451 5201 3542 5240 re-

1890 5295 2075 5352 gnum
2108 5292 2174 5332 eo
2206 5279 2465 5346 tempore
2495 5288 2691 5346 regem
2723 5271 3008 5328 habuerat
3037 5271 3308 5328 Carolum
3333 5271 3546 5344 (2t)re-

1893 5455 2056 5513 addit
2085 5450 2473 5513 Frodoardus,
2517 5447 2575 5502 id
2609 5453 2698 5503 est
2737 5449 3062 5518 imperante
3095 5449 3384 5503 Ludovico
3419 5447 3539 5502 Pio.

1967 5527 2075 5598 (21)
2102 5519 2749 5598 C_arolum_._Simpl‘icem
2782 5517 3252 5598 intelligitmujus
3285 5524 3544 5598 tempore

1893 5589 2152 5655 Hunnari
2189 5596 2248 5648 in
2276 5590 2494 5648 Gallias
2541 5589 2710 5645 etl‘usi
2756 5593 2912 5652 sunt.
2949 5589 3168 5644 scilicet
3212 5606 3363 5643 anno
3408 5589 3538 5655 919,

1895 5687 1964 5725 ex
1991 5661 2275 5725 Chronico
2310 5661 2643 5718 Frodoardi.
