3906 6352
325 414 446 481 663

1450 418 1782 480 ADSONIS
1825 415 2262 479 DEBVENSIS
2310 415 2640 476 ABBATIS

3641 407 3773 471 664

329 549 421 624 gis
453 548 728 605 Ludovici
761 546 969 614 ﬁlium,
1006 555 1140 604 ante
1173 549 1343 622 cujus
1376 554 1639 622 tempora
1669 550 1778 604 hoc
1811 565 1982 621 paga—
2009 555 2062 620 Α
2092 548 2228 613 αλιι,
2263 545 2409 602 Vlll.
2445 551 2524 624 De
2553 547 2650 600 illo
2681 544 3087 624 qui_metallum
3131 542 3458 624 declaratum
3499 542 3577 598 im
3607 558 3772 599 sum-

331 655 541 694 uorum
572 653 758 709 genus
790 637 943 692 intra
979 638 1125 693 ﬁnes
1159 639 1415 693 Francim
1450 639 1704 693 invisum
1730 637 1989 710 incogni-

328 731 576 798 tumquc
604 727 916 794 fuerat,sed
945 726 1167 797 absque
1190 726 1368 780 dubio
1401 727 1580 780 totius
1606 725 1804 798 populi
1830 743 1986 781 com-

329 831 508 870 mune
541 815 607 870 ﬁt
630 815 908 870 meritum
941 831 1046 869 nos
1079 814 1652 870 ultionisincurrisse
1669 816 1986 870 discrimen

328 903 860 975 horrcndum,quia
887 903 1152 957 videlicet
1185 904 1356 959 modo
1389 905 1606 974 ubique
1641 908 1846 974 regnat
1865 921 1987 958 ces-

331 999 498 1050 sante
526 992 814 1049 charitate
839 991 1434 1064 materimpietas,lex
1459 993 1558 1048 Dei
1585 993 1984 1058 confunditur,

322 1083 564 1156 justitia
609 1080 990 1146 subvertitur,
1027 1081 1352 1136 secundum
1390 1081 1706 1153 preplietios
1740 1081 1985 1148 dictum,

333 1171 710 1236 adulterium,
745 1169 1495 1241 homicidium,perjurium
1530 1169 1984 1236 inundaverunt,

331 1262 558 1333 sanguis
586 1261 914 1331 sanguinem
965 1259 1137 1328 tetigit
1169 1257 1319 1328 (Osee
1350 1276 1424 1324 iv,
1455 1258 1532 1326 2),
1567 1257 1624 1312 id
1672 1263 1760 1313 est
1786 1276 1985 1330 pecca-

331 1354 461 1406 tum
519 1363 698 1420 super
756 1350 1058 1418 peccatum
1110 1344 1235 1400 sine
1289 1345 1487 1418 aliqua
1547 1345 1986 1418 interpositione

333 1437 692 1495 cumulando
725 1434 920 1501 crevit,
937 1435 1134 1489 omnia
1163 1435 1406 1490 confusa
1437 1439 1576 1490 sunt
1605 1439 1660 1489 et
1689 1440 1984 1508 corrupta.

334 1527 494 1584 Inter
524 1525 832 1582 saeculares
864 1529 1041 1596 atque
1073 1525 1250 1596 (quod
1284 1528 1371 1578 est
1400 1525 1590 1596 pejus)
1609 1525 1868 1580 intereos
1886 1525 1988 1597 qui

334 1632 548 1673 nomen
578 1615 799 1671 habent
828 1613 1277 1686 religionis.jam
1311 1613 1436 1668 sine
1468 1613 1799 1670 differentia
1829 1613 1989 1686 cupi-

335 1705 490 1762 ditas
523 1703 820 1768 discurrit,
855 1705 913 1757 et
945 1700 1203 1768 avaritia,
1239 1701 1562 1774 multisque
1592 1705 1784 1758 rectus
1807 1702 1986 1774 justi-

335 1794 430 1850 tia:
463 1791 704 1847 semitas
736 1789 1141 1846 deserentibus
1160 1788 1551 1862 multiplicata
1580 1796 1721 1846 sunt
1750 1789 1906 1846 mala
1927 1791 1988 1846 in

334 1886 510 1938 terra.
544 1879 869 1936 Minoratur
898 1879 1161 1951 quotidie
1192 1878 1659 1936 Christianorum
1683 1895 1985 1947 numerus;

337 1971 434 2028 alii
466 1971 526 2026 in
558 1969 958 2042 captivitatem
985 1967 1224 2036 abeunt,
1259 1967 1357 2024 alii
1390 1968 1542 2024 ferro
1570 1968 1989 2035 intereunt,alii

337 2060 490 2116 inter
518 2075 721 2131 pinnas
750 2061 810 2112 et
841 2055 1138 2112 cruciatus
1167 2056 1572 2121 deficiunt,alii
1604 2060 1994 2129 prazt'ocantur

338 2149 530 2221 aquis,
563 2147 661 2202 alii
689 2145 965 2201 manibus
1015 2150 1072 2200 et
1120 2145 1370 2218 pedibus
1413 2147 1858 2214 detruncantur,
1894 2147 1992 2203 alii

339 2235 598 2294 ﬂammis
629 2235 828 2306 injecti
860 2235 1308 2301 comburuntur,
1343 2234 1439 2290 alii
1472 2236 1682 2306 captivi
1715 2235 1871 2291 ducti
1905 2250 1994 2292 ex-

341 2325 576 2382 stinctis
606 2323 989 2380 cadaveribus
1019 2323 1331 2378 crudeliter
1360 2328 1499 2378 sunt
1537 2339 1640 2396 per
1685 2323 1808 2379 vias
1861 2341 1992 2397 pro-

337 2413 503 2488 jecti,
535 2413 633 2469 alii
664 2428 734 2469 ex
764 2411 1099 2484 captivitate
1132 2412 1396 2479 redeunt,
1420 2413 1563 2484 proh
1598 2411 1786 2468 dolor!
1825 2415 1995 2469 mise-

345 2502 783 2560 randi.Exerszn
824 2504 966 2556 sunt
1012 2499 1182 2568 villaz,
1217 2517 1414 2572 pauca:
1465 2506 1628 2556 extra
1677 2503 1856 2557 urbes
1904 2519 1992 2558 re-

345 2593 693 2647 manserunt
723 2588 1016 2655 ecclesia};
1051 2589 1354 2644 exstinctis
1403 2589 1646 2656 colonis,
1679 2606 1872 2646 vacua:
1905 2608 1994 2646 re-

341 2679 490 2738 lictae
521 2682 661 2734 sunt
689 2676 1074 2748 terrae.Hujus
1104 2675 1285 2748 igitur
1304 2677 1660 2733 detestandzn
1675 2679 1867 2750 gentis
1887 2679 1996 2735 for-

339 2767 577 2834 midine,
613 2763 848 2838 quando
893 2763 1149 2836 primum
1185 2779 1246 2819 se
1279 2781 1482 2820 rumor
1511 2781 1614 2837 per
1659 2766 1766 2822 has
1797 2771 1992 2838 partes

336 2853 734 2912 famavolante
748 2853 1375 2924 ditfuderat,przesidiis
1389 2855 1605 2927 quique
1621 2856 1994 2913 munimenta

335 2945 588 3018 capient.
623 2944 789 3000 Tunc
821 2957 1053 3015 quoque
1100 2941 1344 2998 collecta
1392 2944 1581 3000 sancti
1635 2945 1990 3002 confessoris

337 3051 456 3090 non
508 3032 739 3089 modica
788 3030 1192 3100 multitudine,
1226 3031 1420 3086 clerici
1453 3050 1656 3088 omnes
1707 3033 1766 3088 in
1807 3051 1992 3091 unum

336 3122 712 3189 conveniunt,
745 3137 880 3175 cum
912 3119 1003 3174 sui
1035 3119 1264 3192 patroni
1295 3138 1460 3177 sacro
1491 3123 1734 3195 pignore
1750 3122 1821 3177 ad
1851 3122 1990 3178 civi-

337 3213 518 3266 tatem
551 3208 876 3265 deliberant
903 3225 1143 3280 gressus
1174 3209 1987 3282 intendere;relictisque'non

339 3299 468 3364 sine
497 3297 776 3354 mmstitia
802 3296 1056 3369 propriis
1088 3298 1348 3365 sedibus,
1383 3297 1485 3354 illa
1524 3317 1631 3355 sua
1661 3300 1984 3354 domestica

339 3387 603 3460 undique
632 3387 1026 3454 turba,tunsis
1057 3387 1115 3442 in
1148 3391 1430 3460 sequente
1449 3389 1784 3460 pectoribus
1817 3387 1885 3443 ad
1909 3389 1987 3444 vi-

338 3494 474 3554 cum
497 3477 590 3550 cui
612 3474 1201 3546 Pusiolos(Puisieux)
1217 3493 1428 3532 nomen
1449 3478 1741 3544 est,tluvio
1761 3476 1984 3534 Vidulie

338 3566 416 3638 (la
448 3565 613 3631 Vesle)
645 3564 990 3638 contiguum
1023 3565 1256 3621 duobus
1278 3567 1405 3637 jam
1437 3565 1703 3622 millibus
1721 3583 1989 3638 pervene-

337 3658 491 3711 rant.
523 3655 690 3710 Tunc
718 3652 942 3710 clamor
970 3654 1162 3709 moesti
1195 3653 1396 3726 populi
1428 3655 1487 3708 in
1515 3654 1760 3710 excelsis
1777 3655 1987 3710 attolli-

335 3743 715 3814 tur,confusa3
744 3741 1020 3798 lamentis
1049 3759 1218 3798 voces
1249 3741 1483 3816 longius
1515 3743 1876 3800 incessanter
1892 3762 1989 3800 au-

334 3833 580 3890 diuntur
609 3830 994 3889 clamantium
1026 3836 1202 3905 atque
1220 3832 1562 3889 dicentium:
1579 3833 1622 3889 Ο
1640 3837 1840 3889 sancte
1861 3833 1984 3901 Dei,

335 3921 477 3994 quid
505 3925 598 3977 est
613 3921 766 3994 quod
799 3919 914 3976 tale
928 3919 1034 3975 tibi
1051 3919 1297 3976 adhibes
1313 3921 1988 3994 obsoquium,talcmque

331 4009 440 4068 tibi
452 4008 682 4083 colligis
693 4008 1073 4064 comitatum?
1107 4025 1222 4079 quo
1235 4014 1290 4064 te
1303 4011 1650 4080 sequemur?
1673 4011 1988 4066 curlocum

333 4101 502 4153 tuum
535 4095 620 4150 sic
645 4111 896 4150 vacuum
935 4111 1066 4150 esse
1115 4095 1376 4166 pateris?
1407 4095 1528 4150 Illis
1582 4096 1663 4151 ita
1708 4114 1771 4152 se
1821 4100 1987 4152 terra:

335 4182 849 4258 prosternentibus
897 4187 1072 4254 atque
1119 4181 1493 4238 clementiam
1545 4184 1644 4240 Dei
1693 4189 1751 4240 et
1797 4189 1986 4242 sancti

333 4271 525 4330 Basoli
557 4271 1103 4345 deprecantibus,ut
1132 4271 1181 4326 si
1213 4271 1286 4327 ab
1308 4271 1416 4328 hac
1448 4272 1746 4329 auditione
1764 4273 1988 4347 aliquid

332 4361 448 4422 sibi
497 4361 734 4417 deberet
777 4359 1018 4415 noxium
1067 4360 1425 4434 contingere,
1476 4366 1700 4418 certum
1747 4363 1985 4436 aliquod

332 4452 498 4516 daret
527 4450 837 4520 indicium,
875 4467 947 4506 ne
978 4455 1134 4506 esset
1179 4467 1418 4506 necesse
1449 4451 1704 4524 amplius
1753 4455 1987 4528 fatigari

331 4539 639 4613 populum.
675 4541 862 4596 Tanto
895 4539 1151 4612 pondere
1183 4555 1317 4594 mox
1347 4540 1532 4596 sancti
1564 4541 1735 4613 gleba
1764 4544 1986 4616 ﬁgitur,

331 4633 400 4684 ut
427 4647 542 4686 non
576 4629 729 4685 ultra
761 4646 936 4702 quam
967 4629 1026 4684 in
1058 4628 1309 4684 vicinam
1333 4629 1641 4685 ecclesiam
1666 4633 1988 4688 divertendi
2020 4656 2070 4734 Β

331 4717 584 4772 facultas
614 4717 1051 4783 concederetur,
1085 4717 1186 4772 ubi
1217 4716 1624 4773 imminentem
1657 4724 1886 4776 noctem
1908 4721 1989 4776 vi-
2020 4716 2071 4750 ⁷⁵

329 4803 488 4876 giliis
520 4806 877 4878 transigunt.
907 4807 971 4862 In
1005 4806 1331 4863 crastinum
1355 4823 1490 4861 cum
1530 4809 1620 4864 sui
1652 4810 1995 4881 protectoris

329 4891 570 4959 auxilio,
605 4909 811 4948 omnes
842 4894 913 4950 ad
946 4894 1184 4966 propria
1232 4895 1504 4950 redeunt.
1538 4896 1820 4954 Praedicta
1859 4916 1994 4955 vero

328 4995 696 5053 paganorum
729 4997 968 5053 gens,eo
990 4982 1229 5053 quidem
1248 4987 1510 5054 tempore
1532 4985 1840 5045 ecclesiam
1863 5004 1996 5048 san.

330 5068 407 5140 oti
437 5067 705 5124 Mauricii
737 5086 852 5124 non
887 5071 1143 5136 transiit,
1179 5087 1306 5141 quae
1339 5075 1430 5126 est
1461 5073 1577 5128 sita
1627 5074 1684 5128 in
1737 5077 1993 5135 confinio

335 5155 668 5229 Campania)
697 5173 762 5212 ac
794 5155 951 5217 silva:
983 5160 1330 5230 Arguennas.

403 5369 514 5441 (22)
551 5367 729 5441 Istius
762 5367 1034 5441 miraculi
1053 5369 1335 5441 meminit
1367 5369 1529 5441 Hugo
1559 5373 1991 5436 FlaviniacAb-

331 5440 439 5496 bas
469 5440 528 5494 in
554 5439 854 5510 ωλι-οη.αά
880 5440 1166 5510 ann.937,
1186 5439 1278 5495 his
1308 5439 1501 5496 verbis
1536 5459 1548 5496 :
1589 5465 1617 5494 ‹‹
1653 5446 1714 5500 In
1745 5449 1992 5510 ecclesia

332 5509 605 5592 S_._Basoli
619 5526 757 5592 cum
792 5509 1030 5581 quidam
1051 5509 1793 5592 Hungarorum'ascenderc
1815 5509 1992 5592 super

331 5583 515 5658 altare
537 5581 759 5658 nitens
774 5579 976 5658 arcum
1011 5597 1189 5658 manu
1205 5579 1208 5580 ⁷
1222 5579 1847 5658 applicuissetmianus
1861 5579 1990 5658 us

331 5653 577 5708 adhaesit
607 5651 808 5723 lapidi,
843 5668 946 5705 nec
981 5651 1218 5723 omnino
1249 5646 1434 5723 quivit
1463 5646 1843 5723 cvelli,donec
1875 5646 1988 5716 diu;

331 5723 472 5779 teris
504 5720 710 5780 saxum
744 5723 896 5777 circa
927 5739 1168 5778 manum
1204 5720 1392 5792 ipsam
1426 5720 1984 5804 incidentibus,par-

2429 619 2617 673 mitate
2645 616 2816 672 turris
2847 624 3074 688 coeperat
3101 616 3414 672 convellere.

2171 707 2281 761 Sed
2313 705 2449 778 quia
2482 721 2840 777 paganorum
2875 709 3106 776 gentem
3140 702 3319 758 semel
3365 702 3616 775 ingressi
3657 720 3776 758 su-

2099 813 2252 860 mus,
2289 798 2498 849 referre
2529 795 2705 848 etiam
2733 793 3036 859 debemus,
3072 809 3197 864 quae
3247 791 3495 846 diversis
3527 796 3774 864 tempo-

2099 885 2264 939 ribus
2294 886 2444 939 t'acta
2478 882 2660 938 fuisse
2695 881 3095 954 cognovimus.
3131 881 3277 935 Nam
3309 880 3450 952 quia
3480 879 3776 936 humana:

2099 973 2325 1029 duritiae
2359 989 2471 1027 non
2508 977 2698 1026 cessat
2729 970 3040 1042 culpa,non
3059 973 3559 1041 possuntquoque
3580 985 3777 1041 super

2099 1079 2204 1116 nos
2236 1060 2412 1115 divini
2441 1059 2650 1130 judicii
2685 1077 2914 1115 cessare
2948 1056 3326 1131 flagella.Alio
3358 1057 3578 1114 etenim
3609 1063 3775 1113 tem-

2099 1167 2234 1221 pore
2265 1149 2385 1204 haec
2418 1149 2631 1202 iterum
2666 1148 2821 1202 intra
2850 1145 3068 1203 Gallias
3087 1147 3239 1201 facta
3267 1146 3770 1202 estbarbarorum
3853 1167 3857 1178 ι

2096 1237 2368 1310 irruptio,
2400 1237 2498 1308 qui
2554 1253 2714 1291 more
2764 1236 2971 1302 ferino,
3015 1233 3300 1307 quidquid
3351 1233 3464 1289 sibi
3516 1236 3773 1293 obvium

2097 1326 2327 1392 habuit,
2363 1323 2536 1396 cepit,
2568 1324 2800 1392 occidit,
2836 1323 3099 1378 incendit
3120 1327 3177 1378 et
3205 1323 3472 1390 vastavit,
3501 1340 3771 1396 quorum

2098 1416 2348 1470 adventu
2381 1413 2905 1485 przecoguito,dum
2939 1413 3190 1485 quisque
3223 1411 3350 1466 vitae
3384 1411 3778 1467 munimenta

2097 1503 2272 1572 capit,
2308 1507 2484 1574 atque
2514 1500 2819 1557 interitum
2850 1499 3046 1557 cuncti
3083 1504 3376 1567 verentur,
3411 1498 3612 1555 clerici
3668 1517 3773 1556 ac-

2095 1596 2263 1664 cepto
2294 1607 2534 1663 corpore
2567 1594 2771 1645 sancto
2804 1589 3001 1646 festini
3037 1606 3098 1644 se
3128 1587 3190 1644 in
3234 1587 3527 1645 civitatem
3559 1589 3774 1645 confe-

2097 1685 2252 1737 runt.
2287 1682 2474 1746 Quare
2507 1678 2828 1736 multitudo
2857 1677 3383 1751 gentilium,vacua
3401 1676 3475 1732 ab
3497 1675 3774 1734 homini.r

2097 1769 2209 1835 bus
2244 1765 2490 1824 ccenobii
2535 1766 2665 1822 loca
2711 1765 3040 1833 inveniens,
3093 1765 3358 1822 divinum
3408 1781 3526 1821 non
3573 1765 3778 1830 verita

2099 1858 2488 1923 defensorem,
2523 1855 2705 1911 libere
2739 1855 3084 1927 ingreditur,
3118 1870 3184 1910 ac
3215 1858 3452 1927 propter
3482 1851 3596 1910 loci
3621 1869 3774 1912 oon-

2101 1945 2433 2019 gruentiam
2460 1961 2596 2000 cum
2631 1943 2902 2000 universo
2933 1943 3215 1999 comitatu
3236 1946 3356 1999 tota
3388 1959 3776 2016 paganorum

2102 2035 2279 2092 statio
2309 2033 2527 2090 ibidem
2569 2031 2907 2090 collocatur.
2938 2032 3060 2089 Huc
3089 2031 3268 2088 etiam
3296 2036 3522 2104 strages
3555 2049 3778 2104 quam-

2103 2123 2420 2195 plurimum
2451 2126 2507 2176 et
2537 2121 2725 2193 spolia
2754 2121 2973 2192 passim
3007 2121 3383 2188 insectantes,
3412 2137 3482 2175 ex
3511 2120 3776 2176 diversis

2103 2211 2368 2284 partibus
2399 2211 2661 2282 prcedatu
2695 2210 3318 2267 revertuntur.lnterea
3339 2209 3482 2265 dum
3508 2211 3778 2265 turricu-

2102 2300 2221 2356 lam
2251 2299 2310 2355 in
2343 2317 2576 2355 summo
2608 2299 2864 2355 ecclesiae
2897 2297 3150 2371 positam
3203 2299 3486 2354 deaurata
3519 2299 3776 2372 conspi-

2102 2391 2266 2445 ciunt
2297 2389 2490 2460 specie
2519 2388 2826 2460 refulgere,
2859 2404 3062 2444 eorum
3095 2404 3250 2444 unus
3281 2387 3408 2442 auri
3437 2387 3778 2459 cupiditate

2102 2478 2336 2544 ductus,
2372 2477 2464 2532 cui
2496 2475 2768 2532 videlicet
2809 2476 3009 2532 vicinae
3060 2476 3270 2532 mortis
3313 2480 3440 2531 erat
3486 2475 3775 2532 interitus

2102 2565 2448 2638 praifinitus,
2485 2583 2586 2638 per
2614 2567 2767 2620 tecta
2797 2564 2965 2638 repit,
2999 2563 3231 2619 culmen
3259 2562 3462 2635 templi
3487 2580 3780 2619 conscen-

2103 2655 2210 2722 dit,
2243 2670 2309 2710 ac
2341 2654 2566 2728 fulgida
2598 2652 2838 2710 metalla
2869 2650 3192 2709 convellere
3231 2653 3428 2726 cmpit.
3462 2653 3574 2722 Sed
3625 2670 3775 2709 cum

2101 2743 2160 2798 in
2193 2743 2250 2798 id
2282 2740 2473 2814 operis
2502 2746 2657 2797 esset
2686 2741 3067 2797 irreverenter
3088 2741 3644 2809 intentus,divinam
3667 2758 3775 2797 ex-

2102 2836 2300 2904 pertus
2333 2848 2366 2886 a
2393 2829 2517 2886 loco
2551 2847 2664 2885 non
2687 2830 2892 2885 deesse
2911 2829 3467 2896 custodiam,subito
3485 2848 3592 2902 per
3608 2835 3776 2886 tecta

2103 2925 2325 2976 rotatas
2357 2919 2416 2974 in
2449 2935 2704 2990 praeceps
2738 2919 3120 2990 datur,atque
3139 2917 3455 2974 confractis
3474 2919 3775 2976 membris

2100 3009 2171 3064 ad
2203 3013 2420 3063 terram
2452 3006 2814 3078 perveniens,
2849 3006 3047 3064 debita
3094 3007 3304 3064 mortis
3350 3025 3526 3080 paena
3574 3009 3769 3065 corri-

2096 3095 2274 3168 pitur.

2095 3201 2231 3257 CAP.
2269 3199 2358 3254 IX.
2390 3201 2464 3255 De
2496 3199 2726 3254 barbaro
2755 3216 2852 3254 seu
2890 3198 3171 3265 Wandalo,
3198 3200 3295 3270 qui
3339 3217 3514 3256 cornu
3557 3201 3771 3258 altaris

2398 3279 2458 3327 ut
2487 3271 2808 3327 convelleret
2835 3280 3032 3326 temere
3060 3271 3438 3343 apprehendit.

2165 3361 2381 3416 lterum
2414 3359 2565 3416 alius
2595 3375 2827 3431 quoque
2858 3375 3091 3418 sacrum
3123 3357 3307 3414 altare
3335 3357 3583 3431 indigna
3615 3377 3778 3432 per-_

2093 3449 2314 3505 vicacia
2335 3449 2500 3504 nisus
2522 3449 2911 3504 conscendere
2927 3449 3069 3504 dum
3094 3464 3274 3503 cornu
3297 3445 3504 3502 altaris
3532 3452 3772 3505 temere

2092 3537 2663 3611 apprehenderct,ita
2693 3554 2906 3594 manus
2937 3539 3065 3610 ejus
3083 3535 3278 3594 subito
3296 3535 3536 3594 inhaesit
3551 3554 3774 3610 super-

2096 3627 2289 3702 posita
2317 3625 2594 3682 marmori
2623 3628 2831 3697 (22),ut
2859 3643 2995 3682 cum
3015 3625 3204 3700 magis
3235 3629 3435 3698 posset
3451 3625 3767 3698 abrumpi,

2097 3714 2432 3772 nullatenus
2463 3718 2661 3789 posset
2690 3714 3169 3772 avelli.Cerneres
3189 3713 3478 3786 captivam
3501 3713 3770 3782 bestiam

2097 3805 2320 3877 absque
2351 3809 2694 3860 catenarum
2723 3803 2974 3860 vinculis
2995 3820 3111 3859 uno
3129 3807 3285 3870 stare
3317 3801 3376 3858 in
3409 3800 3535 3858 loco
3557 3802 3768 3870 divina

2097 3893 2313 3949 virtute
2345 3891 2890 3950 conﬁxamJnterea
2911 3893 3162 3948 barbara
3191 3891 3392 3948 mirari
3411 3889 3762 3947 multitudo.

2099 4000 2170 4038 ne
2198 4000 2260 4038 se
2292 4000 2397 4055 par
2428 3981 2572 4038 ultio
2604 3981 3052 4055 constringeret,
3078 3981 3414 4038 horrescere
3445 3995 3511 4034 ac
3536 3996 3762 4036 numen

2097 4070 2392 4127 invisibile
2421 4072 2592 4127 bruta
2622 4071 2868 4128 audacia
2901 4068 3352 4144 praesentialiter
3382 4067 3711 4141 persentire
3743 4085 3758 4122 :

2098 4161 2200 4216 sed
2234 4161 2392 4216 hunc
2422 4159 2503 4216 ita
2536 4159 2992 4228 revinctum,alii
3023 4159 3105 4215 ita
3122 4175 3421 4215 remanere
3439 4174 3552 4212 neu
3569 4157 3758 4229 passi,

2097 4250 2236 4306 hinc
2269 4250 2406 4306 inde
2435 4249 2592 4305 circa
2617 4266 2860 4304 manum
2895 4247 3182 4322 appositis
3211 4244 3759 4320 hipennibus,lapi-

2097 4340 2230 4394 dem
2263 4338 2660 4405 concidentes,
2696 4338 2937 4393 tandem
2970 4336 3247 4410 gentilem
3283 4335 3536 4404 solvunt,
3572 4333 3757 4406 parti.-

2097 4427 2231 4484 cula
2243 4433 2440 4482 tamen
2460 4427 2773 4483 marmoris
2797 4443 2976 4482 manu
2995 4427 3124 4497 ejus
3147 4423 3758 4497 perpetuatenacitate

2096 4514 2492 4571 insolabiliter
2540 4514 2892 4570 adhaerente.
2939 4515 3058 4570 Hoc
3107 4515 3307 4586 itaque
3360 4511 3474 4568 tale
3525 4511 3756 4583 pondus

2098 4622 2288 4676 usque
2316 4605 2386 4660 ad
2421 4609 2636 4660 terram
2668 4621 2838 4660 suam
2875 4600 3417 4671 defcrens,virtutis
3449 4599 3636 4656 sancti
3657 4601 3738 4654 Ba

2105 4692 2213 4748 soli
2250 4692 2466 4748 invitus
2500 4693 2844 4764 praedicator
2876 4692 3266 4749 referentibus
3309 4708 3377 4746 ex
3417 4689 3756 4762 captivitate

2105 4779 2560 4853 quamplurimis
2591 4780 2752 4836 visus
2781 4785 2871 4838 est
2903 4781 2973 4836 ad
2991 4797 3131 4838 suos
3159 4782 3282 4854 jam
3301 4783 3498 4838 arente
3513 4776 3754 4834 brachio

2105 4870 2456 4942 pervenisse.

2105 4975 2239 5034 CAP.
2273 4975 2338 5032 Χ.
2376 4981 2454 5032 De
2497 4977 2595 5032 illo
2645 4977 2742 5050 qui
2787 4993 2913 5032 cum
2960 4993 3134 5034 uxore
3161 4975 3360 5032 accidit
3403 4975 3465 5030 in
3495 4974 3751 5032 latrones.

2175 5064 2422 5132 Quidam
2455 5081 2687 5138 quoque
2719 5065 2999 5140 antiquus
3025 5067 3138 5137 (23)
3171 5066 3488 5121 Remorum
3535 5067 3752 5120 metro-

2105 5141 2274 5226 polis,
2317 5158 2376 5208 et
2406 5153 2695 5226 sanguine
2741 5158 2802 5210 et
2830 5152 3142 5210 sedulitate
3173 5150 3379 5208 multis
3409 5148 3754 5206 notissimus

2105 5241 2344 5309 civium,
2380 5241 2561 5297 semel
2610 5241 2670 5297 in
2719 5259 2874 5297 anno
2922 5242 2996 5298 ad
3039 5240 3227 5298 sancti
3277 5239 3378 5295 Dei
3423 5236 3752 5296 emnobium

2103 5389 2222 5440 tem
2255 5385 2446 5456 ipsam
2479 5382 2690 5457 lapidis
2721 5384 2778 5440 in
2811 5386 3070 5442 omnium
3093 5383 3481 5441 admiratione
3503 5380 3752 5454 perferre

2104 5455 2412 5527 cogeretur
2439 5455 2729 5527 ethnicus.
2765 5478 2793 5506 η

2175 5523 2290 5591 (23)
2322 5526 2686 5581 Avunculum
2721 5527 2926 5584 matris
2949 5526 3334 5592 siuemominn
3356 5523 3750 5581 Flawardum.

2103 5597 2361 5723 appellat
2392 5598 2780 5666 Frodoardus,
2815 5605 2990 5681 atque
3015 5601 3169 5675 duos
3207 5598 3395 5652 eidem
3450 5593 3750 5648 Flawarde

2103 5669 2138 5722 fi
2169 5668 2346 5723 ius-in
2380 5669 2436 5723 S.
2472 5669 2664 5723 Basoli
2699 5671 2960 5723 cumobio
2993 5671 3110 5723 Deo
3143 5669 3460 5723 servientes
3503 5666 3706 5722 fuisse.

2103 5666 2346 5724 filios-in
2380 5669 2436 5724 S.
2472 5669 2664 5726 Basoli
2699 5666 2960 5728 cwnobio
2993 5671 3110 5728 Deo
3143 5669 3460 5725 servientes
3503 5666 3706 5722 fuisse.

2251 5769 2264 5795 ι’
