3906 6348
132 438 251 507 668

1084 435 1183 497 DE
1228 434 1664 497 TRANSLAT.
1713 433 1813 493 ET
1860 430 2125 492 MIRAC.
2174 431 2238 493 S.
2285 431 2589 494 BASOLI.

3426 434 3544 495 666

140 574 509 631 consueverat
551 569 799 627 celerem
851 569 1191 643 pertendere
1223 584 1514 640 gressum,
1544 566 1784 639 cupiens
1813 565 1867 632 Α
1896 564 2083 622 laxius
2113 571 2451 639 evagantur,
2487 574 2552 623 ut
2582 571 2721 623 sunt
2752 572 2970 624 natura:
3002 567 3205 636 avidae,
3228 569 3299 623 ad
3327 568 3546 626 fontem

140 678 375 718 suarum
409 678 475 715 ex
492 659 874 715 facultatibus
888 674 1080 713 rerum
1096 656 1481 728 ejusdemloci
1509 655 1786 711 fratribus

141 752 207 807 ad
240 753 623 824 augmentum
649 748 898 820 justitize
930 747 1197 802 devotius
1242 746 1323 800 ire
1361 746 1781 800 ministratum.

140 843 255 907 Quo
282 856 416 894 cum
448 836 765 909 aliquando
798 836 967 891 solito
998 852 1158 890 more
1188 834 1381 890 venire
1430 835 1786 901 decerneret,

139 934 193 985 et
223 928 409 983 sancti
449 925 803 982 confessoris
838 924 1071 979 famulis
1104 925 1366 996 quaedam
1393 923 1657 991 largitate
1680 939 1787 976 sua

141 1017 427 1073 offerenda
456 1030 657 1071 secum
691 1017 1036 1078 assumeret,
1069 1012 1325 1067 latrones
1347 1012 1590 1065 offendit
1611 1012 1667 1064 in
1694 1010 1785 1065 iti-

140 1122 286 1159 nere.
319 1103 421 1159 Cui
454 1120 587 1158 mox
620 1119 807 1175 equus
837 1101 1128 1173 diripitur,
1163 1100 1355 1155 omnis
1387 1101 1575 1155 delata
1612 1118 1783 1172 pecu-

142 1194 231 1249 nia
261 1195 330 1249 ad
362 1192 618 1266 spolium
654 1196 1044 1263 retorquetur,
1066 1190 1403 1245 comitantis
1437 1190 1631 1246 uxoris
1663 1193 1787 1246 uni-

139 1282 368 1348 versa,si
384 1280 567 1336 utilla
589 1285 727 1336 sunt
750 1279 1435 1345 mulierum,ornamonta
1453 1280 1510 1334 in
1528 1282 1782 1351 przedam

143 1373 497 1445 rediguntur.
533 1371 637 1425 His
681 1369 933 1443 acceptis
980 1386 1247 1442 gressum
1298 1370 1552 1424 latrones
1607 1371 1783 1426 corri-

143 1461 319 1534 piunt,
354 1461 461 1515 hos
496 1459 863 1516 infelicitatis
894 1461 1108 1514 damno
1159 1476 1372 1515 mceror
1420 1464 1476 1514 et
1525 1460 1784 1515 anxietas

143 1550 627 1606 confuderunt.At
656 1547 868 1604 mulier
897 1547 1094 1603 dolore
1125 1547 1428 1603 stimulata
1459 1548 1780 1620 despendii.

141 1637 449 1710 querelosis
480 1641 763 1693 sanctum
809 1636 908 1693 Dei
957 1636 1131 1709 cwpit
1175 1637 1491 1694 inclamare
1519 1638 1780 1711 vocibus,

141 1728 473 1795 dicens,non
504 1742 568 1784 se
599 1742 728 1783 esse
757 1726 1034 1799 deinceps
1066 1742 1365 1783 servorum
1390 1728 1517 1798 ejus
1551 1731 1783 1786 acturos

140 1816 553 1891 obsequium,si
587 1816 671 1872 sic
703 1831 801 1872 eos
832 1815 991 1873 abire
1015 1815 1231 1873 sineret
1249 1832 1363 1872 non
1388 1816 1623 1872 ferendo
1646 1834 1785 1890 prae-

1896 657 2082 711 sancti
2117 658 2328 724 Basoli,
2363 658 2534 729 cujus
2567 657 2837 728 superius
2868 658 3225 713 mentionem
3275 658 3544 726 fecimus,

1895 745 2125 801 incaute
2158 748 2532 819 perveniunt;
2576 748 2673 802 ubi
2720 764 2857 803 cum
2908 749 3243 820 frequenter
3287 748 3547 820 indignis

1896 835 2207 890 haustibus
2240 836 2387 890 sacri
2424 836 2597 891 fontis
2624 854 2807 907 aquas
2837 836 2916 891 nil
2951 838 3204 892 lambere
3229 836 3547 909 prohiben-

1897 928 2012 989 tur,
2044 925 2241 980 omnia
2273 926 2371 980 illa
2403 928 2602 980 canica
2632 926 2948 981 multitudo
2978 943 3145 981 versa
3190 926 3249 980 in
3300 926 3541 994 rabiem,

1896 1016 2245 1069 Confessoris
2278 1016 2462 1071 sancti
2508 1015 2783 1087 injuriam
2836 1033 3005 1087 poma
3055 1016 3246 1070 furiali
3296 1015 3547 1088 digniter

1894 1104 2163 1175 expiavit.
2210 1106 2319 1158 Ssd
2376 1123 2477 1159 nec
2526 1105 2853 1175 conquievit
2885 1105 2969 1160 ira
2999 1110 3085 1159 tot
3114 1106 3371 1160 motibus
3403 1105 3536 1159 divi-

1897 1194 2057 1247 nitus
2089 1193 2353 1247 excitata.
2376 1194 2521 1247 Nam
2555 1199 2611 1247 et
2644 1194 2765 1265 ipse
2787 1193 3082 1248 indebitus
3111 1194 3445 1267 dominator
3467 1194 3545 1249 si-

1897 1281 2021 1335 mili
2052 1281 2311 1336 vindicta
2342 1282 2673 1352 corripitur,
2708 1284 2803 1353 qui
2841 1284 3058 1337 inimici
3107 1284 3377 1354 potestati
3427 1289 3543 1338 tra-

1895 1368 2056 1422 ditus
2088 1373 2246 1424 totus
2273 1368 2673 1437 confunditur,
2708 1370 2923 1424 amittit
2954 1371 3381 1435 sensum,ferro
3412 1370 3546 1426 reli-

1892 1462 2083 1532 gatur,
2119 1476 2184 1514 ac
2215 1460 2643 1532 circumseptus
2684 1461 2943 1515 amentia
2986 1477 3092 1515 nec
3140 1459 3439 1514 hominem
3488 1477 3549 1515 se

1893 1549 2215 1620 cognoscit,
2250 1548 2351 1621 qui
2383 1548 2690 1604 immunda
2721 1546 3001 1604 animalia
3046 1566 3080 1605 a
3130 1548 3314 1604 sacris
3347 1547 3548 1619 templi

1894 1636 2180 1693 sollicitus
2212 1653 2408 1694 arcere
2440 1638 2811 1709 contempsit.
2861 1638 2933 1693 At
2978 1654 3111 1694 vero
3160 1636 3549 1692 familiaribus

1892 1727 2021 1799 ejus
2038 1731 2308 1783 sanctum
2328 1726 2599 1783 Basolum
2617 1726 2708 1799 pie
2730 1725 3334 1793 conclamantibus,ac
3352 1725 3547 1781 locum

1893 1815 2240 1872 muneribus
2274 1815 2722 1885 honorantibus,
2761 1815 2997 1871 tandem
3021 1818 3263 1871 curatus
3292 1814 3547 1884 insania,

141 1901 1189 1963 sidium.Postvocesautemlamentis
1203 1902 1509 1958 convulsas
1528 1905 1781 1975 etgemi-
1820 1934 1867 2001 Β
1898 1904 2048 1960 cavit
2073 1922 2300 1961 servare
2330 1904 2729 1973 reverentiam,
2763 1906 2935 1977 cujus
2981 1904 3039 1959 in
3092 1920 3153 1959 se
3202 1902 3550 1960 meminerat

131 1992 502 2061 tu,latronum
514 1992 648 2066 equi
663 1990 1127 2065 obrigescunt,ut
1139 1992 1253 2047 ﬁxa
1264 1990 1578 2047 simulacra
1590 1992 1791 2049 dextra

142 2081 381 2154 laevaque
410 2099 522 2138 nec
554 2082 627 2136 ad
659 2080 956 2136 modicum
989 2079 1439 2136 ﬂexibilia.Cum
1468 2081 1660 2152 praada
1684 2099 1792 2137 sua

143 2170 373 2229 miseros
401 2170 643 2226 horrere
673 2169 1282 2242 conspiceres,eosque
1308 2168 1503 2225 divino
1528 2172 1784 2242 quodam

146 2258 370 2315 numine
398 2260 473 2314 ad
506 2258 786 2328 injuriam
820 2258 1004 2314 sancti
1046 2256 1220 2313 veluti
1272 2275 1411 2313 saxa
1456 2258 1644 2332 rigida
1674 2279 1789 2317 uno

146 2345 196 2399 in
225 2344 344 2400 loco
378 2343 719 2400 immobiles
738 2346 951 2401 haerere
972 2363 1085 2401 non
1111 2347 1237 2400 sine
1253 2346 1637 2403 admiratione
1660 2367 1786 2422 pcr-

147 2435 431 2506 penderes.
464 2436 616 2491 Cum
651 2434 847 2507 itaque
878 2435 1105 2491 diutius
1135 2436 1207 2491 ad
1242 2454 1302 2491 se
1342 2436 1588 2493 invicem
1635 2444 1787 2494 rota-

148 2528 351 2591 rentur,
380 2524 626 2580 tandem
658 2522 810 2579 inter
839 2541 902 2579 se
932 2525 1257 2591 conferunt,
1282 2525 1355 2581 ob
1384 2543 1551 2581 suam
1586 2534 1789 2584 contra

148 2611 468 2669 innocentes
506 2612 894 2670 temeritatem
927 2614 1141 2670 factam
1175 2614 1457 2669 divinitus
1489 2633 1550 2672 se
1581 2617 1787 2688 teneri,

151 2717 209 2755 ac
234 2701 339 2757 nisi
369 2702 991 2774 resipiscant,penitus
1013 2703 1267 2759 abeundi
1290 2704 1503 2776 privari
1522 2704 1788 2773 licentia;

154 2788 395 2862 mitoque
425 2789 676 2846 consilio
725 2790 795 2847 ad
848 2807 947 2846 eos
996 2808 1142 2864 quos
1190 2792 1365 2848 rebus
1416 2791 1632 2865 injuste
1681 2810 1789 2850 nu-

153 2877 433 2947 daverant,
494 2878 724 2952 trepide
773 2878 1037 2947 redeunt,
1089 2880 1305 2954 quibus
1354 2886 1565 2938 cuncta
1623 2885 1787 2939 resti-

153 2969 330 3034 tuunt,
363 2973 421 3025 et
468 2973 537 3024 ut
583 2985 823 3025 suorum
871 2970 1101 3026 veniam
1152 2971 1538 3042 deprecentur
1567 2972 1789 3029 facino-

156 3072 292 3124 rum,
325 3058 549 3131 pudore
583 3057 801 3129 perfusi
835 3064 1177 3130 exposcunt.
1214 3060 1302 3115 Ita
1353 3060 1540 3117 sancti
1595 3062 1787 3118 Basoli

162 3144 497 3216 suffragante
521 3145 635 3201 sibi
660 3146 982 3217 patrocinio
1003 3147 1275 3204 hostibus
1299 3149 1356 3202 in
1378 3149 1471 3205 via
1493 3149 1784 3218 relaxatis,

153 3230 236 3286 isti
263 3234 585 3290 devotiores
616 3235 853 3300 facti,ad
887 3235 1247 3291 destinatum
1272 3244 1585 3309 preperant
1605 3255 1789 3295 coeno-

1901 1994 2271 2050 cxercitatam
2303 1994 2605 2052 ultionem.

2201 2083 2336 2139 CAP.
2368 2082 2489 2139 ΧΙῙ.
2525 2088 2604 2139 De
2632 2084 2907 2152 pinccrna
2936 2081 3239 2150 impudico.

1972 2173 2159 2244 Hujus
2188 2189 2321 2227 vero
2352 2173 2423 2227 ad
2456 2170 2805 2243 obsequium
2854 2167 3107 2242 potentis
3138 2185 3278 2221 cura
3308 2165 3548 2238 quidam

1900 2262 2221 2318 domestica
2244 2261 2530 2334 pincernaz
2554 2260 2790 2333 gerebat
2816 2256 3189 2323 ofﬁcium,vir
3210 2254 3349 2311 levis
3373 2255 3552 2311 nimis

1898 2358 1956 2408 et
1984 2353 2175 2408 frenos
2206 2368 2487 2423 respuens
2520 2347 2913 2414 continentiae,
2942 2350 3249 2419 promptus
3280 2345 3350 2400 ad
3386 2347 3552 2401 actus

1900 2443 2157 2497 illicitos.
2185 2442 2329 2496 Nam
2365 2458 2528 2496 sacro
2562 2438 2779 2511 templo
2810 2441 2972 2510 parte
3006 2433 3347 2490 occidentali
3364 2433 3550 2489 adhae-

1898 2549 2031 2587 rens
2062 2532 2360 2603 quoddam
2394 2529 2571 2602 priori
2605 2546 2719 2583 aevo
2752 2531 3041 2584 structum
3073 2541 3315 2598 parvum
3364 2524 3555 2579 fuerat

1900 2619 2326 2687 habitaculum,
2359 2619 2420 2674 in
2471 2636 2584 2691 quo
2636 2617 2827 2673 adhuc
2857 2613 3147 2671 clausuris
3186 2612 3551 2669 exstantibus

1901 2711 2191 2782 rebusque
2241 2708 2399 2781 aliis:
2421 2708 2735 2781 deputatis,
2787 2722 2898 2761 arm
2938 2705 3066 2776 jam
3116 2701 3385 2775 collapsa":
3430 2718 3554 2758 cer-

1900 2799 2063 2854 nitur
2114 2796 2417 2853 indicium.
2462 2795 2563 2852 Hic
2613 2794 2864 2867 denique
2913 2792 3007 2848 ille
3056 2791 3371 2847 dormitare
3408 2789 3547 2846 soli-

1898 2893 2015 2959 tus,
2048 2903 2181 2943 cum
2230 2890 2458 2959 epotato
2506 2884 2753 2941 nimium
2805 2887 3111 2955 urgeretur
3157 2880 3311 2946 vino,
3354 2879 3549 2935 noctis

1899 2983 2228 3051 opportuna
2258 2976 2624 3041 secutus,uni
2657 2991 2725 3029 ex
2757 2988 2927 3046 grege
2959 2970 3317 3027 faminarum
3334 2969 3545 3025 viirre-

1896 3072 2162 3122 verenter
2178 3064 2757 3137 jungitur,tanquam
2784 3063 2990 3117 beatus
3012 3058 3290 3116 Bassolus
3311 3062 3413 3113 aut
3440 3074 3548 3115 suo

1897 3156 2130 3211 abesset
2160 3154 2306 3221 loco,
2342 3158 2443 3209 aut
2472 3153 2640 3226 quasi
2672 3152 2988 3208 clementer
3019 3150 3211 3205 ferens
3240 3147 3422 3203 nollet
3451 3164 3553 3219 pu»

1902 3244 2025 3300 nire
2058 3244 2303 3300 facinus.
2340 3244 2451 3299 Sed
2485 3243 2535 3299 is
2565 3242 2663 3315 qui
2696 3257 2927 3313 semper
2955 3240 3144 3296 fuerat
3174 3238 3401 3294 amicus
3450 3253 3555 3308 pu-

156 3319 552 3396 bium,gratias
582 3323 699 3379 Deo
728 3328 786 3379 et
818 3328 1020 3380 sancto
1052 3341 1158 3380 suo
1188 3325 1505 3381 confessori
1546 3343 1649 3399 pro
1699 3328 1786 3382 in-
1820 3304 1863 3370 C
1901 3334 2135 3400 diciture,
2160 3351 2275 3389 non
2307 3336 2394 3388 est
2421 3304 2631 3405 passus
2654 3332 2825 3403 juxta
2851 3346 2913 3385 se
2942 3328 3225 3384 nefariam
3257 3324 3553 3382 temerita-

157 3408 317 3467 dultis
344 3412 454 3468 sibi
481 3412 788 3468 beneﬁciis
820 3414 1096 3483 referunt,
1129 3413 1243 3469 laeti
1275 3416 1430 3486 quod
1463 3415 1792 3473 detulerant

156 3499 406 3567 offerunt,
459 3501 728 3557 donariis
758 3501 952 3557 locum
978 3503 1362 3571 bonorant,ae
1391 3505 1665 3577 deinceps
1688 3523 1788 3564 an-

156 3586 236 3643 nis
263 3588 507 3662 singulis
540 3591 698 3663 quod
724 3596 1037 3665 cmperant,
1073 3592 1285 3648 animis
1332 3594 1791 3667 promptioribus

159 3676 458 3733 exsolvunt.

156 3778 271 3839 CAP.
303 3782 391 3840 XI.
427 3789 509 3843 De
539 3791 771 3843 rectore
809 3787 909 3930 qufi
956 3788 1139 3915 Talai:
1183 3789 1495 3858 prohibere
1539 3805 1711 3848 canes
1755 3808 1792 3847 a

898 3875 971 3915 on
997 3876 1046 3915 ε.

898 3875 1046 3915 ante.

218 3942 357 3999 Illud
406 3946 663 4019 denique
714 3947 1083 4003 referendum
1134 3949 1423 4017 existimo,
1459 3951 1613 4021 quod
1655 3967 1790 4008 cum

158 4026 293 4086 idem
324 4032 487 4090 locus
504 4051 707 4091 sacros
726 4034 870 4091 olim
892 4037 1165 4092 decenter
1186 4038 1328 4093 satis
1353 4037 1565 4113 habitae
1592 4041 1801 4113 ccepis-

162 4122 237 4173 set
265 4120 555 4194 religionis
586 4123 853 4181 amittere
875 4125 1283 4194 cultus,nostri
1308 4126 1502 4181 seaculi
1527 4127 1654 4198 jam
1680 4146 1800 4189 mo-

165 4204 308 4264 ribus
337 4211 690 4283 depravatis,
715 4214 1048 4269 coenobium
1081 4230 1214 4270 cum
1248 4216 1423 4271 rebus
1453 4221 1541 4272 est
1563 4218 1797 4275 cuidam

164 4290 291 4352 laico
321 4299 689 4373 Francigenie
721 4301 778 4356 in
802 4303 905 4374 jus
936 4302 1279 4361 dominandi
1310 4308 1799 4365 concessum.Nec

164 4382 356 4441 mirum
379 4404 774 4461 quoque,cum
790 4407 894 4463 per
915 4408 983 4446 ea
997 4396 1263 4463 tempora
1281 4392 1457 4448 etiam
1476 4395 1647 4457 sedes
1661 4413 1799 4467 pon-

164 4469 362 4530 tiﬁcum
382 4478 742 4552 subripuerit
758 4479 869 4535 sibi
893 4481 1189 4537 temeritas
1211 4481 1408 4553 inepta
1426 4483 1794 4542 saecularium

165 4561 529 4633 potestatum;
566 4572 626 4623 et
657 4568 756 4624 ubi
790 4568 1029 4624 abbates
1061 4573 1164 4625 aut
1196 4568 1453 4640 religiosi
1491 4570 1597 4627 viri
1631 4573 1795 4645 prius

1899 3426 2020 3477 tem
2050 3420 2298 3476 inultam
2330 3436 2650 3485 remanere.
2685 3418 2829 3473 Nam
2872 3416 3025 3471 inter
3072 3414 3185 3470 sibi
3236 3411 3553 3468 familiares

1898 3510 2169 3575 tenebras
2201 3509 2464 3563 daemone
2495 3506 2824 3577 corripitur,
2859 3504 3138 3577 gravique
3160 3500 3447 3573 supplicio
3468 3498 3554 3555 in-

1901 3598 2144 3653 feliciter
2172 3600 2291 3651 toto
2322 3610 2562 3668 corpore
2608 3593 2885 3660 laniatus,
2919 3590 3294 3661 astrictisque
3343 3587 3552 3643 fortius

1899 3685 2041 3742 loris
2057 3684 2405 3741 nexualibus
2423 3687 2705 3754 tanquam
2729 3682 3036 3737 efferatum
3054 3676 3272 3734 animal
3301 3677 3373 3732 ad
3390 3675 3555 3732 arbo-

1901 3791 2024 3831 rem
2058 3773 2337 3846 religatur
2366 3771 2996 3828 ulmum.Diversorum
3031 3766 3237 3838 utique
3266 3768 3555 3821 monstro-

1901 3880 2033 3919 rum
2048 3880 2215 3918 voces
2237 3861 2501 3917 imitatus
2516 3877 2651 3915 cum
2678 3874 2891 3914 canum
2909 3854 3220 3912 latratibus
3244 3870 3353 3910 sua
3372 3868 3554 3908 mem-

1903 3954 2009 4008 bra
2034 3951 2158 4025 ipse
2189 3949 2549 4016 exulcerans,
2585 3952 2717 4020 post
2744 3947 2950 4020 longos
2982 3945 3277 4001 cruciatus
3297 3942 3370 3998 ad
3400 3942 3555 3996 invo-

1908 4042 2196 4096 cationem
2214 4057 2419 4096 rursus
2436 4037 2787 4095 confessoris
2810 4034 3025 4091 Christi
3056 4031 3245 4089 Basoli
3267 4029 3553 4088 dmmonio

1909 4129 2170 4197 solvitur,
2214 4146 2287 4185 ne
2334 4129 2471 4201 quid
2519 4126 2638 4182 illic
2684 4131 2806 4182 tam
2857 4125 3133 4180 indecens
3180 4122 3557 4195 praasumeret

1908 4236 2079 4292 agere
2110 4220 2181 4275 de
2211 4222 2414 4274 cmtero
2444 4215 2843 4290 castigandus.

1907 4325 2207 4381 CAP.XI".
2225 4330 2303 4381 De
2333 4326 2433 4382 illo
2457 4324 2557 4396 qui
2586 4323 2759 4379 tertio
2786 4321 3037 4396 monitu:
3064 4319 3360 4396 ecclesiam
3385 4316 3552 4386 adiit,

2167 4406 2222 4452 et
2246 4392 2556 4453 sanitatem
2589 4394 3029 4465 integerrimam
3058 4392 3291 4458 recepit.

1978 4485 2089 4542 Sed
2140 4501 2244 4541 nec
2294 4483 2679 4556 premendum
2729 4480 2981 4546 silentio,
3015 4479 3169 4551 quod
3225 4495 3340 4533 non
3378 4496 3552 4550 parvo

1904 4573 2201 4631 excedenti
2224 4576 2484 4644 tempore
2501 4588 2603 4644 per
2618 4588 2787 4626 aures
2819 4569 3119 4625 efﬂuxerat
3139 4566 3550 4639 plurimorum,

167 4648 346 4706 sedere
371 4660 813 4724 consueverant,
848 4656 1253 4729 insipientium
1299 4659 1424 4728 jam
1474 4658 1626 4716 facta
1657 4678 1792 4717 con-
1824 4670 1875 4735 Ι)
1903 4664 2075 4734 cujus
2105 4661 2239 4718 facti
2270 4666 2361 4716 est
2388 4661 2699 4715 innumera
2727 4657 2964 4713 testium
3007 4655 3343 4711 multitudo.
3378 4657 3553 4712 Maxi-

166 4737 429 4798 venticula
459 4744 674 4800 terreni
708 4746 895 4801 fastus
925 4750 982 4801 ct
1011 4762 1168 4801 vanae
1209 4745 1616 4817 multitudines
1665 4749 1793 4807 loca

170 4826 541 4901 possidebant,
576 4833 730 4888 sicut
757 4834 1042 4907 propheta
1070 4838 1333 4901 sanctus,
1383 4834 1609 4908 lapides
1657 4855 1792 4895 san-

167 4913 352 4995 ctuarii
381 4918 678 4991 dispersos
704 4922 999 4995 ingemuit
1027 4927 1265 4991 (Thren.
1298 4941 1375 4990 ιν,
1411 4925 1484 4995 1),
1520 4930 1577 4980 et
1609 4928 1792 4984 sacris

168 4994 327 5088 elatos
356 5008 706 5068 stationibus
737 4994 992 5069 oraculis
1024 5013 1295 5069 ostendit.
1332 4994 1455 5070 Illic
1500 5016 1793 5088 siquidem

171 5085 250 5177 cui
292 5094 639 5162 possidenda
687 5104 857 5167 tanta
903 5118 997 5159 res
1042 5103 1248 5171 fuerat,
1294 5118 1505 5176 genere
1555 5085 1794 5177 quidem

170 5170 359 5247 Clarus,
383 5185 483 5239 sed
518 5186 734 5246 animis
759 5194 816 5247 et
834 5191 999 5247 vultu
1024 5170 1371 5248 cernebatur
1395 5170 1648 5250 nimium
1670 5196 1799 5253 effe-

171 5265 330 5361 ‘ntus.
361 5268 475 5326 Hac
504 5273 687 5347 igitur
725 5279 839 5335 sibi
870 5280 1122 5337 statione
1156 5297 1433 5337 concessa
1481 5282 1569 5336 vir
1613 5301 1794 5340 saecu-

170 5345 292 5406 iillis
318 5372 478 5414 suam
514 5361 632 5420 illis
660 5367 814 5441 cogit
843 5369 1401 5436 familiam,coenobii
1439 5372 1608 5427 sedes
1630 5390 1796 5428 occu-

174 5440 532 5534 pat,res-suas
564 5455 850 5525 convehit,
883 5462 1231 5531 apparatum
1264 5460 1584 5531 componit,
1615 5466 1792 5534 atque

174 5518 639 5625 ξιίοροιὶεξίωυιη
663 5518 979 5602 mansitare
1004 5547 1292 5614 decernit;
1326 5518 1441 5602 illic
1466 5518 1793 5607 tonstrinas

176 5613 915 5709 muliercularum:collocat,
950 5640 1007 5691 et
1035 5653 1241 5709 greges
1271 5613 1484 5692 canum
1519 5637 1795 5709 plurimo-

175 5712 304 5765 ιίιω.
334 5706 552 5769 Interea
604 5719 744 5777 dum
793 5722 1000 5780 solutis
1030 5706 1276 5781 habenis
1320 5706 1583 5798 palantes
1618 5744 1791 5784 canes

1903 4768 2067 4806 mum
2097 4751 2247 4806 inter
2279 4748 2570 4823 principes
2603 4746 2764 4819 regni
2797 4744 3141 4803 animositas
3187 4761 3431 4801 accenso
3480 4747 3557 4802 fo-

1904 4840 2045 4895 mite
2075 4838 2389 4894 divortium
2439 4838 2628 4893 fuerat
2674 4835 3053 4903 concitatum,
3102 4835 3318 4906 quibus
3364 4836 3556 4892 neutri

1905 4927 2057 5001 parti
2089 4928 2434 4983 cedentibus
2457 4930 2668 4982 cuncta
2695 4925 2915 4981 irarum
2937 4923 3399 4996 pondera,castri
3421 4942 3560 4997 quo-

1904 5034 2019 5090 que
2060 5015 2506 5073 Catalaunensis
2554 5030 2788 5071 sensere
2833 5012 3159 5086 dispendia.
3203 5014 3350 5069 Nam
3399 5028 3561 5086 grav-

1906 5106 2168 5178 undique
2198 5105 2447 5161 excitata
2476 5103 2872 5171 multitudine,
2894 5103 3149 5175 quodam
3174 5102 3397 5159 Basone
3421 5119 3559 5176 prie-

1907 5197 2074 5261 duce,
2097 5195 2247 5250 facto
2296 5194 2520 5266 impetu
2554 5193 2842 5249 assistunt
2873 5191 3188 5259 mmnibus,
3213 5208 3279 5247 ac
3303 5190 3559 5247 ﬂammis

1904 5285 2177 5341 universa
2206 5284 2584 5340 committunt
2610 5282 3084 5349 absorbentibus,
3102 5280 3201 5336 ubi
3232 5280 3440 5337 laxatis
3461 5280 3561 5336 ha-

1904 5374 2072 5457 benis
2102 5377 2221 5429 toto
2254 5377 2533 5445 regnante
2567 5370 2854 5437 incendio,
2911 5370 2990 5425 nil
3034 5387 3339 5442 superesse
3372 5367 3559 5440 potuit

1904 5468 2101 5520 coacto
2132 5464 2190 5518 in
2222 5463 2447 5519 cineres
2477 5461 2820 5533 municipio,
2850 5460 3087 5534 ignibus
3119 5458 3554 5532 quodammodo

1904 5551 2175 5622 Trojanis
2207 5550 2611 5607 revirentibus.
2648 5549 2792 5605 Huic
2832 5552 2993 5603 tanto
3039 5546 3277 5603 facinori
3312 5544 3550 5617 quidam

1906 5641 2146 5711 Belgica:
2174 5639 2485 5712 provinciae
2514 5637 2850 5693 interfuisse
2877 5636 3283 5702 traditur,cum
3316 5637 3549 5687 cmteros

1904 5729 2163 5801 quidem,
2199 5733 2327 5784 tum
2352 5728 2505 5783 hunc
2535 5743 2767 5799 quoque
2810 5724 2953 5780 ultio
3003 5722 3199 5779 divina
3244 5720 3546 5789 impunem
