3906 6360
120 447 245 513 669
1380 451 1483 514 DE
1526 453 1708 516 VITA
1755 456 1819 518 S.
1861 453 2306 518 BERCHARII.
3435 451 3554 516 670

125 581 224 637 cil.
255 579 570 639 Acheriani
604 579 839 656 legitur)
869 599 901 640 a
933 584 1236 660 latronibus
1287 585 1677 660 interfectum,
1713 587 2069 643 Adalbaldum
2115 589 2173 643 S.
2211 587 2518 660 Rectrudis
2551 589 2856 660 maritum,
2886 585 3203 660 Eduardum
3231 585 3554 660 Anglorum

125 669 329 725 regem
363 670 398 708 a
428 655 996 730 novercanecatum,
1032 655 1292 730 aliosque
1322 657 1703 729 quamplures
1745 667 2056 730 martyrum
2099 659 2333 714 nomine
2380 664 2681 715 exornant.
2717 659 2779 714 In
2826 655 2985 714 Actis
3017 661 3073 715 S.
3113 655 3449 730 Leodegarii
3479 658 3554 713 ab

126 741 429 800 anonymo
457 726 771 800 descriptis
800 727 1076 798 leguntur
1105 727 1163 782 hi
1194 726 1417 794 versus,
1451 726 1577 800 cap.
1610 731 1647 783 5
1677 747 1690 784 :
1723 731 1828 785 Nec
1857 726 2006 785 enim
2033 731 2164 785 adeo
2208 731 2590 786 malimamlum
2619 739 2714 796 est,
2743 747 2869 786 eum
2896 726 3332 800 (Lcodegariumj
3356 732 3552 800 formi-

125 796 671 871 dasseimartyrium.
703 799 840 853 Nam
858 796 993 854 ὶηιηι
1037 799 1252 871 pridmn
1288 816 1386 870 per
1417 796 1701 870 quemdam
1730 802 2054 856 monarhum
2081 804 2306 856 nomine
2335 803 2723 868 Berchurium;
2775 804 2832 856 in
2861 804 2990 857 Dom
3000 805 3054 856 in
3062 796 3146 857 ira.
3175 796 3322 856 anno
3356 796 3428 856 de
3455 817 3554 856 suo

127 870 181 942 ei
206 869 413 942 [uisset
435 870 664 942 interitu
695 869 1150 942 nuntiatum'dic
1176 869 1448 942 ριιεςςρόηίές
1480 874 1700 926 Domini
1723 882 2010 927 ﬂuentum
2041 875 2180 942 regis
2211 874 2350 928 adiit
2378 875 2698 942 palantium,
2723 878 2832 928 etc.
2858 874 3019 938 Quod
3053 892 3123 928 an
3159 874 3216 927 S.
3245 871 3552 927 Berchario

131 937 331 994 abbati
384 939 572 1011 possit
623 941 830 1014 aptari,
865 941 1097 1014 lectoris
1141 937 1433 1014 judicium
1469 951 1612 996 esto.
1647 945 1808 997 Certe
1859 944 1916 998 S.
1956 937 2295 999 Bereharius
2334 937 2662 1000 Wuimerum
2688 937 3096 1000 tormentorum
3148 944 3204 999 S.
3239 943 3555 1014 Leodcgarii

129 1011 905 1084 reumgsecumper’duxisse
939 1011 1395 1084 Hierosolymam
1427 1014 1642 1067 dicitur
1670 1013 1726 1068 in
1761 1014 1862 1068 lib.
1898 1013 2094 1068 Mirac.
2125 1033 2287 1069 num.
2326 1017 2409 1070 11.

201 1082 258 1135 3.
293 1082 355 1135 S.
393 1081 743 1156 Bercharius
772 1089 980 1154 praeter
1008 1083 1166 1156 varia
1195 1081 1446 1156 oratoria
1485 1085 1787 1156 mdiliravit
1829 1085 1944 1156 duo
1994 1085 2367 1149 monasteria,
2399 1085 2820 1140 Altivillarense
2868 1086 3147 1156 primum,
3181 1091 3382 1156 postea
3414 1085 3550 1138 Der-

131 1168 328 1217 vense,
391 1153 618 1227 quibus
671 1153 820 1227 ipse
854 1154 1101 1227 prazfuit.
1152 1154 1574 1210 Altivillarense
1632 1155 2028 1227 [Ilaum'llersl
2091 1157 2356 1211 diu‘cesis
2412 1157 2714 1210 Remensis
2769 1153 3224 1210 ad'ltlatronam
3286 1157 3552 1227 fluvium,

136 1227 346 1297 quarto
382 1223 621 1297 milliari
654 1223 948 1280 a'civitute
1001 1226 1335 1292 Remorum,
1369 1223 1665 1282 secundum
1716 1228 1961 1297 regulam
2009 1233 2237 1282 Patrum
2288 1229 2344 1281 S.
2377 1228 2652 1282 ch‘dirli
2681 1235 2729 1281 et
2761 1228 3080 1281 Columbuni
3111 1228 3217 1292 (uti
3271 1228 3327 1280 in
3380 1223 3555 1281 Nive-

137 1293 227 1348 nis
254 1311 359 1370 seu
397 1295 1317 1370 Nivardi‘Remorunrantistitis
1348 1297 1559 1370 Charta
1609 1315 1640 1352 a
1691 1293 2162 1370 Sinnimai‘thanis
2215 1298 2464 1370 vulgata,
2499 1316 2532 1370 a
2564 1298 2890 1370 liroduarglo
2945 1297 3181 1370 laudata
3225 1298 3552 1370 priefertur)

139 1363 440 1442 conditum
474 1371 608 1442 es_t_:
645 1367 930 1442 Dervenﬁse
959 1366 1535 1442 [Monstierjen-Der]
1566 1385 1697 1442 vero
1730 1369 1784 1442 in
1833 1369 2091 1442 Partensi
2129 1368 2202 1440 [le
2230 1363 2521 1442 Parthum)
2553 1368 2880 1442 Campania:
2929 1386 3096 1442 pago,
3130 1363 3364 1442 digressi
3393 1363 3555 1442 Catal-

138 1435 411 1492 launensi
459 1438 818 1511 subjectum,
852 1435 1208 1511 ’lfre'cass1nae
1260 1435 1614 1511 ﬁnitium'ad
1653 1440 1894 1494 fluvium
1920 1435 2192 1510 Vigera‘m
2227 1439 2303 1497 .‘la
2334 1435 2524 1511 Voire]
2556 1440 2655 1494 sub
2699 1435 2893 1509 regula
2930 1435 3304 1494 'S.'Benuiicti
3352 1439 3555 1492 itidem

139 1512 554 1581 constructum,
587 1526 621 1563 a
651 1510 710 1581 S.
747 1509 1055 1581 Berchario
1087 1511 1270 1565 fertur
1302 1511 1358 1563 in
1391 1510 1781 1565 instrumento
1816 1509 2089 1566 Ludovici
2122 1511 2202 1565 Pii
2238 1511 2379 1581 imp.
2414 1509 2567 1565 anno
2599 1512 2706 1565 815
2735 1527 3032 1575 concesso,
3067 1511 3223 1581 quod
3256 1511 3559 1581 Sammarg

140 1578 298 1633 thani
329 1584 475 1654 post
497 1579 1406 1654 Chesni_u_m__retulerunt._Viget
1432 1581 1608 1654 etiam
1661 1587 2187 1654 nuncdutrumque
2231 1578 2656 1654 monasterium
2705 1583 2815 1636 sub
2865 1578 3241 1638 Benedictina
3272 1579 3557 1654 S._Vitoni

140 1649 623 1724 congregatione;
657 1649 1082 1724 Altivillarense
1106 1649 1352 1724 quidem
1386 1653 1444 1707 S.
1479 1652 1705 1724 Helena;
1748 1649 2129 1724 reliquiarum
2179 1652 2339 1708 cultu
2393 1651 2792 1724 illustratum,
2817 1656 3100 1724 Dervense
3130 1669 3262 1708 vero
3293 1651 3557 1724 ejusdem

141 1721 590 1849 egemtcapite,
609 1721 888 1849 optpidulo
919 1728 975 1780 et
999 1721 1407 1796 jurisdictione
1440 1723 1752 1796 spirituali,
1777 1721 1955 1796 quam
1988 1724 2045 1780 in
2079 1723 2274 1798 ipsum
2297 1722 2642 1799 oppidulum
2669 1727 2724 1779 et
2743 1722 2898 1779 vicos
2920 1722 3181 1796 quinque
3203 1721 3558 1780 monasterio

141 1808 168 1848 s
243 1808 338 1849 Jec
367 1810 438 1849 os
468 1809 670 1849 exerce
700 1833 714 1848 .

140 1808 266 1866 811.0]
272 1808 438 1850 εοιοε
468 1808 714 1851 θιθιιοθι.

1219 2055 1847 2146 PROLOGUS
1904 2054 2480 2144 AUCTORIS

207 2227 252 2280 1.
285 2226 436 2284 Cum
469 2225 760 2300 gloriosas
797 2229 1054 2286 virorum
1101 2230 1420 2287 illustrium
1465 2231 1691 2304 palmas
1723 2251 1788 2289 ac
1818 2235 1871 2302 Α
1902 2233 2140 2307 gloriosi
2194 2234 2538 2289 summatim
2587 2231 2981 2304 perstringere
3025 2229 3349 2301 cupientes,
3395 2232 3558 2284 tanto

142 2314 372 2384 praemia
396 2314 771 2382 meritorum,
795 2323 999 2373 sancta
1021 2335 1123 2390 per
1143 2319 1344 2375 orbem
1370 2325 1426 2375 et
1447 2320 1796 2378 universalis
1905 2323 2205 2378 difficilius
2237 2323 2386 2377 hanc
2418 2321 2694 2376 narrandi
2725 2319 3032 2376 materiam
3060 2318 3566 2390 sumimus,quan-

143 2403 528 2474 competentia
557 2404 822 2476 obsequii
856 2406 1257 2462 functionibus
1299 2408 1637 2464 solemniter
1667 2427 1794 2482 per-
1906 2415 1964 2466 to
2015 2412 2088 2466 ad
2137 2411 2542 2482 explicandam
2603 2409 2783 2479 hujus
2830 2408 3024 2480 operis
3091 2406 3562 2478 magnitudinem

146 2489 320 2546 solvat
349 2490 577 2563 passim
612 2498 801 2549 mater
826 2494 1084 2551 Ecclesia
1105 2496 1409 2563 catholica,
1436 2514 1540 2553 nos
1563 2516 1796 2570 quoque
1907 2517 2014 2554 nos
2049 2500 2305 2572 impares
2355 2515 2483 2555 esse
2531 2498 2852 2562 sentimus;
2886 2497 2986 2550 sed
3031 2513 3146 2551 non
3178 2499 3268 2550 est
3316 2493 3399 2549 illi
3450 2493 3564 2548 dif-

149 2594 243 2649 pro
299 2579 656 2636 infructuosi
719 2581 950 2653 ignavia
1007 2583 1224 2639 silentii
1285 2586 1619 2641 multandos
1679 2590 1800 2643 fore
1909 2587 2060 2642 ficile
2119 2588 2413 2659 elinguem
2472 2587 2531 2642 in
2595 2587 2772 2641 verba
2831 2583 3145 2650 resolvere,
3199 2599 3375 2655 quem
3425 2598 3563 2637 con-

151 2666 409 2734 arbitror,
451 2667 506 2724 si
565 2673 732 2741 gesta
786 2671 915 2741 ejus
970 2671 1209 2740 lateant,
1244 2677 1415 2746 cujus
1472 2676 1800 2746 specialiter
1908 2681 2028 2731 stat
2058 2679 2221 2730 muta
2251 2677 2429 2730 etiam
2461 2675 2751 2730 elementa
2780 2673 3054 2728 consonis
3085 2672 3325 2728 vocibus
3357 2669 3566 2726 solem-

153 2756 295 2825 apud
342 2773 451 2812 nos
504 2762 564 2812 et
611 2757 894 2813 virtutum
953 2760 1230 2816 exuberat
1260 2763 1445 2834 copia,
1479 2770 1538 2818 et
1585 2770 1797 2819 sanctae
1909 2764 2061 2818 nitor
2103 2763 2437 2834 praedicare.
2467 2763 2548 2817 Ea
2595 2761 2794 2832 itaque
2851 2761 3122 2832 prosequi
3175 2759 3560 2823 intendimus,

154 2840 537 2901 institutionis
587 2845 879 2918 refulgent
911 2848 1292 2916 incrementa,
1326 2851 1614 2924 praecipue
1663 2869 1798 2907 cum
1909 2869 2038 2923 qua:
2081 2851 2167 2906 vel
2219 2851 2290 2906 ab
2342 2852 2468 2922 ipso
2515 2851 2837 2905 domestico
2887 2848 3379 2918 sanctissimeque
3430 2847 3562 2916 ejus

154 2931 292 2988 facta
337 2933 820 3010 praacedentium,
852 2936 1063 2992 salutis
1105 2937 1182 2993 sit
1230 2939 1504 2994 materies
1553 2940 1623 2995 ad
1675 2956 1802 2996 me-
1909 2939 2154 3012 collegio
2188 2944 2388 2995 notata
2418 2938 2779 3004 claruerunt,
2809 2936 2899 2993 vel
2933 2942 3132 3009 postea
3158 2935 3354 2991 divino
3384 2935 3560 2990 bene-

155 3021 387 3078 moriam
416 3021 608 3078 relata
650 3029 1040 3094 posterorum.
1068 3028 1247 3082 Actus
1297 3027 1478 3100 igitur
1525 3044 1591 3084 ac
1640 3028 1799 3084 labo-
1912 3030 2044 3084 ficio
2074 3029 2260 3101 ipsius
2292 3032 2667 3100 compensate
2712 3026 2958 3094 meritis,
2991 3027 3142 3082 aetati
3185 3029 3396 3081 nostra:
3429 3041 3562 3096 per—

157 3123 271 3164 rum
315 3111 642 3169 certamina
687 3113 752 3168 B.
801 3113 1093 3170 Bercharii
1145 3116 1376 3172 abbatis
1425 3121 1482 3172 et
1530 3117 1802 3190 martyris
1912 3117 2049 3173 ferri
2085 3121 2418 3190 potuerunt.

1103 3405 1946 3544 INCIPIT
2091 3405 2588 3542 VITA

505 3653 838 3711 Bercharius
864 3651 1068 3708 nobilis
1098 3652 1422 3724 Aquitanus.
1826 3656 1876 3720 B
1904 3652 2252 3708 ctiﬁcatione
2282 3650 2544 3705 muneris
2576 3649 2634 3705 in
2665 3650 2793 3706 luce
2822 3648 3151 3723 prodeunti,
3187 3665 3348 3704 more
3380 3647 3560 3720 Aqui-

223 3743 272 3795 2.
306 3741 520 3799 Prioris
551 3743 918 3798 monimenta
945 3741 1227 3812 temporis
1259 3757 1476 3812 pagum
1503 3741 1802 3814 Aquitani-
1910 3741 2102 3796 tanico
2131 3740 2403 3795 Bererum
2431 3737 2554 3810 [al.,
2583 3738 2849 3811 Bereum]
2873 3756 2906 3794 a
2927 3737 3269 3810 parentibus
3302 3736 3559 3792 inditum

167 3843 283 3884 cum
299 3835 461 3888 ortus
478 3833 612 3903 ejus
628 3831 922 3886 tradidere
942 3845 1009 3884 ac
1026 3829 1257 3900 generis
1275 3829 1796 3886 fuisseexordium.
1909 3833 2140 3886 constat
2187 3828 2368 3883 fuisse
2399 3827 2770 3894 vocabulum,
2803 3831 3083 3899 tanquam
3135 3825 3209 3882 ab
3259 3825 3387 3898 ipso
3429 3826 3560 3896 jam

167 3913 420 3974 Parentes
449 3917 584 3991 ejus
613 3919 740 3994 vita
769 3917 1132 3974 venerabiles
1170 3924 1228 3974 et
1254 3917 1421 3974 valde
1451 3918 1706 3990 religiosi
1740 3920 1798 3975 in
1909 3917 2188 3974 nascendi
2217 3917 2451 3973 exordio
2482 3917 2647 3971 bonae
2679 3915 3034 3971 hereditatis
3065 3913 3295 3970 herum.

167 4002 270 4060 vita
290 4023 414 4076 sua,
437 4009 727 4064 exteriore
748 4007 1055 4062 affluentia
1075 4023 1270 4061 rerum
1295 4024 1410 4062 non
1431 4008 1802 4063 mediocriter
2229 4005 2466 4062 Nivardo
2493 4014 2682 4077 agente
2723 4007 2918 4061 litteris
2951 4005 3238 4060 imbuitur.

167 4090 423 4164 decorati,
455 4101 516 4152 et
547 4096 727 4168 (quod
776 4095 948 4168 longe
976 4099 1066 4150 est
1114 4094 1511 4164 excellentius)
1544 4097 1799 4168 quodam
1979 4095 2034 4148 3.
2068 4094 2147 4148 Eo
2182 4098 2446 4164 tempore
2489 4093 2845 4149 Francorum
2879 4091 3194 4164 imperium
3227 4109 3360 4163 rege
3400 4089 3562 4146 Chil-

169 4179 464 4253 singularis
494 4185 842 4240 innocentia:
863 4200 930 4240 ac
951 4183 1102 4239 inter
1122 4200 1260 4240 suos
1285 4183 1542 4240 felicium
1565 4201 1804 4256 proven-
1910 4181 2104 4237 derico
2125 4181 2239 4251 (24)
2266 4181 2604 4238 felicissime
2642 4180 3010 4254 disponente,
3043 4181 3166 4236 viro
3205 4180 3446 4253 quidem
3479 4195 3566 4233 re-

171 4269 318 4325 tuum
348 4271 650 4344 privilegio
672 4271 968 4344 insigniti;
1004 4271 1260 4344 quicum
1281 4273 1609 4345 conjugalis
1630 4275 1799 4345 pudi-
1911 4270 2023 4324 bus
2055 4269 2280 4326 bellicis
2311 4270 2740 4342 potentissimo,
2767 4270 2922 4326 circa
2953 4268 3346 4325 Ecclesiarum
3369 4271 3566 4323 autem

171 4353 298 4412 citim
320 4359 456 4430 jura
477 4361 616 4417 fidei
638 4360 969 4433 integritate
991 4365 1292 4416 servarent
1311 4361 1636 4418 commodis
1661 4368 1801 4418 tem-
1910 4360 2012 4416 Dei
2045 4359 2270 4415 cultum
2301 4359 2700 4425 devotissimo,
2727 4361 2791 4416 B.
2828 4359 3090 4431 pontifex
3119 4357 3408 4414 Nivardus
3438 4373 3568 4412 san-

172 4445 445 4512 poralibus
493 4447 917 4522 precellentes,
948 4448 1281 4504 divinorum
1329 4454 1526 4506 tamen
1557 4467 1800 4523 operum
1909 4449 2132 4504 ctitatis
2161 4464 2228 4502 ac
2261 4447 2560 4519 religionis
2592 4446 3003 4519 magnitudine
3042 4449 3166 4501 toto
3207 4446 3564 4501 Francorum

174 4529 257 4599 pia
281 4533 598 4594 intentione
627 4537 824 4594 studio
854 4537 1295 4609 perflagrantes,
1320 4554 1584 4610 supernae
1613 4539 1802 4612 dispo-
1909 4536 2048 4591 orbe
2078 4535 2532 4602 famosissimas,
2560 4535 2880 4608 apostolica
2900 4533 3245 4590 auctoritate
3265 4531 3562 4588 caelestem

175 4617 360 4679 sitione
390 4625 714 4682 clementia
754 4630 982 4681 tantam
1015 4643 1082 4682 ac
1113 4625 1291 4681 talem
1338 4633 1680 4682 meruerunt
1707 4646 1799 4684 so-
1909 4623 1970 4678 in
2003 4623 2174 4680 terris
2203 4625 2380 4679 vitam
2415 4640 2615 4696 agens,
2649 4627 2864 4678 sancta:
2914 4622 3231 4677 Remorum
3285 4619 3562 4692 prmside-

176 4703 342 4766 bolem
389 4715 672 4787 accipere,
725 4715 896 4786 cujus
943 4713 1314 4770 institutione
1361 4720 1418 4770 et
1466 4715 1691 4771 meritis
1739 4716 1798 4772 in
1909 4712 2010 4767 bat
2039 4711 2327 4767 Ecclesia.
2363 4711 2470 4777 Qui
2505 4711 2642 4782 quia
2671 4715 2827 4765 esset
2865 4709 3077 4782 plenus
3109 4707 3478 4765 auctoritatis
3507 4713 3566 4764 et

177 4793 481 4857 cmlestibus
502 4802 927 4859 castrisniveas
949 4802 1330 4859 militantium
1353 4802 1800 4859 innumerabilis
1908 4800 2128 4872 gratim,
2161 4816 2294 4854 cum
2337 4805 2632 4872 peteretur
2677 4815 2911 4871 quoque
2960 4799 3221 4853 diversas
3269 4803 3562 4853 terrarum

179 4882 466 4980 multitudo
495 4892 784 4947 bonorum
817 4891 1117 4946 fructuum
1147 4890 1374 4964 palmas
1407 4891 1705 4964 perferret,
1739 4896 1796 4946 et
1827 4913 1870 4980 ο
1905 4888 1995 4944 vel
2025 4889 2327 4944 nationum
2362 4894 2482 4944 tam
2509 4905 2614 4960 pro
2643 4887 2774 4942 vitae
2807 4887 3015 4943 merito
3047 4903 3226 4959 quam
3258 4887 3434 4942 etiam
3468 4886 3566 4941 do-

179 4971 455 5047 multiqlex
484 4979 712 5052 antiqui
756 4980 1085 5051 deceptoris
1114 4980 1372 5051 versutia
1414 4979 1624 5036 ablatis
1656 4980 1793 5034 fide-
1833 4971 1869 4980 ’”
1907 4977 2106 5033 ctrina:
2165 4977 2463 5032 afﬂuentis
2521 4976 2750 5049 eloquio
2815 4979 3010 5048 partes
3069 4975 3351 5042 invisere,
3415 4975 3561 5030 lines

177 5052 304 5115 lium
331 5065 656 5123 animarum
707 5057 912 5140 spoliis
950 5068 1259 5140 deperiret.
1292 5069 1454 5134 Quod
1508 5067 1674 5124 facile
1705 5073 1796 5124 est
1901 5065 2225 5139 Aquitaniae
2275 5065 2592 5138 aliquando
2641 5064 2888 5137 contigit
2934 5063 3245 5137 expetisse,
3278 5069 3457 5135 atque
3487 5065 3561 5120 ad

179 5142 596 5223 deprehendere,
649 5157 698 5212 si
757 5156 892 5228 quis
951 5155 1260 5212 altioribus
1309 5155 1634 5222 abstinens,
1674 5155 1794 5211 haec
1903 5155 2051 5210 illud
2093 5171 2281 5226 usque
2330 5155 2615 5226 praedium
2663 5152 2918 5209 traditur
2965 5153 3319 5224 pervenisse,
3353 5151 3414 5207 in
3445 5169 3562 5224 quo

177 5244 338 5299 Pauca
380 5240 439 5296 in
487 5244 984 5316 consequentibus
1019 5245 1294 5317 dignetur
1339 5243 1657 5300 advertere.
1689 5245 1793 5300 Cui
1903 5243 2010 5298 viri
2043 5243 2142 5298 Dei
2175 5247 2448 5314 parentes
2476 5243 2830 5299 videbantur
2860 5241 3096 5315 propria
3123 5241 3375 5298 statione
3405 5258 3560 5296 rese-

177 5317 412 5383 videlicet
439 5347 507 5386 ex
539 5333 746 5389 matris
767 5337 933 5388 utero
963 5349 1099 5387 cum
1121 5332 1303 5387 divini
1327 5333 1455 5403 jam
1483 5336 1622 5387 tunc
1654 5349 1792 5388 san-
1903 5332 2082 5386 disse.
2116 5331 2262 5386 Nam
2313 5332 2468 5388 inter
2523 5336 2730 5388 caztera
2782 5348 2911 5404 quae
2971 5347 3040 5387 ex
3099 5330 3234 5386 dote
3290 5347 3559 5401 supernae

235 5436 335 5505 (24)
366 5442 628 5519 solemne
657 5451 749 5502 est
781 5445 1144 5514 auctoribus,
1179 5447 1277 5519 qui
1313 5464 1404 5502 res
1433 5451 1632 5518 gestas
1664 5464 1793 5502 sano
1905 5463 2020 5519 non
2066 5447 2138 5500 ab
2188 5447 2477 5514 Eustasio,
2512 5448 2613 5502 sed
2644 5465 2678 5501 a
2709 5447 3080 5519 waldeberto
3130 5463 3230 5501 seu
3261 5443 3558 5519 Walberto

181 5507 376 5591 210mm
407 5513 613 5591 litteris
643 5519 1092 5586 mandaverunt,
1127 5507 1348 5591 quo
1379 5507 1794 5591 quisquerege
1903 5518 2344 5591 abbategianno
2387 5507 2542 5574 circa
2585 5521 2712 5591 650.
2744 5517 3171 5591 Altivillarense
3223 5515 3553 5591 cumobium

183 5572 378 5661 floruit,
427 5572 624 5661 eodem
645 5572 656 5574 ᾖ
676 5572 881 5644 natum
909 5572 1413 5661 vesse'affirinent'
1430 5607 1443 5655 ;
1479 5572 1652 5661 quod
1903 5572 2106 5661 erexit,
2135 5572 2428 5661 Dervense
2459 5608 2612 5646 anno
2644 5589 2798 5644 circa
2839 5591 2968 5654 670,
3002 5587 3252 5656 denique
3283 5602 3436 5641 anno
3467 5585 3556 5654 (ut

186 5659 384 5732 Elimque
408 5657 476 5732 ab
507 5660 733 5716 Adsone
775 5661 1018 5718 factum.
1055 5659 1401 5732 Bercharius
1433 5657 1713 5732 Clotharii
1746 5660 1794 5714 II
1905 5659 2088 5730 aiunt)
2119 5660 2222 5714 684
2254 5661 2418 5716 obiit.

186 5728 482 5795 Pﬂncipatu
513 5737 684 5787 natus
713 5736 822 5800 est,
847 5731 1001 5804 apud
1035 5731 1358 5787 Luxovium
1390 5731 1688 5787 admissus
1707 5734 1795 5787 est
