3906 6386
371 405 485 471 6⁵11

1472 408 1804 472 ADSONIS
1845 400 2281 467 DERVENSIS
2326 380 2684 472 ABBATIS.

3667 407 3777 470 672

375 544 830 615 dispensationis
888 544 983 602 hic
1048 546 1135 601 vir
1201 553 1440 605 sanctus
1508 552 1843 619 acceperat,
1909 563 2025 602 non
2053 537 2111 605 Α
2133 541 2469 614 Peregrinos
2500 549 2556 599 ct
2589 544 2840 600 advenas
2865 560 2979 600 non
3014 543 3167 601 cives
3188 560 3329 603 suos
3355 547 3614 607 Iamdiu“
3636 549 3779 620 aspi-

375 638 771 697 mediocribus
820 655 1055 711 quoque
1111 644 1362 710 paterna:
1423 638 1782 694 haereditatis
1838 636 2028 693 titulis

373 744 410 783 a
466 726 939 799 progenitoribus
984 726 1383 799 temporaliter
1430 727 1605 782 etiam
1663 731 1888 781 certum
1938 728 2029 780 est

373 814 667 883 ﬂoruisse,
702 816 857 888 quod
910 815 1194 883 videlicet,
1231 817 1279 872 si
1328 817 1461 889 quis
1511 816 1823 888 diligenter
1866 814 2023 882 velit,

374 906 434 960 in
485 911 761 978 promptu
811 911 900 962 est
948 923 1282 979 agnoscere,
1335 923 1469 961 cum
1519 922 1665 977 pene
1714 920 1901 976 usque
1953 904 2026 959 ad

373 993 495 1049 haec
549 1000 749 1050 nostra
796 999 1059 1066 tempora
1102 997 1231 1063 ejus
1283 996 1439 1066 juris
1487 995 1654 1050 villas
1707 998 1765 1049 et
1811 992 2028 1065 praedia

374 1089 496 1138 tam
527 1084 683 1139 ultra
715 1084 991 1158 Ligerim,
1014 1086 1114 1140 ubi
1140 1086 1365 1140 Diseias
1386 1085 1622 1152 dicitur,
1647 1100 1823 1155 quam
1847 1082 2023 1137 etiam

372 1172 528 1228 intra
579 1174 723 1229 fines
774 1176 1100 1245 Aquitania:
1151 1176 1491 1240 constituta,
1541 1173 1601 1228 hi
1652 1174 1749 1244 qui
1802 1173 1913 1227 sibi
1965 1173 2024 1226 in

373 1264 714 1319 monasterii
749 1265 840 1320 sui
864 1264 1145 1336 regimine
1180 1265 1500 1335 probantur
1520 1263 1900 1331 successisse,
1924 1278 2026 1333 per

371 1349 547 1422 longa
577 1356 906 1423 temporum
930 1352 1221 1407 curricula
1244 1353 1379 1422 jure
1402 1353 1595 1424 quieto
1618 1351 1723 1407 visi
1753 1352 1873 1405 sint
1898 1367 2026 1421 pos-

374 1440 616 1494 sedisse.
651 1442 761 1496 Sed
797 1442 1200 1514 ingruentium
1242 1458 1421 1497 causa
1464 1441 1775 1503 malorum,
1808 1439 2023 1511 partim

374 1528 731 1601 negligentia
769 1531 1147 1601 torpentium,
1182 1529 1397 1601 partim
1433 1530 1608 1585 etiam
1641 1527 1861 1583 crudeli
1894 1543 2021 1602 per-

370 1633 674 1675 versurum
694 1618 1065 1674 infestatione
1081 1618 1344 1689 gentium
1356 1619 1629 1673 videntur
1648 1617 2023 1688 amissaque;

372 1706 672 1777 quondam
705 1708 1127 1763 monachorum
1177 1708 1408 1764 fuerant
1459 1707 1666 1763 usibus
1718 1705 2020 1762 attributa.

372 1794 505 1862 Sed,
541 1799 607 1849 ut
637 1796 709 1850 ad
742 1794 799 1851 id
835 1797 991 1867 quod
1023 1796 1310 1868 coepimus
1339 1797 1779 1868 exsequendum
1823 1796 2022 1850 rcdea-

371 1898 526 1950 mus,
560 1900 694 1939 cum
738 1884 1051 1956 pradictus
1098 1886 1354 1957 pontifex
1403 1890 1663 1949 sanctus,
1699 1903 1733 1941 a
1761 1884 1868 1940 viri
1920 1883 2021 1940 Dei
2051 1908 2105 1975 Β

370 1971 715 2043 parentibus
744 1974 954 2029 debitae
984 1975 1378 2030 venerationis
1419 1974 1789 2042 liberalitate,
1825 1978 1889 2029 ut
1920 1990 2026 2046 par

370 2064 513 2127 erat,
537 2060 967 2119 ofﬁciosissime
988 2069 1322 2135 susceptus,
1349 2065 1669 2136 quamdam
1698 2064 1904 2120 futurae
1926 2063 2024 2119 ha-

369 2147 659 2206 bitudinis
689 2151 941 2222 speciem
986 2151 1301 2208 miraretur
1346 2153 1405 2208 in
1456 2171 1633 2225 puero
1666 2152 1801 2209 boni
1830 2152 2022 2224 operis

371 2236 706 2307 candidato,
742 2240 937 2296 divino
984 2241 1269 2297 instinctu
1311 2242 1495 2298 sacris
1544 2242 1837 2315 mysteriis
1885 2257 2021 2296 eum

370 2324 791 2397 applicandum
823 2345 951 2384 esse
984 2331 1350 2401 prmcensuit.
1383 2331 1499 2386 Hac
1539 2330 1735 2403 itaque
1766 2329 2018 2386 sanctis-

370 2413 503 2468 simi
537 2415 835 2488 pontificis
866 2418 1213 2474 auctoritate
1253 2410 1498 2474 animati
1531 2417 1889 2474 devotissimi
1921 2433 2017 2490 ge-

370 2503 611 2570 nitores,
646 2504 799 2561 infra
828 2510 1058 2562 teneros
1104 2524 1290 2562 annos
1320 2513 1532 2563 exactae
1566 2508 1845 2575 infantiae,
1872 2511 2018 2563 tem-

370 2591 529 2663 poris
551 2593 1047 2663 opportunitatem
1071 2594 1245 2662 nacti,
1260 2594 1618 2651 litteratorice
1640 2593 2020 2666 professionis

370 2678 730 2736 salutaribus
760 2681 1092 2754 disciplinis
1122 2700 1255 2738 mox
1285 2684 1742 2756 mancipandum
1770 2701 1898 2740 esse
1928 2683 2019 2738 de-

368 2774 640 2837 cernunt,
672 2772 729 2825 in
779 2788 893 2844 quo
953 2777 1246 2845 praeeunte
1295 2790 1561 2845 supernae
1610 2772 2019 2829 illustrationis

369 2875 635 2929 munere,
667 2876 800 2915 cum
833 2878 1010 2917 sacrae
1044 2862 1431 2918 institutionis
1470 2863 1752 2919 instantia
1780 2862 2020 2934 spirita-

367 2947 514 3003 lium
574 2949 750 3004 etiam
799 2950 1085 3006 donorum
1146 2950 1439 3005 fulserunt
1495 2951 1877 3005 incrementa.
1910 2950 2018 3016 Qui

369 3036 591 3093 scilicet
622 3054 737 3093 non
771 3039 956 3093 otiose
988 3055 1201 3110 passus
1231 3037 1332 3094 illa
1370 3040 1440 3093 de
1470 3037 1834 3093 lucidissime
1865 3038 2019 3093 litte-

368 3142 569 3181 rarum
601 3126 761 3181 fonte
792 3126 1145 3180 commercia
1174 3126 1285 3180 sub
1316 3127 1504 3180 aetatis
1536 3131 1745 3181 teneras
1777 3142 2022 3198 crepun-

370 3213 482 3269 diis
522 3213 822 3268 ardentius
870 3213 1209 3286 ahgregare,
1244 3214 1461 3285 quibus
1511 3218 1713 3286 postea
1762 3215 1821 3269 in
1854 3212 2021 3270 virile

337 3300 549 3356 orobur
607 3317 946 3374 assurgens,
977 3306 1035 3357 et
1089 3302 1201 3357 sibi
1251 3306 1308 3358 et
1356 3302 1488 3359 aliis
1544 3303 1617 3358 ad
1678 3274 2090 3358 mensuramc

370 3388 686 3444 Dominicae
705 3389 1162 3462 dispensationis
1179 3392 1466 3462 potuisset
1479 3393 1781 3464 prodesse.-
1793 3392 1879 3447 Ita
1890 3393 2018 3463 jam

368 3481 510 3533 tunc
541 3477 785 3550 puerilis
813 3479 1219 3535 inconstantiae
1244 3484 1462 3548 motus,
1487 3481 1704 3553 quibus
1738 3496 1888 3553 saepe
1918 3479 2021 3537 illa

369 3570 508 3623 aetas
538 3566 735 3623 labilis
778 3572 836 3624 et
884 3568 1039 3625 fluxa
1089 3568 1416 3635 resolvitur,
1450 3569 1639 3643 rigore
1666 3570 1899 3625 virtutis
1928 3569 2017 3624 in-

368 3656 576 3731 genita;
607 3659 665 3712 et
684 3657 1106 3713 moderaminis
1128 3659 1279 3730 justi
1300 3673 1658 3731 componens
1688 3646 2015 3727 honestate,

368 3748 437 3801 ut
464 3749 672 3817 praeter
701 3745 823 3800 haec
872 3744 1091 3817 quibus
1136 3745 1409 3802 addictus
1458 3746 1648 3802 fuerat
1690 3745 2018 3802 litterarum

367 3832 681 3893 conamina
708 3833 790 3889 nil
823 3834 882 3890 in
927 3849 992 3891 se
1038 3833 1197 3890 aliud
1249 3835 1505 3891 residere
1553 3839 1872 3908 pateretur,
1903 3834 2019 3891 nisi

369 3922 515 3978 forte
546 3922 688 3977 dum
710 3926 813 3978 aut
831 3938 1009 3995 opera
1028 3922 1261 3994 pietatis
1284 3927 1503 3995 ageret,
1526 3926 1629 3979 aut
1649 3926 1821 3991 certe,
1847 3926 2021 3996 prout

368 4015 580 4066 natura
610 4011 987 4078 concesserit,
1018 4013 1202 4067 sacris
1235 4012 1567 4068 orationum
1599 4012 1887 4068 exercitiis
1919 4012 2019 4068 de-

365 4098 557 4154 votius
588 4099 914 4155 insudaret.

719 4189 907 4245 Remos
937 4187 1009 4244 ad
1036 4188 1338 4245 Nivardum
1365 4205 1423 4245 se
1450 4192 1660 4261 recipit.

439 4277 491 4331 4.
531 4275 733 4349 Igitur,
769 4277 911 4332 dum
944 4294 1090 4350 puer
1120 4281 1351 4334 sanctae'
1377 4277 1594 4334 indolis
1622 4284 1742 4333 tam
1776 4277 2020 4333 scientia

367 4382 545 4437 quam
578 4366 790 4422 virtute
821 4366 1002 4422 animi
1035 4384 1257 4424 cocovos
1287 4384 1426 4423 suos
1458 4367 1614 4423 brevi
1646 4367 2015 4439 praecederet,

366 4460 543 4527 atque
573 4455 857 4527 paulatim
890 4456 1053 4512 bonas
1086 4457 1426 4513 intentionis
1456 4455 1795 4527 primordiis
1817 4456 1889 4511 ad
1913 4473 2020 4511 cce-

367 4542 533 4599 lestis
563 4543 784 4601 militizs
816 4546 1130 4617 perfectius
1178 4544 1515 4600 tirocinium
1548 4544 1900 4600 decrevisset
1927 4544 2017 4599 in-

2136 630 2271 699 ciat,
2307 632 2613 704 prmfatum
2642 633 3086 691 sanctissimum
3117 622 3781 707 Nivardumltemorum

2137 722 2472 792 pontificem
2533 723 2741 795 flagrat
2796 724 3001 779 ardore
3061 725 3385 797 expetendi.
3446 727 3581 794 Qui,
3638 727 3785 782 sicut

2137 809 2414 877 diximus,
2450 812 2781 883 apostolicae
2831 812 3222 871 institutionis
3252 816 3637 889 praerogativa
3663 816 3785 871 suf-

2135 899 2340 968 fultus,
2375 900 2700 958 nobilitatis
2734 903 2953 959 honore
2985 902 3373 973 clarissimus,
3405 905 3587 961 variis
3615 906 3788 960 virtu-

2137 993 2262 1044 tum
2285 991 2597 1061 generibus
2616 992 2955 1060 adornatus,
2974 993 3127 1049 inter
3149 995 3504 1050 Francorum
3524 1012 3785 1066 proceres

2135 1077 2363 1148 primus
2397 1079 2455 1133 in
2488 1079 2621 1135 aula
2652 1082 2825 1153 regis,
2860 1082 2977 1136 vita
3018 1088 3073 1137 et
3103 1082 3541 1138 conversatione
3573 1084 3786 1154 dignis-

2135 1168 2325 1223 simus
2358 1167 2633 1241 fulgebat.
2660 1170 2765 1225 Per
2810 1172 2865 1226 id
2900 1172 3179 1242 temporis
3219 1190 3288 1227 ea
3319 1173 3523 1227 civitas
3555 1178 3784 1229 sancto-

2136 1273 2266 1309 rum
2300 1257 2517 1327 stipata
2547 1258 2905 1326 cohortibus,
2933 1265 2989 1315 et
3012 1260 3144 1316 licet
3173 1261 3323 1316 inter
3352 1261 3639 1317 militares
3664 1261 3783 1317 alas
3870 1320 3871 1325 η

2134 1346 2244 1400 sub
2276 1346 2537 1417 principe
2567 1365 2672 1403 suo
2704 1348 3047 1415 Childcrieo,
3081 1350 3255 1422 capiti
3288 1355 3485 1405 tamen
3516 1367 3624 1407 suo
3655 1368 3783 1407 con-
3870 1340 3871 1345 “

2133 1451 2298 1502 sena,
2335 1434 2515 1490 divini
2548 1454 2745 1492 amore
2775 1437 2969 1493 cultus
3001 1440 3141 1494 urbs
3180 1437 3467 1511 populosa
3498 1440 3779 1511 spirabat.

2134 1523 2324 1594 Hujus
2344 1522 2541 1596 itaque
2562 1531 2734 1582 tanta:
2758 1527 3048 1599 opinionis
3070 1529 3259 1601 gratia
3281 1533 3629 1601 provocatus
3651 1528 3783 1585 felix

2133 1612 2476 1670 adolescens
2518 1616 2888 1683 Bercharius,
2919 1616 3330 1674 ecclesiasticis
3373 1619 3783 1684 sacramentis,

2135 1703 2272 1771 fide,
2296 1703 2499 1759 habitu
2522 1709 2581 1759 et
2599 1709 2733 1761 actu
2762 1706 3131 1778 aptissimus,
3153 1724 3289 1763 cum
3312 1707 3410 1763 illo
3433 1708 3603 1765 beato
3625 1724 3782 1775 sene,

2134 1792 2227 1847 cui
2253 1793 2612 1864 jampridem
2644 1795 2869 1850 dictum
2902 1812 2937 1851 a
2965 1795 3214 1851 Domino
3252 1796 3444 1852 fuerat
3475 1814 3489 1851 :
3523 1797 3786 1868 Egredere

2132 1880 2198 1936 de
2226 1889 2373 1937 terra
2400 1890 2453 1937 et
2477 1882 2543 1939 de
2570 1886 2888 1954 cognatione
2918 1893 3031 1951 tua,
3060 1892 3111 1941 et
3140 1888 3266 1941 veni
3296 1888 3357 1941 in
3390 1893 3594 1941 terram
3623 1903 3784 1959 quam

2129 1978 2499 2028 monstravere
2556 1972 2676 2039 tibi,
2728 1980 2779 2028 et
2826 1975 3033 2043 faciam
3076 1981 3126 2030 te
3184 1991 3422 2031 crescere
3467 1977 3528 2031 in
3575 1981 3785 2047 gentem

2129 2077 2388 2132 magnam
2417 2061 2570 2130 (Gen.
2605 2077 2707 2128 xu,
2743 2063 2793 2127 1,
2825 2065 2906 2130 2),
2938 2062 3114 2118 fidem
3166 2064 3525 2136 participans
3557 2069 3615 2119 et
3664 2080 3782 2120 me-

2132 2149 2333 2217 ritum,
2384 2150 2791 2221 cognationem
2850 2150 3190 2227 relinquens
3240 2157 3296 2209 et
3344 2153 3618 2225 patriam,
3653 2159 3785 2226 post

2130 2236 2289 2312 longi
2322 2239 2539 2295 laboris
2570 2256 2903 2307 excursum,
2934 2242 3080 2297 fines
3127 2242 3456 2314 ingreditur
3502 2243 3780 2310 Franciae,

2129 2328 2364 2384 futurus
2394 2345 2529 2384 cum
2553 2330 2612 2385 S.
2638 2329 2885 2385 Nivardo
2917 2330 3190 2402 pontifice
3219 2330 3372 2386 cives
3403 2330 3781 2387 felicissimus

2129 2419 2216 2488 (ut
2245 2417 2513 2491 patulum
2544 2422 2633 2474 est
2662 2419 2721 2473 in
2755 2419 3139 2490 sequentibus
3167 2420 3620 2492 deprehendere)
3654 2437 3785 2476 san-

2129 2510 2232 2562 ctas
2284 2507 2589 2563 Remensis
2637 2507 2925 2575 Ecclesiae,
2969 2509 3028 2564 in
3078 2514 3462 2581 augmentum
3510 2509 3783 2566 videlicet

2128 2596 2484 2665 operationis
2532 2596 2769 2661 divinis,
2823 2611 3002 2667 quam
3063 2595 3293 2651 Domini
3353 2596 3782 2668 omnipotentia

2130 2684 2556 2757 Redemptoris,
2584 2684 2641 2740 in
2667 2684 2966 2740 lucrandis
2989 2684 3250 2740 fidelium
3273 2686 3607 2741 animarum
3631 2703 3785 2758 qua:-

2127 2774 2321 2829 stibus
2351 2790 2454 2847 per
2481 2774 2588 2830 hos
2618 2774 2766 2829 duos
2798 2790 3078 2846 synergos
3108 2773 3480 2831 felicissimos
3512 2775 3785 2847 praeordi-

2128 2867 2366 2918 naverat
2412 2862 2753 2935 adimplere.
2788 2863 2891 2918 Hic
2924 2864 3106 2935 igitur
3153 2862 3360 2920 beatus
3408 2864 3670 2935 pontifex
3722 2868 3784 2919 ut

2128 2967 2360 3022 semper
2407 2955 2727 3021 optaverat,
2760 2949 2861 3006 tali
2912 2968 2980 3006 ac
3030 2956 3194 3007 tanto
3242 2968 3498 3025 suppara
3544 2953 3782 3024 adepto,

2128 3038 2408 3110 quoniam
2467 3039 2593 3110 ipse
2639 3038 3027 3094 exterioribus
3074 3040 3390 3096 tractandas
3449 3040 3785 3113 reipublica:

2128 3126 2318 3182 fuerat
2349 3125 2599 3198 negotiis
2628 3124 2987 3197 implicatus,
3020 3126 3192 3200 regiae
3220 3127 3628 3200 dispositionis
3648 3147 3787 3185 con-

2128 3213 2278 3271 siliis
2319 3219 2378 3270 et
2424 3215 2655 3270 actibus
2705 3215 3038 3285 frequenter
3089 3214 3393 3283 interesse,
3426 3217 3789 3287 pontiﬁcalis

2129 3302 2502 3376 providentia:
2535 3303 2765 3376 pondus
2783 3302 2983 3357 volens
3015 3302 3291 3358 nolensve
3311 3303 3528 3359 ccslesti
3553 3306 3792 3362 ordina-

2128 3391 2288 3448 tione
2343 3390 2618 3464 perferre,
2658 3388 3056 3445 ministerium
3104 3389 3217 3446 sibi
3270 3390 3605 3461 injunctum
3661 3398 3787 3449 tum

2129 3479 2363 3553 publice
2393 3482 2522 3535 tum
2553 3478 2825 3553 privatim
2855 3478 3229 3551 increpando,
3264 3479 3583 3552 arguendo,
3618 3483 3788 3538 obsc-

2129 3570 2368 3638 crando,
2418 3573 2484 3624 ut
2537 3569 2830 3640 perfectus
2889 3566 3145 3640 agricola
3202 3566 3446 3624 sedulus
3494 3583 3784 3635 exercere,

2130 3659 2343 3732 gaudio
2395 3658 2728 3731 replebatur
2778 3673 2895 3712 non
2951 3655 3201 3725 modico,
3236 3656 3512 3712 familiari
3562 3659 3786 3730 potitus

2129 3748 2394 3819 adjutore
2423 3747 2689 3819 atque_in
2714 3744 2928 3801 divinis
2957 3745 3233 3818 operibus
3254 3746 3632 3803 devotissimo
3654 3764 3786 3804 con-

2129 3840 2307 3894 sorte.
3768 3844 3771 3845 ⁷

2488 3925 2732 3982 Remeato
2765 3923 3146 3995 informandus
3175 3924 3431 3981 traditur.

2198 4019 2253 4072 5.
2283 4017 2649 4087 Quapropter
2676 4013 2920 4084 cupiens
2951 4028 3087 4068 eum
3128 4014 3518 4084 undecunque
3556 4014 3783 4084 perfec-

2129 4107 2249 4161 tius
2279 4104 2522 4170 erudiri,
2545 4102 2940 4159 sanctioribus
2984 4118 3052 4157 ac
3091 4101 3554 4173 religiosioribus
3576 4102 3781 4157 divina:

2129 4194 2385 4249 scientiae
2402 4192 2723 4264 viris,quos
2745 4191 2858 4246 sibi
2876 4191 3139 4262 undique
3156 4190 3367 4247 collata
3386 4190 3745 4249 familiaria:
3770 4222 3785 4243 γ

2130 4283 2456 4348 addiderat,
2482 4279 2879 4353 copulandum
2913 4294 3042 4335 esse
3072 4280 3397 4346 constituit,
3423 4283 3489 4334 ut
3515 4276 3783 4335 videllct‘.

2129 4370 2522 4443 plurimorum
2543 4368 2981 4424 instituentium
2995 4368 3337 4424 auctoritate
3348 4362 3779 4439 disceret,quod

2129 4460 2507 4532 postmodum
2539 4456 2814 4529 plurimis
2859 4456 3242 4513 ministraret.
3277 4458 3434 4513 Inter
3462 4473 3612 4529 quos
3639 4461 3775 4512 tunc

2127 4547 2410 4619 temporis
2431 4548 2491 4602 in
2513 4546 2668 4617 regis
2691 4545 3046 4601 Francorum
3072 4544 3209 4601 aula
3229 4544 3622 4618 praepollentis
3653 4545 3778 4601 bea-

366 4634 632 4700 tendere;
668 4650 937 4706 supernae
965 4633 1095 4689 vitae
1144 4633 1448 4689 aestuantis
1499 4632 1677 4688 animi
1730 4632 2017 4689 desiderio
2048 4644 2097 4708 ι)
2127 4636 2342 4693 tissimi
2370 4633 2629 4691 Remacli
2653 4633 3050 4706 procuratoris
3071 4635 3187 4703 (25)
3211 4634 3451 4705 quidem
3473 4634 3622 4690 sacri
3646 4632 3777 4690 scri-

366 4722 539 4793 cwpit
564 4721 739 4777 altius
761 4721 1042 4793 aspirare,
1068 4725 1433 4776 terrenarum
1458 4738 1651 4778 rerum
1676 4726 2018 4794 contemptu

367 4809 666 4865 sufficiens
697 4814 873 4881 atque
909 4827 977 4866 ea
1025 4825 1153 4881 qua:
1202 4810 1275 4864 ad
1324 4810 1607 4866 virtutum
1656 4810 2019 4867 incrementa

366 4897 689 4968 respiciunt
715 4897 988 4968 perennis
1020 4896 1465 4969 intuitu‘gloriai
1495 4899 1632 4954 totis
1664 4899 1893 4956 nisibus
1926 4904 2018 4956 at-

366 4990 625 5055 tentans,
655 4990 873 5041 aeterna
906 5002 1020 5057 prs:
1066 4983 1253 5041 oculis
1301 4986 1594 5043 indefessa
1643 4988 2017 5055 constituere,

366 5075 627 5147 peritura
659 5074 1035 5130 manentibus
1067 5090 1468 5145 compensare,
1491 5076 1738 5134 diversis
1761 5078 2021 5134 afflictio-

367 5179 510 5219 num
553 5161 866 5235 generibus
914 5162 1290 5218 aﬂ'ectionum
1339 5164 1662 5220 carnalium
1716 5165 2021 5223 molimina

367 5258 681 5320 coarctare,
715 5255 889 5322 atque
922 5250 1326 5307 adolescentia;
1358 5269 1618 5325 gressus,
1651 5255 1832 5310 divini
1864 5273 2020 5312 amo-

367 5342 449 5396 ris
480 5342 691 5396 virtute
720 5340 1011 5396 roborare.
1049 5342 1273 5411 Spretis
1305 5342 1517 5397 deinde
1551 5345 2017 5417 propinquorum

366 5434 423 5486 et
452 5429 651 5501 patria:
684 5429 1042 5498 retinaculis,
1078 5428 1387 5501 diligenter
1417 5431 1727 5503 replicans,
1753 5434 1892 5505 quia
1918 5436 2017 5508 qui

367 5536 525 5574 nova:
543 5518 1003 5575 conversationis
1023 5519 1358 5574 rudimenta
1373 5521 2017 5596 suscipiunt,tanquam

439 5626 552 5702 (25)
580 5627 666 5681 An
685 5625 1011 5702 _Bemacl_us
1043 5626 1100 5702 id
1136 5627 1450 5702 mu_nus__in_
1485 5627 1700 5698 palatio
1745 5634 2014 5702 gesserit,

370 5714 442 5757 an
475 5698 649 5754 etiam
684 5697 1029 5755 Bercharius
1061 5696 1119 5753 in
1152 5698 1285 5754 aula
1315 5696 1526 5755 alibive
1574 5716 1706 5756 cum
1748 5696 1823 5759 leo
1871 5696 2018 5762 vixe;

2128 4727 2211 4781 nii
2245 4724 2446 4798 palatii
2478 4722 2802 4795 prudentie
2830 4726 2887 4777 et
2913 4723 3244 4779 sanctitatis
3275 4712 3462 4779 titulis
3492 4738 3778 4778 commen-

2128 4817 2267 4871 data
2283 4814 2503 4885 ubique
2522 4815 2852 4867 excreverat
2864 4811 2956 4882 Opi
2966 4811 3061 4867 nio
3073 4812 3426 4868 veneranda:
3444 4811 3541 4883 qui
3562 4810 3775 4867 scilicet

2127 4904 2216 4959 vir
2253 4900 2832 4975 inolytus,confessor
2881 4901 3256 4971 postmodum
3298 4900 3530 4957 Domini
3569 4899 3773 4972 glorio-

2130 5011 2251 5061 sus,
2273 4990 2480 5048 multis
2511 4990 2813 5063 signorum
2846 4989 3162 5045 virtutibus
3195 4990 3575 5061 approbatus,
3603 4988 3771 5062 placi-

2129 5083 2241 5138 dus
2263 5080 2514 5148 eunetis,
2538 5077 2829 5151 benignus
2852 5077 3162 5146 universis,
3177 5077 3237 5133 in
3258 5079 3645 5157 prosperitate
3667 5093 3774 5134 mo-

2131 5173 2355 5237 destus,
2391 5170 2449 5224 in
2481 5166 2740 5243 adversis
2773 5167 3263 5238 patientissimus,
3295 5166 3413 5222 vita
3441 5165 3769 5232 laudabilis,

2130 5260 2362 5332 eloquio
2393 5256 2668 5323 affabilis,
2703 5255 2787 5311 sic
2818 5255 3161 5327 temporalia
3197 5259 3408 5312 cautus
3446 5256 3769 5319 exhibebat,

2132 5355 2196 5406 ut
2216 5355 2433 5405 aeterna
2452 5363 2683 5418 semper
2707 5345 2780 5400 ab
2801 5344 2988 5400 oculis
3010 5361 3123 5400 non
3148 5349 3453 5401 averteret.
3480 5345 3667 5416 Hujus
3695 5348 3770 5399 ta-
3794 5344 3797 5349 ’

2128 5439 2202 5496 lis
2232 5455 2299 5494 ac
2330 5437 2476 5493 tanti
2509 5435 2616 5490 viri
2656 5434 2841 5489 sacris
2885 5433 3356 5488 institutionibus
3387 5450 3514 5488 rure
3544 5426 3769 5503 superni

2129 5526 2381 5586 nectaris
2408 5522 2853 5588 illustrandum,
2877 5521 2939 5576 Β.
2966 5520 3311 5578 Bercharius
3341 5525 3488 5576 nutu
3520 5514 3768 5593 priedicti

2130 5637 2225 5703 rit,
2256 5650 2395 5760 6123!!
2448 5630 2592 5687 satis
2641 5632 2889 5685 constat.
2925 5628 3073 5699 Lege
3119 5631 3259 5685 Acta
3305 5628 3363 5685 S.
3400 5627 3656 5683 Remacli
3706 5624 3767 5682 ad

2130 5726 2224 5760 an.
2333 5726 2383 5759 οἱ.

2130 5726 2224 5764 an.
2256 5726 2383 5760 004.
