  <div class='ocr_page' id='page_1' title='image "/cluster/home/n/w/nwhite01/storage/ocr_20150623/136-137/uc1.31175019686917/1018.png"; bbox 0 0 3906 6356; ppageno 0'>
   <div class='ocr_carea' id='block_1_1' title="bbox 113 396 225 460">
    <p class='ocr_par' dir='ltr' id='par_1_1' title="bbox 113 396 225 460">
     <span class='ocr_line' id='line_1_1' title="bbox 113 396 225 460; baseline -0.018 -1"><span class='ocrx_word' id='word_1_1' title='bbox 113 396 225 460; x_wconf 84' lang='lat'>673</span> 
     </span>
    </p>
   </div>
   <div class='ocr_carea' id='block_1_2' title="bbox 1364 396 2296 462">
    <p class='ocr_par' dir='ltr' id='par_1_2' title="bbox 1364 396 2296 462">
     <span class='ocr_line' id='line_1_2' title="bbox 1364 396 2296 462; baseline 0.005 -5"><span class='ocrx_word' id='word_1_2' title='bbox 1364 396 1466 459; x_wconf 88' lang='lat' dir='ltr'><strong>DE</strong></span> <span class='ocrx_word' id='word_1_3' title='bbox 1511 398 1694 462; x_wconf 85' lang='lat' dir='ltr'>VITA</span> <span class='ocrx_word' id='word_1_4' title='bbox 1737 396 1800 461; x_wconf 74' lang='grc' dir='ltr'>Β.</span> <span class='ocrx_word' id='word_1_5' title='bbox 1848 398 2296 462; x_wconf 82' lang='lat' dir='ltr'>BERCHARII.</span> 
     </span>
    </p>
   </div>
   <div class='ocr_carea' id='block_1_3' title="bbox 3404 407 3521 470">
    <p class='ocr_par' dir='ltr' id='par_1_3' title="bbox 3404 407 3521 470">
     <span class='ocr_line' id='line_1_3' title="bbox 3404 407 3521 470; baseline -0.009 0"><span class='ocrx_word' id='word_1_6' title='bbox 3404 407 3521 470; x_wconf 67' lang='grc'>674</span> 
     </span>
    </p>
   </div>
   <div class='ocr_carea' id='block_1_4' title="bbox 115 528 3522 612">
    <p class='ocr_par' dir='ltr' id='par_1_4' title="bbox 115 528 3522 612">
     <span class='ocr_line' id='line_1_4' title="bbox 115 528 3522 612; baseline 0.004 -27"><span class='ocrx_word' id='word_1_7' title='bbox 115 529 397 603; x_wconf 79' lang='lat' dir='ltr'>pontificis</span> <span class='ocrx_word' id='word_1_8' title='bbox 419 545 481 585; x_wconf 89' lang='lat' dir='ltr'>se</span> <span class='ocrx_word' id='word_1_9' title='bbox 519 528 730 585; x_wconf 89' lang='lat' dir='ltr'>maluit</span> <span class='ocrx_word' id='word_1_10' title='bbox 761 546 861 602; x_wconf 88' lang='lat' dir='ltr'>pre</span> <span class='ocrx_word' id='word_1_11' title='bbox 894 535 1156 603; x_wconf 87' lang='lat' dir='ltr'>tempore</span> <span class='ocrx_word' id='word_1_12' title='bbox 1188 532 1270 586; x_wconf 90' lang='lat' dir='ltr'>ire</span> <span class='ocrx_word' id='word_1_13' title='bbox 1300 533 1657 604; x_wconf 86' lang='lat' dir='ltr'>copulatum,</span> <span class='ocrx_word' id='word_1_14' title='bbox 1694 538 1756 589; x_wconf 89' lang='lat' dir='ltr'>ut</span> <span class='ocrx_word' id='word_1_15' title='bbox 1786 534 1840 602; x_wconf 83' lang='grc' dir='ltr'><strong>Α</strong></span> <span class='ocrx_word' id='word_1_16' title='bbox 1870 550 2070 590; x_wconf 83' lang='lat' dir='ltr'>eorum</span> <span class='ocrx_word' id='word_1_17' title='bbox 2103 536 2301 589; x_wconf 92' lang='lat' dir='ltr'>orbem</span> <span class='ocrx_word' id='word_1_18' title='bbox 2334 536 2583 591; x_wconf 77' lang='lat' dir='ltr'>decretis</span> <span class='ocrx_word' id='word_1_19' title='bbox 2617 536 2981 609; x_wconf 75' lang='lat' dir='ltr'>regularibus</span> <span class='ocrx_word' id='word_1_20' title='bbox 3041 539 3221 593; x_wconf 87' lang='lat' dir='ltr'>fuisse</span> <span class='ocrx_word' id='word_1_21' title='bbox 3264 540 3522 612; x_wconf 87' lang='lat' dir='ltr'>primum</span> 
     </span>
    </p>
   </div>
   <div class='ocr_carea' id='block_1_5' title="bbox 116 619 1760 692">
    <p class='ocr_par' dir='ltr' id='par_1_5' title="bbox 116 619 1760 692">
     <span class='ocr_line' id='line_1_5' title="bbox 116 619 1760 692; baseline 0.002 -18"><span class='ocrx_word' id='word_1_22' title='bbox 116 620 170 675; x_wconf 91' lang='lat' dir='ltr'>in</span> <span class='ocrx_word' id='word_1_23' title='bbox 200 635 311 692; x_wconf 92' lang='lat' dir='ltr'>quo</span> <span class='ocrx_word' id='word_1_24' title='bbox 344 619 659 690; x_wconf 88' lang='lat' dir='ltr'>perfectam</span> <span class='ocrx_word' id='word_1_25' title='bbox 721 619 995 673; x_wconf 69' lang='lat' dir='ltr'>doctrinm</span> <span class='ocrx_word' id='word_1_26' title='bbox 1041 620 1349 675; x_wconf 91' lang='lat' dir='ltr'>scientiam</span> <span class='ocrx_word' id='word_1_27' title='bbox 1379 622 1760 692; x_wconf 79' lang='lat' dir='ltr'>intellexerat,</span> 
     </span>
    </p>
   </div>
   <div class='ocr_carea' id='block_1_6' title="bbox 115 706 1763 780">
    <p class='ocr_par' dir='ltr' id='par_1_6' title="bbox 115 706 1763 780">
     <span class='ocr_line' id='line_1_6' title="bbox 115 706 1763 780; baseline 0.002 -17"><span class='ocrx_word' id='word_1_28' title='bbox 115 708 233 780; x_wconf 90' lang='lat' dir='ltr'>ipse</span> <span class='ocrx_word' id='word_1_29' title='bbox 253 722 483 779; x_wconf 88' lang='lat' dir='ltr'>quoque</span> <span class='ocrx_word' id='word_1_30' title='bbox 503 722 607 779; x_wconf 89' lang='lat' dir='ltr'>per</span> <span class='ocrx_word' id='word_1_31' title='bbox 625 706 782 762; x_wconf 92' lang='lat' dir='ltr'>hunc</span> <span class='ocrx_word' id='word_1_32' title='bbox 804 708 990 763; x_wconf 66' lang='lat' dir='ltr'>aetatis</span> <span class='ocrx_word' id='word_1_33' title='bbox 1012 726 1129 764; x_wconf 73' lang='lat' dir='ltr'>sure</span> <span class='ocrx_word' id='word_1_34' title='bbox 1152 726 1217 764; x_wconf 87' lang='lat' dir='ltr'>ac</span> <span class='ocrx_word' id='word_1_35' title='bbox 1241 726 1471 765; x_wconf 90' lang='lat' dir='ltr'>merum</span> <span class='ocrx_word' id='word_1_36' title='bbox 1496 710 1763 767; x_wconf 87' lang='lat' dir='ltr'>imbecil-</span> 
     </span>
    </p>
   </div>
   <div class='ocr_carea' id='block_1_7' title="bbox 113 793 1762 872">
    <p class='ocr_par' dir='ltr' id='par_1_7' title="bbox 113 793 1762 872">
     <span class='ocr_line' id='line_1_7' title="bbox 113 793 1762 872; baseline 0.002 -20"><span class='ocrx_word' id='word_1_37' title='bbox 113 795 257 852; x_wconf 81' lang='lat' dir='ltr'>litati</span> <span class='ocrx_word' id='word_1_38' title='bbox 287 793 745 861; x_wconf 89' lang='lat' dir='ltr'>consulens,nen</span> <span class='ocrx_word' id='word_1_39' title='bbox 769 799 889 851; x_wconf 87' lang='lat' dir='ltr'>tam</span> <span class='ocrx_word' id='word_1_40' title='bbox 912 796 1167 852; x_wconf 69' lang='lat' dir='ltr'>scientiae</span> <span class='ocrx_word' id='word_1_41' title='bbox 1198 814 1376 870; x_wconf 89' lang='lat' dir='ltr'>quam</span> <span class='ocrx_word' id='word_1_42' title='bbox 1406 805 1621 855; x_wconf 64' lang='lat' dir='ltr'>sancta)</span> <span class='ocrx_word' id='word_1_43' title='bbox 1654 818 1762 872; x_wconf 89' lang='lat' dir='ltr'>pu-</span> 
     </span>
    </p>
   </div>
   <div class='ocr_carea' id='block_1_8' title="bbox 118 882 1047 956">
    <p class='ocr_par' dir='ltr' id='par_1_8' title="bbox 118 882 1047 956">
     <span class='ocr_line' id='line_1_8' title="bbox 118 882 1047 956; baseline 0 -15"><span class='ocrx_word' id='word_1_44' title='bbox 118 882 297 941; x_wconf 86' lang='lat' dir='ltr'>ritatis</span> <span class='ocrx_word' id='word_1_45' title='bbox 327 882 679 939; x_wconf 91' lang='lat' dir='ltr'>commercia</span> <span class='ocrx_word' id='word_1_46' title='bbox 708 888 1047 956; x_wconf 85' lang='lat' dir='ltr'>reportaret.</span> 
     </span>
    </p>
   </div>
   <div class='ocr_carea' id='block_1_9' title="bbox 695 974 1171 1046">
    <p class='ocr_par' dir='ltr' id='par_1_9' title="bbox 695 974 1171 1046">
     <span class='ocr_line' id='line_1_9' title="bbox 695 974 1171 1046; baseline 0 -17"><span class='ocrx_word' id='word_1_47' title='bbox 695 974 999 1030; x_wconf 63' lang='lat' dir='ltr'>Lucceium</span> <span class='ocrx_word' id='word_1_48' title='bbox 1019 977 1171 1046; x_wconf 76' lang='lat' dir='ltr'>petit.</span> 
     </span>
    </p>
   </div>
   <div class='ocr_carea' id='block_1_10' title="bbox 179 1060 1766 1140">
    <p class='ocr_par' dir='ltr' id='par_1_10' title="bbox 179 1060 1766 1140">
     <span class='ocr_line' id='line_1_10' title="bbox 179 1060 1766 1140; baseline 0.004 -24"><span class='ocrx_word' id='word_1_49' title='bbox 179 1063 233 1117; x_wconf 86' lang='lat'>6.</span> <span class='ocrx_word' id='word_1_50' title='bbox 268 1062 489 1117; x_wconf 84' lang='lat' dir='ltr'>Interea</span> <span class='ocrx_word' id='word_1_51' title='bbox 538 1077 674 1117; x_wconf 89' lang='lat' dir='ltr'>cum</span> <span class='ocrx_word' id='word_1_52' title='bbox 726 1060 876 1117; x_wconf 84' lang='lat' dir='ltr'>beati</span> <span class='ocrx_word' id='word_1_53' title='bbox 923 1062 1029 1117; x_wconf 91' lang='lat' dir='ltr'>viri</span> <span class='ocrx_word' id='word_1_54' title='bbox 1053 1064 1256 1133; x_wconf 85' lang='lat' dir='ltr'>justus</span> <span class='ocrx_word' id='word_1_55' title='bbox 1289 1066 1627 1122; x_wconf 83' lang='lat' dir='ltr'>adolescens</span> <span class='ocrx_word' id='word_1_56' title='bbox 1661 1085 1766 1140; x_wconf 87' lang='lat' dir='ltr'>per</span> 
     </span>
    </p>
   </div>
   <div class='ocr_carea' id='block_1_11' title="bbox 122 1149 1763 1226">
    <p class='ocr_par' dir='ltr' id='par_1_11' title="bbox 122 1149 1763 1226">
     <span class='ocr_line' id='line_1_11' title="bbox 122 1149 1763 1226; baseline 0.005 -22"><span class='ocrx_word' id='word_1_57' title='bbox 122 1149 347 1222; x_wconf 81' lang='lat' dir='ltr'>aliquod</span> <span class='ocrx_word' id='word_1_58' title='bbox 374 1155 605 1223; x_wconf 85' lang='lat' dir='ltr'>tempus</span> <span class='ocrx_word' id='word_1_59' title='bbox 629 1149 965 1222; x_wconf 83' lang='lat' dir='ltr'>magisterio</span> <span class='ocrx_word' id='word_1_60' title='bbox 988 1152 1360 1220; x_wconf 85' lang='lat' dir='ltr'>frueretur,et</span> <span class='ocrx_word' id='word_1_61' title='bbox 1381 1155 1629 1209; x_wconf 80' lang='lat' dir='ltr'>cu-lestis</span> <span class='ocrx_word' id='word_1_62' title='bbox 1659 1173 1763 1226; x_wconf 84' lang='lat' dir='ltr'>pro</span> 
     </span>
    </p>
   </div>
   <div class='ocr_carea' id='block_1_12' title="bbox 120 1238 1763 1313">
    <p class='ocr_par' dir='ltr' id='par_1_12' title="bbox 120 1238 1763 1313">
     <span class='ocr_line' id='line_1_12' title="bbox 120 1238 1763 1313; baseline 0.002 -20"><span class='ocrx_word' id='word_1_63' title='bbox 120 1239 331 1294; x_wconf 88' lang='lat' dir='ltr'>viribus</span> <span class='ocrx_word' id='word_1_64' title='bbox 363 1238 727 1311; x_wconf 74' lang='lat' dir='ltr'>praelibasset</span> <span class='ocrx_word' id='word_1_65' title='bbox 747 1240 1026 1295; x_wconf 83' lang='lat' dir='ltr'>haustum</span> <span class='ocrx_word' id='word_1_66' title='bbox 1054 1242 1374 1313; x_wconf 54' lang='lat' dir='ltr'>sapientiai,</span> <span class='ocrx_word' id='word_1_67' title='bbox 1408 1246 1763 1299; x_wconf 80' lang='lat' dir='ltr'>Luxoviense</span> 
     </span>
    </p>
   </div>
   <div class='ocr_carea' id='block_1_13' title="bbox 120 1327 1760 1404">
    <p class='ocr_par' dir='ltr' id='par_1_13' title="bbox 120 1327 1760 1404">
     <span class='ocr_line' id='line_1_13' title="bbox 120 1327 1760 1404; baseline 0.004 -22"><span class='ocrx_word' id='word_1_68' title='bbox 120 1327 532 1382; x_wconf 82' lang='lat' dir='ltr'>monasterium</span> <span class='ocrx_word' id='word_1_69' title='bbox 593 1333 830 1400; x_wconf 86' lang='lat' dir='ltr'>accepto</span> <span class='ocrx_word' id='word_1_70' title='bbox 890 1328 1021 1383; x_wconf 86' lang='lat' dir='ltr'>tulit</span> <span class='ocrx_word' id='word_1_71' title='bbox 1066 1336 1351 1402; x_wconf 81' lang='lat' dir='ltr'>expetere,</span> <span class='ocrx_word' id='word_1_72' title='bbox 1384 1334 1661 1404; x_wconf 86' lang='lat' dir='ltr'>quoniam</span> <span class='ocrx_word' id='word_1_73' title='bbox 1698 1334 1760 1389; x_wconf 87' lang='grc' dir='ltr'>Β.</span> 
     </span>
    </p>
   </div>
   <div class='ocr_carea' id='block_1_14' title="bbox 119 1416 1765 1494">
    <p class='ocr_par' dir='ltr' id='par_1_14' title="bbox 119 1416 1765 1494">
     <span class='ocr_line' id='line_1_14' title="bbox 119 1416 1765 1494; baseline 0.004 -23"><span class='ocrx_word' id='word_1_74' title='bbox 119 1416 455 1472; x_wconf 89' lang='lat' dir='ltr'>Columbani</span> <span class='ocrx_word' id='word_1_75' title='bbox 477 1416 760 1472; x_wconf 76' lang='lat' dir='ltr'>districtis</span> <span class='ocrx_word' id='word_1_76' title='bbox 776 1420 1188 1475; x_wconf 88' lang='lat' dir='ltr'>commendata</span> <span class='ocrx_word' id='word_1_77' title='bbox 1208 1420 1523 1493; x_wconf 89' lang='lat' dir='ltr'>regulis,ad</span> <span class='ocrx_word' id='word_1_78' title='bbox 1548 1439 1609 1477; x_wconf 91' lang='lat' dir='ltr'>se</span> <span class='ocrx_word' id='word_1_79' title='bbox 1641 1440 1765 1494; x_wconf 84' lang='lat' dir='ltr'>pcr-</span> 
     </span>
    </p>
   </div>
   <div class='ocr_carea' id='block_1_15' title="bbox 117 1503 1762 1583">
    <p class='ocr_par' dir='ltr' id='par_1_15' title="bbox 117 1503 1762 1583">
     <span class='ocr_line' id='line_1_15' title="bbox 117 1503 1762 1583; baseline 0.005 -23"><span class='ocrx_word' id='word_1_80' title='bbox 117 1503 230 1561; x_wconf 88' lang='lat' dir='ltr'>lata</span> <span class='ocrx_word' id='word_1_81' title='bbox 251 1505 437 1561; x_wconf 90' lang='lat' dir='ltr'>fuerat</span> <span class='ocrx_word' id='word_1_82' title='bbox 457 1504 613 1561; x_wconf 88' lang='lat' dir='ltr'>fama</span> <span class='ocrx_word' id='word_1_83' title='bbox 634 1504 955 1579; x_wconf 85' lang='lat' dir='ltr'>religionis.</span> <span class='ocrx_word' id='word_1_84' title='bbox 986 1506 1124 1563; x_wconf 83' lang='lat' dir='ltr'>Erat</span> <span class='ocrx_word' id='word_1_85' title='bbox 1142 1509 1299 1564; x_wconf 91' lang='lat' dir='ltr'>enim</span> <span class='ocrx_word' id='word_1_86' title='bbox 1323 1526 1389 1565; x_wconf 89' lang='lat' dir='ltr'>eo</span> <span class='ocrx_word' id='word_1_87' title='bbox 1414 1515 1671 1583; x_wconf 90' lang='lat' dir='ltr'>tempore</span> <span class='ocrx_word' id='word_1_88' title='bbox 1702 1512 1762 1568; x_wconf 88' lang='lat' dir='ltr'>in</span> 
     </span>
    </p>
   </div>
   <div class='ocr_carea' id='block_1_16' title="bbox 117 1592 1762 1668">
    <p class='ocr_par' dir='ltr' id='par_1_16' title="bbox 117 1592 1762 1668">
     <span class='ocr_line' id='line_1_16' title="bbox 117 1592 1762 1668; baseline 0.004 -18"><span class='ocrx_word' id='word_1_89' title='bbox 117 1595 337 1651; x_wconf 85' lang='lat' dir='ltr'>cunctis</span> <span class='ocrx_word' id='word_1_90' title='bbox 365 1592 689 1651; x_wconf 85' lang='lat' dir='ltr'>Galliarum</span> <span class='ocrx_word' id='word_1_91' title='bbox 734 1596 1003 1668; x_wconf 89' lang='lat' dir='ltr'>partibus</span> <span class='ocrx_word' id='word_1_92' title='bbox 1033 1596 1142 1653; x_wconf 91' lang='lat' dir='ltr'>hoc</span> <span class='ocrx_word' id='word_1_93' title='bbox 1172 1600 1504 1656; x_wconf 81' lang='lat' dir='ltr'>ccenebium</span> <span class='ocrx_word' id='word_1_94' title='bbox 1536 1617 1670 1656; x_wconf 88' lang='lat' dir='ltr'>cum</span> <span class='ocrx_word' id='word_1_95' title='bbox 1704 1602 1762 1657; x_wconf 92' lang='lat' dir='ltr'>in</span> 
     </span>
    </p>
   </div>
   <div class='ocr_carea' id='block_1_17' title="bbox 116 1676 1762 1756">
    <p class='ocr_par' dir='ltr' id='par_1_17' title="bbox 116 1676 1762 1756">
     <span class='ocr_line' id='line_1_17' title="bbox 116 1676 1762 1756; baseline 0.004 -16"><span class='ocrx_word' id='word_1_96' title='bbox 116 1676 476 1740; x_wconf 83' lang='lat' dir='ltr'>multimodis</span> <span class='ocrx_word' id='word_1_97' title='bbox 490 1698 688 1739; x_wconf 91' lang='lat' dir='ltr'>rerum</span> <span class='ocrx_word' id='word_1_98' title='bbox 707 1684 1338 1756; x_wconf 85' lang='lat' dir='ltr'>possessionibus,tum</span> <span class='ocrx_word' id='word_1_99' title='bbox 1355 1690 1532 1745; x_wconf 89' lang='lat' dir='ltr'>etiam</span> <span class='ocrx_word' id='word_1_100' title='bbox 1556 1691 1762 1747; x_wconf 67' lang='lat' dir='ltr'>divina;</span> 
     </span>
    </p>
   </div>
   <div class='ocr_carea' id='block_1_18' title="bbox 113 1771 1763 1851">
    <p class='ocr_par' dir='ltr' id='par_1_18' title="bbox 113 1771 1763 1851">
     <span class='ocr_line' id='line_1_18' title="bbox 113 1771 1763 1851; baseline 0.005 -22"><span class='ocrx_word' id='word_1_101' title='bbox 113 1772 493 1829; x_wconf 65' lang='lat' dir='ltr'>venerationis</span> <span class='ocrx_word' id='word_1_102' title='bbox 514 1771 773 1830; x_wconf 82' lang='lat' dir='ltr'>cultibus</span> <span class='ocrx_word' id='word_1_103' title='bbox 794 1790 1005 1831; x_wconf 89' lang='lat' dir='ltr'>nomen</span> <span class='ocrx_word' id='word_1_104' title='bbox 1031 1774 1327 1849; x_wconf 83' lang='lat' dir='ltr'>singulare</span> <span class='ocrx_word' id='word_1_105' title='bbox 1350 1778 1590 1847; x_wconf 90' lang='lat' dir='ltr'>habens,</span> <span class='ocrx_word' id='word_1_106' title='bbox 1608 1781 1763 1851; x_wconf 89' lang='lat' dir='ltr'>quod</span> 
     </span>
    </p>
   </div>
   <div class='ocr_carea' id='block_1_19' title="bbox 117 1860 1760 1940">
    <p class='ocr_par' dir='ltr' id='par_1_19' title="bbox 117 1860 1760 1940">
     <span class='ocr_line' id='line_1_19' title="bbox 117 1860 1760 1940; baseline 0.004 -23"><span class='ocrx_word' id='word_1_107' title='bbox 117 1862 225 1918; x_wconf 88' lang='lat' dir='ltr'>illic</span> <span class='ocrx_word' id='word_1_108' title='bbox 255 1867 312 1918; x_wconf 90' lang='lat' dir='ltr'>et</span> <span class='ocrx_word' id='word_1_109' title='bbox 341 1861 667 1918; x_wconf 89' lang='lat' dir='ltr'>districtier</span> <span class='ocrx_word' id='word_1_110' title='bbox 714 1860 1028 1930; x_wconf 86' lang='lat' dir='ltr'>institutio,</span> <span class='ocrx_word' id='word_1_111' title='bbox 1063 1869 1118 1919; x_wconf 90' lang='lat' dir='ltr'>et</span> <span class='ocrx_word' id='word_1_112' title='bbox 1150 1866 1412 1922; x_wconf 87' lang='lat' dir='ltr'>studium</span> <span class='ocrx_word' id='word_1_113' title='bbox 1459 1868 1760 1940; x_wconf 67' lang='lat' dir='ltr'>sapientius</span> 
     </span>
    </p>
   </div>
   <div class='ocr_carea' id='block_1_20' title="bbox 118 1950 1761 2029">
    <p class='ocr_par' dir='ltr' id='par_1_20' title="bbox 118 1950 1761 2029">
     <span class='ocr_line' id='line_1_20' title="bbox 118 1950 1761 2029; baseline 0.004 -23"><span class='ocrx_word' id='word_1_114' title='bbox 118 1951 335 2023; x_wconf 88' lang='lat' dir='ltr'>plenius</span> <span class='ocrx_word' id='word_1_115' title='bbox 352 1950 889 2023; x_wconf 86' lang='lat' dir='ltr'>haberetur;quem</span> <span class='ocrx_word' id='word_1_116' title='bbox 913 1951 1178 2009; x_wconf 78' lang='lat' dir='ltr'>videlicet</span> <span class='ocrx_word' id='word_1_117' title='bbox 1201 1955 1359 2010; x_wconf 72' lang='lat' dir='ltr'>mira:</span> <span class='ocrx_word' id='word_1_118' title='bbox 1382 1957 1761 2029; x_wconf 86' lang='lat' dir='ltr'>spectationis</span> 
     </span>
    </p>
   </div>
   <div class='ocr_carea' id='block_1_21' title="bbox 118 2039 1761 2119">
    <p class='ocr_par' dir='ltr' id='par_1_21' title="bbox 118 2039 1761 2119">
     <span class='ocr_line' id='line_1_21' title="bbox 118 2039 1761 2119; baseline 0.003 -23"><span class='ocrx_word' id='word_1_119' title='bbox 118 2040 298 2096; x_wconf 90' lang='lat' dir='ltr'>locum</span> <span class='ocrx_word' id='word_1_120' title='bbox 330 2040 490 2096; x_wconf 89' lang='lat' dir='ltr'>idem</span> <span class='ocrx_word' id='word_1_121' title='bbox 525 2040 587 2096; x_wconf 91' lang='lat' dir='ltr'>B.</span> <span class='ocrx_word' id='word_1_122' title='bbox 621 2039 1020 2097; x_wconf 89' lang='lat' dir='ltr'>Columbanus</span> <span class='ocrx_word' id='word_1_123' title='bbox 1055 2043 1219 2099; x_wconf 80' lang='lat' dir='ltr'>Pater</span> <span class='ocrx_word' id='word_1_124' title='bbox 1251 2045 1308 2098; x_wconf 91' lang='lat' dir='ltr'>in</span> <span class='ocrx_word' id='word_1_125' title='bbox 1338 2051 1502 2100; x_wconf 86' lang='lat' dir='ltr'>vasta</span> <span class='ocrx_word' id='word_1_126' title='bbox 1550 2046 1761 2119; x_wconf 81' lang='lat' dir='ltr'>Vosagi</span> 
     </span>
    </p>
   </div>
   <div class='ocr_carea' id='block_1_22' title="bbox 119 2130 1762 2198">
    <p class='ocr_par' dir='ltr' id='par_1_22' title="bbox 119 2130 1762 2198">
     <span class='ocr_line' id='line_1_22' title="bbox 119 2130 1762 2198; baseline 0.002 -12"><span class='ocrx_word' id='word_1_127' title='bbox 119 2147 298 2186; x_wconf 88' lang='lat' dir='ltr'>eremo</span> <span class='ocrx_word' id='word_1_128' title='bbox 330 2148 365 2186; x_wconf 88' lang='lat' dir='ltr'>a</span> <span class='ocrx_word' id='word_1_129' title='bbox 397 2130 799 2186; x_wconf 79' lang='lat' dir='ltr'>fundamentis</span> <span class='ocrx_word' id='word_1_130' title='bbox 849 2134 1272 2198; x_wconf 83' lang='lat' dir='ltr'>construxerat,</span> <span class='ocrx_word' id='word_1_131' title='bbox 1312 2132 1565 2190; x_wconf 76' lang='lat' dir='ltr'>inventis</span> <span class='ocrx_word' id='word_1_132' title='bbox 1614 2137 1762 2191; x_wconf 88' lang='lat' dir='ltr'>anti-</span> 
     </span>
    </p>
   </div>
   <div class='ocr_carea' id='block_1_23' title="bbox 122 2219 1762 2292">
    <p class='ocr_par' dir='ltr' id='par_1_23' title="bbox 122 2219 1762 2292">
     <span class='ocr_line' id='line_1_23' title="bbox 122 2219 1762 2292; baseline 0.004 -18"><span class='ocrx_word' id='word_1_133' title='bbox 122 2219 381 2291; x_wconf 88' lang='lat' dir='ltr'>quissimi</span> <span class='ocrx_word' id='word_1_134' title='bbox 420 2219 614 2292; x_wconf 89' lang='lat' dir='ltr'>eperis</span> <span class='ocrx_word' id='word_1_135' title='bbox 645 2219 904 2275; x_wconf 64' lang='lat' dir='ltr'>aedificiis</span> <span class='ocrx_word' id='word_1_136' title='bbox 937 2235 1070 2275; x_wconf 91' lang='lat' dir='ltr'>cum</span> <span class='ocrx_word' id='word_1_137' title='bbox 1103 2221 1271 2292; x_wconf 81' lang='lat' dir='ltr'>aquis</span> <span class='ocrx_word' id='word_1_138' title='bbox 1304 2228 1511 2278; x_wconf 89' lang='lat' dir='ltr'>natura</span> <span class='ocrx_word' id='word_1_139' title='bbox 1542 2224 1762 2280; x_wconf 89' lang='lat' dir='ltr'>ferven-</span> 
     </span>
    </p>
   </div>
   <div class='ocr_carea' id='block_1_24' title="bbox 118 2308 1764 2385">
    <p class='ocr_par' dir='ltr' id='par_1_24' title="bbox 118 2308 1764 2385">
     <span class='ocr_line' id='line_1_24' title="bbox 118 2308 1764 2385; baseline 0.004 -23"><span class='ocrx_word' id='word_1_140' title='bbox 118 2309 265 2366; x_wconf 86' lang='lat' dir='ltr'>tibus</span> <span class='ocrx_word' id='word_1_141' title='bbox 294 2326 324 2364; x_wconf 92' lang='lat' dir='ltr'>e</span> <span class='ocrx_word' id='word_1_142' title='bbox 355 2313 528 2364; x_wconf 69' lang='lat' dir='ltr'>terra:</span> <span class='ocrx_word' id='word_1_143' title='bbox 564 2308 726 2364; x_wconf 85' lang='lat' dir='ltr'>venis</span> <span class='ocrx_word' id='word_1_144' title='bbox 757 2308 909 2363; x_wconf 91' lang='lat' dir='ltr'>ultre</span> <span class='ocrx_word' id='word_1_145' title='bbox 944 2309 1388 2381; x_wconf 87' lang='lat' dir='ltr'>prodeuntibus,</span> <span class='ocrx_word' id='word_1_146' title='bbox 1423 2312 1521 2367; x_wconf 91' lang='lat' dir='ltr'>ubi</span> <span class='ocrx_word' id='word_1_147' title='bbox 1554 2320 1610 2368; x_wconf 85' lang='lat' dir='ltr'>et</span> <span class='ocrx_word' id='word_1_148' title='bbox 1641 2315 1652 2367; x_wconf 93' lang='lat' dir='ltr'>i</span> <span class='ocrx_word' id='word_1_149' title='bbox 1664 2329 1764 2385; x_wconf 82' lang='lat' dir='ltr'>pse</span> 
     </span>
    </p>
   </div>
   <div class='ocr_carea' id='block_1_25' title="bbox 118 2397 1765 2471">
    <p class='ocr_par' dir='ltr' id='par_1_25' title="bbox 118 2397 1765 2471">
     <span class='ocr_line' id='line_1_25' title="bbox 118 2397 1765 2471; baseline 0.004 -18"><span class='ocrx_word' id='word_1_150' title='bbox 118 2398 487 2469; x_wconf 85' lang='lat' dir='ltr'>postmodum</span> <span class='ocrx_word' id='word_1_151' title='bbox 500 2402 814 2471; x_wconf 86' lang='lat' dir='ltr'>aggregato</span> <span class='ocrx_word' id='word_1_152' title='bbox 827 2397 1083 2453; x_wconf 83' lang='lat' dir='ltr'>fidelium</span> <span class='ocrx_word' id='word_1_153' title='bbox 1101 2416 1345 2458; x_wconf 87' lang='lat' dir='ltr'>numero</span> <span class='ocrx_word' id='word_1_154' title='bbox 1358 2409 1627 2459; x_wconf 80' lang='lat' dir='ltr'>sexcenta</span> <span class='ocrx_word' id='word_1_155' title='bbox 1636 2420 1765 2459; x_wconf 89' lang='lat' dir='ltr'>rum</span> 
     </span>
    </p>
   </div>
   <div class='ocr_carea' id='block_1_26' title="bbox 120 2485 1765 2564">
    <p class='ocr_par' dir='ltr' id='par_1_26' title="bbox 120 2485 1765 2564">
     <span class='ocr_line' id='line_1_26' title="bbox 120 2485 1765 2564; baseline 0.004 -24"><span class='ocrx_word' id='word_1_156' title='bbox 120 2487 288 2543; x_wconf 80' lang='lat' dir='ltr'>ferme</span> <span class='ocrx_word' id='word_1_157' title='bbox 329 2485 759 2543; x_wconf 87' lang='lat' dir='ltr'>monachorum</span> <span class='ocrx_word' id='word_1_158' title='bbox 800 2492 990 2542; x_wconf 88' lang='lat' dir='ltr'>rector</span> <span class='ocrx_word' id='word_1_159' title='bbox 1019 2488 1264 2558; x_wconf 81' lang='lat' dir='ltr'>exstitit,</span> <span class='ocrx_word' id='word_1_160' title='bbox 1298 2489 1588 2564; x_wconf 88' lang='lat' dir='ltr'>longoque</span> <span class='ocrx_word' id='word_1_161' title='bbox 1619 2496 1765 2547; x_wconf 85' lang='lat' dir='ltr'>tem-</span> 
     </span>
    </p>
   </div>
   <div class='ocr_carea' id='block_1_27' title="bbox 118 2574 1765 2651">
    <p class='ocr_par' dir='ltr' id='par_1_27' title="bbox 118 2574 1765 2651">
     <span class='ocr_line' id='line_1_27' title="bbox 118 2574 1765 2651; baseline 0.002 -19"><span class='ocrx_word' id='word_1_162' title='bbox 118 2590 244 2647; x_wconf 89' lang='lat' dir='ltr'>pore</span> <span class='ocrx_word' id='word_1_163' title='bbox 262 2575 457 2633; x_wconf 84' lang='lat' dir='ltr'>cidem</span> <span class='ocrx_word' id='word_1_164' title='bbox 480 2575 837 2631; x_wconf 85' lang='lat' dir='ltr'>monasterio</span> <span class='ocrx_word' id='word_1_165' title='bbox 861 2574 1227 2633; x_wconf 89' lang='lat' dir='ltr'>nobilissime</span> <span class='ocrx_word' id='word_1_166' title='bbox 1248 2579 1499 2651; x_wconf 78' lang='lat' dir='ltr'>prmfuit,</span> <span class='ocrx_word' id='word_1_167' title='bbox 1534 2580 1765 2636; x_wconf 86' lang='lat' dir='ltr'>multis-</span> 
     </span>
    </p>
   </div>
   <div class='ocr_carea' id='block_1_28' title="bbox 120 2663 1767 2739">
    <p class='ocr_par' dir='ltr' id='par_1_28' title="bbox 120 2663 1767 2739">
     <span class='ocr_line' id='line_1_28' title="bbox 120 2663 1767 2739; baseline 0.003 -19"><span class='ocrx_word' id='word_1_168' title='bbox 120 2681 221 2737; x_wconf 87' lang='lat' dir='ltr'>que</span> <span class='ocrx_word' id='word_1_169' title='bbox 239 2663 666 2722; x_wconf 85' lang='lat' dir='ltr'>miraculorum</span> <span class='ocrx_word' id='word_1_170' title='bbox 690 2663 877 2736; x_wconf 82' lang='lat' dir='ltr'>signis</span> <span class='ocrx_word' id='word_1_171' title='bbox 900 2664 959 2720; x_wconf 90' lang='lat' dir='ltr'>in</span> <span class='ocrx_word' id='word_1_172' title='bbox 981 2666 1184 2722; x_wconf 90' lang='lat' dir='ltr'>eodem</span> <span class='ocrx_word' id='word_1_173' title='bbox 1207 2665 1332 2723; x_wconf 91' lang='lat' dir='ltr'>loco</span> <span class='ocrx_word' id='word_1_174' title='bbox 1345 2666 1767 2739; x_wconf 89' lang='lat' dir='ltr'>claruit,denec</span> 
     </span>
    </p>
   </div>
   <div class='ocr_carea' id='block_1_29' title="bbox 122 2753 1768 2828">
    <p class='ocr_par' dir='ltr' id='par_1_29' title="bbox 122 2753 1768 2828">
     <span class='ocr_line' id='line_1_29' title="bbox 122 2753 1768 2828; baseline 0.004 -20"><span class='ocrx_word' id='word_1_175' title='bbox 122 2753 520 2811; x_wconf 84' lang='lat' dir='ltr'>Brunechildis</span> <span class='ocrx_word' id='word_1_176' title='bbox 550 2753 753 2825; x_wconf 81' lang='lat' dir='ltr'>regina</span> <span class='ocrx_word' id='word_1_177' title='bbox 773 2753 1148 2827; x_wconf 89' lang='lat' dir='ltr'>impiissima,</span> <span class='ocrx_word' id='word_1_178' title='bbox 1172 2772 1238 2811; x_wconf 89' lang='lat' dir='ltr'>eo</span> <span class='ocrx_word' id='word_1_179' title='bbox 1270 2757 1423 2828; x_wconf 92' lang='lat' dir='ltr'>quod</span> <span class='ocrx_word' id='word_1_180' title='bbox 1447 2758 1595 2813; x_wconf 89' lang='lat' dir='ltr'>duos</span> <span class='ocrx_word' id='word_1_181' title='bbox 1616 2759 1768 2815; x_wconf 79' lang='lat' dir='ltr'>filios</span> 
     </span>
    </p>
   </div>
   <div class='ocr_carea' id='block_1_30' title="bbox 121 2841 1765 2921">
    <p class='ocr_par' dir='ltr' id='par_1_30' title="bbox 121 2841 1765 2921">
     <span class='ocr_line' id='line_1_30' title="bbox 121 2841 1765 2921; baseline 0.003 -23"><span class='ocrx_word' id='word_1_182' title='bbox 121 2859 248 2899; x_wconf 89' lang='lat' dir='ltr'>suos</span> <span class='ocrx_word' id='word_1_183' title='bbox 276 2859 426 2918; x_wconf 85' lang='lat' dir='ltr'>quos</span> <span class='ocrx_word' id='word_1_184' title='bbox 455 2859 525 2899; x_wconf 82' lang='lat' dir='ltr'>cx</span> <span class='ocrx_word' id='word_1_185' title='bbox 557 2841 887 2901; x_wconf 82' lang='lat' dir='ltr'>adulterino</span> <span class='ocrx_word' id='word_1_186' title='bbox 937 2843 1276 2901; x_wconf 90' lang='lat' dir='ltr'>Theoderici</span> <span class='ocrx_word' id='word_1_187' title='bbox 1316 2846 1549 2901; x_wconf 85' lang='lat' dir='ltr'>nefandi</span> <span class='ocrx_word' id='word_1_188' title='bbox 1590 2848 1765 2921; x_wconf 90' lang='lat' dir='ltr'>regis,</span> 
     </span>
    </p>
   </div>
   <div class='ocr_carea' id='block_1_31' title="bbox 123 2930 1766 3009">
    <p class='ocr_par' dir='ltr' id='par_1_31' title="bbox 123 2930 1766 3009">
     <span class='ocr_line' id='line_1_31' title="bbox 123 2930 1766 3009; baseline 0.004 -24"><span class='ocrx_word' id='word_1_189' title='bbox 123 2930 215 2986; x_wconf 87' lang='lat' dir='ltr'>ﬁlii</span> <span class='ocrx_word' id='word_1_190' title='bbox 234 2932 507 2988; x_wconf 88' lang='lat' dir='ltr'>videlicet</span> <span class='ocrx_word' id='word_1_191' title='bbox 541 2930 694 3003; x_wconf 85' lang='lat' dir='ltr'>regis</span> <span class='ocrx_word' id='word_1_192' title='bbox 716 2931 1025 3003; x_wconf 87' lang='lat' dir='ltr'>Sigeberti,</span> <span class='ocrx_word' id='word_1_193' title='bbox 1056 2933 1329 3006; x_wconf 87' lang='lat' dir='ltr'>cenjugie</span> <span class='ocrx_word' id='word_1_194' title='bbox 1352 2936 1461 3007; x_wconf 85' lang='lat'>(26)</span> <span class='ocrx_word' id='word_1_195' title='bbox 1495 2953 1766 3009; x_wconf 85' lang='lat' dir='ltr'>suscepe-</span> 
     </span>
    </p>
   </div>
   <div class='ocr_carea' id='block_1_32' title="bbox 125 3020 1767 3097">
    <p class='ocr_par' dir='ltr' id='par_1_32' title="bbox 125 3020 1767 3097">
     <span class='ocr_line' id='line_1_32' title="bbox 125 3020 1767 3097; baseline 0.003 -21"><span class='ocrx_word' id='word_1_196' title='bbox 125 3025 332 3091; x_wconf 88' lang='lat' dir='ltr'>rat,sue</span> <span class='ocrx_word' id='word_1_197' title='bbox 361 3020 661 3092; x_wconf 85' lang='lat' dir='ltr'>colloquio</span> <span class='ocrx_word' id='word_1_198' title='bbox 698 3025 755 3076; x_wconf 90' lang='lat' dir='ltr'>et</span> <span class='ocrx_word' id='word_1_199' title='bbox 783 3022 1186 3080; x_wconf 89' lang='lat' dir='ltr'>benedictione</span> <span class='ocrx_word' id='word_1_200' title='bbox 1209 3023 1481 3097; x_wconf 90' lang='lat' dir='ltr'>indignos</span> <span class='ocrx_word' id='word_1_201' title='bbox 1502 3025 1767 3097; x_wconf 86' lang='lat' dir='ltr'>judicas-</span> 
     </span>
    </p>
   </div>
   <div class='ocr_carea' id='block_1_33' title="bbox 121 3109 1768 3185">
    <p class='ocr_par' dir='ltr' id='par_1_33' title="bbox 121 3109 1768 3185">
     <span class='ocr_line' id='line_1_33' title="bbox 121 3109 1768 3185; baseline 0.004 -21"><span class='ocrx_word' id='word_1_202' title='bbox 121 3114 219 3178; x_wconf 86' lang='lat' dir='ltr'>set,</span> <span class='ocrx_word' id='word_1_203' title='bbox 254 3111 325 3166; x_wconf 90' lang='lat' dir='ltr'>ab</span> <span class='ocrx_word' id='word_1_204' title='bbox 348 3122 418 3166; x_wconf 88' lang='lat' dir='ltr'>eo</span> <span class='ocrx_word' id='word_1_205' title='bbox 448 3109 577 3165; x_wconf 89' lang='lat' dir='ltr'>loco</span> <span class='ocrx_word' id='word_1_206' title='bbox 609 3109 892 3165; x_wconf 88' lang='lat' dir='ltr'>instinctu</span> <span class='ocrx_word' id='word_1_207' title='bbox 920 3110 1207 3166; x_wconf 89' lang='lat' dir='ltr'>diabolice</span> <span class='ocrx_word' id='word_1_208' title='bbox 1240 3112 1622 3185; x_wconf 87' lang='lat' dir='ltr'>proturbavit.</span> <span class='ocrx_word' id='word_1_209' title='bbox 1661 3115 1768 3182; x_wconf 87' lang='lat' dir='ltr'>Qui</span> 
     </span>
    </p>
   </div>
   <div class='ocr_carea' id='block_1_34' title="bbox 121 3200 1769 3272">
    <p class='ocr_par' dir='ltr' id='par_1_34' title="bbox 121 3200 1769 3272">
     <span class='ocr_line' id='line_1_34' title="bbox 121 3200 1769 3272; baseline 0.004 -18"><span class='ocrx_word' id='word_1_210' title='bbox 121 3217 222 3255; x_wconf 90' lang='lat' dir='ltr'>non</span> <span class='ocrx_word' id='word_1_211' title='bbox 236 3201 362 3257; x_wconf 84' lang='lat' dir='ltr'>sine</span> <span class='ocrx_word' id='word_1_212' title='bbox 377 3216 598 3272; x_wconf 85' lang='lat' dir='ltr'>magno</span> <span class='ocrx_word' id='word_1_213' title='bbox 621 3217 867 3256; x_wconf 69' lang='lat' dir='ltr'>moerere</span> <span class='ocrx_word' id='word_1_214' title='bbox 884 3205 943 3255; x_wconf 89' lang='lat' dir='ltr'>et</span> <span class='ocrx_word' id='word_1_215' title='bbox 957 3200 1121 3256; x_wconf 91' lang='lat' dir='ltr'>luctu</span> <span class='ocrx_word' id='word_1_216' title='bbox 1139 3201 1404 3258; x_wconf 91' lang='lat' dir='ltr'>omnium</span> <span class='ocrx_word' id='word_1_217' title='bbox 1429 3221 1769 3262; x_wconf 88' lang='lat' dir='ltr'>recessurus</span> 
     </span>
    </p>
   </div>
   <div class='ocr_carea' id='block_1_35' title="bbox 1874 623 3526 700">
    <p class='ocr_par' dir='ltr' id='par_1_35' title="bbox 1874 623 3526 700">
     <span class='ocr_line' id='line_1_35' title="bbox 1874 623 3526 700; baseline 0.005 -23"><span class='ocrx_word' id='word_1_218' title='bbox 1874 623 2141 679; x_wconf 91' lang='lat' dir='ltr'>decenter</span> <span class='ocrx_word' id='word_1_219' title='bbox 2171 623 2533 679; x_wconf 86' lang='lat' dir='ltr'>illustratum</span> <span class='ocrx_word' id='word_1_220' title='bbox 2556 624 2583 679; x_wconf 82' lang='lat'><strong>?</strong></span> <span class='ocrx_word' id='word_1_221' title='bbox 2617 626 2961 683; x_wconf 86' lang='lat' dir='ltr'>Bercharius</span> <span class='ocrx_word' id='word_1_222' title='bbox 3018 628 3216 700; x_wconf 90' lang='lat' dir='ltr'>itaque</span> <span class='ocrx_word' id='word_1_223' title='bbox 3264 629 3526 686; x_wconf 82' lang='lat' dir='ltr'>famulus</span> 
     </span>
    </p>
   </div>
   <div class='ocr_carea' id='block_1_36' title="bbox 1871 710 3526 786">
    <p class='ocr_par' dir='ltr' id='par_1_36' title="bbox 1871 710 3526 786">
     <span class='ocr_line' id='line_1_36' title="bbox 1871 710 3526 786; baseline 0.005 -21"><span class='ocrx_word' id='word_1_224' title='bbox 1871 710 2083 766; x_wconf 82' lang='lat' dir='ltr'>Christi</span> <span class='ocrx_word' id='word_1_225' title='bbox 2106 713 2177 766; x_wconf 91' lang='lat' dir='ltr'>ad</span> <span class='ocrx_word' id='word_1_226' title='bbox 2203 711 2424 768; x_wconf 87' lang='lat' dir='ltr'>altioris</span> <span class='ocrx_word' id='word_1_227' title='bbox 2447 713 2577 769; x_wconf 62' lang='lat' dir='ltr'>vita:</span> <span class='ocrx_word' id='word_1_228' title='bbox 2600 714 3114 786; x_wconf 88' lang='lat' dir='ltr'>semperinstituta</span> <span class='ocrx_word' id='word_1_229' title='bbox 3132 718 3526 774; x_wconf 83' lang='lat' dir='ltr'>conscendere</span> 
     </span>
    </p>
   </div>
   <div class='ocr_carea' id='block_1_37' title="bbox 1872 801 3521 878">
    <p class='ocr_par' dir='ltr' id='par_1_37' title="bbox 1872 801 3521 878">
     <span class='ocr_line' id='line_1_37' title="bbox 1872 801 3521 878; baseline 0.005 -25"><span class='ocrx_word' id='word_1_230' title='bbox 1872 801 2232 871; x_wconf 75' lang='lat' dir='ltr'>desiderans,</span> <span class='ocrx_word' id='word_1_231' title='bbox 2259 802 2553 874; x_wconf 83' lang='lat' dir='ltr'>pontificis</span> <span class='ocrx_word' id='word_1_232' title='bbox 2601 803 2691 857; x_wconf 92' lang='lat' dir='ltr'>sui</span> <span class='ocrx_word' id='word_1_233' title='bbox 2737 804 3079 859; x_wconf 85' lang='lat' dir='ltr'>auctoritate</span> <span class='ocrx_word' id='word_1_234' title='bbox 3106 809 3162 859; x_wconf 91' lang='lat' dir='ltr'>et</span> <span class='ocrx_word' id='word_1_235' title='bbox 3191 806 3396 878; x_wconf 89' lang='lat' dir='ltr'>gratia,</span> <span class='ocrx_word' id='word_1_236' title='bbox 3432 822 3521 861; x_wconf 80' lang='lat' dir='ltr'>ce-</span> 
     </span>
    </p>
   </div>
   <div class='ocr_carea' id='block_1_38' title="bbox 1870 888 3522 968">
    <p class='ocr_par' dir='ltr' id='par_1_38' title="bbox 1870 888 3522 968">
     <span class='ocr_line' id='line_1_38' title="bbox 1870 888 3522 968; baseline 0.005 -25"><span class='ocrx_word' id='word_1_237' title='bbox 1870 888 1973 944; x_wconf 89' lang='lat' dir='ltr'>leri</span> <span class='ocrx_word' id='word_1_238' title='bbox 2008 906 2215 962; x_wconf 87' lang='lat' dir='ltr'>gressu</span> <span class='ocrx_word' id='word_1_239' title='bbox 2239 891 2309 945; x_wconf 90' lang='lat' dir='ltr'>ad</span> <span class='ocrx_word' id='word_1_240' title='bbox 2334 890 2528 946; x_wconf 92' lang='lat' dir='ltr'>locum</span> <span class='ocrx_word' id='word_1_241' title='bbox 2553 892 2709 947; x_wconf 91' lang='lat' dir='ltr'>hunc</span> <span class='ocrx_word' id='word_1_242' title='bbox 2741 908 2845 965; x_wconf 92' lang='lat' dir='ltr'>pro</span> <span class='ocrx_word' id='word_1_243' title='bbox 2875 898 3006 949; x_wconf 93' lang='lat' dir='ltr'>voto</span> <span class='ocrx_word' id='word_1_244' title='bbox 3038 898 3346 967; x_wconf 88' lang='lat' dir='ltr'>properat:</span> <span class='ocrx_word' id='word_1_245' title='bbox 3376 912 3522 968; x_wconf 61' lang='lat' dir='ltr'>prai—</span> 
     </span>
    </p>
   </div>
   <div class='ocr_carea' id='block_1_39' title="bbox 1870 977 3526 1056">
    <p class='ocr_par' dir='ltr' id='par_1_39' title="bbox 1870 977 3526 1056">
     <span class='ocr_line' id='line_1_39' title="bbox 1870 977 3526 1056; baseline 0.005 -24"><span class='ocrx_word' id='word_1_246' title='bbox 1870 977 1974 1033; x_wconf 85' lang='lat' dir='ltr'>fati</span> <span class='ocrx_word' id='word_1_247' title='bbox 2034 978 2220 1033; x_wconf 87' lang='lat' dir='ltr'>Patris</span> <span class='ocrx_word' id='word_1_248' title='bbox 2272 978 2379 1051; x_wconf 87' lang='lat'>(27)</span> <span class='ocrx_word' id='word_1_249' title='bbox 2426 979 2722 1036; x_wconf 86' lang='lat' dir='ltr'>alacritate</span> <span class='ocrx_word' id='word_1_250' title='bbox 2781 981 3109 1055; x_wconf 91' lang='lat' dir='ltr'>cendignus</span> <span class='ocrx_word' id='word_1_251' title='bbox 3166 982 3526 1056; x_wconf 87' lang='lat' dir='ltr'>approbatur</span> 
     </span>
    </p>
   </div>
   <div class='ocr_carea' id='block_1_40' title="bbox 1872 1068 3526 1146">
    <p class='ocr_par' dir='ltr' id='par_1_40' title="bbox 1872 1068 3526 1146">
     <span class='ocr_line' id='line_1_40' title="bbox 1872 1068 3526 1146; baseline 0.005 -25"><span class='ocrx_word' id='word_1_252' title='bbox 1872 1071 2087 1121; x_wconf 70' lang='lat' dir='ltr'>sanctae</span> <span class='ocrx_word' id='word_1_253' title='bbox 2146 1068 2567 1124; x_wconf 89' lang='lat' dir='ltr'>monachorum</span> <span class='ocrx_word' id='word_1_254' title='bbox 2626 1070 2870 1136; x_wconf 84' lang='lat' dir='ltr'>cohorti,</span> <span class='ocrx_word' id='word_1_255' title='bbox 2929 1088 3042 1127; x_wconf 87' lang='lat' dir='ltr'>non</span> <span class='ocrx_word' id='word_1_256' title='bbox 3104 1076 3225 1127; x_wconf 91' lang='lat' dir='ltr'>tam</span> <span class='ocrx_word' id='word_1_257' title='bbox 3283 1089 3526 1146; x_wconf 88' lang='lat' dir='ltr'>corpore</span> 
     </span>
    </p>
   </div>
   <div class='ocr_carea' id='block_1_41' title="bbox 1872 1156 2832 1226">
    <p class='ocr_par' dir='ltr' id='par_1_41' title="bbox 1872 1156 2832 1226">
     <span class='ocr_line' id='line_1_41' title="bbox 1872 1156 2832 1226; baseline 0.006 -19"><span class='ocrx_word' id='word_1_258' title='bbox 1872 1156 2048 1226; x_wconf 83' lang='lat' dir='ltr'>quam</span> <span class='ocrx_word' id='word_1_259' title='bbox 2086 1162 2279 1210; x_wconf 85' lang='lat' dir='ltr'>mente</span> <span class='ocrx_word' id='word_1_260' title='bbox 2307 1162 2363 1211; x_wconf 91' lang='lat' dir='ltr'>et</span> <span class='ocrx_word' id='word_1_261' title='bbox 2392 1163 2526 1211; x_wconf 87' lang='lat' dir='ltr'>actu</span> <span class='ocrx_word' id='word_1_262' title='bbox 2559 1159 2832 1213; x_wconf 87' lang='lat' dir='ltr'>sociatur.</span> 
     </span>
    </p>
   </div>
   <div class='ocr_carea' id='block_1_42' title="bbox 2404 1248 2986 1304">
    <p class='ocr_par' dir='ltr' id='par_1_42' title="bbox 2404 1248 2986 1304">
     <span class='ocr_line' id='line_1_42' title="bbox 2404 1248 2986 1304; baseline 0.007 -5"><span class='ocrx_word' id='word_1_263' title='bbox 2404 1248 2503 1301; x_wconf 74' lang='lat' dir='ltr'>Pio</span> <span class='ocrx_word' id='word_1_264' title='bbox 2534 1250 2699 1302; x_wconf 77' lang='lat' dir='ltr'>vitam</span> <span class='ocrx_word' id='word_1_265' title='bbox 2732 1250 2986 1304; x_wconf 76' lang='lat' dir='ltr'>instituit.</span> 
     </span>
    </p>
   </div>
   <div class='ocr_carea' id='block_1_43' title="bbox 1876 1328 3523 1407">
    <p class='ocr_par' dir='ltr' id='par_1_43' title="bbox 1876 1328 3523 1407">
     <span class='ocr_line' id='line_1_43' title="bbox 1876 1328 3523 1407; baseline 0.005 -21"><span class='ocrx_word' id='word_1_266' title='bbox 1876 1328 1885 1333; x_wconf 78' lang='grc'><em>’</em></span> <span class='ocrx_word' id='word_1_267' title='bbox 1941 1335 1996 1386; x_wconf 91' lang='grc'>7.</span> <span class='ocrx_word' id='word_1_268' title='bbox 2030 1334 2352 1404; x_wconf 85' lang='lat' dir='ltr'>Susceptus</span> <span class='ocrx_word' id='word_1_269' title='bbox 2393 1340 2593 1390; x_wconf 81' lang='lat' dir='ltr'>autem</span> <span class='ocrx_word' id='word_1_270' title='bbox 2627 1336 2685 1390; x_wconf 92' lang='lat' dir='ltr'>in</span> <span class='ocrx_word' id='word_1_271' title='bbox 2718 1353 3030 1394; x_wconf 85' lang='lat' dir='ltr'>commune</span> <span class='ocrx_word' id='word_1_272' title='bbox 3084 1356 3219 1392; x_wconf 90' lang='lat' dir='ltr'>cum</span> <span class='ocrx_word' id='word_1_273' title='bbox 3278 1341 3523 1407; x_wconf 63' lang='lat' dir='ltr'>caeteris,</span> 
     </span>
    </p>
   </div>
   <div class='ocr_carea' id='block_1_44' title="bbox 1872 1424 3528 1496">
    <p class='ocr_par' dir='ltr' id='par_1_44' title="bbox 1872 1424 3528 1496">
     <span class='ocr_line' id='line_1_44' title="bbox 1872 1424 3528 1496; baseline 0.005 -22"><span class='ocrx_word' id='word_1_274' title='bbox 1872 1438 2305 1493; x_wconf 86' lang='lat' dir='ltr'>aggressusque</span> <span class='ocrx_word' id='word_1_275' title='bbox 2331 1424 2521 1478; x_wconf 86' lang='lat' dir='ltr'>denuo</span> <span class='ocrx_word' id='word_1_276' title='bbox 2546 1429 2827 1496; x_wconf 83' lang='lat' dir='ltr'>tanquam</span> <span class='ocrx_word' id='word_1_277' title='bbox 2851 1425 3067 1481; x_wconf 88' lang='lat' dir='ltr'>athleta</span> <span class='ocrx_word' id='word_1_278' title='bbox 3087 1428 3528 1483; x_wconf 89' lang='lat' dir='ltr'>recentissimus</span> 
     </span>
    </p>
   </div>
   <div class='ocr_carea' id='block_1_45' title="bbox 1872 1510 3529 1587">
    <p class='ocr_par' dir='ltr' id='par_1_45' title="bbox 1872 1510 3529 1587">
     <span class='ocr_line' id='line_1_45' title="bbox 1872 1510 3529 1587; baseline 0.004 -21"><span class='ocrx_word' id='word_1_279' title='bbox 1872 1510 2097 1566; x_wconf 71' lang='lat' dir='ltr'>militia:</span> <span class='ocrx_word' id='word_1_280' title='bbox 2130 1511 2505 1584; x_wconf 77' lang='lat' dir='ltr'>gymnasium</span> <span class='ocrx_word' id='word_1_281' title='bbox 2548 1513 2825 1578; x_wconf 81' lang='lat' dir='ltr'>cmlestis,</span> <span class='ocrx_word' id='word_1_282' title='bbox 2857 1516 3286 1587; x_wconf 69' lang='lat' dir='ltr'>praeteritorum</span> <span class='ocrx_word' id='word_1_283' title='bbox 3315 1517 3529 1573; x_wconf 88' lang='lat' dir='ltr'>imme-</span> 
     </span>
    </p>
   </div>
   <div class='ocr_carea' id='block_1_46' title="bbox 1872 1602 3529 1676">
    <p class='ocr_par' dir='ltr' id='par_1_46' title="bbox 1872 1602 3529 1676">
     <span class='ocr_line' id='line_1_46' title="bbox 1872 1602 3529 1676; baseline 0.004 -22"><span class='ocrx_word' id='word_1_284' title='bbox 1872 1615 2001 1654; x_wconf 92' lang='lat' dir='ltr'>mor</span> <span class='ocrx_word' id='word_1_285' title='bbox 2030 1602 2443 1667; x_wconf 86' lang='lat' dir='ltr'>certaminum,</span> <span class='ocrx_word' id='word_1_286' title='bbox 2477 1607 2536 1657; x_wconf 90' lang='lat' dir='ltr'>et</span> <span class='ocrx_word' id='word_1_287' title='bbox 2567 1603 2735 1674; x_wconf 86' lang='lat' dir='ltr'>quasi</span> <span class='ocrx_word' id='word_1_288' title='bbox 2766 1603 2867 1676; x_wconf 89' lang='lat' dir='ltr'>qui</span> <span class='ocrx_word' id='word_1_289' title='bbox 2898 1604 3184 1660; x_wconf 84' lang='lat' dir='ltr'>virtutum</span> <span class='ocrx_word' id='word_1_290' title='bbox 3240 1604 3300 1663; x_wconf 90' lang='lat' dir='ltr'>in</span> <span class='ocrx_word' id='word_1_291' title='bbox 3345 1621 3529 1662; x_wconf 86' lang='lat' dir='ltr'>scam-</span> 
     </span>
    </p>
   </div>
   <div class='ocr_carea' id='block_1_47' title="bbox 1872 1689 3528 1766">
    <p class='ocr_par' dir='ltr' id='par_1_47' title="bbox 1872 1689 3528 1766">
     <span class='ocr_line' id='line_1_47' title="bbox 1872 1689 3528 1766; baseline 0.004 -23"><span class='ocrx_word' id='word_1_292' title='bbox 1872 1693 2027 1744; x_wconf 88' lang='lat' dir='ltr'>matc</span> <span class='ocrx_word' id='word_1_293' title='bbox 2060 1689 2306 1760; x_wconf 87' lang='lat' dir='ltr'>positus,</span> <span class='ocrx_word' id='word_1_294' title='bbox 2343 1691 2414 1745; x_wconf 91' lang='lat' dir='ltr'>ad</span> <span class='ocrx_word' id='word_1_295' title='bbox 2448 1690 2863 1763; x_wconf 78' lang='lat' dir='ltr'>perfectionem</span> <span class='ocrx_word' id='word_1_296' title='bbox 2922 1709 3132 1766; x_wconf 65' lang='lat' dir='ltr'>pugnae</span> <span class='ocrx_word' id='word_1_297' title='bbox 3179 1692 3325 1750; x_wconf 92' lang='lat' dir='ltr'>nihil</span> <span class='ocrx_word' id='word_1_298' title='bbox 3359 1693 3528 1766; x_wconf 89' lang='lat' dir='ltr'>plene</span> 
     </span>
    </p>
   </div>
   <div class='ocr_carea' id='block_1_48' title="bbox 1873 1779 3526 1855">
    <p class='ocr_par' dir='ltr' id='par_1_48' title="bbox 1873 1779 3526 1855">
     <span class='ocr_line' id='line_1_48' title="bbox 1873 1779 3526 1855; baseline 0.005 -25"><span class='ocrx_word' id='word_1_299' title='bbox 1873 1781 2005 1831; x_wconf 88' lang='lat' dir='ltr'>ante</span> <span class='ocrx_word' id='word_1_300' title='bbox 2028 1779 2366 1850; x_wconf 82' lang='lat' dir='ltr'>peregisset,</span> <span class='ocrx_word' id='word_1_301' title='bbox 2386 1780 2562 1851; x_wconf 75' lang='lat' dir='ltr'>cmpit</span> <span class='ocrx_word' id='word_1_302' title='bbox 2583 1796 2789 1835; x_wconf 88' lang='lat' dir='ltr'>rursus</span> <span class='ocrx_word' id='word_1_303' title='bbox 2813 1781 3030 1836; x_wconf 86' lang='lat' dir='ltr'>divinis</span> <span class='ocrx_word' id='word_1_304' title='bbox 3049 1781 3325 1853; x_wconf 87' lang='lat' dir='ltr'>operibus</span> <span class='ocrx_word' id='word_1_305' title='bbox 3355 1781 3526 1855; x_wconf 89' lang='lat' dir='ltr'>spiri-</span> 
     </span>
    </p>
   </div>
   <div class='ocr_carea' id='block_1_49' title="bbox 1871 1861 3528 1937">
    <p class='ocr_par' dir='ltr' id='par_1_49' title="bbox 1871 1861 3528 1937">
     <span class='ocr_line' id='line_1_49' title="bbox 1871 1861 3528 1937; baseline 0.005 -18"><span class='ocrx_word' id='word_1_306' title='bbox 1871 1870 1998 1919; x_wconf 88' lang='lat' dir='ltr'>tum</span> <span class='ocrx_word' id='word_1_307' title='bbox 2023 1861 2513 1937; x_wconf 34' lang='lat' dir='ltr'>ceercere,‘veluti</span> <span class='ocrx_word' id='word_1_308' title='bbox 2536 1884 2670 1924; x_wconf 91' lang='lat' dir='ltr'>eum</span> <span class='ocrx_word' id='word_1_309' title='bbox 2692 1885 2958 1925; x_wconf 88' lang='lat' dir='ltr'>cerneres</span> <span class='ocrx_word' id='word_1_310' title='bbox 2980 1870 3317 1925; x_wconf 72' lang='lat' dir='ltr'>monasticaa</span> <span class='ocrx_word' id='word_1_311' title='bbox 3334 1871 3528 1930; x_wconf 88' lang='lat' dir='ltr'>distri-</span> 
     </span>
    </p>
   </div>
   <div class='ocr_carea' id='block_1_50' title="bbox 1873 1953 3524 2033">
    <p class='ocr_par' dir='ltr' id='par_1_50' title="bbox 1873 1953 3524 2033">
     <span class='ocr_line' id='line_1_50' title="bbox 1873 1953 3524 2033; baseline 0.005 -26"><span class='ocrx_word' id='word_1_312' title='bbox 1873 1953 2082 2011; x_wconf 89' lang='lat' dir='ltr'>ctienis</span> <span class='ocrx_word' id='word_1_313' title='bbox 2110 1961 2250 2011; x_wconf 89' lang='lat' dir='ltr'>tunc</span> <span class='ocrx_word' id='word_1_314' title='bbox 2282 1958 2537 2029; x_wconf 89' lang='lat' dir='ltr'>primum</span> <span class='ocrx_word' id='word_1_315' title='bbox 2571 1959 2908 2015; x_wconf 84' lang='lat' dir='ltr'>rudimenta</span> <span class='ocrx_word' id='word_1_316' title='bbox 2944 1960 3295 2032; x_wconf 89' lang='lat' dir='ltr'>suscepisse,</span> <span class='ocrx_word' id='word_1_317' title='bbox 3332 1960 3524 2033; x_wconf 90' lang='lat' dir='ltr'>seipse</span> 
     </span>
    </p>
   </div>
   <div class='ocr_carea' id='block_1_51' title="bbox 1874 2044 3527 2119">
    <p class='ocr_par' dir='ltr' id='par_1_51' title="bbox 1874 2044 3527 2119">
     <span class='ocr_line' id='line_1_51' title="bbox 1874 2044 3527 2119; baseline 0.004 -22"><span class='ocrx_word' id='word_1_318' title='bbox 1874 2060 2102 2114; x_wconf 84' lang='lat' dir='ltr'>semper</span> <span class='ocrx_word' id='word_1_319' title='bbox 2129 2044 2398 2115; x_wconf 83' lang='lat' dir='ltr'>validior,</span> <span class='ocrx_word' id='word_1_320' title='bbox 2438 2051 2494 2102; x_wconf 92' lang='lat' dir='ltr'>et</span> <span class='ocrx_word' id='word_1_321' title='bbox 2549 2047 2737 2118; x_wconf 89' lang='lat' dir='ltr'>gratia</span> <span class='ocrx_word' id='word_1_322' title='bbox 2796 2064 3060 2119; x_wconf 80' lang='lat' dir='ltr'>supernae</span> <span class='ocrx_word' id='word_1_323' title='bbox 3117 2046 3527 2105; x_wconf 88' lang='lat' dir='ltr'>illustratienis</span> 
     </span>
    </p>
   </div>
   <div class='ocr_carea' id='block_1_52' title="bbox 1872 2132 3529 2210">
    <p class='ocr_par' dir='ltr' id='par_1_52' title="bbox 1872 2132 3529 2210">
     <span class='ocr_line' id='line_1_52' title="bbox 1872 2132 3529 2210; baseline 0.004 -25"><span class='ocrx_word' id='word_1_324' title='bbox 1872 2132 2001 2186; x_wconf 64' lang='lat' dir='ltr'>vitae</span> <span class='ocrx_word' id='word_1_325' title='bbox 2018 2134 2401 2203; x_wconf 63' lang='lat' dir='ltr'>praecedentis</span> <span class='ocrx_word' id='word_1_326' title='bbox 2421 2134 2701 2206; x_wconf 88' lang='lat' dir='ltr'>qualitate</span> <span class='ocrx_word' id='word_1_327' title='bbox 2716 2137 3050 2207; x_wconf 87' lang='lat' dir='ltr'>jecundior.</span> <span class='ocrx_word' id='word_1_328' title='bbox 3076 2137 3208 2191; x_wconf 88' lang='lat' dir='ltr'>Jam</span> <span class='ocrx_word' id='word_1_329' title='bbox 3230 2153 3363 2192; x_wconf 88' lang='lat' dir='ltr'>vero</span> <span class='ocrx_word' id='word_1_330' title='bbox 3394 2137 3529 2210; x_wconf 78' lang='lat' dir='ltr'>styli</span> 
     </span>
    </p>
   </div>
   <div class='ocr_carea' id='block_1_53' title="bbox 1876 2221 3528 2295">
    <p class='ocr_par' dir='ltr' id='par_1_53' title="bbox 1876 2221 3528 2295">
     <span class='ocr_line' id='line_1_53' title="bbox 1876 2221 3528 2295; baseline 0.004 -22"><span class='ocrx_word' id='word_1_331' title='bbox 1876 2237 1987 2274; x_wconf 92' lang='lat' dir='ltr'>non</span> <span class='ocrx_word' id='word_1_332' title='bbox 2012 2221 2232 2293; x_wconf 86' lang='lat' dir='ltr'>patitur</span> <span class='ocrx_word' id='word_1_333' title='bbox 2263 2239 2458 2295; x_wconf 89' lang='lat' dir='ltr'>opera,</span> <span class='ocrx_word' id='word_1_334' title='bbox 2493 2229 2714 2295; x_wconf 86' lang='lat' dir='ltr'>quanta</span> <span class='ocrx_word' id='word_1_335' title='bbox 2736 2225 2793 2278; x_wconf 91' lang='lat' dir='ltr'>in</span> <span class='ocrx_word' id='word_1_336' title='bbox 2825 2224 2947 2279; x_wconf 89' lang='lat' dir='ltr'>viro</span> <span class='ocrx_word' id='word_1_337' title='bbox 2970 2225 3069 2281; x_wconf 89' lang='lat' dir='ltr'>Dei</span> <span class='ocrx_word' id='word_1_338' title='bbox 3094 2224 3269 2281; x_wconf 88' lang='lat' dir='ltr'>fuerit</span> <span class='ocrx_word' id='word_1_339' title='bbox 3289 2225 3528 2281; x_wconf 88' lang='lat' dir='ltr'>humili-</span> 
     </span>
    </p>
   </div>
   <div class='ocr_carea' id='block_1_54' title="bbox 1876 2312 3529 2387">
    <p class='ocr_par' dir='ltr' id='par_1_54' title="bbox 1876 2312 3529 2387">
     <span class='ocr_line' id='line_1_54' title="bbox 1876 2312 3529 2387; baseline 0.003 -23"><span class='ocrx_word' id='word_1_340' title='bbox 1876 2315 2216 2381; x_wconf 88' lang='lat' dir='ltr'>tas,quanta</span> <span class='ocrx_word' id='word_1_341' title='bbox 2237 2312 2423 2367; x_wconf 86' lang='lat' dir='ltr'>virtus</span> <span class='ocrx_word' id='word_1_342' title='bbox 2447 2313 2810 2380; x_wconf 69' lang='lat' dir='ltr'>ehedicntize,</span> <span class='ocrx_word' id='word_1_343' title='bbox 2826 2318 3045 2385; x_wconf 88' lang='lat' dir='ltr'>quanta</span> <span class='ocrx_word' id='word_1_344' title='bbox 3077 2315 3374 2369; x_wconf 70' lang='lat' dir='ltr'>modestia:</span> <span class='ocrx_word' id='word_1_345' title='bbox 3397 2331 3529 2387; x_wconf 84' lang='lat' dir='ltr'>gra-</span> 
     </span>
    </p>
   </div>
   <div class='ocr_carea' id='block_1_55' title="bbox 1874 2398 3532 2476">
    <p class='ocr_par' dir='ltr' id='par_1_55' title="bbox 1874 2398 3532 2476">
     <span class='ocr_line' id='line_1_55' title="bbox 1874 2398 3532 2476; baseline 0.004 -22"><span class='ocrx_word' id='word_1_346' title='bbox 1874 2398 2045 2469; x_wconf 82' lang='lat' dir='ltr'>vitas,</span> <span class='ocrx_word' id='word_1_347' title='bbox 2077 2405 2297 2473; x_wconf 88' lang='lat' dir='ltr'>quanta</span> <span class='ocrx_word' id='word_1_348' title='bbox 2326 2401 2605 2472; x_wconf 85' lang='lat' dir='ltr'>charitas,</span> <span class='ocrx_word' id='word_1_349' title='bbox 2664 2407 2885 2473; x_wconf 88' lang='lat' dir='ltr'>quanta</span> <span class='ocrx_word' id='word_1_350' title='bbox 2925 2403 3278 2476; x_wconf 84' lang='lat' dir='ltr'>benignitas,</span> <span class='ocrx_word' id='word_1_351' title='bbox 3311 2410 3532 2476; x_wconf 86' lang='lat' dir='ltr'>quanta</span> 
     </span>
    </p>
   </div>
   <div class='ocr_carea' id='block_1_56' title="bbox 1876 2490 3534 2562">
    <p class='ocr_par' dir='ltr' id='par_1_56' title="bbox 1876 2490 3534 2562">
     <span class='ocr_line' id='line_1_56' title="bbox 1876 2490 3534 2562; baseline 0.002 -17"><span class='ocrx_word' id='word_1_352' title='bbox 1876 2490 2520 2561; x_wconf 89' lang='lat' dir='ltr'>mansuetude,quanta</span> <span class='ocrx_word' id='word_1_353' title='bbox 2540 2491 2716 2546; x_wconf 89' lang='lat' dir='ltr'>etiam</span> <span class='ocrx_word' id='word_1_354' title='bbox 2739 2491 3032 2562; x_wconf 59' lang='lat' dir='ltr'>patientiae</span> <span class='ocrx_word' id='word_1_355' title='bbox 3054 2492 3357 2549; x_wconf 88' lang='lat' dir='ltr'>fortitudo.</span> <span class='ocrx_word' id='word_1_356' title='bbox 3391 2494 3534 2549; x_wconf 85' lang='lat' dir='ltr'>Obe-</span> 
     </span>
    </p>
   </div>
   <div class='ocr_carea' id='block_1_57' title="bbox 1877 2577 3534 2653">
    <p class='ocr_par' dir='ltr' id='par_1_57' title="bbox 1877 2577 3534 2653">
     <span class='ocr_line' id='line_1_57' title="bbox 1877 2577 3534 2653; baseline 0.002 -20"><span class='ocrx_word' id='word_1_357' title='bbox 1877 2577 2107 2633; x_wconf 74' lang='lat' dir='ltr'>dicntizc</span> <span class='ocrx_word' id='word_1_358' title='bbox 2129 2578 2241 2633; x_wconf 86' lang='lat' dir='ltr'>sibi</span> <span class='ocrx_word' id='word_1_359' title='bbox 2264 2579 2540 2650; x_wconf 65' lang='lat' dir='ltr'>injunctaa</span> <span class='ocrx_word' id='word_1_360' title='bbox 2559 2579 2859 2652; x_wconf 88' lang='lat' dir='ltr'>negotium</span> <span class='ocrx_word' id='word_1_361' title='bbox 2873 2579 3226 2651; x_wconf 80' lang='lat' dir='ltr'>itajubentis</span> <span class='ocrx_word' id='word_1_362' title='bbox 3246 2581 3534 2653; x_wconf 84' lang='lat' dir='ltr'>percurrit</span> 
     </span>
    </p>
   </div>
   <div class='ocr_carea' id='block_1_58' title="bbox 1875 2665 3533 2741">
    <p class='ocr_par' dir='ltr' id='par_1_58' title="bbox 1875 2665 3533 2741">
     <span class='ocr_line' id='line_1_58' title="bbox 1875 2665 3533 2741; baseline 0.001 -20"><span class='ocrx_word' id='word_1_363' title='bbox 1875 2665 2145 2738; x_wconf 91' lang='lat' dir='ltr'>imperio,</span> <span class='ocrx_word' id='word_1_364' title='bbox 2167 2670 2232 2721; x_wconf 91' lang='lat' dir='ltr'>ut</span> <span class='ocrx_word' id='word_1_365' title='bbox 2254 2672 2512 2722; x_wconf 89' lang='lat' dir='ltr'>mentem</span> <span class='ocrx_word' id='word_1_366' title='bbox 2534 2666 2591 2721; x_wconf 90' lang='lat' dir='ltr'>in</span> <span class='ocrx_word' id='word_1_367' title='bbox 2616 2666 2871 2724; x_wconf 87' lang='lat' dir='ltr'>sublime</span> <span class='ocrx_word' id='word_1_368' title='bbox 2901 2667 3183 2741; x_wconf 87' lang='lat' dir='ltr'>dirigens,</span> <span class='ocrx_word' id='word_1_369' title='bbox 3202 2684 3308 2723; x_wconf 89' lang='lat' dir='ltr'>nec</span> <span class='ocrx_word' id='word_1_370' title='bbox 3339 2667 3533 2724; x_wconf 87' lang='lat' dir='ltr'>laudis</span> 
     </span>
    </p>
   </div>
   <div class='ocr_carea' id='block_1_59' title="bbox 1877 2754 3529 2828">
    <p class='ocr_par' dir='ltr' id='par_1_59' title="bbox 1877 2754 3529 2828">
     <span class='ocr_line' id='line_1_59' title="bbox 1877 2754 3529 2828; baseline 0.001 -18"><span class='ocrx_word' id='word_1_371' title='bbox 1877 2754 2149 2810; x_wconf 66' lang='lat' dir='ltr'>humanae</span> <span class='ocrx_word' id='word_1_372' title='bbox 2208 2755 2555 2827; x_wconf 82' lang='lat' dir='ltr'>compendia</span> <span class='ocrx_word' id='word_1_373' title='bbox 2612 2760 2916 2827; x_wconf 65' lang='lat' dir='ltr'>quaereret,</span> <span class='ocrx_word' id='word_1_374' title='bbox 2949 2759 3007 2811; x_wconf 92' lang='lat' dir='ltr'>et</span> <span class='ocrx_word' id='word_1_375' title='bbox 3043 2772 3164 2811; x_wconf 72' lang='lat' dir='ltr'>sum</span> <span class='ocrx_word' id='word_1_376' title='bbox 3221 2756 3529 2828; x_wconf 57' lang='lat' dir='ltr'>praemium</span> 
     </span>
    </p>
   </div>
   <div class='ocr_carea' id='block_1_60' title="bbox 1877 2842 3531 2917">
    <p class='ocr_par' dir='ltr' id='par_1_60' title="bbox 1877 2842 3531 2917">
     <span class='ocr_line' id='line_1_60' title="bbox 1877 2842 3531 2917; baseline 0.001 -21"><span class='ocrx_word' id='word_1_377' title='bbox 1877 2842 2183 2916; x_wconf 63' lang='lat' dir='ltr'>gleriae,rei</span> <span class='ocrx_word' id='word_1_378' title='bbox 2204 2845 2504 2915; x_wconf 90' lang='lat' dir='ltr'>pereuntis</span> <span class='ocrx_word' id='word_1_379' title='bbox 2526 2845 2711 2917; x_wconf 89' lang='lat' dir='ltr'>pretio</span> <span class='ocrx_word' id='word_1_380' title='bbox 2743 2843 2904 2900; x_wconf 90' lang='lat' dir='ltr'>nullo</span> <span class='ocrx_word' id='word_1_381' title='bbox 2926 2851 3351 2917; x_wconf 88' lang='lat' dir='ltr'>cempensaret.</span> <span class='ocrx_word' id='word_1_382' title='bbox 3389 2845 3531 2901; x_wconf 89' lang='lat' dir='ltr'>Stu-.</span> 
     </span>
    </p>
   </div>
   <div class='ocr_carea' id='block_1_61' title="bbox 1877 2931 3533 3005">
    <p class='ocr_par' dir='ltr' id='par_1_61' title="bbox 1877 2931 3533 3005">
     <span class='ocr_line' id='line_1_61' title="bbox 1877 2931 3533 3005; baseline 0.001 -20"><span class='ocrx_word' id='word_1_383' title='bbox 1877 2932 2051 2987; x_wconf 92' lang='lat' dir='ltr'>debat</span> <span class='ocrx_word' id='word_1_384' title='bbox 2075 2931 2251 2987; x_wconf 89' lang='lat' dir='ltr'>etiam</span> <span class='ocrx_word' id='word_1_385' title='bbox 2283 2932 2531 2988; x_wconf 90' lang='lat' dir='ltr'>alierum</span> <span class='ocrx_word' id='word_1_386' title='bbox 2562 2932 3029 2988; x_wconf 89' lang='lat' dir='ltr'>consideratione</span> <span class='ocrx_word' id='word_1_387' title='bbox 3059 2932 3320 3005; x_wconf 90' lang='lat' dir='ltr'>seipsum</span> <span class='ocrx_word' id='word_1_388' title='bbox 3343 2933 3533 3004; x_wconf 88' lang='lat' dir='ltr'>despi-</span> 
     </span>
    </p>
   </div>
   <div class='ocr_carea' id='block_1_62' title="bbox 1877 3021 3529 3094">
    <p class='ocr_par' dir='ltr' id='par_1_62' title="bbox 1877 3021 3529 3094">
     <span class='ocr_line' id='line_1_62' title="bbox 1877 3021 3529 3094; baseline 0.001 -19"><span class='ocrx_word' id='word_1_389' title='bbox 1877 3037 2026 3089; x_wconf 90' lang='lat' dir='ltr'>cere,</span> <span class='ocrx_word' id='word_1_390' title='bbox 2059 3026 2117 3076; x_wconf 92' lang='lat' dir='ltr'>et</span> <span class='ocrx_word' id='word_1_391' title='bbox 2147 3038 2282 3077; x_wconf 91' lang='lat' dir='ltr'>cum</span> <span class='ocrx_word' id='word_1_392' title='bbox 2315 3022 2471 3094; x_wconf 89' lang='lat' dir='ltr'>apud</span> <span class='ocrx_word' id='word_1_393' title='bbox 2501 3039 2563 3078; x_wconf 89' lang='lat' dir='ltr'>se</span> <span class='ocrx_word' id='word_1_394' title='bbox 2594 3022 2826 3078; x_wconf 90' lang='lat' dir='ltr'>cunctis</span> <span class='ocrx_word' id='word_1_395' title='bbox 2846 3022 3216 3094; x_wconf 88' lang='lat' dir='ltr'>judicaretur</span> <span class='ocrx_word' id='word_1_396' title='bbox 3269 3021 3529 3091; x_wconf 87' lang='lat' dir='ltr'>inferior,</span> 
     </span>
    </p>
   </div>
   <div class='ocr_carea' id='block_1_63' title="bbox 1876 3108 3535 3167">
    <p class='ocr_par' dir='ltr' id='par_1_63' title="bbox 1876 3108 3535 3167">
     <span class='ocr_line' id='line_1_63' title="bbox 1876 3108 3535 3167; baseline 0.001 -2"><span class='ocrx_word' id='word_1_397' title='bbox 1876 3109 1937 3165; x_wconf 89' lang='lat' dir='ltr'>in</span> <span class='ocrx_word' id='word_1_398' title='bbox 1961 3108 2316 3166; x_wconf 89' lang='lat' dir='ltr'>humilitatis</span> <span class='ocrx_word' id='word_1_399' title='bbox 2344 3115 2540 3166; x_wconf 89' lang='lat' dir='ltr'>tamen</span> <span class='ocrx_word' id='word_1_400' title='bbox 2574 3110 2831 3167; x_wconf 88' lang='lat' dir='ltr'>culmine</span> <span class='ocrx_word' id='word_1_401' title='bbox 2862 3111 3123 3166; x_wconf 89' lang='lat' dir='ltr'>certabat</span> <span class='ocrx_word' id='word_1_402' title='bbox 3152 3110 3428 3167; x_wconf 90' lang='lat' dir='ltr'>omnibus</span> <span class='ocrx_word' id='word_1_403' title='bbox 3449 3111 3535 3166; x_wconf 89' lang='lat' dir='ltr'>in-</span> 
     </span>
    </p>
   </div>
   <div class='ocr_carea' id='block_1_64' title="bbox 1876 3198 3533 3273">
    <p class='ocr_par' dir='ltr' id='par_1_64' title="bbox 1876 3198 3533 3273">
     <span class='ocr_line' id='line_1_64' title="bbox 1876 3198 3533 3273; baseline 0.002 -20"><span class='ocrx_word' id='word_1_404' title='bbox 1876 3198 2058 3254; x_wconf 87' lang='lat' dir='ltr'>veniri</span> <span class='ocrx_word' id='word_1_405' title='bbox 2091 3199 2890 3257; x_wconf 80' lang='lat' dir='ltr'>sublimierzmocstissimum</span> <span class='ocrx_word' id='word_1_406' title='bbox 2922 3200 3222 3256; x_wconf 87' lang='lat' dir='ltr'>revolvens</span> <span class='ocrx_word' id='word_1_407' title='bbox 3252 3201 3300 3255; x_wconf 90' lang='lat' dir='ltr'>si</span> <span class='ocrx_word' id='word_1_408' title='bbox 3324 3200 3533 3273; x_wconf 88' lang='lat' dir='ltr'>quisin</span> 
     </span>
    </p>
   </div>
   <div class='ocr_carea' id='block_1_65' title="bbox 122 3279 3528 3367">
    <p class='ocr_par' dir='ltr' id='par_1_65' title="bbox 122 3279 3528 3367">
     <span class='ocr_line' id='line_1_65' title="bbox 122 3279 3528 3367; baseline 0.001 -26"><span class='ocrx_word' id='word_1_409' title='bbox 122 3288 613 3357; x_wconf 86' lang='lat' dir='ltr'>inde,Eustasium</span> <span class='ocrx_word' id='word_1_410' title='bbox 626 3288 816 3343; x_wconf 88' lang='lat' dir='ltr'>virum</span> <span class='ocrx_word' id='word_1_411' title='bbox 830 3306 993 3361; x_wconf 66' lang='lat' dir='ltr'>teque</span> <span class='ocrx_word' id='word_1_412' title='bbox 1016 3290 1457 3347; x_wconf 89' lang='lat' dir='ltr'>sanctissimum</span> <span class='ocrx_word' id='word_1_413' title='bbox 1483 3293 1767 3367; x_wconf 78' lang='lat' dir='ltr'>dignitate</span> <span class='ocrx_word' id='word_1_414' title='bbox 1797 3279 1840 3346; x_wconf 89' lang='lat' dir='ltr'>C</span> <span class='ocrx_word' id='word_1_415' title='bbox 1877 3287 1977 3343; x_wconf 88' lang='lat' dir='ltr'>illo</span> <span class='ocrx_word' id='word_1_416' title='bbox 2007 3293 2207 3343; x_wconf 84' lang='lat' dir='ltr'>sancte</span> <span class='ocrx_word' id='word_1_417' title='bbox 2228 3288 2471 3361; x_wconf 89' lang='lat' dir='ltr'>collegio</span> <span class='ocrx_word' id='word_1_418' title='bbox 2492 3289 2690 3361; x_wconf 88' lang='lat' dir='ltr'>aliqua</span> <span class='ocrx_word' id='word_1_419' title='bbox 2710 3290 2883 3353; x_wconf 82' lang='lat' dir='ltr'>fortia</span> <span class='ocrx_word' id='word_1_420' title='bbox 2903 3294 3257 3359; x_wconf 87' lang='lat' dir='ltr'>attrectaret,</span> <span class='ocrx_word' id='word_1_421' title='bbox 3278 3308 3405 3362; x_wconf 74' lang='lat' dir='ltr'>qua:</span> <span class='ocrx_word' id='word_1_422' title='bbox 3431 3289 3528 3349; x_wconf 89' lang='lat' dir='ltr'>ille</span> 
     </span>
    </p>
   </div>
   <div class='ocr_carea' id='block_1_66' title="bbox 120 3376 1766 3454">
    <p class='ocr_par' dir='ltr' id='par_1_66' title="bbox 120 3376 1766 3454">
     <span class='ocr_line' id='line_1_66' title="bbox 120 3376 1766 3454; baseline 0.005 -23"><span class='ocrx_word' id='word_1_423' title='bbox 120 3377 332 3449; x_wconf 86' lang='lat' dir='ltr'>generis</span> <span class='ocrx_word' id='word_1_424' title='bbox 350 3380 411 3434; x_wconf 88' lang='lat' dir='ltr'>et</span> <span class='ocrx_word' id='word_1_425' title='bbox 430 3377 552 3432; x_wconf 80' lang='lat' dir='ltr'>vita</span> <span class='ocrx_word' id='word_1_426' title='bbox 569 3376 1253 3451; x_wconf 87' lang='lat' dir='ltr'>illustrissimum,qu‘em</span> <span class='ocrx_word' id='word_1_427' title='bbox 1276 3377 1402 3453; x_wconf 88' lang='lat' dir='ltr'>ipse</span> <span class='ocrx_word' id='word_1_428' title='bbox 1422 3398 1573 3454; x_wconf 90' lang='lat' dir='ltr'>page</span> <span class='ocrx_word' id='word_1_429' title='bbox 1597 3383 1766 3439; x_wconf 89' lang='lat' dir='ltr'>eriun</span> 
     </span>
    </p>
   </div>
   <div class='ocr_carea' id='block_1_67' title="bbox 121 3465 1766 3540">
    <p class='ocr_par' dir='ltr' id='par_1_67' title="bbox 121 3465 1766 3540">
     <span class='ocr_line' id='line_1_67' title="bbox 121 3465 1766 3540; baseline 0.005 -20"><span class='ocrx_word' id='word_1_430' title='bbox 121 3466 245 3522; x_wconf 90' lang='lat' dir='ltr'>dum</span> <span class='ocrx_word' id='word_1_431' title='bbox 263 3465 589 3540; x_wconf 88' lang='lat' dir='ltr'>Lingonioe</span> <span class='ocrx_word' id='word_1_432' title='bbox 611 3482 645 3521; x_wconf 90' lang='lat' dir='ltr'>a</span> <span class='ocrx_word' id='word_1_433' title='bbox 667 3481 848 3538; x_wconf 89' lang='lat' dir='ltr'>puere</span> <span class='ocrx_word' id='word_1_434' title='bbox 873 3467 1427 3536; x_wconf 84' lang='lat' dir='ltr'>instituerat,eidem</span> <span class='ocrx_word' id='word_1_435' title='bbox 1451 3486 1766 3528; x_wconf 90' lang='lat' dir='ltr'>numerose</span> 
     </span>
    </p>
   </div>
   <div class='ocr_carea' id='block_1_68' title="bbox 120 3552 1770 3629">
    <p class='ocr_par' dir='ltr' id='par_1_68' title="bbox 120 3552 1770 3629">
     <span class='ocr_line' id='line_1_68' title="bbox 120 3552 1770 3629; baseline 0.004 -20"><span class='ocrx_word' id='word_1_436' title='bbox 120 3552 352 3611; x_wconf 83' lang='lat' dir='ltr'>fratrum</span> <span class='ocrx_word' id='word_1_437' title='bbox 406 3552 654 3627; x_wconf 82' lang='lat' dir='ltr'>collegio</span> <span class='ocrx_word' id='word_1_438' title='bbox 713 3558 995 3611; x_wconf 90' lang='lat' dir='ltr'>rectorem</span> <span class='ocrx_word' id='word_1_439' title='bbox 1056 3556 1332 3629; x_wconf 68' lang='lat' dir='ltr'>praefecit.</span> <span class='ocrx_word' id='word_1_440' title='bbox 1366 3558 1505 3615; x_wconf 81' lang='lat' dir='ltr'>Inde</span> <span class='ocrx_word' id='word_1_441' title='bbox 1538 3559 1770 3616; x_wconf 89' lang='lat' dir='ltr'>Italiam</span> 
     </span>
    </p>
   </div>
   <div class='ocr_carea' id='block_1_69' title="bbox 119 3643 1766 3717">
    <p class='ocr_par' dir='ltr' id='par_1_69' title="bbox 119 3643 1766 3717">
     <span class='ocr_line' id='line_1_69' title="bbox 119 3643 1766 3717; baseline 0.004 -18"><span class='ocrx_word' id='word_1_442' title='bbox 119 3648 402 3717; x_wconf 79' lang='lat' dir='ltr'>expetens,</span> <span class='ocrx_word' id='word_1_443' title='bbox 440 3643 726 3700; x_wconf 88' lang='lat' dir='ltr'>Bebiense</span> <span class='ocrx_word' id='word_1_444' title='bbox 780 3644 1112 3701; x_wconf 83' lang='lat' dir='ltr'>coenobium</span> <span class='ocrx_word' id='word_1_445' title='bbox 1160 3663 1274 3703; x_wconf 90' lang='lat' dir='ltr'>non</span> <span class='ocrx_word' id='word_1_446' title='bbox 1306 3647 1506 3705; x_wconf 86' lang='lat' dir='ltr'>minus</span> <span class='ocrx_word' id='word_1_447' title='bbox 1538 3649 1766 3706; x_wconf 88' lang='lat' dir='ltr'>decenti</span> 
     </span>
    </p>
   </div>
   <div class='ocr_carea' id='block_1_70' title="bbox 119 3732 1766 3807">
    <p class='ocr_par' dir='ltr' id='par_1_70' title="bbox 119 3732 1766 3807">
     <span class='ocr_line' id='line_1_70' title="bbox 119 3732 1766 3807; baseline 0.002 -16"><span class='ocrx_word' id='word_1_448' title='bbox 119 3744 274 3804; x_wconf 81' lang='lat' dir='ltr'>opere</span> <span class='ocrx_word' id='word_1_449' title='bbox 296 3732 597 3802; x_wconf 86' lang='lat' dir='ltr'>statuit,in</span> <span class='ocrx_word' id='word_1_450' title='bbox 620 3748 734 3805; x_wconf 91' lang='lat' dir='ltr'>quo</span> <span class='ocrx_word' id='word_1_451' title='bbox 762 3738 1210 3791; x_wconf 88' lang='lat' dir='ltr'>consummatus</span> <span class='ocrx_word' id='word_1_452' title='bbox 1231 3736 1569 3807; x_wconf 88' lang='lat' dir='ltr'>virtutibus,</span> <span class='ocrx_word' id='word_1_453' title='bbox 1596 3738 1766 3795; x_wconf 85' lang='lat' dir='ltr'>beate</span> 
     </span>
    </p>
   </div>
   <div class='ocr_carea' id='block_1_71' title="bbox 119 3820 1767 3894">
    <p class='ocr_par' dir='ltr' id='par_1_71' title="bbox 119 3820 1767 3894">
     <span class='ocr_line' id='line_1_71' title="bbox 119 3820 1767 3894; baseline 0.003 -17"><span class='ocrx_word' id='word_1_454' title='bbox 119 3820 221 3878; x_wconf 76' lang='lat' dir='ltr'>fine</span> <span class='ocrx_word' id='word_1_455' title='bbox 247 3821 491 3894; x_wconf 84' lang='lat' dir='ltr'>quievit.</span> <span class='ocrx_word' id='word_1_456' title='bbox 519 3821 770 3878; x_wconf 82' lang='lat' dir='ltr'>Sanctus</span> <span class='ocrx_word' id='word_1_457' title='bbox 799 3838 932 3879; x_wconf 92' lang='lat' dir='ltr'>vero</span> <span class='ocrx_word' id='word_1_458' title='bbox 962 3823 1271 3880; x_wconf 87' lang='lat' dir='ltr'>Eustasius</span> <span class='ocrx_word' id='word_1_459' title='bbox 1301 3823 1426 3881; x_wconf 92' lang='lat' dir='ltr'>loco</span> <span class='ocrx_word' id='word_1_460' title='bbox 1459 3825 1646 3882; x_wconf 91' lang='lat' dir='ltr'>Patris</span> <span class='ocrx_word' id='word_1_461' title='bbox 1678 3843 1767 3882; x_wconf 84' lang='lat' dir='ltr'>re-</span> 
     </span>
    </p>
   </div>
   <div class='ocr_carea' id='block_1_72' title="bbox 122 3910 1771 3978">
    <p class='ocr_par' dir='ltr' id='par_1_72' title="bbox 122 3910 1771 3978">
     <span class='ocr_line' id='line_1_72' title="bbox 122 3910 1771 3978; baseline 0.005 -17"><span class='ocrx_word' id='word_1_462' title='bbox 122 3910 449 3978; x_wconf 87' lang='lat' dir='ltr'>sidens,nen</span> <span class='ocrx_word' id='word_1_463' title='bbox 476 3910 788 3967; x_wconf 87' lang='lat' dir='ltr'>minimam</span> <span class='ocrx_word' id='word_1_464' title='bbox 810 3911 1232 3969; x_wconf 87' lang='lat' dir='ltr'>monachorum</span> <span class='ocrx_word' id='word_1_465' title='bbox 1253 3913 1693 3972; x_wconf 88' lang='lat' dir='ltr'>multitudinem</span> <span class='ocrx_word' id='word_1_466' title='bbox 1712 3915 1771 3970; x_wconf 91' lang='lat' dir='ltr'>in</span> 
     </span>
    </p>
   </div>
   <div class='ocr_carea' id='block_1_73' title="bbox 121 3996 1771 4089">
    <p class='ocr_par' dir='ltr' id='par_1_73' title="bbox 121 3996 1771 4089">
     <span class='ocr_line' id='line_1_73' title="bbox 121 3996 1771 4089; baseline 0.004 -36"><span class='ocrx_word' id='word_1_467' title='bbox 121 3996 339 4054; x_wconf 88' lang='lat' dir='ltr'>Domini</span> <span class='ocrx_word' id='word_1_468' title='bbox 392 3998 675 4057; x_wconf 87' lang='lat' dir='ltr'>servitute</span> <span class='ocrx_word' id='word_1_469' title='bbox 722 4000 916 4056; x_wconf 85' lang='lat' dir='ltr'>verbis</span> <span class='ocrx_word' id='word_1_470' title='bbox 948 4004 1004 4055; x_wconf 91' lang='lat' dir='ltr'>et</span> <span class='ocrx_word' id='word_1_471' title='bbox 1033 4000 1313 4074; x_wconf 85' lang='lat' dir='ltr'>exemplis</span> <span class='ocrx_word' id='word_1_472' title='bbox 1354 4004 1771 4089; x_wconf 56' lang='lat' dir='ltr'>praimuniens,</span> 
     </span>
    </p>
   </div>
   <div class='ocr_carea' id='block_1_74' title="bbox 123 4088 1777 4162">
    <p class='ocr_par' dir='ltr' id='par_1_74' title="bbox 123 4088 1777 4162">
     <span class='ocr_line' id='line_1_74' title="bbox 123 4088 1777 4162; baseline 0.005 -22"><span class='ocrx_word' id='word_1_473' title='bbox 123 4089 366 4162; x_wconf 86' lang='lat' dir='ltr'>neminis</span> <span class='ocrx_word' id='word_1_474' title='bbox 398 4092 458 4144; x_wconf 88' lang='lat' dir='ltr'>et</span> <span class='ocrx_word' id='word_1_475' title='bbox 490 4088 686 4144; x_wconf 90' lang='lat' dir='ltr'>meriti</span> <span class='ocrx_word' id='word_1_476' title='bbox 735 4089 1005 4162; x_wconf 87' lang='lat' dir='ltr'>magistri</span> <span class='ocrx_word' id='word_1_477' title='bbox 1054 4089 1237 4145; x_wconf 70' lang='lat' dir='ltr'>haeres</span> <span class='ocrx_word' id='word_1_478' title='bbox 1287 4090 1529 4147; x_wconf 82' lang='lat' dir='ltr'>exstitit.</span> <span class='ocrx_word' id='word_1_479' title='bbox 1560 4093 1777 4149; x_wconf 82' lang='lat' dir='ltr'>Audita</span> 
     </span>
    </p>
   </div>
   <div class='ocr_carea' id='block_1_75' title="bbox 122 4173 1773 4255">
    <p class='ocr_par' dir='ltr' id='par_1_75' title="bbox 122 4173 1773 4255">
     <span class='ocr_line' id='line_1_75' title="bbox 122 4173 1773 4255; baseline 0.005 -27"><span class='ocrx_word' id='word_1_480' title='bbox 122 4173 288 4255; x_wconf 87' lang='lat' dir='ltr'>igitur</span> <span class='ocrx_word' id='word_1_481' title='bbox 317 4178 481 4234; x_wconf 88' lang='lat' dir='ltr'>fama</span> <span class='ocrx_word' id='word_1_482' title='bbox 499 4178 659 4233; x_wconf 68' lang='lat' dir='ltr'>tanti</span> <span class='ocrx_word' id='word_1_483' title='bbox 692 4178 972 4246; x_wconf 89' lang='lat' dir='ltr'>neminis,</span> <span class='ocrx_word' id='word_1_484' title='bbox 998 4178 1107 4233; x_wconf 81' lang='lat' dir='ltr'>viri</span> <span class='ocrx_word' id='word_1_485' title='bbox 1138 4179 1393 4251; x_wconf 89' lang='lat' dir='ltr'>religiosi</span> <span class='ocrx_word' id='word_1_486' title='bbox 1425 4179 1564 4237; x_wconf 90' lang='lat' dir='ltr'>illuc</span> <span class='ocrx_word' id='word_1_487' title='bbox 1593 4182 1773 4237; x_wconf 90' lang='lat' dir='ltr'>unde-</span> 
     </span>
    </p>
   </div>
   <div class='ocr_carea' id='block_1_76' title="bbox 123 4266 1774 4341">
    <p class='ocr_par' dir='ltr' id='par_1_76' title="bbox 123 4266 1774 4341">
     <span class='ocr_line' id='line_1_76' title="bbox 123 4266 1774 4341; baseline 0.004 -23"><span class='ocrx_word' id='word_1_488' title='bbox 123 4279 340 4339; x_wconf 82' lang='lat' dir='ltr'>cunque</span> <span class='ocrx_word' id='word_1_489' title='bbox 370 4266 705 4337; x_wconf 84' lang='lat' dir='ltr'>cenﬂuunt,</span> <span class='ocrx_word' id='word_1_490' title='bbox 740 4284 801 4324; x_wconf 88' lang='lat' dir='ltr'>se</span> <span class='ocrx_word' id='word_1_491' title='bbox 833 4283 1092 4339; x_wconf 90' lang='lat' dir='ltr'>suosque</span> <span class='ocrx_word' id='word_1_492' title='bbox 1137 4266 1352 4325; x_wconf 89' lang='lat' dir='ltr'>liberes</span> <span class='ocrx_word' id='word_1_493' title='bbox 1379 4267 1619 4341; x_wconf 91' lang='lat' dir='ltr'>plurimi</span> <span class='ocrx_word' id='word_1_494' title='bbox 1652 4287 1774 4326; x_wconf 89' lang='lat' dir='ltr'>cer-</span> 
     </span>
    </p>
   </div>
   <div class='ocr_carea' id='block_1_77' title="bbox 123 4355 1779 4427">
    <p class='ocr_par' dir='ltr' id='par_1_77' title="bbox 123 4355 1779 4427">
     <span class='ocr_line' id='line_1_77' title="bbox 123 4355 1779 4427; baseline 0.005 -20"><span class='ocrx_word' id='word_1_495' title='bbox 123 4355 279 4412; x_wconf 86' lang='lat' dir='ltr'>tatim</span> <span class='ocrx_word' id='word_1_496' title='bbox 308 4355 668 4414; x_wconf 87' lang='lat' dir='ltr'>imbuendos</span> <span class='ocrx_word' id='word_1_497' title='bbox 698 4355 973 4427; x_wconf 80' lang='lat' dir='ltr'>efferunt,</span> <span class='ocrx_word' id='word_1_498' title='bbox 1009 4355 1154 4411; x_wconf 90' lang='lat' dir='ltr'>illud</span> <span class='ocrx_word' id='word_1_499' title='bbox 1184 4361 1316 4413; x_wconf 87' lang='lat' dir='ltr'>ante</span> <span class='ocrx_word' id='word_1_500' title='bbox 1347 4358 1545 4413; x_wconf 90' lang='lat' dir='ltr'>omnia</span> <span class='ocrx_word' id='word_1_501' title='bbox 1567 4358 1779 4416; x_wconf 90' lang='lat' dir='ltr'>ducen-</span> 
     </span>
    </p>
   </div>
   <div class='ocr_carea' id='block_1_78' title="bbox 124 4443 1773 4519">
    <p class='ocr_par' dir='ltr' id='par_1_78' title="bbox 124 4443 1773 4519">
     <span class='ocr_line' id='line_1_78' title="bbox 124 4443 1773 4519; baseline 0.004 -24"><span class='ocrx_word' id='word_1_502' title='bbox 124 4444 200 4499; x_wconf 89' lang='lat' dir='ltr'>tes</span> <span class='ocrx_word' id='word_1_503' title='bbox 226 4444 683 4518; x_wconf 80' lang='lat' dir='ltr'>permaximum,</span> <span class='ocrx_word' id='word_1_504' title='bbox 711 4444 762 4501; x_wconf 89' lang='lat' dir='ltr'>si</span> <span class='ocrx_word' id='word_1_505' title='bbox 793 4444 883 4501; x_wconf 86' lang='lat' dir='ltr'>vel</span> <span class='ocrx_word' id='word_1_506' title='bbox 924 4450 1058 4518; x_wconf 90' lang='lat' dir='ltr'>post</span> <span class='ocrx_word' id='word_1_507' title='bbox 1104 4443 1424 4518; x_wconf 70' lang='lat' dir='ltr'>longzevam</span> <span class='ocrx_word' id='word_1_508' title='bbox 1470 4448 1773 4519; x_wconf 88' lang='lat' dir='ltr'>probantis</span> 
     </span>
    </p>
   </div>
   <div class='ocr_carea' id='block_1_79' title="bbox 123 4529 1772 4606">
    <p class='ocr_par' dir='ltr' id='par_1_79' title="bbox 123 4529 1772 4606">
     <span class='ocr_line' id='line_1_79' title="bbox 123 4529 1772 4606; baseline 0.007 -23"><span class='ocrx_word' id='word_1_509' title='bbox 123 4529 338 4604; x_wconf 77' lang='lat' dir='ltr'>injuria:</span> <span class='ocrx_word' id='word_1_510' title='bbox 400 4532 802 4603; x_wconf 86' lang='lat' dir='ltr'>tolerantiam,</span> <span class='ocrx_word' id='word_1_511' title='bbox 865 4533 1311 4606; x_wconf 80' lang='lat' dir='ltr'>quodammodo</span> <span class='ocrx_word' id='word_1_512' title='bbox 1359 4536 1591 4592; x_wconf 90' lang='lat' dir='ltr'>admitti</span> <span class='ocrx_word' id='word_1_513' title='bbox 1651 4553 1772 4595; x_wconf 91' lang='lat' dir='ltr'>me-</span> 
     </span>
    </p>
   </div>
   <div class='ocr_carea' id='block_1_80' title="bbox 124 4620 1853 4715">
    <p class='ocr_par' dir='ltr' id='par_1_80' title="bbox 124 4620 1853 4715">
     <span class='ocr_line' id='line_1_80' title="bbox 124 4620 1853 4715; baseline 0.002 -39"><span class='ocrx_word' id='word_1_514' title='bbox 124 4625 351 4678; x_wconf 82' lang='lat' dir='ltr'>reantur</span> <span class='ocrx_word' id='word_1_515' title='bbox 378 4621 445 4680; x_wconf 89' lang='lat' dir='ltr'>in</span> <span class='ocrx_word' id='word_1_516' title='bbox 478 4621 1011 4695; x_wconf 85' lang='lat' dir='ltr'>congregationem.</span> <span class='ocrx_word' id='word_1_517' title='bbox 1064 4620 1197 4678; x_wconf 85' lang='lat' dir='ltr'>Jam</span> <span class='ocrx_word' id='word_1_518' title='bbox 1241 4638 1375 4679; x_wconf 90' lang='lat' dir='ltr'>vero</span> <span class='ocrx_word' id='word_1_519' title='bbox 1431 4623 1564 4695; x_wconf 90' lang='lat' dir='ltr'>quis</span> <span class='ocrx_word' id='word_1_520' title='bbox 1609 4621 1775 4680; x_wconf 90' lang='lat' dir='ltr'>locus</span> <span class='ocrx_word' id='word_1_521' title='bbox 1806 4651 1853 4715; x_wconf 73' lang='grc' dir='ltr'>Ι)</span> 
     </span>
    </p>
   </div>
   <div class='ocr_carea' id='block_1_81' title="bbox 123 4707 1777 4786">
    <p class='ocr_par' dir='ltr' id='par_1_81' title="bbox 123 4707 1777 4786">
     <span class='ocr_line' id='line_1_81' title="bbox 123 4707 1777 4786; baseline 0.005 -23"><span class='ocrx_word' id='word_1_522' title='bbox 123 4707 203 4763; x_wconf 75' lang='lat' dir='ltr'>vel</span> <span class='ocrx_word' id='word_1_523' title='bbox 231 4710 437 4768; x_wconf 88' lang='lat' dir='ltr'>civitas</span> <span class='ocrx_word' id='word_1_524' title='bbox 487 4727 603 4768; x_wconf 89' lang='lat' dir='ltr'>non</span> <span class='ocrx_word' id='word_1_525' title='bbox 652 4711 927 4783; x_wconf 86' lang='lat' dir='ltr'>gaudeat,</span> <span class='ocrx_word' id='word_1_526' title='bbox 959 4727 1029 4767; x_wconf 83' lang='lat' dir='ltr'>ex</span> <span class='ocrx_word' id='word_1_527' title='bbox 1088 4710 1241 4768; x_wconf 87' lang='lat' dir='ltr'>beati</span> <span class='ocrx_word' id='word_1_528' title='bbox 1298 4712 1406 4767; x_wconf 91' lang='lat' dir='ltr'>viri</span> <span class='ocrx_word' id='word_1_529' title='bbox 1468 4712 1777 4786; x_wconf 89' lang='lat' dir='ltr'>disciplina</span> 
     </span>
    </p>
   </div>
   <div class='ocr_carea' id='block_1_82' title="bbox 124 4799 1778 4872">
    <p class='ocr_par' dir='ltr' id='par_1_82' title="bbox 124 4799 1778 4872">
     <span class='ocr_line' id='line_1_82' title="bbox 124 4799 1778 4872; baseline 0.004 -19"><span class='ocrx_word' id='word_1_530' title='bbox 124 4802 398 4856; x_wconf 84' lang='lat' dir='ltr'>rectorem</span> <span class='ocrx_word' id='word_1_531' title='bbox 428 4800 649 4856; x_wconf 88' lang='lat' dir='ltr'>habere</span> <span class='ocrx_word' id='word_1_532' title='bbox 680 4800 1019 4872; x_wconf 81' lang='lat' dir='ltr'>pontificem</span> <span class='ocrx_word' id='word_1_533' title='bbox 1048 4799 1139 4856; x_wconf 91' lang='lat' dir='ltr'>vel</span> <span class='ocrx_word' id='word_1_534' title='bbox 1170 4800 1613 4868; x_wconf 89' lang='lat' dir='ltr'>abbatem,cum</span> <span class='ocrx_word' id='word_1_535' title='bbox 1646 4819 1778 4859; x_wconf 91' lang='lat' dir='ltr'>cen-</span> 
     </span>
    </p>
   </div>
   <div class='ocr_carea' id='block_1_83' title="bbox 125 4887 1774 4962">
    <p class='ocr_par' dir='ltr' id='par_1_83' title="bbox 125 4887 1774 4962">
     <span class='ocr_line' id='line_1_83' title="bbox 125 4887 1774 4962; baseline 0.004 -21"><span class='ocrx_word' id='word_1_536' title='bbox 125 4887 227 4942; x_wconf 82' lang='lat' dir='ltr'>stet</span> <span class='ocrx_word' id='word_1_537' title='bbox 254 4904 322 4943; x_wconf 83' lang='lat' dir='ltr'>ex</span> <span class='ocrx_word' id='word_1_538' title='bbox 350 4889 537 4960; x_wconf 88' lang='lat' dir='ltr'>hujus</span> <span class='ocrx_word' id='word_1_539' title='bbox 564 4888 779 4945; x_wconf 88' lang='lat' dir='ltr'>virtute</span> <span class='ocrx_word' id='word_1_540' title='bbox 810 4889 1135 4962; x_wconf 89' lang='lat' dir='ltr'>magisterii</span> <span class='ocrx_word' id='word_1_541' title='bbox 1168 4907 1313 4962; x_wconf 89' lang='lat' dir='ltr'>pene</span> <span class='ocrx_word' id='word_1_542' title='bbox 1360 4896 1548 4947; x_wconf 91' lang='lat' dir='ltr'>totum</span> <span class='ocrx_word' id='word_1_543' title='bbox 1596 4892 1774 4949; x_wconf 87' lang='lat' dir='ltr'>Fran-</span> 
     </span>
    </p>
   </div>
   <div class='ocr_carea' id='block_1_84' title="bbox 189 5065 1773 5135">
    <p class='ocr_par' dir='ltr' id='par_1_84' title="bbox 189 5065 1773 5135">
     <span class='ocr_line' id='line_1_84' title="bbox 189 5065 1773 5135; baseline 0.005 -17"><span class='ocrx_word' id='word_1_544' title='bbox 189 5066 300 5135; x_wconf 84' lang='lat'>(26)</span> <span class='ocrx_word' id='word_1_545' title='bbox 333 5067 508 5123; x_wconf 70' lang='lat' dir='ltr'>Fozde</span> <span class='ocrx_word' id='word_1_546' title='bbox 536 5065 934 5122; x_wconf 88' lang='lat' dir='ltr'>hallucinatur</span> <span class='ocrx_word' id='word_1_547' title='bbox 984 5072 1208 5135; x_wconf 87' lang='lat' dir='ltr'>auctor,</span> <span class='ocrx_word' id='word_1_548' title='bbox 1242 5067 1290 5123; x_wconf 90' lang='lat' dir='ltr'>si</span> <span class='ocrx_word' id='word_1_549' title='bbox 1325 5068 1773 5126; x_wconf 87' lang='lat' dir='ltr'>Brunechildem</span> 
     </span>
    </p>
   </div>
   <div class='ocr_carea' id='block_1_85' title="bbox 162 5138 1771 5224">
    <p class='ocr_par' dir='ltr' id='par_1_85' title="bbox 162 5138 1771 5224">
     <span class='ocr_line' id='line_1_85' title="bbox 162 5138 1771 5224; baseline 0.003 -34"><span class='ocrx_word' id='word_1_550' title='bbox 162 5138 283 5224; x_wconf 79' lang='lat' dir='ltr'>utet</span> <span class='ocrx_word' id='word_1_551' title='bbox 316 5138 780 5224; x_wconf 65' lang='lat' dir='ltr'>filiosproprios</span> <span class='ocrx_word' id='word_1_552' title='bbox 803 5139 1134 5224; x_wconf 78' lang='lat' dir='ltr'>suscepisse</span> <span class='ocrx_word' id='word_1_553' title='bbox 1164 5155 1232 5195; x_wconf 86' lang='lat' dir='ltr'>ex</span> <span class='ocrx_word' id='word_1_554' title='bbox 1259 5139 1771 5224; x_wconf 60' lang='lat' dir='ltr'>Theoderico,“qui</span> 
     </span>
    </p>
   </div>
   <div class='ocr_carea' id='block_1_86' title="bbox 169 5209 1773 5286">
    <p class='ocr_par' dir='ltr' id='par_1_86' title="bbox 169 5209 1773 5286">
     <span class='ocr_line' id='line_1_86' title="bbox 169 5209 1773 5286; baseline 0.006 -27"><span class='ocrx_word' id='word_1_555' title='bbox 169 5209 527 5286; x_wconf 75' lang='lat' dir='ltr'>runechildis</span> <span class='ocrx_word' id='word_1_556' title='bbox 552 5209 732 5284; x_wconf 78' lang='lat' dir='ltr'>nepos</span> <span class='ocrx_word' id='word_1_557' title='bbox 754 5209 1062 5283; x_wconf 79' lang='lat' dir='ltr'>fuit,eique</span> <span class='ocrx_word' id='word_1_558' title='bbox 1092 5216 1439 5283; x_wconf 90' lang='lat' dir='ltr'>pronepotes</span> <span class='ocrx_word' id='word_1_559' title='bbox 1471 5228 1540 5267; x_wconf 88' lang='lat' dir='ltr'>ex</span> <span class='ocrx_word' id='word_1_560' title='bbox 1569 5209 1773 5286; x_wconf 89' lang='lat' dir='ltr'>pellice</span> 
     </span>
    </p>
   </div>
   <div class='ocr_carea' id='block_1_87' title="bbox 162 5280 435 5335">
    <p class='ocr_par' dir='ltr' id='par_1_87' title="bbox 162 5280 435 5335">
     <span class='ocr_line' id='line_1_87' title="bbox 162 5280 435 5335; baseline 0.007 -3"><span class='ocrx_word' id='word_1_561' title='bbox 162 5280 435 5335; x_wconf 86' lang='lat' dir='ltr'>eueravit.</span> 
     </span>
    </p>
   </div>
   <div class='ocr_carea' id='block_1_88' title="bbox 128 5291 1773 5426">
    <p class='ocr_par' dir='ltr' id='par_1_88' title="bbox 128 5291 1773 5426">
     <span class='ocr_line' id='line_1_88' title="bbox 128 5291 1773 5426; baseline 0.004 -22"><span class='ocrx_word' id='word_1_562' title='bbox 128 5291 732 5426; x_wconf 42' lang='lat' dir='ltr'>gefgfgitiﬁustasius</span> <span class='ocrx_word' id='word_1_563' title='bbox 764 5351 1028 5409; x_wconf 77' lang='lat' dir='ltr'>cmnebie</span> <span class='ocrx_word' id='word_1_564' title='bbox 1062 5351 1407 5426; x_wconf 64' lang='lat' dir='ltr'>Luxovicnsi</span> <span class='ocrx_word' id='word_1_565' title='bbox 1433 5354 1670 5426; x_wconf 70' lang='lat' dir='ltr'>praefuit</span> <span class='ocrx_word' id='word_1_566' title='bbox 1701 5353 1773 5410; x_wconf 90' lang='lat' dir='ltr'>ab</span> 
     </span>
    </p>
   </div>
   <div class='ocr_carea' id='block_1_89' title="bbox 128 5423 1774 5496">
    <p class='ocr_par' dir='ltr' id='par_1_89' title="bbox 128 5423 1774 5496">
     <span class='ocr_line' id='line_1_89' title="bbox 128 5423 1774 5496; baseline 0.005 -23"><span class='ocrx_word' id='word_1_567' title='bbox 128 5431 271 5477; x_wconf 82' lang='lat' dir='ltr'>anno</span> <span class='ocrx_word' id='word_1_568' title='bbox 297 5423 515 5496; x_wconf 30' lang='lat' dir='ltr'>613‘ad</span> <span class='ocrx_word' id='word_1_569' title='bbox 542 5424 669 5496; x_wconf 70' lang='grc'>614,</span> <span class='ocrx_word' id='word_1_570' title='bbox 703 5440 820 5496; x_wconf 87' lang='lat' dir='ltr'>quo</span> <span class='ocrx_word' id='word_1_571' title='bbox 845 5428 1113 5496; x_wconf 84' lang='lat' dir='ltr'>tempore</span> <span class='ocrx_word' id='word_1_572' title='bbox 1172 5423 1458 5496; x_wconf 48' lang='lat' dir='ltr'>Remensi‘</span> <span class='ocrx_word' id='word_1_573' title='bbox 1489 5426 1774 5481; x_wconf 84' lang='lat' dir='ltr'>cathedrae</span> 
     </span>
    </p>
   </div>
   <div class='ocr_carea' id='block_1_90' title="bbox 126 5493 1775 5569">
    <p class='ocr_par' dir='ltr' id='par_1_90' title="bbox 126 5493 1775 5569">
     <span class='ocr_line' id='line_1_90' title="bbox 126 5493 1775 5569; baseline 0.004 -23"><span class='ocrx_word' id='word_1_574' title='bbox 126 5493 855 5569; x_wconf 62' lang='lat' dir='ltr'>preerat_Sen_natius;_cui</span> <span class='ocrx_word' id='word_1_575' title='bbox 872 5493 1007 5569; x_wconf 79' lang='lat' dir='ltr'>post</span> <span class='ocrx_word' id='word_1_576' title='bbox 1040 5495 1775 5569; x_wconf 81' lang='lat' dir='ltr'>Leudegislum,Engilber-</span> 
     </span>
    </p>
   </div>
   <div class='ocr_carea' id='block_1_91' title="bbox 127 5562 1777 5623">
    <p class='ocr_par' dir='ltr' id='par_1_91' title="bbox 127 5562 1777 5623">
     <span class='ocr_line' id='line_1_91' title="bbox 127 5562 1777 5623; baseline 0.005 -9"><span class='ocrx_word' id='word_1_577' title='bbox 127 5562 245 5617; x_wconf 86' lang='lat' dir='ltr'>tum</span> <span class='ocrx_word' id='word_1_578' title='bbox 274 5568 334 5619; x_wconf 87' lang='lat' dir='ltr'>et</span> <span class='ocrx_word' id='word_1_579' title='bbox 366 5565 706 5621; x_wconf 86' lang='lat' dir='ltr'>Landenem</span> <span class='ocrx_word' id='word_1_580' title='bbox 736 5562 1026 5621; x_wconf 48' lang='lat' dir='ltr'>Nive-rdus</span> <span class='ocrx_word' id='word_1_581' title='bbox 1057 5582 1210 5621; x_wconf 86' lang='lat' dir='ltr'>anno</span> <span class='ocrx_word' id='word_1_582' title='bbox 1238 5562 1396 5622; x_wconf 73' lang='lat' dir='ltr'>circa</span> <span class='ocrx_word' id='word_1_583' title='bbox 1423 5562 1531 5622; x_wconf 85' lang='lat'>650</span> <span class='ocrx_word' id='word_1_584' title='bbox 1550 5562 1777 5623; x_wconf 65' lang='lat' dir='ltr'>succes-</span> 
     </span>
    </p>
   </div>
   <div class='ocr_carea' id='block_1_92' title="bbox 126 5630 1778 5708">
    <p class='ocr_par' dir='ltr' id='par_1_92' title="bbox 126 5630 1778 5708">
     <span class='ocr_line' id='line_1_92' title="bbox 126 5630 1778 5708; baseline 0.004 -20"><span class='ocrx_word' id='word_1_585' title='bbox 126 5630 345 5708; x_wconf 69' lang='lat' dir='ltr'>giLNen</span> <span class='ocrx_word' id='word_1_586' title='bbox 372 5650 514 5708; x_wconf 83' lang='lat' dir='ltr'>ergo</span> <span class='ocrx_word' id='word_1_587' title='bbox 534 5637 881 5695; x_wconf 87' lang='lat' dir='ltr'>Bercharius</span> <span class='ocrx_word' id='word_1_588' title='bbox 904 5637 1225 5693; x_wconf 80' lang='lat' dir='ltr'>Luxovium</span> <span class='ocrx_word' id='word_1_589' title='bbox 1255 5637 1552 5694; x_wconf 73' lang='lat' dir='ltr'>admissus</span> <span class='ocrx_word' id='word_1_590' title='bbox 1582 5644 1671 5695; x_wconf 91' lang='lat' dir='ltr'>est</span> <span class='ocrx_word' id='word_1_591' title='bbox 1702 5639 1778 5695; x_wconf 90' lang='lat' dir='ltr'>ab</span> 
     </span>
    </p>
   </div>
   <div class='ocr_carea' id='block_1_93' title="bbox 124 5700 1776 5783">
    <p class='ocr_par' dir='ltr' id='par_1_93' title="bbox 124 5700 1776 5783">
     <span class='ocr_line' id='line_1_93' title="bbox 124 5700 1776 5783; baseline 0.005 -25"><span class='ocrx_word' id='word_1_592' title='bbox 124 5700 408 5777; x_wconf 83' lang='lat' dir='ltr'>Eustasio,</span> <span class='ocrx_word' id='word_1_593' title='bbox 441 5700 550 5765; x_wconf 65' lang='lat' dir='ltr'>sed</span> <span class='ocrx_word' id='word_1_594' title='bbox 578 5708 824 5767; x_wconf 87' lang='lat' dir='ltr'>fortasse</span> <span class='ocrx_word' id='word_1_595' title='bbox 853 5726 889 5765; x_wconf 88' lang='lat' dir='ltr'>a</span> <span class='ocrx_word' id='word_1_596' title='bbox 915 5708 1212 5766; x_wconf 87' lang='lat' dir='ltr'>Walberte</span> <span class='ocrx_word' id='word_1_597' title='bbox 1256 5710 1385 5783; x_wconf 88' lang='lat' dir='ltr'>ejus</span> <span class='ocrx_word' id='word_1_598' title='bbox 1417 5727 1776 5783; x_wconf 88' lang='lat' dir='ltr'>successore,</span> 
     </span>
    </p>
   </div>
   <div class='ocr_carea' id='block_1_94' title="bbox 1880 3371 3129 3451">
    <p class='ocr_par' dir='ltr' id='par_1_94' title="bbox 1880 3371 3129 3451">
     <span class='ocr_line' id='line_1_94' title="bbox 1880 3371 3129 3451; baseline 0.001 -20"><span class='ocrx_word' id='word_1_599' title='bbox 1880 3379 2106 3432; x_wconf 74' lang='lat' dir='ltr'>favente</span> <span class='ocrx_word' id='word_1_600' title='bbox 2137 3375 2235 3432; x_wconf 92' lang='lat' dir='ltr'>Dei</span> <span class='ocrx_word' id='word_1_601' title='bbox 2267 3378 2457 3449; x_wconf 87' lang='lat' dir='ltr'>gratia</span> <span class='ocrx_word' id='word_1_602' title='bbox 2486 3378 2726 3451; x_wconf 89' lang='lat' dir='ltr'>segnius</span> <span class='ocrx_word' id='word_1_603' title='bbox 2753 3378 3066 3451; x_wconf 87' lang='lat' dir='ltr'>attigisset.</span> <span class='ocrx_word' id='word_1_604' title='bbox 3117 3371 3129 3384; x_wconf 89' lang='grc'><em>’</em></span> 
     </span>
    </p>
   </div>
   <div class='ocr_carea' id='block_1_95' title="bbox 1879 3466 3530 3535">
    <p class='ocr_par' dir='ltr' id='par_1_95' title="bbox 1879 3466 3530 3535">
     <span class='ocr_line' id='line_1_95' title="bbox 1879 3466 3530 3535; baseline 0.002 -15"><span class='ocrx_word' id='word_1_605' title='bbox 1879 3466 2153 3520; x_wconf 78' lang='lat' dir='ltr'>Pincerna</span> <span class='ocrx_word' id='word_1_606' title='bbox 2217 3467 2415 3535; x_wconf 74' lang='lat' dir='ltr'>factus,</span> <span class='ocrx_word' id='word_1_607' title='bbox 2470 3467 2741 3521; x_wconf 75' lang='lat' dir='ltr'>mimcuto</span> <span class='ocrx_word' id='word_1_608' title='bbox 2795 3466 3204 3523; x_wconf 78' lang='lat' dir='ltr'>commendatur</span> <span class='ocrx_word' id='word_1_609' title='bbox 3256 3467 3530 3525; x_wconf 71' lang='lat' dir='ltr'>obediens.</span> 
     </span>
    </p>
   </div>
   <div class='ocr_carea' id='block_1_96' title="bbox 1950 3554 3530 3627">
    <p class='ocr_par' dir='ltr' id='par_1_96' title="bbox 1950 3554 3530 3627">
     <span class='ocr_line' id='line_1_96' title="bbox 1950 3554 3530 3627; baseline 0.003 -21"><span class='ocrx_word' id='word_1_610' title='bbox 1950 3554 2002 3607; x_wconf 93' lang='lat'>8.</span> <span class='ocrx_word' id='word_1_611' title='bbox 2037 3554 2314 3609; x_wconf 87' lang='lat' dir='ltr'>Traditur</span> <span class='ocrx_word' id='word_1_612' title='bbox 2350 3554 2643 3626; x_wconf 87' lang='lat' dir='ltr'>siquidem</span> <span class='ocrx_word' id='word_1_613' title='bbox 2676 3570 2779 3626; x_wconf 89' lang='lat' dir='ltr'>per</span> <span class='ocrx_word' id='word_1_614' title='bbox 2806 3554 2962 3610; x_wconf 90' lang='lat' dir='ltr'>idem</span> <span class='ocrx_word' id='word_1_615' title='bbox 2994 3559 3247 3627; x_wconf 87' lang='lat' dir='ltr'>tempus,</span> <span class='ocrx_word' id='word_1_616' title='bbox 3281 3556 3440 3611; x_wconf 89' lang='lat' dir='ltr'>hunc</span> <span class='ocrx_word' id='word_1_617' title='bbox 3468 3555 3530 3611; x_wconf 86' lang='lat' dir='ltr'>in</span> 
     </span>
    </p>
   </div>
   <div class='ocr_carea' id='block_1_97' title="bbox 1879 3640 3528 3717">
    <p class='ocr_par' dir='ltr' id='par_1_97' title="bbox 1879 3640 3528 3717">
     <span class='ocr_line' id='line_1_97' title="bbox 1879 3640 3528 3717; baseline 0.001 -19"><span class='ocrx_word' id='word_1_618' title='bbox 1879 3659 1946 3698; x_wconf 91' lang='lat' dir='ltr'>eo</span> <span class='ocrx_word' id='word_1_619' title='bbox 1971 3640 2095 3699; x_wconf 90' lang='lat' dir='ltr'>loco</span> <span class='ocrx_word' id='word_1_620' title='bbox 2117 3642 2336 3699; x_wconf 88' lang='lat' dir='ltr'>factum</span> <span class='ocrx_word' id='word_1_621' title='bbox 2359 3641 2674 3715; x_wconf 88' lang='lat' dir='ltr'>aliquando</span> <span class='ocrx_word' id='word_1_622' title='bbox 2696 3642 3033 3699; x_wconf 90' lang='lat' dir='ltr'>ministrum</span> <span class='ocrx_word' id='word_1_623' title='bbox 3058 3659 3091 3697; x_wconf 86' lang='lat' dir='ltr'>a</span> <span class='ocrx_word' id='word_1_624' title='bbox 3108 3642 3371 3700; x_wconf 89' lang='lat' dir='ltr'>caliculis</span> <span class='ocrx_word' id='word_1_625' title='bbox 3390 3644 3528 3717; x_wconf 81' lang='grc'>(28),</span> 
     </span>
    </p>
   </div>
   <div class='ocr_carea' id='block_1_98' title="bbox 1881 3731 3542 3805">
    <p class='ocr_par' dir='ltr' id='par_1_98' title="bbox 1881 3731 3542 3805">
     <span class='ocr_line' id='line_1_98' title="bbox 1881 3731 3542 3805; baseline 0.002 -17"><span class='ocrx_word' id='word_1_626' title='bbox 1881 3732 1939 3788; x_wconf 90' lang='lat' dir='ltr'>in</span> <span class='ocrx_word' id='word_1_627' title='bbox 1971 3746 2172 3789; x_wconf 87' lang='lat' dir='ltr'>curam</span> <span class='ocrx_word' id='word_1_628' title='bbox 2205 3731 2613 3805; x_wconf 88' lang='lat' dir='ltr'>promptuarii,</span> <span class='ocrx_word' id='word_1_629' title='bbox 2647 3731 2886 3789; x_wconf 90' lang='lat' dir='ltr'>rectoris</span> <span class='ocrx_word' id='word_1_630' title='bbox 2935 3737 3106 3801; x_wconf 87' lang='lat' dir='ltr'>nutu,</span> <span class='ocrx_word' id='word_1_631' title='bbox 3139 3733 3365 3790; x_wconf 89' lang='lat' dir='ltr'>vicibus</span> <span class='ocrx_word' id='word_1_632' title='bbox 3395 3749 3542 3793; x_wconf 53' lang='lat' dir='ltr'>suav</span> 
     </span>
    </p>
   </div>
   <div class='ocr_carea' id='block_1_99' title="bbox 1881 3819 3531 3895">
    <p class='ocr_par' dir='ltr' id='par_1_99' title="bbox 1881 3819 3531 3895">
     <span class='ocr_line' id='line_1_99' title="bbox 1881 3819 3531 3895; baseline 0.004 -21"><span class='ocrx_word' id='word_1_633' title='bbox 1881 3820 2147 3877; x_wconf 87' lang='lat' dir='ltr'>cessisse.</span> <span class='ocrx_word' id='word_1_634' title='bbox 2181 3820 2444 3892; x_wconf 88' lang='lat' dir='ltr'>Cumque</span> <span class='ocrx_word' id='word_1_635' title='bbox 2474 3819 2572 3878; x_wconf 90' lang='lat' dir='ltr'>ille</span> <span class='ocrx_word' id='word_1_636' title='bbox 2597 3820 2747 3878; x_wconf 87' lang='lat' dir='ltr'>hanc</span> <span class='ocrx_word' id='word_1_637' title='bbox 2774 3821 3070 3878; x_wconf 82' lang='lat' dir='ltr'>officinam</span> <span class='ocrx_word' id='word_1_638' title='bbox 3100 3838 3410 3895; x_wconf 88' lang='lat' dir='ltr'>corporum</span> <span class='ocrx_word' id='word_1_639' title='bbox 3441 3823 3531 3880; x_wconf 81' lang='lat' dir='ltr'>di-</span> 
     </span>
    </p>
   </div>
   <div class='ocr_carea' id='block_1_100' title="bbox 1881 3910 3528 3983">
    <p class='ocr_par' dir='ltr' id='par_1_100' title="bbox 1881 3910 3528 3983">
     <span class='ocr_line' id='line_1_100' title="bbox 1881 3910 3528 3983; baseline 0.003 -20"><span class='ocrx_word' id='word_1_640' title='bbox 1881 3910 2274 3982; x_wconf 86' lang='lat' dir='ltr'>spcnsandam</span> <span class='ocrx_word' id='word_1_641' title='bbox 2309 3910 2613 3983; x_wconf 88' lang='lat' dir='ltr'>acciperet,</span> <span class='ocrx_word' id='word_1_642' title='bbox 2641 3911 2856 3983; x_wconf 89' lang='lat' dir='ltr'>quippe</span> <span class='ocrx_word' id='word_1_643' title='bbox 2901 3926 3077 3983; x_wconf 86' lang='lat' dir='ltr'>quem</span> <span class='ocrx_word' id='word_1_644' title='bbox 3124 3915 3430 3968; x_wconf 87' lang='lat' dir='ltr'>strenuum</span> <span class='ocrx_word' id='word_1_645' title='bbox 3456 3913 3528 3968; x_wconf 89' lang='lat' dir='ltr'>ad</span> 
     </span>
    </p>
   </div>
   <div class='ocr_carea' id='block_1_101' title="bbox 1883 3997 3527 4071">
    <p class='ocr_par' dir='ltr' id='par_1_101' title="bbox 1883 3997 3527 4071">
     <span class='ocr_line' id='line_1_101' title="bbox 1883 3997 3527 4071; baseline 0.002 -18"><span class='ocrx_word' id='word_1_646' title='bbox 1883 3998 2081 4053; x_wconf 85' lang='lat' dir='ltr'>omnia</span> <span class='ocrx_word' id='word_1_647' title='bbox 2102 4003 2305 4054; x_wconf 88' lang='lat' dir='ltr'>sancta</span> <span class='ocrx_word' id='word_1_648' title='bbox 2323 3997 2656 4055; x_wconf 87' lang='lat' dir='ltr'>obcdientia</span> <span class='ocrx_word' id='word_1_649' title='bbox 2678 4000 3044 4071; x_wconf 79' lang='lat' dir='ltr'>fecerat,quae</span> <span class='ocrx_word' id='word_1_650' title='bbox 3067 3998 3384 4056; x_wconf 89' lang='lat' dir='ltr'>commissa</span> <span class='ocrx_word' id='word_1_651' title='bbox 3406 4000 3527 4056; x_wconf 90' lang='lat' dir='ltr'>fue-</span> 
     </span>
    </p>
   </div>
   <div class='ocr_carea' id='block_1_102' title="bbox 1884 4086 3529 4160">
    <p class='ocr_par' dir='ltr' id='par_1_102' title="bbox 1884 4086 3529 4160">
     <span class='ocr_line' id='line_1_102' title="bbox 1884 4086 3529 4160; baseline 0.003 -20"><span class='ocrx_word' id='word_1_652' title='bbox 1884 4091 2018 4143; x_wconf 89' lang='lat' dir='ltr'>rant</span> <span class='ocrx_word' id='word_1_653' title='bbox 2048 4088 2368 4160; x_wconf 89' lang='lat' dir='ltr'>prudenter</span> <span class='ocrx_word' id='word_1_654' title='bbox 2423 4086 2730 4144; x_wconf 85' lang='lat' dir='ltr'>inferebat.</span> <span class='ocrx_word' id='word_1_655' title='bbox 2768 4088 3031 4155; x_wconf 88' lang='lat' dir='ltr'>Quadam</span> <span class='ocrx_word' id='word_1_656' title='bbox 3087 4104 3220 4147; x_wconf 89' lang='lat' dir='ltr'>vero</span> <span class='ocrx_word' id='word_1_657' title='bbox 3264 4088 3359 4144; x_wconf 90' lang='lat' dir='ltr'>die</span> <span class='ocrx_word' id='word_1_658' title='bbox 3387 4089 3529 4145; x_wconf 90' lang='lat' dir='ltr'>dum</span> 
     </span>
    </p>
   </div>
   <div class='ocr_carea' id='block_1_103' title="bbox 1883 4175 3530 4250">
    <p class='ocr_par' dir='ltr' id='par_1_103' title="bbox 1883 4175 3530 4250">
     <span class='ocr_line' id='line_1_103' title="bbox 1883 4175 3530 4250; baseline 0.002 -19"><span class='ocrx_word' id='word_1_659' title='bbox 1883 4175 2100 4232; x_wconf 89' lang='lat' dir='ltr'>talibus</span> <span class='ocrx_word' id='word_1_660' title='bbox 2133 4181 2365 4233; x_wconf 90' lang='lat' dir='ltr'>tenetur</span> <span class='ocrx_word' id='word_1_661' title='bbox 2392 4176 2735 4248; x_wconf 90' lang='lat' dir='ltr'>implicitus,</span> <span class='ocrx_word' id='word_1_662' title='bbox 2759 4176 2935 4247; x_wconf 89' lang='lat' dir='ltr'>jussu</span> <span class='ocrx_word' id='word_1_663' title='bbox 2985 4178 3170 4250; x_wconf 90' lang='lat' dir='ltr'>patris</span> <span class='ocrx_word' id='word_1_664' title='bbox 3217 4182 3307 4234; x_wconf 90' lang='lat' dir='ltr'>est</span> <span class='ocrx_word' id='word_1_665' title='bbox 3335 4178 3530 4234; x_wconf 88' lang='lat' dir='ltr'>subite</span> 
     </span>
    </p>
   </div>
   <div class='ocr_carea' id='block_1_104' title="bbox 1881 4265 3529 4340">
    <p class='ocr_par' dir='ltr' id='par_1_104' title="bbox 1881 4265 3529 4340">
     <span class='ocr_line' id='line_1_104' title="bbox 1881 4265 3529 4340; baseline 0.002 -21"><span class='ocrx_word' id='word_1_666' title='bbox 1881 4270 2142 4322; x_wconf 87' lang='lat' dir='ltr'>vocatus.</span> <span class='ocrx_word' id='word_1_667' title='bbox 2174 4266 2340 4322; x_wconf 88' lang='lat' dir='ltr'>Ferte</span> <span class='ocrx_word' id='word_1_668' title='bbox 2372 4265 2468 4322; x_wconf 92' lang='lat' dir='ltr'>ille</span> <span class='ocrx_word' id='word_1_669' title='bbox 2500 4271 2639 4322; x_wconf 92' lang='lat' dir='ltr'>tunc</span> <span class='ocrx_word' id='word_1_670' title='bbox 2674 4267 3146 4339; x_wconf 89' lang='lat' dir='ltr'>promptuarium</span> <span class='ocrx_word' id='word_1_671' title='bbox 3204 4266 3529 4340; x_wconf 73' lang='lat' dir='ltr'>ingressus,</span> 
     </span>
    </p>
   </div>
   <div class='ocr_carea' id='block_1_105' title="bbox 1884 4353 3534 4428">
    <p class='ocr_par' dir='ltr' id='par_1_105' title="bbox 1884 4353 3534 4428">
     <span class='ocr_line' id='line_1_105' title="bbox 1884 4353 3534 4428; baseline -0.001 -17"><span class='ocrx_word' id='word_1_672' title='bbox 1884 4360 2018 4412; x_wconf 88' lang='lat' dir='ltr'>ante</span> <span class='ocrx_word' id='word_1_673' title='bbox 2047 4372 2149 4411; x_wconf 89' lang='lat' dir='ltr'>vas</span> <span class='ocrx_word' id='word_1_674' title='bbox 2176 4359 2499 4424; x_wconf 89' lang='lat' dir='ltr'>steterat,et</span> <span class='ocrx_word' id='word_1_675' title='bbox 2530 4356 2736 4411; x_wconf 89' lang='lat' dir='ltr'>sudem</span> <span class='ocrx_word' id='word_1_676' title='bbox 2771 4372 2896 4427; x_wconf 71' lang='lat' dir='ltr'>qua:</span> <span class='ocrx_word' id='word_1_677' title='bbox 2925 4354 3097 4428; x_wconf 87' lang='lat' dir='ltr'>vulgo</span> <span class='ocrx_word' id='word_1_678' title='bbox 3129 4353 3473 4419; x_wconf 80' lang='lat' dir='ltr'>ducidulum</span> <span class='ocrx_word' id='word_1_679' title='bbox 3499 4370 3534 4409; x_wconf 83' lang='lat' dir='ltr'>a</span> 
     </span>
    </p>
   </div>
   <div class='ocr_carea' id='block_1_106' title="bbox 1882 4442 3531 4515">
    <p class='ocr_par' dir='ltr' id='par_1_106' title="bbox 1882 4442 3531 4515">
     <span class='ocr_line' id='line_1_106' title="bbox 1882 4442 3531 4515; baseline -0.002 -16"><span class='ocrx_word' id='word_1_680' title='bbox 1882 4448 2022 4515; x_wconf 88' lang='lat' dir='ltr'>potu</span> <span class='ocrx_word' id='word_1_681' title='bbox 2054 4443 2277 4500; x_wconf 89' lang='lat' dir='ltr'>scilicet</span> <span class='ocrx_word' id='word_1_682' title='bbox 2306 4444 2605 4500; x_wconf 88' lang='lat' dir='ltr'>educendo</span> <span class='ocrx_word' id='word_1_683' title='bbox 2636 4442 2850 4498; x_wconf 91' lang='lat' dir='ltr'>dicitur</span> <span class='ocrx_word' id='word_1_684' title='bbox 2873 4442 2931 4497; x_wconf 90' lang='lat' dir='ltr'>in</span> <span class='ocrx_word' id='word_1_685' title='bbox 2964 4459 3144 4497; x_wconf 89' lang='lat' dir='ltr'>manu</span> <span class='ocrx_word' id='word_1_686' title='bbox 3175 4447 3400 4510; x_wconf 89' lang='lat' dir='ltr'>tenens,</span> <span class='ocrx_word' id='word_1_687' title='bbox 3433 4457 3531 4513; x_wconf 57' lang='lat' dir='ltr'>ce-</span> 
     </span>
    </p>
   </div>
   <div class='ocr_carea' id='block_1_107' title="bbox 1882 4528 3529 4603">
    <p class='ocr_par' dir='ltr' id='par_1_107' title="bbox 1882 4528 3529 4603">
     <span class='ocr_line' id='line_1_107' title="bbox 1882 4528 3529 4603; baseline -0.002 -15"><span class='ocrx_word' id='word_1_688' title='bbox 1882 4532 2096 4591; x_wconf 87' lang='lat' dir='ltr'>realem</span> <span class='ocrx_word' id='word_1_689' title='bbox 2127 4533 2239 4603; x_wconf 83' lang='lat'>(29)</span> <span class='ocrx_word' id='word_1_690' title='bbox 2268 4531 2561 4603; x_wconf 60' lang='lat' dir='ltr'>amphorae</span> <span class='ocrx_word' id='word_1_691' title='bbox 2622 4535 2824 4602; x_wconf 90' lang='lat' dir='ltr'>petum</span> <span class='ocrx_word' id='word_1_692' title='bbox 2881 4530 3268 4586; x_wconf 84' lang='lat' dir='ltr'>infundebat:</span> <span class='ocrx_word' id='word_1_693' title='bbox 3312 4528 3529 4585; x_wconf 90' lang='lat' dir='ltr'>mirum</span> 
     </span>
    </p>
   </div>
   <div class='ocr_carea' id='block_1_108' title="bbox 1883 4618 3531 4693">
    <p class='ocr_par' dir='ltr' id='par_1_108' title="bbox 1883 4618 3531 4693">
     <span class='ocr_line' id='line_1_108' title="bbox 1883 4618 3531 4693; baseline -0.003 -16"><span class='ocrx_word' id='word_1_694' title='bbox 1883 4622 2042 4678; x_wconf 92' lang='lat' dir='ltr'>dictu</span> <span class='ocrx_word' id='word_1_695' title='bbox 2069 4622 2081 4677; x_wconf 87' lang='lat'><strong>!</strong></span> <span class='ocrx_word' id='word_1_696' title='bbox 2106 4622 2177 4677; x_wconf 83' lang='lat' dir='ltr'>ad</span> <span class='ocrx_word' id='word_1_697' title='bbox 2201 4621 2378 4677; x_wconf 90' lang='lat' dir='ltr'>unius</span> <span class='ocrx_word' id='word_1_698' title='bbox 2399 4620 2690 4693; x_wconf 89' lang='lat' dir='ltr'>jussionis</span> <span class='ocrx_word' id='word_1_699' title='bbox 2723 4624 2933 4676; x_wconf 90' lang='lat' dir='ltr'>nutum</span> <span class='ocrx_word' id='word_1_700' title='bbox 2960 4619 3159 4676; x_wconf 87' lang='lat' dir='ltr'>audite</span> <span class='ocrx_word' id='word_1_701' title='bbox 3182 4618 3411 4674; x_wconf 88' lang='lat' dir='ltr'>abbatis</span> <span class='ocrx_word' id='word_1_702' title='bbox 3435 4634 3531 4673; x_wconf 89' lang='lat' dir='ltr'>ne-</span> 
     </span>
    </p>
   </div>
   <div class='ocr_carea' id='block_1_109' title="bbox 1886 4706 3531 4782">
    <p class='ocr_par' dir='ltr' id='par_1_109' title="bbox 1886 4706 3531 4782">
     <span class='ocr_line' id='line_1_109' title="bbox 1886 4706 3531 4782; baseline -0.004 -14"><span class='ocrx_word' id='word_1_703' title='bbox 1886 4712 2065 4780; x_wconf 90' lang='lat' dir='ltr'>mine,</span> <span class='ocrx_word' id='word_1_704' title='bbox 2117 4710 2334 4767; x_wconf 89' lang='lat' dir='ltr'>relictis</span> <span class='ocrx_word' id='word_1_705' title='bbox 2365 4726 2490 4782; x_wconf 60' lang='lat' dir='ltr'>qua;</span> <span class='ocrx_word' id='word_1_706' title='bbox 2536 4709 2787 4765; x_wconf 90' lang='lat' dir='ltr'>habebat</span> <span class='ocrx_word' id='word_1_707' title='bbox 2816 4725 2932 4781; x_wconf 68' lang='lat' dir='ltr'>pra:</span> <span class='ocrx_word' id='word_1_708' title='bbox 2964 4708 3237 4764; x_wconf 88' lang='lat' dir='ltr'>manibus</span> <span class='ocrx_word' id='word_1_709' title='bbox 3266 4706 3531 4763; x_wconf 87' lang='lat' dir='ltr'>concitus</span> 
     </span>
    </p>
   </div>
   <div class='ocr_carea' id='block_1_110' title="bbox 1886 4796 3536 4870">
    <p class='ocr_par' dir='ltr' id='par_1_110' title="bbox 1886 4796 3536 4870">
     <span class='ocr_line' id='line_1_110' title="bbox 1886 4796 3536 4870; baseline -0.003 -14"><span class='ocrx_word' id='word_1_710' title='bbox 1886 4802 2166 4870; x_wconf 89' lang='lat' dir='ltr'>cucurrit,</span> <span class='ocrx_word' id='word_1_711' title='bbox 2195 4799 2414 4855; x_wconf 91' lang='lat' dir='ltr'>oblitus</span> <span class='ocrx_word' id='word_1_712' title='bbox 2445 4800 2652 4855; x_wconf 90' lang='lat' dir='ltr'>ardere</span> <span class='ocrx_word' id='word_1_713' title='bbox 2697 4798 3037 4854; x_wconf 72' lang='lat' dir='ltr'>obedientiaa</span> <span class='ocrx_word' id='word_1_714' title='bbox 3068 4801 3125 4853; x_wconf 89' lang='lat' dir='ltr'>et</span> <span class='ocrx_word' id='word_1_715' title='bbox 3153 4796 3309 4853; x_wconf 87' lang='lat' dir='ltr'>vasis</span> <span class='ocrx_word' id='word_1_716' title='bbox 3340 4797 3536 4856; x_wconf 88' lang='lat' dir='ltr'>obser-</span> 
     </span>
    </p>
   </div>
   <div class='ocr_carea' id='block_1_111' title="bbox 1884 4884 3532 4959">
    <p class='ocr_par' dir='ltr' id='par_1_111' title="bbox 1884 4884 3532 4959">
     <span class='ocr_line' id='line_1_111' title="bbox 1884 4884 3532 4959; baseline -0.002 -15"><span class='ocrx_word' id='word_1_717' title='bbox 1884 4890 2143 4944; x_wconf 86' lang='lat' dir='ltr'>vantiam</span> <span class='ocrx_word' id='word_1_718' title='bbox 2194 4892 2250 4942; x_wconf 88' lang='lat' dir='ltr'>et</span> <span class='ocrx_word' id='word_1_719' title='bbox 2307 4886 2599 4959; x_wconf 82' lang='lat' dir='ltr'>amphorae</span> <span class='ocrx_word' id='word_1_720' title='bbox 2658 4884 2969 4941; x_wconf 90' lang='lat' dir='ltr'>cautelam.</span> <span class='ocrx_word' id='word_1_721' title='bbox 3001 4886 3265 4957; x_wconf 85' lang='lat' dir='ltr'>Cumque</span> <span class='ocrx_word' id='word_1_722' title='bbox 3293 4890 3532 4941; x_wconf 87' lang='lat' dir='ltr'>vocatus</span> 
     </span>
    </p>
   </div>
   <div class='ocr_carea' id='block_1_112' title="bbox 1883 5065 3066 5139">
    <p class='ocr_par' dir='ltr' id='par_1_112' title="bbox 1883 5065 3066 5139">
     <span class='ocr_line' id='line_1_112' title="bbox 1883 5065 3066 5139; baseline 0 -18"><span class='ocrx_word' id='word_1_723' title='bbox 1883 5067 1983 5139; x_wconf 89' lang='lat' dir='ltr'>qui</span> <span class='ocrx_word' id='word_1_724' title='bbox 2018 5067 2088 5121; x_wconf 85' lang='lat' dir='ltr'>ab</span> <span class='ocrx_word' id='word_1_725' title='bbox 2123 5082 2274 5120; x_wconf 83' lang='lat' dir='ltr'>anno</span> <span class='ocrx_word' id='word_1_726' title='bbox 2304 5066 2411 5139; x_wconf 77' lang='grc'>625</span> <span class='ocrx_word' id='word_1_727' title='bbox 2441 5065 2512 5139; x_wconf 84' lang='lat' dir='ltr'>ad</span> <span class='ocrx_word' id='word_1_728' title='bbox 2544 5066 2651 5139; x_wconf 73' lang='grc'>665</span> <span class='ocrx_word' id='word_1_729' title='bbox 2679 5065 3066 5139; x_wconf 29' lang='grc' dir='ltr'>ΙΟΟΠΠῚΑΓΘΧῇ.</span> 
     </span>
    </p>
   </div>
   <div class='ocr_carea' id='block_1_113' title="bbox 1953 5136 3535 5212">
    <p class='ocr_par' dir='ltr' id='par_1_113' title="bbox 1953 5136 3535 5212">
     <span class='ocr_line' id='line_1_113' title="bbox 1953 5136 3535 5212; baseline 0.001 -20"><span class='ocrx_word' id='word_1_730' title='bbox 1953 5139 2065 5212; x_wconf 81' lang='lat'>(28)</span> <span class='ocrx_word' id='word_1_731' title='bbox 2099 5136 2356 5193; x_wconf 89' lang='lat' dir='ltr'>Tametsi</span> <span class='ocrx_word' id='word_1_732' title='bbox 2388 5137 2649 5212; x_wconf 56' lang='lat' dir='ltr'>caliculos</span> <span class='ocrx_word' id='word_1_733' title='bbox 2681 5153 2784 5209; x_wconf 93' lang='lat' dir='ltr'>pro</span> <span class='ocrx_word' id='word_1_734' title='bbox 2810 5137 3069 5212; x_wconf 64' lang='lat' dir='ltr'>caligatis</span> <span class='ocrx_word' id='word_1_735' title='bbox 3099 5152 3535 5212; x_wconf 75' lang='lat' dir='ltr'>nonnunquam</span> 
     </span>
    </p>
   </div>
   <div class='ocr_carea' id='block_1_114' title="bbox 1883 5207 3539 5281">
    <p class='ocr_par' dir='ltr' id='par_1_114' title="bbox 1883 5207 3539 5281">
     <span class='ocr_line' id='line_1_114' title="bbox 1883 5207 3539 5281; baseline -0.001 -15"><span class='ocrx_word' id='word_1_736' title='bbox 1883 5207 2173 5281; x_wconf 88' lang='lat' dir='ltr'>usurpant</span> <span class='ocrx_word' id='word_1_737' title='bbox 2202 5213 2490 5281; x_wconf 73' lang='lat' dir='ltr'>auctores,</span> <span class='ocrx_word' id='word_1_738' title='bbox 2523 5207 2619 5281; x_wconf 89' lang='lat' dir='ltr'>hic</span> <span class='ocrx_word' id='word_1_739' title='bbox 2647 5207 2843 5264; x_wconf 80' lang='lat' dir='ltr'>tamen</span> <span class='ocrx_word' id='word_1_740' title='bbox 2873 5207 3237 5281; x_wconf 83' lang='lat' dir='ltr'>intelligendi</span> <span class='ocrx_word' id='word_1_741' title='bbox 3265 5207 3539 5264; x_wconf 80' lang='lat' dir='ltr'>videntur</span> 
     </span>
    </p>
   </div>
   <div class='ocr_carea' id='block_1_115' title="bbox 1883 5278 3412 5352">
    <p class='ocr_par' dir='ltr' id='par_1_115' title="bbox 1883 5278 3412 5352">
     <span class='ocr_line' id='line_1_115' title="bbox 1883 5278 3412 5352; baseline -0.003 -15"><span class='ocrx_word' id='word_1_742' title='bbox 1883 5278 2092 5337; x_wconf 81' lang='lat' dir='ltr'>calices</span> <span class='ocrx_word' id='word_1_743' title='bbox 2124 5296 2226 5336; x_wconf 89' lang='lat' dir='ltr'>seu</span> <span class='ocrx_word' id='word_1_744' title='bbox 2260 5278 2490 5352; x_wconf 86' lang='lat' dir='ltr'>pocilla,</span> <span class='ocrx_word' id='word_1_745' title='bbox 2524 5279 2608 5335; x_wconf 90' lang='lat' dir='ltr'>uti</span> <span class='ocrx_word' id='word_1_746' title='bbox 2642 5278 3122 5352; x_wconf 77' lang='lat' dir='ltr'>exsequentibus</span> <span class='ocrx_word' id='word_1_747' title='bbox 3153 5283 3412 5352; x_wconf 86' lang='lat' dir='ltr'>apparet.</span> 
     </span>
    </p>
   </div>
   <div class='ocr_carea' id='block_1_116' title="bbox 1955 5349 3538 5423">
    <p class='ocr_par' dir='ltr' id='par_1_116' title="bbox 1955 5349 3538 5423">
     <span class='ocr_line' id='line_1_116' title="bbox 1955 5349 3538 5423; baseline -0.001 -16"><span class='ocrx_word' id='word_1_748' title='bbox 1955 5353 2069 5423; x_wconf 82' lang='lat'>(29)</span> <span class='ocrx_word' id='word_1_749' title='bbox 2099 5352 2183 5407; x_wconf 90' lang='lat' dir='ltr'>Ita</span> <span class='ocrx_word' id='word_1_750' title='bbox 2212 5349 2517 5407; x_wconf 77' lang='lat' dir='ltr'>cervisiam</span> <span class='ocrx_word' id='word_1_751' title='bbox 2550 5367 2650 5423; x_wconf 84' lang='lat' dir='ltr'>seu</span> <span class='ocrx_word' id='word_1_752' title='bbox 2684 5349 2866 5407; x_wconf 85' lang='lat' dir='ltr'>zitum</span> <span class='ocrx_word' id='word_1_753' title='bbox 2896 5357 3124 5421; x_wconf 90' lang='lat' dir='ltr'>vocant,</span> <span class='ocrx_word' id='word_1_754' title='bbox 3158 5349 3246 5408; x_wconf 70' lang='lat' dir='ltr'>eo</span> <span class='ocrx_word' id='word_1_755' title='bbox 3269 5351 3424 5423; x_wconf 90' lang='lat' dir='ltr'>quod</span> <span class='ocrx_word' id='word_1_756' title='bbox 3469 5364 3538 5405; x_wconf 80' lang='lat' dir='ltr'>cx</span> 
     </span>
    </p>
   </div>
   <div class='ocr_carea' id='block_1_117' title="bbox 1880 5422 3534 5496">
    <p class='ocr_par' dir='ltr' id='par_1_117' title="bbox 1880 5422 3534 5496">
     <span class='ocr_line' id='line_1_117' title="bbox 1880 5422 3534 5496; baseline -0.002 -18"><span class='ocrx_word' id='word_1_757' title='bbox 1880 5422 2077 5480; x_wconf 79' lang='lat' dir='ltr'>cerere</span> <span class='ocrx_word' id='word_1_758' title='bbox 2109 5440 2211 5479; x_wconf 87' lang='lat' dir='ltr'>seu</span> <span class='ocrx_word' id='word_1_759' title='bbox 2243 5439 2310 5496; x_wconf 68' lang='lat' dir='ltr'>ex</span> <span class='ocrx_word' id='word_1_760' title='bbox 2341 5423 2540 5496; x_wconf 73' lang='lat' dir='ltr'>granis</span> <span class='ocrx_word' id='word_1_761' title='bbox 2569 5422 2769 5496; x_wconf 82' lang='lat' dir='ltr'>hordei</span> <span class='ocrx_word' id='word_1_762' title='bbox 2818 5423 3219 5496; x_wconf 16' lang='lat' dir='ltr'>potissimumg</span> <span class='ocrx_word' id='word_1_763' title='bbox 3246 5422 3534 5496; x_wconf 58' lang='lat' dir='ltr'>eliciatur2</span> 
     </span>
    </p>
   </div>
   <div class='ocr_carea' id='block_1_118' title="bbox 1886 5492 3538 5568">
    <p class='ocr_par' dir='ltr' id='par_1_118' title="bbox 1886 5492 3538 5568">
     <span class='ocr_line' id='line_1_118' title="bbox 1886 5492 3538 5568; baseline -0.003 -16"><span class='ocrx_word' id='word_1_764' title='bbox 1886 5496 1949 5553; x_wconf 89' lang='lat' dir='ltr'>Id</span> <span class='ocrx_word' id='word_1_765' title='bbox 1981 5512 2167 5568; x_wconf 88' lang='lat' dir='ltr'>genus</span> <span class='ocrx_word' id='word_1_766' title='bbox 2220 5492 2490 5568; x_wconf 74' lang='lat' dir='ltr'>miraculi</span> <span class='ocrx_word' id='word_1_767' title='bbox 2547 5494 2796 5568; x_wconf 84' lang='lat' dir='ltr'>refertur</span> <span class='ocrx_word' id='word_1_768' title='bbox 2818 5492 2903 5568; x_wconf 34' lang='lat' dir='ltr'>fin</span> <span class='ocrx_word' id='word_1_769' title='bbox 2933 5494 3066 5551; x_wconf 88' lang='lat' dir='ltr'>Vita</span> <span class='ocrx_word' id='word_1_770' title='bbox 3097 5496 3156 5552; x_wconf 86' lang='lat' dir='ltr'>S.</span> <span class='ocrx_word' id='word_1_771' title='bbox 3190 5493 3538 5568; x_wconf 73' lang='lat' dir='ltr'>Columbani</span> 
     </span>
    </p>
   </div>
   <div class='ocr_carea' id='block_1_119' title="bbox 1887 5563 3536 5646">
    <p class='ocr_par' dir='ltr' id='par_1_119' title="bbox 1887 5563 3536 5646">
     <span class='ocr_line' id='line_1_119' title="bbox 1887 5563 3536 5646; baseline -0.003 -25"><span class='ocrx_word' id='word_1_772' title='bbox 1887 5563 2051 5646; x_wconf 73' lang='lat' dir='ltr'>num.</span> <span class='ocrx_word' id='word_1_773' title='bbox 2073 5568 2181 5646; x_wconf 34' lang='lat'>263</span> <span class='ocrx_word' id='word_1_774' title='bbox 2215 5570 2275 5646; x_wconf 77' lang='lat' dir='ltr'>at</span> <span class='ocrx_word' id='word_1_775' title='bbox 2305 5565 2612 5646; x_wconf 72' lang='lat' dir='ltr'>Barcharie</span> <span class='ocrx_word' id='word_1_776' title='bbox 2643 5565 2830 5646; x_wconf 76' lang='lat' dir='ltr'>aptari</span> <span class='ocrx_word' id='word_1_777' title='bbox 2864 5582 2978 5646; x_wconf 79' lang='lat' dir='ltr'>non</span> <span class='ocrx_word' id='word_1_778' title='bbox 3009 5570 3201 5638; x_wconf 90' lang='lat' dir='ltr'>potest</span> <span class='ocrx_word' id='word_1_779' title='bbox 3193 5581 3232 5646; x_wconf 43' lang='grc' dir='ltr'>’Ξ</span> <span class='ocrx_word' id='word_1_780' title='bbox 3243 5563 3536 5646; x_wconf 74' lang='lat' dir='ltr'>siquidem</span> 
     </span>
    </p>
   </div>
   <div class='ocr_carea' id='block_1_120' title="bbox 1887 5635 3536 5712">
    <p class='ocr_par' dir='ltr' id='par_1_120' title="bbox 1887 5635 3536 5712">
     <span class='ocr_line' id='line_1_120' title="bbox 1887 5635 3536 5712; baseline -0.001 -20"><span class='ocrx_word' id='word_1_781' title='bbox 1887 5639 2107 5694; x_wconf 85' lang='lat' dir='ltr'>factum</span> <span class='ocrx_word' id='word_1_782' title='bbox 2124 5636 2340 5712; x_wconf 73' lang='lat' dir='ltr'>dicitur</span> <span class='ocrx_word' id='word_1_783' title='bbox 2360 5635 2707 5712; x_wconf 72' lang='lat' dir='ltr'>Columbam</span> <span class='ocrx_word' id='word_1_784' title='bbox 2725 5635 3174 5712; x_wconf 48' lang='lat' dir='ltr'>imperieﬁuem</span> <span class='ocrx_word' id='word_1_785' title='bbox 3192 5635 3536 5691; x_wconf 78' lang='lat' dir='ltr'>Berchariue</span> 
     </span>
    </p>
   </div>
   <div class='ocr_carea' id='block_1_121' title="bbox 1888 5708 2713 5782">
    <p class='ocr_par' dir='ltr' id='par_1_121' title="bbox 1888 5708 2713 5782">
     <span class='ocr_line' id='line_1_121' title="bbox 1888 5708 2713 5782; baseline -0.001 -16"><span class='ocrx_word' id='word_1_786' title='bbox 1888 5725 2109 5782; x_wconf 78' lang='lat' dir='ltr'>supper</span> <span class='ocrx_word' id='word_1_787' title='bbox 2134 5708 2329 5768; x_wconf 87' lang='lat' dir='ltr'>videre</span> <span class='ocrx_word' id='word_1_788' title='bbox 2360 5725 2474 5764; x_wconf 90' lang='lat' dir='ltr'>non</span> <span class='ocrx_word' id='word_1_789' title='bbox 2505 5708 2713 5780; x_wconf 87' lang='lat' dir='ltr'>potuit.</span> 
     </span>
    </p>
   </div>
  </div>
