3906 6350
383 371 499 433 675

1493 366 1827 427 ADSUNIS
1871 360 2308 426 DEBVENSIS
2353 360 2689 424 ABBATIS

3687 359 3806 421 676

383 520 603 578 astaret
631 514 764 567 ante
796 503 1025 560 abbatis
1057 500 1706 573 prmsentiam,interim
1740 504 1914 572 potus
1937 497 2033 553 ille
2061 497 2119 564 Α
2147 496 2332 553 rantis
2361 492 2657 565 illinierat,
2691 494 2847 551 idem
2893 498 3061 568 pater
3098 494 3385 551 miriﬁcus
3413 510 3527 548 non
3560 493 3807 548 modicae

383 612 444 671 in
475 603 778 663 vasculum
812 614 927 653 non
955 609 1195 650 cessans
1238 590 1493 646 deﬂuere
1523 589 1724 645 subter
1756 589 2035 660 positum,

383 700 698 777 postquam
737 689 812 745 ad
842 681 1211 757 superﬁciem
1241 678 1397 734 vasis
1425 682 1785 749 pervenerat,
1820 678 1880 733 in
1913 695 2037 733 mo-

383 765 832 844 dum—columna:
856 787 1106 846 superne
1145 768 1537 839 constipatum
1560 765 1618 821 in
1642 783 1851 839 gyrum
1881 784 2039 822 coro-

383 874 511 931 nari
552 871 744 943 cmpit.
782 866 945 923 Ultro
977 876 1245 917 cerneres
1278 857 1419 912 illud
1450 873 1638 929 genus
1672 856 2033 927 liquaminis,

381 981 499 1038 quo
525 962 617 1019 vix
639 954 914 1016 claustris
945 947 1230 1007 contineri
1260 946 1470 1012 valeat,
1501 949 1566 1001 ut
1606 944 1899 1017 quondam
1934 943 2037 998 Dei

380 1033 724 1110 transeunte
738 1042 950 1119 populo
964 1041 1186 1111 absque
1201 1035 1496 1091 littoribus
1519 1033 1793 1090 Jordanis
1819 1034 2037 1088 ﬂuenta

381 1142 441 1198 in
472 1139 725 1197 sublime
758 1133 879 1190 tolli
907 1151 920 1201 ;
947 1135 1008 1185 ut
1038 1126 1262 1200 liquido
1286 1128 1609 1197 patesceret
1640 1127 1860 1195 quanta
1881 1127 2036 1177 esset

377 1231 564 1287 virtus
586 1219 1125 1290 obedientiamcujus
1150 1218 1374 1271 fructus
1398 1212 1734 1267 uullomodo
1758 1212 1944 1283 possit
1976 1213 2033 1266 in

377 1325 592 1375 terram
617 1312 900 1386 deperire.
924 1312 995 1363 At
1016 1323 1149 1362 vero
1182 1304 1278 1358 ille
1302 1322 1415 1358 non
1435 1303 1561 1357 sine
1595 1302 1824 1356 abbatis
1855 1301 2035 1355 admi-

379 1406 603 1464 ratione
661 1419 950 1467 reversus,
982 1398 1200 1451 factum
1261 1391 1513 1464 stupuit,
1545 1391 1700 1462 quod
1745 1391 1909 1462 prius
1938 1408 2035 1462 po-

376 1497 564 1553 tuisse
597 1512 631 1550 a
662 1509 723 1547 se
752 1488 875 1545 ﬁeri
914 1484 1155 1542 omnino
1204 1498 1318 1536 non
1381 1478 1755 1551 pra-sumpsit
1786 1495 1799 1531 :
1834 1483 2029 1532 tamen

375 1587 467 1645 vir
485 1584 584 1642 ille
600 1585 844 1640 sanctus
862 1577 976 1633 hoc
998 1572 1154 1648 quod
1192 1570 1484 1627 acciderat
1504 1585 1620 1624 non
1642 1584 1768 1635 suo,
1804 1569 1906 1624 sed
1938 1572 2031 1623 to-

374 1681 507 1733 tum
536 1669 764 1730 abbatis
794 1666 886 1724 sui
917 1662 1124 1719 merito
1154 1655 1475 1731 deputavit.

447 1766 637 1822 Remos
660 1772 930 1821 reversus,
963 1749 1202 1810 Nivardo
1229 1746 1621 1803 monasterium
1652 1753 1961 1802 construere

880 1850 885 1853 ‘
928 1842 1187 1915 cogitanti
1214 1839 1473 1893 sociatur.

446 1945 498 2001 9.
538 1944 623 1999 Ita
653 1956 784 1997 vero
816 1951 950 1992 cum
974 1934 1101 2005 jam
1134 1931 1289 1984 esset
1345 1924 1712 1997 regularibus
1767 1923 2031 1996 apprime

375 2030 708 2104 disciplinis
730 2020 1208 2089 edoctus,divince
1234 2016 1458 2071 militiae
1489 2015 1548 2069 in
1572 2020 1886 2087 utramque
1906 2029 2031 2085 par-

374 2127 494 2178 tem
526 2103 707 2174 armis
737 2111 1145 2188 praemunitus,
1168 2112 1233 2162 ut
1262 2104 1532 2160 videlicet
1563 2120 1666 2175 per
1722 2103 1841 2158 haec
1902 2119 2028 2174 qua:

377 2211 551 2282 longo
582 2203 852 2262 exercitio
881 2194 1279 2263 didicisset,in
1303 2193 1449 2249 lucri
1482 2192 1767 2247 Dominici
1795 2191 2028 2263 dispen-

377 2281 665 2354 satiOnem
672 2296 799 2365 jam
812 2290 1200 2364 plurimorum
1216 2283 1389 2339 saluti
1404 2282 1707 2338 consulere
1720 2281 2027 2353 potuisset;

376 2384 806 2459 inprovinciam
834 2382 1147 2436 Remorum
1161 2374 1235 2430 ad
1256 2374 1314 2429 S.
1348 2371 1664 2427 Nivardum
1693 2370 2029 2442 pontiﬁcem

378 2458 705 2539 revertitur,
737 2470 839 2544 qui
863 2473 984 2524 tam
1007 2463 1322 2520 virtutibus
1364 2477 1542 2533 quam
1566 2460 1762 2528 rebus,
1796 2464 1861 2514 ut
1882 2458 2029 2514 dixi-
2064 2522 2065 2525 η

376 2581 532 2631 mus,
549 2578 728 2633 supra
756 2557 950 2631 gregis
972 2556 1064 2611 sui
1087 2551 1417 2609 custodiam
1439 2548 1708 2623 vigilans,
1743 2548 1927 2603 hostis
1950 2549 2032 2603 in-

375 2653 559 2712 sidias
598 2649 900 2713 rclidebat,
936 2650 1110 2716 atque
1166 2639 1625 2697 ecclesiasticam
1683 2638 2029 2710 dignitatem

377 2741 633 2815 profusis
664 2736 1038 2795 successibus
1094 2729 1417 2803 ampliabat
1448 2745 1461 2782 :
1497 2728 1709 2799 cuique
1741 2727 1880 2781 olim
1910 2726 2037 2781 vol-

374 2814 649 2889 ventibus
679 2828 851 2885 annis
882 2824 1089 2881 divina:
1146 2817 1551 2893 inspirationis
1607 2815 1889 2871 instinctu
1935 2814 2030 2870 hic

376 2922 551 2977 ardor
571 2918 845 2975 sensibus
867 2910 1184 2978 inerat;uti
1225 2910 1284 2964 in
1324 2906 1586 2979 quolibet
1612 2922 1730 2959 sua:
1762 2903 2030 2958 dicccesis

377 3007 764 3065 contubernio
795 3021 862 3059 eo
891 3001 1003 3057 loci
1034 3000 1107 3054 ad
1140 2996 1511 3053 serviendum
1545 2994 1660 3048 Deo
1689 2992 1901 3046 viventi
1934 2993 2032 3046 do-

378 3113 543 3153 mum
574 3095 961 3157 construeret,
994 3087 1093 3142 ubi
1126 3101 1320 3141 rerum
1360 3079 1750 3153 competentia
1804 3080 2029 3149 aptiora

377 3185 585 3240 divina:
615 3178 912 3238 servitutis
942 3174 1250 3231 commoda
1276 3169 1654 3242 przetulisset.
1680 3167 1786 3225 Illa
1813 3173 1938 3226 erat
1968 3168 2027 3221 in

2146 584 2497 657 quantitatis
2527 584 2712 656 pretio
2744 585 3191 656 acquisierat,ac
3222 584 3570 639 Rcmensem
3604 581 3807 636 Eccle-

2147 673 2318 740 siam,
2344 673 2435 728 cui
2470 677 2706 728 auctore
2736 672 2853 728 Deo
2875 673 3245 746 praesidebat,
3266 672 3555 728 haeredem
3588 670 3810 727 consti-

2146 767 2357 818 tuerat.
2393 762 2656 834 Denique
2688 761 3155 835 gloriosissimus
3181 761 3281 817 Dei
3314 760 3576 833 pontifex
3604 759 3809 814 Nivar-

2145 852 2259 907 dus
2291 849 2603 923 pastoralis
2634 850 2885 911 solertiae,
2910 850 3199 923 condigne
3230 847 3656 905 administrans
3687 848 3811 903 ofﬁ-

2146 940 2458 1006 cium,tum
2484 939 2554 994 ad
2578 937 2692 994 alia
2715 956 2832 994 suae
2863 938 3131 994 dioecesis
3159 938 3287 994 loca
3316 937 3643 1004 invisenda,
3678 940 3805 991 tum

2145 1044 2377 1100 quoque
2408 1029 2478 1083 ad
2512 1027 2670 1083 hunc
2716 1044 2866 1100 saepe
2920 1028 3114 1083 vicum
3171 1026 3497 1100 egrediens,
3532 1042 3649 1080 non
3682 1029 3806 1079 tam

2146 1118 2390 1189 propriae
2423 1134 2634 1171 causas
2680 1118 2891 1188 agebat
2936 1115 3445 1187 utilitatis,—quam
3478 1113 3715 1170 cunctis
3747 1130 3806 1168 se

2144 1206 2438 1261 affabilem
2490 1222 2725 1277 quoque
2776 1205 3077 1272 exhibens,
3112 1204 3363 1260 salutem
3396 1204 3804 1275 subjectorum

2144 1293 2384 1349 sedulus
2417 1295 2812 1364 impendebat.
2843 1294 3108 1365 Cumque
3139 1293 3262 1348 dies
3294 1310 3361 1347 ac
3392 1296 3590 1346 noctes
3621 1290 3805 1345 (ediﬁ-

2145 1383 2317 1437 candi
2352 1382 2683 1438 ccenobium
2704 1383 2762 1437 in
2795 1382 2992 1454 aliquo
3024 1382 3375 1454 praediorum
3406 1379 3810 1451 suorum,qui-

2144 1472 2252 1526 bus
2286 1471 2559 1527 nobiliter
2592 1471 2896 1544 temporali
2932 1488 3164 1544 quoque
3196 1470 3593 1525 emolumento
3628 1468 3803 1542 polle-

2142 1559 2263 1627 bat,
2297 1561 2572 1617 desiderii
2602 1561 3042 1617 continuatione
3073 1559 3380 1634 pervigiles
3410 1559 3670 1627 duceret,
3708 1574 3802 1614 as-

2140 1654 2379 1721 sumpto
2414 1666 2520 1705 suo
2552 1648 2673 1718 illo,
2710 1653 2776 1704 ut
2806 1666 2958 1722 saepe
2989 1649 3233 1718 solebat,
3268 1647 3591 1704 domestico
3624 1647 3798 1702 beato

2142 1738 2470 1810 Berchario)
2506 1755 2683 1794 causa
2713 1737 2954 1807 exstitit,
2988 1756 3107 1811 qua
3134 1738 3439 1811 praefatum
3468 1737 3669 1793 vicum
3701 1751 3799 1791 ex-

2140 1830 2333 1898 petere
2364 1844 2467 1899 pro
2500 1843 2659 1883 more
2691 1827 3199 1899 cogitaret.Hujus
3230 1843 3509 1900 processu
3538 1824 3801 1895 itineris,

2142 1932 2255 1986 quo
2275 1917 2345 1971 ad
2366 1917 2639 1972 eumdem
2669 1917 2864 1972 vicum
2898 1916 3172 1971 Maternae
3204 1914 3468 1971 ﬂuminis
3500 1913 3803 1969 littoribus

2141 2005 2484 2078 contiguum
2546 2006 2827 2074 tenditur,
2862 2006 3105 2078 quidam
3154 2006 3245 2061 sui
3298 2003 3452 2077 juris
3483 2002 3651 2059 locus
3683 2004 3809 2058 erat

2140 2094 2541 2166 gratissimus,
2573 2095 2672 2166 qui
2706 2092 3012 2166 paululum
3054 2094 3292 2149 reducto
3325 2092 3458 2149 sinu
3490 2093 3549 2146 in
3580 2090 3807 2146 montis

2142 2182 2319 2239 latere
2351 2183 2750 2239 ammnissimo
2782 2182 2981 2238 herbis
3012 2183 3345 2238 virentibus
3394 2194 3810 2253 aquarumque

2141 2272 2345 2328 rivulis
2373 2290 2441 2327 ex
2464 2271 2702 2328 sublimi
2735 2272 2947 2326 vertice
2978 2270 3189 2327 leniter
3216 2269 3615 2336 cfﬂuentibus,
3633 2269 3807 2323 arbo-

2141 2362 2423 2434 ribusque
2454 2378 2518 2417 ac
2555 2361 2742 2415 vincis
2775 2361 2833 2416 in
2864 2359 3065 2415 declivi
3099 2360 3562 2431 circumquaque
3593 2357 3812 2413 consti-

2142 2455 2334 2523 patus,
2370 2451 2726 2506 intuentium
2758 2449 2943 2506 oculis
2984 2448 3423 2505 oblectamenta
3461 2447 3801 2519 praestabat.

2140 2557 2377 2636 Nt'vardo
2410 2560 2467 2613 in
2495 2573 2740 2636 soporem
2770 2557 3059 2636 yers_o,loco
3087 2572 3185 2636 per
3211 2555 3469 2636 amotum
3497 2552 3802 2636 designato,

2209 2629 2529 2686 mandatum
2553 2627 2624 2686 de
2653 2628 2925 2686 condendo
2954 2627 3190 2684 ctenobio
3223 2627 3627 2683 Atiivillaremi
3660 2627 3803 2679 rcci-

2206 2705 2309 2773 pit.

2214 2807 2559 2862 10.Sanctus
2576 2806 2756 2879 igitur
2772 2807 3026 2879 pontifex
3042 2806 3153 2862 hoc
3172 2807 3280 2861 iter
3301 2820 3622 2878 aggressus
3634 2848 3650 2872 ,
3669 2817 3802 2857 cum

2132 2896 2259 2967 jam
2277 2912 2376 2951 eas
2397 2899 2592 2967 partes
2614 2912 2717 2966 per
2736 2894 2949 2950 clivum
2982 2895 3201 2949 montis
3234 2893 3547 2966 attigisset,
3581 2909 3707 2964 qua
3736 2891 3804 2944 de

2141 2987 2341 3038 contra
2372 2981 2474 3036 illa
2493 2982 2603 3037 loci
2625 2981 2948 3053 gradientis
2985 2982 3211 3036 visibus
3240 2998 3300 3037 se
3332 2981 3651 3036 ammnitas
3680 2994 3806 3051 pro-

2140 3071 2273 3143 pius
2299 3069 2631 3141 objecisset,
2664 3086 2842 3141 super
2869 3074 3137 3141 equestre
3160 3086 3275 3141 quo
3308 3070 3609 3124 ferebatur
3640 3067 3805 3123 vehi-

2139 3158 2337 3215 culum
2368 3174 2435 3213 eo
2464 3157 2625 3229 gravi
2654 3174 2860 3230 sopore
2890 3157 3335 3228 deprimitur,ut
3351 3158 3513 3211 omni
3533 3156 3808 3230 protinus

377 3274 487 3330 hac
517 3268 931 3326 deliberatione
961 3240 1472 3319 morarum—causa
1502 3257 2026 3329 permaxima,quo—
2055 3240 2099 3306 Ο
2137 3244 2314 3300 eundi
2373 3243 2649 3299 facultate
2688 3243 3071 3315 proscriptus,
3106 3247 3491 3316 symmystcm
3524 3261 3718 3299 suum
3747 3243 3804 3297 B.

378 3362 539 3418 niam
597 3356 829 3414 deesset
884 3368 1134 3427 persona
1184 3349 1301 3404 voti
1332 3348 1406 3403 ad
1437 3347 1493 3401 id
1525 3345 1817 3417 agendum
1849 3345 2029 3413 socia,

377 3467 506 3524 quae
538 3453 596 3505 et
623 3445 984 3503 desiderium
1014 3438 1316 3513 suppleret
1354 3434 1667 3509 pontiﬁcis,
1701 3438 1761 3490 et
1791 3438 2035 3490 strenua

378 3539 560 3596 in'Dei
578 3538 752 3593 rebus
770 3532 1128 3591 inveniretur
1144 3526 1426 3583 instantia
1455 3524 1841 3597 suscipiendae
1858 3528 2032 3578 tantae

380 3621 993 3685 collaborationis.Sed
1013 3619 1113 3675 diu
1147 3617 1204 3672 in
1236 3615 1415 3671 dubio
1445 3630 1769 3686 suspensus
1801 3611 2036 3668 animus

379 3731 752 3790 nequaquam
789 3708 1056 3768 frustrari
1087 3706 1281 3779 potuit
1330 3720 1433 3777 spe
1484 3702 1842 3775 jampridem
1898 3718 2034 3757 con-

380 3789 557 3877 ceptae
589 3799 959 3861 intentionis.
993 3794 1370 3854 Bereharium
1388 3792 1586 3863 itaque
1604 3789 1881 3862 praeripit,
1908 3793 2038 3845 vote

381 3892 657 3966 applicat,
690 3886 964 3947 consultu
997 3882 1301 3957 prmcligit,
1340 3880 1533 3936 virum
1564 3878 1803 3950 quidem
1834 3878 1893 3932 in
1933 3878 2036 3934 Dei

380 3983 558 4038 rebus
590 3982 889 4043 ideneum,
921 3974 1201 4046 religione
1227 3970 1562 4042 praeditum,
1591 3968 1788 4023 animo
1838 3968 2035 4024 efﬁca-

380 4087 532 4137 cem,
563 4068 918 4125 exteriorum
979 4060 1337 4134 experientia
1392 4075 1507 4113 non
1567 4057 1765 4112 minus
1825 4056 2037 4131 agilem

382 4175 560 4234 quam
591 4156 964 4229 prudentem.
996 4151 1261 4222 Cumque
1315 4164 1419 4220 per
1474 4146 1533 4201 id
1582 4145 1863 4234 temporis
1897 4147 2038 4201 urbs

382 4233 577 4317 illa,ut
607 4243 885 4310 diximus,
907 4246 963 4297 et
985 4237 1310 4295 multorum
1342 4236 1574 4291 ﬂoreret
1604 4233 1858 4305 ingenio,
1892 4238 1951 4290 et
1977 4234 2037 4288 in

383 4332 771 4391 admiratione
804 4324 1495 4400 reipublicae,divinorum
1527 4337 1767 4392 operum
1788 4320 2040 4394 insignis

384 4422 699 4478 haberetur
719 4414 1255 4483 commercio,hunc
1283 4415 1478 4466 tamen
1510 4407 1895 4477 solum,hunc
1925 4410 2037 4465 sibi

386 4508 664 4567 adsciscit
680 4502 1163 4580 praicipuum,cui
1182 4514 1441 4555 consona
1460 4496 1806 4552 auctoritate
1837 4502 1894 4553 ct
1919 4515 2039 4553 me-

2141 3332 2516 3389 Bercharium
2540 3330 3265 3403 inclamaret,omnemquc
3283 3331 3449 3386 illum
3471 3337 3807 3402 equestrem

2143 3420 2242 3494 qui
2272 3425 2413 3476 tunc
2445 3421 2589 3477 forte
2621 3437 2683 3477 se
2713 3420 3105 3476 comitabatur
3161 3420 3429 3476 ordinem
3490 3424 3654 3476 stare
3685 3421 3805 3476 loc)

2143 3510 2564 3584 przeeiperet,et
2586 3509 2803 3582 quibus
2822 3510 2895 3565 ad
2912 3526 3183 3582 soporem
3202 3512 3511 3582 urgeretur
3540 3507 3805 3566 stimulis

2144 3599 2442 3672 patentius
2474 3599 2777 3655 indicaret.
2812 3599 2975 3666 Ecce,
3009 3599 3225 3672 inquit,
3258 3598 3516 3656 irruente
3575 3596 3804 3672 soporis

2145 3687 2514 3744 immanitate
2544 3704 2714 3744 secus
2745 3687 2918 3744 solito
2936 3687 3255 3757 concutior,
3271 3687 3354 3743 ita
3383 3692 3450 3743 ut
3471 3687 3612 3743 hinc
3646 3702 3804 3761 gres-

2146 3793 2278 3833 snm
2311 3793 2669 3849 promovere,
2704 3776 2986 3850 impotem
3011 3794 3103 3833 me
3118 3793 3248 3833 esse
3273 3776 3512 3833 omnino
3542 3775 3802 3832 conﬁde-

2146 3882 2290 3921 rem.
2327 3865 2677 3921 Procuretur
2706 3882 2842 3939 ergo
2902 3866 3073 3921 fessis
3113 3865 3360 3922 artubus
3391 3866 3547 3923 inter
3568 3864 3698 3920 hinc
3724 3862 3801 3916 vi-

2146 3958 2303 4010 recta
2334 3955 2642 4009 amcenitas
2674 3953 2982 4026 paululum
3041 3954 3388 4022 divertendi,
3422 3959 3488 4009 ut
3516 3948 3799 4008 redeunti-

2146 4044 2259 4099 bus
2291 4060 2394 4115 pcr
2422 4059 2690 4116 soporem
2722 4043 2945 4099 viribus
2968 4048 3222 4115 emptum
3247 4042 3527 4098 reddatur
3554 4038 3802 4098 facultas

2144 4132 2256 4187 iter
2286 4130 2621 4204 peragendi.
2658 4131 2817 4186 Inter
2847 4130 2964 4187 late
2995 4131 3257 4203 patentia
3286 4147 3528 4187 nemora
3572 4126 3800 4185 diﬂ‘usis

2148 4219 2476 4287 frondibus,
2510 4219 2832 4275 virentibus
2866 4219 3019 4275 foliis
3050 4219 3295 4275 instanti
3328 4219 3411 4276 rei
3442 4222 3609 4293 grata
3641 4218 3800 4288 fagus

2147 4308 2405 4381 eligitur.

2304 4425 2428 4473 Hinc
2459 4424 2590 4474 alias
2620 4425 2759 4473 inter
2787 4428 2995 4475 tantum
3026 4430 3186 4489 caput
3214 4425 3404 4476 extulit
3432 4424 3604 4484 alnos,

2308 4503 2576 4560 Quantum
2604 4502 2747 4552 lenta
2778 4504 2949 4553 solent
2970 4505 3111 4555 inter
3138 4506 3367 4556 viburna
3396 4504 3653 4567 cupressi.

384 4602 496 4657 rito
516 4601 721 4655 futura:
741 4596 969 4653 fabricae
1002 4607 1203 4647 curam
1235 4590 1570 4659 deponeret,
1604 4590 1661 4640 et
1689 4587 1816 4641 sani
1850 4588 2040 4660 dispo-
2069 4608 2117 4674 D
2220 4592 2365 4647 Huic
2398 4592 2594 4664 itaque
2624 4593 2815 4649 arbori
2848 4594 3011 4651 ocius
3044 4611 3105 4649 se
3137 4594 3340 4650 subter
3369 4592 3647 4665 injiciunt
3676 4601 3793 4660 gra-

387 4689 618 4759 sitione,
653 4684 881 4742 consilii
914 4680 1073 4737 omni
1105 4678 1188 4733 illi
1214 4680 1519 4733 structurae
1554 4674 1884 4746 specialiter
1908 4693 2046 4748 pris-

389 4777 704 4831 ﬁciendum
721 4766 1367 4828 decerneret.Praadium
1381 4762 1783 4835 estpublicum
1815 4764 1873 4819 in
1894 4782 2042 4837 pago

391 4863 663 4920 Remensi
695 4868 823 4917 octo
856 4857 1118 4913 millibus
1149 4856 1221 4910 ab
1251 4853 1391 4908 urbe
1420 4852 1803 4924 disparatum,
1839 4854 1931 4909 cui
1960 4855 2041 4909 vi-

392 4951 601 5007 delicet
618 4966 734 5006 aevo
762 4944 1108 5021 praecedenti
1134 4945 1469 5015 Sparnacus
1502 4940 1796 5012 (Epcrnay)
1832 4959 2043 5021 nomen

392 5041 575 5097 fuisse
607 5015 840 5094 constat
870 5033 1239 5106 impositum,
1274 5030 1431 5102 quod
1462 5029 1601 5085 olim
1635 5015 2046 5100 quidem,teih-

394 5145 531 5202 pore
547 5126 770 5184 scilicet
800 5121 1109 5179 Chlodovei
1129 5121 1486 5175 Francorum
1510 5118 1707 5190 magni
1741 5119 2043 5192 principis,

393 5233 570 5292 quem
629 5217 837 5271 beatus
898 5210 1201 5282 Remigius
1252 5207 1571 5297 apostolica
1620 5208 1962 5265 auctoritate
1993 5214 2050 5264 et

395 5306 674 5381 praeditus
704 5308 760 5360 et
786 5302 1084 5376 probatus,
1119 5297 1385 5353 doctrina
1413 5302 1468 5351 ct
1486 5297 1802 5352 virtutibus
1829 5298 2052 5372 magni-

395 5398 562 5463 ﬁcus,
595 5411 730 5449 cum
760 5409 866 5449 suo
899 5388 1178 5454 exercitu,
1213 5391 1277 5442 ut
1304 5385 1362 5440 in
1393 5386 1575 5458 gestis
1626 5386 1754 5456 ejus
1813 5386 2057 5459 legitur,

395 5482 658 5558 angelico
690 5479 1018 5538 ministerio
1066 5493 1231 5534 sacro
1262 5474 1579 5532 chrismate
1613 5492 1775 5547 aquae
1809 5492 2048 5549 regene-

469 5610 581 5683 (30)
614 5602 1335 5683 Hanchistoriamhpaulo
1392 5601 1588 5683 aliterA
1609 5600 1888 5683 describit

399 5674 653 5745 doerdus
674 5681 736 5742 in
757 5680 857 5741 lib.
890 5677 1090 5740 ubist.
1117 5674 1278 5742 Rem.
1304 5690 1430 5750 cap.
1453 5675 1508 5732 7.
1551 5674 1774 5750 Quippe
1807 5674 2049 5749 Dorche-

2154 4681 2236 4737 tia
2265 4681 2626 4752 quiescendi.
2662 4683 2750 4737 Ita
2808 4682 3093 4739 individui
3154 4684 3244 4738 sui
3304 4680 3536 4740 comitis
3583 4681 3644 4735 B.
3680 4678 3796 4732 Ber-

2155 4770 2336 4826 charii
2370 4769 2493 4825 solo
2520 4771 2928 4827 decumbentis
2988 4773 3272 4829 festinans
3332 4768 3654 4841 composito
3682 4778 3794 4819 ver-

2154 4860 2267 4915 tice
2298 4859 2520 4932 gremio
2547 4859 2745 4932 recipi,
2781 4861 3063 4917 sternitur
3107 4861 3203 4917 hic
3262 4858 3473 4932 patulae
3523 4856 3796 4914 recubans

2156 4950 2266 5004 sub
2299 4948 2555 5021 tegmine
2588 4949 2726 5021 fagi,
2759 4949 2906 5016 Quid
2939 4968 3072 5006 vero
3104 4955 3242 5005 tunc
3286 4947 3553 5003 miraculi
3584 4943 3792 5001 cmlitus

2157 5037 2237 5093 sit
2264 5043 2591 5109 ostensum,
2624 5038 2757 5111 styli
2816 5038 2955 5094 duxi
3000 5039 3193 5095 ofﬁcio
3225 5055 3339 5094 non
3374 5036 3641 5108 improbe
3668 5027 3794 5086 inti-

2158 5127 2463 5194 mandum,
2497 5131 2564 5182 ut
2594 5144 2859 5199 superna:
2909 5126 3323 5184 illustrationis
3372 5125 3589 5181 veritas
3619 5125 3793 5178 osten-

2159 5215 2445 5288 deret,qui
2478 5220 2675 5271 essent
2700 5232 2849 5288 quos
2868 5216 3147 5273 silvarum
3178 5214 3441 5273 densitas
3472 5208 3793 5270 obtexisset.

2161 5304 2400 5360 Interim
2418 5304 2692 5377 pontiﬁce
2711 5305 3066 5376 quiescente,
3083 5311 3324 5361 sanctus
3353 5304 3440 5360 vir
3471 5294 3793 5359 Berchariuﬁ

2158 5393 2219 5447 in
2241 5392 2451 5449 cmlum
2488 5392 2694 5449 deﬁxis
2726 5392 3054 5450 luminibus
3085 5392 3295 5467 aspicit
3326 5392 3520 5449 subito
3554 5405 3678 5446 aere
3706 5395 3794 5455 ρετ

2157 5499 2430 5539 serenum
2456 5483 2771 5553 conspicuo
2798 5481 3131 5538 columbam
3148 5483 3304 5555 (30)e
3334 5479 3682 5538 sublimibus
3709 5470 3789 5525 de—

2159 5607 2281 5690 riu‘s
2313 5606 3090 5690 postvvisionemncolumbae
3121 5607 3216 5663 hic
3246 5606 3488 5690 relatam
3521 5605 3784 5690 l'acryrqaf

2158 5666 2381 5737 fudisse
2435 5678 2667 5739 dicitur.
2706 5701 2733 5731 ‹‹
2763 5679 3147 5757 Experrectus
3205 5683 3400 5743 autem
3430 5666 3728 5739 B.‘Praesul
3754 5679 3784 5723 α
