3906 6368
136 346 252 406 67³7

1361 339 1462 400 DE
1509 339 1692 401 Vl'l‘A
1740 340 1807 401 S.
1853 337 2300 401 BERCHARII.

3433 346 3556 406 678

139 477 434 541 scendere,
454 476 619 530 niveo
651 474 875 546 fulgore
908 473 1448 545 radiantem,atque
1477 476 1662 528 eidem
1697 475 1787 527 cui
1819 475 1874 541 Α
1901 472 2132 526 testaris
2167 472 2744 540 illatum,manifesta
2770 474 2868 530 Dei
2899 477 3111 530 virtute
3132 481 3359 536 noveris
3377 481 3553 536 etiam

137 563 420 620 substrati
438 567 779 619 manserant
795 563 987 618 arbori
1013 561 1221 616 leniter
1238 562 1610 616 insidentem.
1627 562 1796 617 Cum-

139 669 249 726 que
279 653 340 708 in
369 669 498 709 eam
521 651 826 708 oculorum
851 650 1126 723 dirigeret
1147 651 1352 716 aciem,
1371 650 1679 720 diligenter
1698 669 1793 706 ex-

139 741 363 816 plorare
395 741 660 812 cupiens,
681 757 968 812 quasnam
1003 739 1059 793 in
1095 743 1289 810 partes
1319 738 1439 794 ales
1463 739 1556 794 ille
1589 741 1793 794 niveus

141 830 428 886 declinare
443 829 800 895 decerneret,
820 833 1054 901 repente
1074 827 1298 882 alarum
1319 827 1508 883 soluto
1527 829 1790 900 remigio,

140 919 210 976 ab
241 919 444 974 arbore
477 918 572 974 cui
625 918 919 973 insederat
967 916 1218 989 prosilit,
1253 921 1308 972 et
1349 933 1628 988 rumpens
1661 934 1795 972 aera

138 1024 406 1074 vacuum,
443 1007 653 1062 futura:
686 1006 942 1079 spatium
976 1005 1205 1060 fabricae
1237 1005 1684 1071 circumvolans,
1709 1006 1790 1060 lo-

141 1095 340 1152 cumin
356 1113 470 1168 quo
483 1097 814 1152 emnobium
833 1094 1088 1150 construi
1105 1095 1328 1158 debeat,
1351 1112 1490 1166 gyro
1504 1095 1789 1166 designat,

140 1185 446 1258 prmsentia
467 1183 1057 1254 sanctificat,expleto
1081 1183 1189 1238 hoc
1213 1183 1793 1249 liistramine,rursus

143 1279 272 1327 nota
303 1272 584 1344 recipitur
614 1274 1116 1343 arboreJIumque
1149 1273 1383 1326 eosdem
1418 1273 1506 1327 sui
1532 1273 1792 1325 ambitus

140 1361 384 1416 circulos
415 1361 542 1416 ρωιί
578 1360 822 1416 nuntius
845 1361 913 1414 ad
951 1361 1155 1414 futura:
1189 1361 1268 1415 rei
1314 1361 1609 1414 firmitatis
1642 1361 1790 1414 indi-

142 1451 292 1504 cium
326 1450 493 1506 tertio
525 1449 854 1520 repetisset,
888 1448 1104 1519 patenti
1159 1448 1302 1503 cmlo
1346 1449 1699 1512 reconditur,
1736 1452 1792 1502 et

142 1538 524 1595 nihilominus
546 1537 890 1593 hominibus
923 1537 980 1591 in
1017 1542 1169 1592 terra
1208 1538 1555 1609 degentibus
1586 1537 1791 1592 divina:

139 1627 451 1683 voluntatis
473 1625 823 1700 prmsagium
843 1626 1182 1698 aperitur,et
1208 1643 1363 1680 novm
1387 1626 1793 1681 admirationis

139 1715 450 1790 vestigium
472 1715 848 1788 relinquitur.
866 1713 1052 1770 Intelli
1061 1715 1144 1786 git
1164 1715 1257 1770 hic
1275 1715 1359 1768 vir
1381 1719 1793 1787 sanctus,puro

141 1808 202 1860 ut
221 1809 344 1861 erat
362 1804 835 1878 animo,signum
859 1820 986 1860 esse
1025 1804 1276 1870 C(l'lt‘SlC,
1303 1821 1416 1876 quo
1441 1809 1495 1858 et
1527 1805 1794 1858 dubitan-

141 1893 282 1972 tium
315 1893 498 1950 animi
521 1893 1106 1960 ﬁrmarentur,etdiu
1142 1893 1386 1948 dilatum
1421 1911 1567 1964 opus
1600 1895 1657 1948 in
1693 1893 1790 1948 Dei

141 1982 414 2060 servitute
436 1982 861 2038 fundaretur.0
886 1983 1118 2037 beatum
1144 1981 1332 2036 virum
1352 1984 1440 2037 cui
1468 1983 1794 2037 ostenditur

141 2070 422 2142 corporali
453 2069 670 2126 intuitu
704 2070 975 2142 angelicae
1009 2070 1264 2140 dignitas
1295 2071 1556 2134 visionis,
1580 2071 1634 2124 in
1662 2088 1789 2142 spe-

140 2157 222 2212 cie
241 2156 527 2213 columba:
559 2156 876 2223 rutilantis,
899 2158 970 2212 ad
1003 2158 1501 2228 comprobandum
1538 2159 1794 2212 testimo-

143 2237 298 2292 nium
337 2236 686 2293 innocentia:
719 2243 775 2292 et
806 2236 1096 2309 puritatis.
1134 2238 1234 2291 Est
1281 2239 1456 2291 etiam
1502 2239 1559 2291 in
1594 2239 1699 2292 hac
1733 2255 1791 2292 re

144 2323 280 2380 illud
311 2340 548 2397 quoque
576 2341 693 2380 non
725 2323 922 2379 minus
953 2323 1316 2390 admirabile,
1339 2325 1476 2395 quia
1507 2327 1659 2396 quod
1685 2327 1792 2380 iste

145 2414 542 2487 corporalibus
573 2413 1029 2485 deprehenderat
1059 2411 1386 2478 oculis,hoc
1419 2412 1573 2468 idem
1605 2413 1796 2484 quies-

145 2518 274 2558 cens
295 2506 539 2558 sanctus
560 2501 817 2574 pontifex
837 2505 1100 2555 senserat
1121 2517 1328 2572 sopore
1348 2500 1599 2557 cmlestis
1618 2503 1792 2556 visio-

146 2591 253 2647 nis.
286 2591 394 2658 Qui
427 2605 565 2646 cum
598 2594 729 2662 post
777 2587 1208 2660 aliquantulum
1252 2597 1534 2661 perceptze
1580 2590 1795 2662 quietis

147 2679 394 2751 spatium
427 2694 639 2734 somno
670 2677 918 2744 excitus,
949 2683 1126 2748 caput
1153 2677 1226 2732 ab
1252 2677 1388 2732 imis
1421 2695 1675 2750 superna
1707 2695 1794 2734 re-

143 2767 420 2824 velatione
454 2767 818 2840 praedoctus
865 2766 1115 2837 erigeret
1148 2783 1160 2820 :
1195 2766 1261 2833 Ο,
1294 2765 1507 2838 inquit,
1528 2773 1794 2822 votorum

145 2869 398 2912 meorum
431 2872 680 2928 compar
707 2853 1259 2926 fidelissime,quam
1289 2861 1520 2927 gratum
1545 2856 1686 2910 mihi
1707 2861 1798 2910 est

146 2943 250 2999 huc
272 2944 585 3017 paululum
607 2943 795 3016 gratia
817 2944 1043 3015 soporis
1067 2959 1169 3015 pro
1188 2949 1446 3015 tempore
1469 2944 1793 3009 divertisse,

143 3046 306 3104 quem
361 3036 598 3088 constat
642 3048 746 3104 per
790 3031 889 3087 Dei
939 3031 1189 3104 gratiam
1223 3035 1397 3086 tanta:
1428 3031 1797 3087 revelationis

146 3120 483 3192 mysterium
517 3119 747 3174 caelitus
781 3119 1112 3192 agnovisse.
1137 3119 1279 3174 Ecce
1311 3119 1466 3175 enim
1507 3119 1645 3176 hinc
1669 3123 1796 3192 jam

1904 559 2282 632 corporaliter
2313 561 2492 617 fuisse
2516 565 2944 636 conspicatum.

1905 665 2207 721 Childcriro
2228 669 2476 739 juranlc,
2506 670 2786 724 ecclesiam
2808 671 2862 724 S.
2885 671 3060 740 Petro,
3081 674 3253 728 aliam
3283 675 3346 728 Β.
3371 674 3557 732 Mariae

2496 749 2659 796 curat
2685 741 2949 797 dedicari.

1977 827 2060 880 11.
2097 825 2196 880 His
2246 827 2424 898 igitur
2470 828 2709 884 alternis
2757 829 2839 885 ita
2869 833 3334 901 conserentibus,
3371 835 3554 893 altero

1902 914 2138 985 quidem
2172 916 2322 986 quod
2357 917 2414 971 in
2449 918 2673 973 somnis
2714 924 2994 988 senserat,
3021 921 3200 976 altero
3233 939 3364 977 vero
3396 927 3551 995 quod

1901 1001 2086 1055 oculis
2108 1005 2400 1074 corporeis
2416 1012 2739 1076 aspexerat,
2757 1023 2847 1061 res
2872 1007 2925 1060 in
2962 1015 3337 1080 prospectum
3369 1012 3553 1067 dedu-

1901 1089 2259 1170 citurloeum
2287 1091 2448 1146 illum
2471 1093 2733 1163 angelica
2757 1094 3205 1166 perlustratione
3228 1099 3552 1171 signatum,

1901 1178 1973 1232 ad
1994 1179 2283 1247 agendum
2308 1181 2510 1233 divinm
2528 1182 2820 1236 servitutis
2840 1185 3185 1255 obsequium
3203 1187 3351 1242 mira
3367 1188 3558 1260 dispo-

1900 1265 2112 1320 sitione
2135 1285 2167 1320 a
2191 1267 2303 1320 Deo
2324 1286 2452 1320 esse
2475 1287 2651 1340 quam
2677 1271 2990 1340 dignanter
3011 1272 3279 1328 electum.
3300 1276 3383 1330 Ita
3422 1294 3556 1333 vero

1902 1360 2172 1426 percepta
2207 1361 2379 1409 tantm
2413 1358 2779 1412 revelatiouis
2810 1361 2880 1412 de
2911 1360 3246 1415 cmlestibus
3279 1364 3454 1418 simul
3500 1371 3558 1421 et

1901 1443 2318 1499 consolationis
2349 1446 2537 1514 gratia
2560 1445 2836 1500 certiores
2861 1447 3092 1519 utrique
3125 1449 3284 1517 facti,
3317 1457 3372 1505 et
3403 1454 3558 1523 quod

1901 1535 2024 1585 erat
2055 1532 2397 1602 ambiguum
2431 1531 2537 1587 loci
2569 1534 2974 1606 designatione
3006 1536 3336 1608 specialiter
3350 1540 3562 1612 cdocti,

1903 1618 2038 1674 inde
2069 1619 2241 1674 ambo
2273 1625 2658 1692 consurgunt,
2679 1638 2744 1676 ac
2777 1623 2825 1676 si
2857 1622 3057 1678 oculos
3081 1625 3328 1683 antistes
3355 1627 3562 1684 beatis.

1903 1707 2091 1763 simus
2122 1709 2179 1762 in
2212 1707 2422 1763 cmlum
2455 1709 2919 1779 dirigens,illum
2939 1712 3206 1784 protinus
3229 1719 3348 1770 tota
3368 1717 3562 1773 cordis

1903 1797 2226 1851 intentione
2243 1795 2834 1869 collaudans,gratias
2857 1798 2974 1872 egit
2996 1799 3053 1854 in
3075 1816 3248 1872 quem
3271 1803 3344 1858 ab
3363 1806 3560 1860 aeterni

1903 1885 2089 1940 Patris
2111 1890 2331 1940 secreto
2361 1886 2613 1957 Spiritus
2649 1891 2892 1941 sanctus
2925 1888 3210 1960 corporali
3256 1891 3450 1962 specie
3499 1893 3556 1948 iu

1901 1973 2171 2029 columba
2189 1974 2580 2041 descendit,ac
2597 1975 2836 2028 fluentia
2851 1975 3125 2030 Jordanis
3141 1977 3286 2032 sacri
3299 1981 3561 2052 corporis

1901 2062 2180 2116 tinctione
2211 2061 2269 2114 in
2303 2065 2636 2116 nostrorum
2689 2061 3045 2118 ablutionem
3091 2065 3377 2122 scelerum
3417 2069 3560 2124 cmlo

1906 2155 2139 2221 patente
2172 2150 2382 2203 beavit.
2419 2149 2779 2204 Pra‘cedente
2829 2150 3025 2222 itaque
3058 2151 3116 2205 in
3166 2153 3560 2212 conditionem

1903 2239 2100 2293 zeterni
2117 2237 2476 2292 tabernaculi
2493 2243 2653 2291 tanto
2671 2255 2734 2292 ac
2751 2238 2852 2292 tali
2873 2241 3133 2311 auspicio
3160 2257 3172 2294 :
3198 2242 3353 2307 Tibi,
3372 2243 3565 2316 inquit

1903 2328 1972 2382 ad
1996 2328 2055 2380 Β.
2087 2327 2465 2381 Bercharium
2491 2325 2704 2397 prmsul
2726 2327 3239 2400 eximius,tuzeque
3261 2331 3564 2390 industriae

1904 2417 2012 2471 hoc
2037 2420 2304 2470 sanctum
2325 2432 2472 2487 opus
2491 2416 2738 2486 dispono
2755 2417 3138 2482 committere,
3155 2423 3219 2472 ut
3239 2419 3568 2494 quem'pru-

1903 2505 2108 2560 dentia
2140 2509 2195 2559 et
2227 2505 2540 2558 sanctitate
2571 2504 2892 2574 perfectum
2936 2521 3063 2560 esse
3113 2522 3229 2560 non
3277 2507 3567 2565 dubitem.

1905 2592 2230 2666 principem
2253 2609 2486 2664 quoque
2519 2591 2575 2645 in
2600 2591 3032 2648 constructione
3053 2593 3306 2650 celestis
3331 2597 3565 2654 fabrica:

1904 2688 1962 2737 te
1983 2683 2119 2751 jure
2148 2681 2500 2736 conciscam.
2517 2681 2681 2744 Quod
2714 2680 2800 2734 vir
2821 2680 3074 2748 Domini,
3098 2683 3310 2738 ardens
3331 2689 3397 2740 ut
3415 2691 3560 2754 erat,

1903 2771 2044 2824 totis
2074 2770 2320 2823 affluens
2354 2767 2414 2822 in
2457 2767 2772 2822 Dominum
2804 2767 3149 2836 visceribus,
3183 2771 3274 2826 cui
3319 2770 3562 2829 inimica

1906 2857 2160 2928 profecto
2183 2856 2377 2910 omnis
2397 2854 2650 2926 ignavia,
2674 2855 2864 2910 amica
2882 2873 3015 2911 vero
3033 2858 3324 2914 indefessa
3341 2859 3561 2918 laboris

1905 2943 2242 3009 efficacitas,
2261 2942 2509 2997 libenter
2531 2943 2888 3014 suscipiens,
2909 2947 3074 3000 tanto
3097 2945 3476 3018 amplectitur
3489 2948 3560 3005 de

1905 3032 2140 3100 siderio,
2165 3037 2385 3104 quanta
2417 3031 2476 3086 in
2499 3049 2566 3086 eo
2589 3048 2848 3104 superna
2875 3034 3064 3105 gratia
3086 3035 3430 3092 meritorum
3461 3053 3559 3093 ex-

1906 3125 2162 3175 creverat
2193 3119 2560 3191 magnitudo.
2593 3121 2662 3174 Et
2691 3120 2970 3192 quoniam
3001 3121 3260 3194 seipsum
3277 3124 3404 3195 jam
3427 3129 3562 3182 ante

147 3206 302 3264 laetus
331 3206 696 3280 progredior,
717 3207 994 3262 cmlornm
1028 3208 1198 3280 signa
1235 3223 1470 3278 sequor,
1502 3210 1657 3279 quod
1692 3209 1791 3264 diu
1823 3209 1866 3275 C
1905 3209 2160 3280 Spiritus
2191 3207 2375 3263 sancti
2403 3207 2686 3280 templum
2715 3209 2954 3266 virtutis
2970 3210 3406 3285 effecerat,ipse
3427 3230 3565 3286 quo-

149 3295 415 3353 diﬂ’erens
439 3297 614 3352 corde
630 3295 1304 3368 gestaveram,mirandze
1323 3295 1564 3352 visionis
1587 3315 1798 3354 arcano

150 3386 435 3441 maturius
484 3384 946 3458 aggrediendum
1001 3401 1129 3440 esse
1175 3383 1538 3457 compellor:
1573 3388 1674 3442 sed
1727 3405 1800 3443 ne

147 3471 368 3547 longius
391 3491 489 3529 res
528 3472 834 3545 inopinata
862 3477 918 3528 te
950 3473 1200 3540 duxerit,
1236 3473 1377 3545 quid
1408 3474 1650 3530 viderim
1692 3493 1800 3547 pa-

149 3562 325 3617 tenter
338 3561 640 3635 expedior.
656 3561 724 3617 Et
743 3561 907 3634 prius
930 3563 1269 3634 praesentias
1289 3563 1380 3618 hic
1403 3580 1531 3618 esse
1554 3565 1794 3620 domum

150 3651 338 3720 Dei,ut
365 3649 712 3708 felicissimo
734 3651 1034 3722 quondam
1066 3652 1310 3722 antiquo
1341 3651 1706 3723 patriarchae,
1743 3657 1801 3708 et

145 3744 364 3810 portam
417 3739 548 3796 cmli
600 3737 746 3794 mihi
787 3738 1037 3811 indigno
1066 3738 1282 3794 Christi
1314 3740 1545 3795 Domini
1577 3740 1798 3796 famulo

149 3827 418 3886 divinitus
449 3832 775 3884 ostensam.
805 3827 949 3882 Nam
995 3843 1131 3882 mox
1183 3827 1498 3884 submissis
1529 3830 1794 3894 artubus,

151 3915 331 3972 subito
371 3915 468 3972 hic
500 3931 706 3995 sopore
733 3920 1224 3988 prmreptus,cum
1247 3916 1340 3970 vix
1370 3915 1428 3970 in
1461 3916 1799 3972 utramlibet

149 4009 360 4075 partem
390 4005 480 4060 vis
516 4009 738 4059 natura:
779 4004 1178 4076 quiescentem
1228 4003 1572 4075 impelleret,
1605 4004 1798 4060 videre

150 4091 282 4147 mihi
296 4094 499 4150 videor
519 4109 554 4148 a
574 4091 850 4163 supernis
872 4091 1060 4146 instar
1077 4092 1224 4147 nivei
1249 4092 1517 4147 candoris
1541 4093 1795 4164 speciem

153 4180 342 4237 adesse
374 4180 829 4252 columbaa,quai
853 4185 986 4252 post
1039 4180 1218 4252 hujus
1267 4179 1492 4235 arboris
1541 4197 1796 4250 sessum,

151 4284 255 4323 non
286 4269 510 4325 incerta
531 4285 646 4342 quo
667 4269 948 4337 tenderet,
970 4267 1162 4322 locum
1182 4267 1338 4322 hunc
1361 4269 1598 4340 praepeti
1619 4285 1796 4324 cursu

151 4356 382 4413 volando
415 4355 742 4431 praecingit,
762 4357 1035 4428 trinoquc
1067 4373 1207 4428 gyro
1229 4373 1389 4428 zeque
1412 4362 1646 4428 peracto
1667 4357 1795 4412 caeli

153 4459 418 4502 cacumen
450 4445 660 4502 tendit.
684 4444 868 4500 Credo
900 4445 1172 4517 equidem
1209 4445 1318 4500 hoc
1349 4445 1473 4517 spei
1505 4451 1795 4518 conceptae

153 4534 464 4602 proﬁcuum
485 4551 532 4598 ,a
562 4534 678 4589 Deo
708 4537 1067 4606 portentum,
1094 4538 1157 4587 ut
1187 4534 1341 4605 quod
1375 4539 1499 4590 erat
1526 4539 1656 4590 voto
1704 4552 1798 4591 su-

153 4627 426 4693 sceptum,
451 4623 581 4694 jam
622 4621 764 4678 c0310
795 4627 1190 4694 praemonente
1219 4621 1297 4676 sit
1347 4621 1590 4678 celerius
1636 4640 1796 4680 exse-

152 4711 460 4778 quendum.
525 4711 738 4766 Sancto
795 4709 916 4766 hinc
972 4711 1244 4782 pontifice
1294 4715 1598 4782 perorante
1632 4728 1644 4766 2
1681 4713 1791 4778 Me,

149 4793 327 4868 inquit
355 4800 417 4854 Β.
453 4799 802 4854 Bercharius
832 4798 932 4871 qui
955 4805 1160 4854 sancto
1191 4799 1312 4853 viro
1345 4799 1552 4870 gremii
1588 4802 1677 4854 sui
1713 4817 1796 4856 re-

152 4883 507 4942 clinatorium
557 4888 792 4954 fecerat,
837 4888 1152 4960 quidquid,
1187 4893 1348 4959 pater
1397 4889 1790 4955 sanctissime,

154 4971 354 5028 cmlesti
403 4974 669 5046 prodigio
715 4974 775 5029 in
821 4973 1044 5029 visione
1099 4973 1342 5046 spiritus
1374 4973 1656 5032 divinitus
1688 4976 1794 5032 tibi

155 5153 366 5216 somno,
399 5159 468 5198 ex
496 5141 932 5216 lacrymis‘ejus
971 5141 1176 5216 faciem
1201 5140 1312 5196 sibi
1345 5141 1559 5216 reperit
1593 5143 1791 5200 udam.

155 5159 366 5212 somno,
399 5159 468 5198 ex
496 5159 772 5216 iacrymis
802 5159 932 5268 allus
971 5159 1176 5197 iaciem
1201 5159 1312 5196 sim
1345 5159 1559 5212 reperit
1593 5159 1791 5200 uuam.

155 5211 594 5286 etinterrogans
626 5213 824 5286 quzeil
853 5213 1278 5286 icausagflctus
1297 5213 1586 5286 existeret.
1613 5217 1794 5270 Acce-

158 5280 235 5361 pit
259 5302 393 5367 eum
421 5280 669 5367 propter:
682 5284 780 5367 sui
799 5285 1046 5367 orui‘nam
1070 5283 1294 5367 flevisse
1316 5285 1530 5367 operis.
1551 5302 1584 5340 a
1604 5287 1796 5367 Eccle-

157 5355 245 5405 sia
272 5355 492 5412 scilicet
521 5355 581 5410 in
605 5355 812 5411 Villari
835 5373 870 5410 a
899 5355 1149 5410 Nivardo
1183 5355 1274 5408 bis
1313 5359 1641 5422 exstructa),
1677 5359 1795 5414 bis-

159 5436 260 5492 que
288 5443 427 5482 easu
449 5428 670 5483 incerto
690 5443 922 5483 eversze.
943 5449 971 5476 «
997 5425 1364 5496 Invicemque
1387 5427 1498 5480 sibi
1515 5429 1640 5483 visa
1659 5431 1798 5484 refe-

159 5497 428 5570 rentibus,
474 5499 732 5554 traditur
773 5498 1032 5570 pontifex
1072 5497 1190 5551 hazc
1239 5497 1415 5570 etiam
1466 5498 1565 5552 Dei
1630 5517 1794 5556 servo

157 5565 373 5646 cuidam
406 5571 640 5646 nomine
672 5565 921 5646 Dav—oni,
943 5570 1268 5646 cujuserat
1299 5567 1428 5639 ipsa
1477 5573 1791 5646 possessio,

155 5639 266 5696 visa
277 5655 566 5706 narrasse.
581 5641 690 5715 Qui
712 5639 1032 5702 oratorium
1049 5639 1109 5698 in
1129 5639 1348 5699 honore
1365 5639 1578 5700 sanctae
1593 5639 1795 5706 Cruéis

1908 3315 2023 3370 que
2051 3302 2293 3351 terrenae
2327 3296 2496 3378 molis
2527 3295 2964 3368 pulchritudine
2995 3299 3283 3372 templum
3315 3302 3562 3359 Domino

1908 3384 2093 3441 oculis
2124 3385 2298 3440 etiam
2322 3385 2637 3456 spectabile
2669 3387 2914 3442 fundare
2943 3390 3270 3460 exoptabat,
3303 3392 3564 3448 conﬁsus

1907 3473 2173 3528 videlicet
2192 3473 2454 3544 undique
2470 3478 2591 3529 tam
2609 3475 2804 3529 divino
2821 3492 3000 3547 quam
3023 3478 3240 3532 summi
3258 3479 3558 3548 pontificis

1907 3562 1968 3616 in
1998 3561 2228 3616 cunctis
2257 3560 2492 3616 auxilio.
2527 3561 2673 3616 Nam
2717 3568 2774 3617 et
2819 3563 3106 3620 universis
3155 3563 3248 3620 sui
3279 3566 3562 3638 temporis

1910 3651 2266 3707 Francorum
2290 3648 2845 3722 regibus,episcopis
2867 3667 3098 3722 quoque
3109 3669 3176 3708 ac
3195 3653 3363 3725 regiae
3375 3654 3564 3727 digni-

1910 3739 2050 3794 tatis
2083 3737 2421 3808 proceribus
2451 3742 2570 3792 tam
2603 3742 2835 3809 gratum
2860 3740 3395 3813 acceptabilemque
3422 3759 3559 3798 eum

1908 3833 2132 3882 certum
2163 3832 2254 3881 est
2279 3825 2676 3890 exstitisse,ut
2706 3826 2755 3882 si
2788 3827 2928 3898 quid
2961 3827 3019 3882 in
3052 3829 3266 3885 divinis
3305 3829 3563 3886 cultibus

1909 3932 2010 3971 seu
2043 3917 2222 3970 etiam
2255 3919 2496 3969 terrena:
2541 3914 2979 3970 commoditatis
3022 3917 3564 3988 opportunitatibus

1908 4004 2066 4060 cordi
2097 4007 2271 4068 esset,
2305 4003 2376 4057 ab
2408 4002 2493 4056 eis
2525 4001 2693 4057 facile
2723 4003 3013 4058 obtineret
3044 4020 3056 4058 :
3091 4004 3245 4075 quod
3265 4003 3326 4058 in
3357 4021 3562 4062 conse-

1909 4091 2228 4164 quentibus
2260 4106 2494 4162 quoque
2528 4088 2780 4161 diligens
2803 4088 2986 4145 lector
3013 4107 3120 4146 suo
3142 4090 3268 4146 loco
3301 4097 3566 4164 patenter

1908 4179 2119 4252 poterit
2136 4177 2414 4245 invenire,
2435 4176 2483 4232 si
2501 4194 2569 4232 ca
2591 4194 2718 4249 qua:
2742 4177 2985 4235 diversis
3009 4179 3371 4252 temporibus
3395 4181 3564 4254 regite

1908 4267 2236 4338 majestatis
2247 4267 2677 4322 acFraneorum
2691 4267 3022 4338 principum
3037 4268 3441 4324 munificentia
3452 4269 3566 4324 sibi

1907 4373 2185 4412 concessa
2215 4355 2454 4423 fuerint,
2481 4372 2781 4411 recensere
2803 4355 3052 4411 voluerit
3084 4356 3384 4412 beneficia.
3410 4359 3562 4422 Quo-

1906 4463 2038 4501 rum
2053 4443 2320 4500 videlicet
2337 4443 2521 4498 fultus
2535 4443 2948 4500 auctoritateet
2963 4445 3212 4517 gratiam
3224 4445 3360 4514 ,jam
3377 4431 3566 4500 matu-

1907 4534 2031 4588 rius
2053 4532 2468 4604 componendae
2493 4531 2724 4586 fabricze
2749 4531 2998 4602 negotiis
3010 4530 3562 4602 accingitur,cOpias

1907 4627 2253 4694 sumptuum
2277 4625 2586 4692 praeparat,
2619 4624 2675 4674 et
2707 4619 2980 4675 universa
3027 4637 3156 4691 qua:
3200 4622 3362 4674 tanto
3401 4619 3562 4691 operi

1904 4710 2236 4767 necessaria
2253 4708 2603 4764 videbantur
2617 4709 2716 4763 sed
2727 4708 2857 4764 ulus
2878 4713 3147 4780 operator
3159 4707 3442 4780 assignat.
3458 4708 3565 4764 Ita-

1905 4817 2018 4871 que
2050 4799 2106 4854 in
2129 4797 2449 4870 supradicti
2480 4797 2696 4869 praedio
2719 4796 2828 4853 loci
2853 4798 3008 4869 quod
3031 4798 3088 4852 in
3113 4796 3318 4852 declivi
3343 4797 3564 4852 montis

1904 4888 2081 4943 latere
2113 4892 2200 4955 (ut
2231 4886 2510 4953 diximus)
2541 4885 2743 4952 situm,
2788 4887 3028 4942 reducto
3078 4886 3378 4958 profusius
3424 4885 3561 4942 sinu

1904 4976 2358 5050 pulcherrimam
2373 4973 2726 5031 blandientis
2746 4976 3105 5032 amoenitatis
3119 4975 3424 5048 planitiem
3439 4975 3568 5032 red-

1905 5145 2024 5202 illie
2063 5143 2398 5210 babens,ibi
2430 5145 2903 5217 conservabatur.
2919 5145 3026 5212 Qui
3049 5145 3224 5202 etiam
3249 5149 3563 5217 postquam

1903 5217 2196 5290 visionem
2247 5216 2516 5290 prmsulis
2573 5221 2630 5270 et
2687 5218 2816 5290 ejus
2867 5217 3136 5290 cognovit
3181 5216 3564 5283 voluntatem,

1907 5288 2120 5344 obtulit
2149 5287 2200 5368 ei
2233 5287 3002 5368 eamdem_possessionem,
3049 5293 3295 5368 partem
3332 5303 3564 5368 quoque

1907 5359 2296 5431 possessionis
2326 5358 2634 5428 cujusdam
2661 5359 2854 5431 fratris
2873 5360 2964 5416 sui
2988 5357 3224 5415 nomine
3257 5357 3560 5431 Bal’dini.»

1905 5427 2081 5486 Addit
2104 5427 2472 5485 Frodoardus
2501 5430 3010 5486 'l‘heoderamnum
3034 5432 3282 5486 alterum
3315 5427 3563 5484 Bavonis

1906 5504 2167 5568 fratrem,
2204 5501 2447 5574 lteolum
2497 5501 2790 5574 comitem,
2823 5509 3025 5574 postea
3073 5503 3413 5574 episcopum
3459 5499 3566 5574 Re-

1905 5566 2169 5646 mensem
2197 5572 2504 5646 ipsiusque
2543 5573 2730 5646 filium
2765 5566 3250 5635 Gédeonem'illic
3271 5566 3561 5626 monasti-

1904 5661 2041 5705 cum
2071 5643 2342 5706 habitum
2374 5643 2724 5724 suscepisse.
