3906 6352
351 360 470 421 679

1460 350 1798 414 ADSONIS
1845 348 2285 413 DERVENSIS
2329 351 2668 415 ABBA'l‘IS

3662 352 3778 415 680

352 496 459 564 dit,
504 500 677 566 atque
707 494 765 548 in
799 496 1110 565 prospectu
1163 507 1270 546 suo
1322 488 1687 560 subjacentia
1736 487 2010 545 Materna:
2038 488 2096 556 Α
2125 503 2231 544 nec
2280 504 2472 546 sermo
2531 503 2756 559 capere,
2794 503 2897 543 nec
2960 487 3162 561 lingua
3217 486 3337 545 ullo
3397 488 3570 551 modo
3628 488 3776 549 valet

352 582 614 640 fluminis
640 582 810 654 longe
838 580 1071 651 lateque
1101 578 1299 634 littora
1327 576 1823 648 circumdespicit,
1857 575 2009 632 mul-

351 671 507 727 centi
539 670 794 742 quadam
823 667 1068 723 visionis
1098 666 1397 738 voluptate
1417 664 1749 737 compellat,
1771 665 1842 720 ab
1867 664 2011 720 anti-

349 776 466 832 quo
476 755 881 814 Altumvillare
894 773 1105 812 nomen
1129 754 1729 827 accoperat,angelicaa
1747 753 2011 825 designa-

346 846 526 904 tionis
547 845 804 918 spatium
825 848 890 900 ut
906 843 1139 900 caelitus
1155 848 1459 900 ostensum
1483 844 2008 910 fuerat,murorum

338 926 574 993 ambitu
598 932 776 1007 jactis
809 932 1212 989 fundamentis
1244 931 1671 1005 complectitur,
1688 943 2010 1003 omnesque

345 1024 506 1081 illius
537 1022 790 1096 parietes
822 1019 1050 1077 aedificii
1081 1021 1154 1077 ad
1186 1022 1425 1077 modum
1452 1019 1738 1077 columbae
1774 1021 1834 1075 in
1877 1036 2008 1076 aere

346 1112 705 1186 permeantis
727 1114 999 1183 suspecta
1016 1110 1424 1182 permensione
1448 1112 1722 1165 metatur.
1740 1109 1856 1164 Nec
1873 1098 2009 1164 ante

343 1202 523 1258 divini
574 1201 817 1256 cultoris
866 1217 1042 1271 opera
1091 1198 1538 1267 destitit,denec
1589 1215 1845 1269 superna
1904 1215 2005 1252 an-

346 1296 563 1346 nuente
583 1289 970 1362 providentia,
1002 1288 1310 1343 Childerici
1349 1288 1522 1343 etiam
1569 1286 1722 1359 regis
1760 1287 2008 1341 France.

346 1397 478 1435 rum
512 1397 580 1437 ac
609 1379 756 1434 sacri
792 1378 1073 1433 antistitis
1125 1376 1449 1449 opitulante
1497 1374 1826 1443 clementia,
1860 1392 2008 1446 opus

346 1470 502 1542 quod
534 1469 606 1524 ad
641 1468 880 1524 tandem
911 1467 1014 1523 Dei
1047 1470 1388 1538 susceperat
1416 1469 1618 1539 optata
1657 1463 2010 1537 perfectione

344 1556 683 1631 compleret.

572 1717 959 1775 Monastcrium
992 1714 1154 1772 rebus
1182 1724 1233 1772 et
1255 1716 1505 1788 personis
1534 1716 1777 1772 instruit.

417 1865 500 1920 l2.
538 1863 620 1919 Ea
648 1878 783 1918 vero
815 1861 1021 1930 urbor,
1056 1875 1184 1934 qua:
1213 1861 1511 1934 quondam
1562 1857 2010 1937 opulentissima
2038 1858 2085 1925 Β

344 1955 513 2026 fagus
545 1954 806 2020 steterat,
839 1951 898 2006 in
931 1967 1049 2024 qua
1082 1949 1357 2006 columba
1388 1948 1618 2005 cmlitus
1648 1948 1867 2004 emissa
1895 1946 2010 2020 pri-

342 2044 477 2100 dem
501 2042 891 2109 resederat,ac
912 2057 1019 2095 suo
1041 2056 1180 2111 gyro
1198 2039 1378 2094 situm
1401 2037 1740 2094 monasterii
1758 2036 2004 2092 volando

342 2129 951 2203 expresserat,habita
990 2127 1410 2183 deliberatione
1444 2127 1859 2191 succiditur,et
1885 2125 2003 2181 col-

342 2220 481 2275 latis
507 2219 566 2273 in
598 2231 913 2273 commune
945 2215 1211 2270 omnium
1241 2215 1485 2282 votis,in
1536 2214 1661 2270 loco
1698 2213 1792 2270 cui
1832 2213 2005 2269 afﬁxa

344 2308 552 2372 fuerat,
587 2321 749 2362 aram
781 2305 842 2359 in
889 2305 1263 2359 veneratione
1311 2304 1372 2359 B.
1408 2303 1558 2358 Petri
1604 2301 2002 2374 apostolorum

342 2395 625 2469 principis
656 2394 766 2467 (3i)
800 2392 1027 2449 statuit.
1052 2393 1136 2448 Ad
1164 2392 1666 2449 consecrationem
1690 2408 1825 2447 vero
1846 2391 2003 2447 basi-

344 2484 469 2541 licae
500 2501 635 2540 cum
680 2484 739 2539 S.
774 2482 1023 2538 Nivardo
1073 2481 1523 2555 metropolitano
1573 2481 1868 2553 pontifice,
1901 2481 2001 2537 alii

342 2573 520 2628 etiam
551 2570 809 2644 episcopi
840 2570 1214 2638 conveniunt,
1250 2570 1441 2626 clerus
1471 2569 1666 2626 omnis
1705 2574 1763 2625 et
1795 2584 2001 2625 nume-

343 2678 488 2717 rosa:
506 2660 705 2734 plebes
728 2656 1038 2730 utriusque
1069 2675 1244 2714 sexus
1276 2659 1533 2727 irruunt,
1565 2674 1835 2731 proceres
1865 2674 2003 2731 quo-

344 2766 458 2821 que
485 2737 841 2805 Francorum
874 2764 989 2803 non
1013 2747 1225 2804 minori
1246 2753 1381 2804 voto
1407 2752 1790 2814 concurrunt,
1813 2752 1871 2803 et
1899 2762 2003 2819 per

346 2839 410 2893 Β.
433 2838 542 2893 viri
567 2835 859 2894 Bercbarii
876 2852 1025 2909 opus
1046 2835 1341 2893 laudabile
1371 2836 1431 2891 in
1455 2836 1555 2893 Dei
1578 2836 1851 2892 laudibus
1873 2835 1998 2908 pari

343 2943 549 2984 omnes
575 2926 982 2999 magnitudine
1000 2925 1394 3003 jucunditatis
1432 2925 1718 2981 exultant.
1754 2924 1815 2981 In
1858 2941 2000 2979 aus-

342 3015 475 3071 trali
504 3030 649 3069 vero
662 3014 927 3085 ejusdem
958 3013 1178 3073 montis
1205 3013 1403 3081 latere,
1428 3012 1601 3068 aliam
1652 3011 1867 3067 struxit
1910 3012 2001 3067 vir

343 3108 585 3160 Sanctus
613 3101 1139 3171 ecclesiam,quam
1172 3099 1473 3172 genitricis
1526 3100 1626 3155 Dei
1672 3105 1729 3154 et
1766 3099 1996 3154 Domini

342 3187 528 3243 nostri
549 3187 689 3242 Jesu
721 3185 933 3240 Christi
967 3201 1200 3256 semper
1223 3184 1465 3258 virginis
1516 3185 1710 3241 Maria)
1760 3185 1997 3241 nomine

343 3274 595 3333 decrevit
611 3272 1033 3329 honorandam.
1053 3274 1232 3346 Septa
1253 3274 1433 3342 etiam
1446 3274 1784 3329 monasterii
1805 3278 1862 3329 et
1878 3274 2003 3330 uni-

341 3380 541 3420 versas
572 3366 974 3435 competentes
1003 3362 1229 3419 ordinis
1258 3362 1634 3430 officinas,ad
1666 3363 2006 3420 sectandam

342 3454 473 3509 vitae
504 3440 791 3525 regularis
822 3451 1253 3508 observantiam
1287 3450 1748 3523 prudentissime
1771 3469 2006 3524 compo-

343 3541 829 3611 suit,monastica3
841 3541 1304 3598 conversationis
1317 3541 1472 3597 viros
1484 3541 1788 3614 religiosos
1811 3557 2010 3615 aggre'

340 3631 583 3705 gavit,et
595 3634 945 3703 cunctaque:
976 3628 1114 3685 huic
1128 3629 1318 3685 ordini
1340 3630 1650 3685 commoda
1663 3630 2012 3703 judicaban'

340 3723 456 3788 tur,
490 3717 805 3793 diligenter
831 3716 1115 3791 implevit.
1149 3717 1430 3791 Copiosos
1468 3734 1603 3775 vero
1652 3718 2009 3791 prmdiorum

338 3813 619 3882 sumptus
637 3806 1055 3864 sanctissimus
1076 3806 1344 3876 antistes,
1364 3811 1487 3863 tam
1506 3823 1574 3863 ea
1596 3823 1722 3879 quas
1745 3806 1837 3862 sui
1853 3807 2009 3879 juris

340 3913 477 3954 esse
487 3895 1041 3967 videbantur,quam
1060 3912 1188 3966 qum
1203 3895 1377 3951 etiam
1398 3895 1567 3951 beato
1590 3896 2010 3953 interveniente

341 3984 651 4042 Bercbario
667 3985 739 4040 ab
753 3984 899 4057 ipsis
914 3985 1268 4040 Francorum
1282 3984 1641 4056 primoribus
1652 3986 1902 4043 obtineri
1918 3999 2013 4058 po-

338 4072 619 4140 terant,in
637 4072 998 4128 necessarios
1021 4087 1319 4128 servorum
1342 4073 1442 4129 Dei
1462 4073 1930 4146 delegavitusus,
1946 4079 2012 4132 ut

337 4159 609 4216 videlicet
640 4159 700 4214 in
724 4160 928 4215 eodem
953 4160 1217 4216 ccenobio
1240 4164 1298 4217 et
1318 4161 1528 4218 merito
1550 4166 1607 4217 et
1640 4179 1885 4220 numero
1914 4181 2012 4236 po-

339 4248 517 4320 pulus
547 4248 663 4306 Deo
696 4248 962 4304 serviens
994 4248 1306 4322 utriusque
1338 4248 1639 4307 laboribus
1671 4256 2007 4324 augeretur.

340 4337 471 4393 Haec
499 4336 833 4411 suntigitur
858 4336 1039 4410 hujus
1065 4338 1128 4394 Β.
1149 4337 1340 4393 Patris
1363 4339 1547 4394 nostri
1574 4339 1867 4396 Bercbarii
1891 4358 2011 4398 ma-

339 4443 589 4499 gnorum
607 4443 849 4500 operum
869 4431 1073 4483 sancta
1094 4425 1386 4499 principia
1410 4442 1422 4482 :
1449 4427 1551 4482 sed
1569 4428 1762 4484 adhuc
1782 4434 2009 4486 restant

341 4517 414 4571 ad
427 4515 635 4571 divina:
648 4516 998 4587 obsequium
1012 4516 1340 4587 majestatis
1354 4515 1585 4588 piorum
1603 4515 1874 4572 laborum
1891 4533 2008 4574 ma-

332 4604 466 4675 jora
494 4604 979 4675 certamina,quie
1012 4604 1070 4658 in
1103 4604 1212 4660 hoc
1243 4605 1624 4675 postmodum
1649 4606 2005 4663 monstrabit

340 4709 510 4763 opere
542 4709 737 4748 rerum
769 4691 1208 4763 consequentia.
1234 4692 1341 4757 Qui
1374 4691 1643 4749 videlicet
1675 4709 1809 4749 cum
1850 4698 2006 4752 esset
2034 4745 2046 4755 .

338 4779 399 4833 in
418 4778 702 4851 spiritalis
723 4777 980 4835 exercitii
1004 4778 1367 4835 sublimitate
1388 4780 1769 4851 perfectus,in
1796 4782 2004 4839 divina:

340 4865 485 4939 legis
504 4867 883 4923 meditatidne
906 4868 1241 4935 continuus,
1259 4867 1639 4938 temporalem
1663 4874 1859 4926 tamen
1886 4888 2003 4926 non

342 4956 682 5027 auspicatus
702 4960 790 5011 est
820 4955 1088 5028 gloriam,
1124 4956 1227 5011 sed
1258 4955 1473 5011 mentis
1506 4957 1758 5029 puritate
1782 4959 2005 5032 jugiter

341 5044 673 5115 concupivit
706 5049 1003 5113 aeternam,
1028 5060 1131 5099 nec
1164 5043 1271 5099 levi
1306 5044 1573 5101 felicitati
1607 5046 1875 5103 inclinari
1898 5065 2002 5105 nec

342 5132 504 5187 inani
536 5131 717 5187 voluit
760 5131 932 5188 laude
981 5131 1210 5189 resolvi.
1243 5133 1376 5189 Jam
1417 5150 1551 5190 vero
1592 5143 2004 5194 consummata

344 5220 504 5276 omni
537 5220 687 5275 sacri
718 5219 879 5276 illius
914 5220 1116 5293 templi
1151 5225 1466 5291 structura,
1501 5222 1593 5279 his
1624 5223 1854 5281 duobus
1876 5242 2005 5282 san-

344 5309 1012 5381 ctissimisvirisquanta
1028 5309 1203 5367 fuerit
1220 5309 1589 5368 immensitas
1606 5313 2000 5384 exultationis,

346 5413 524 5471 quam
555 5402 719 5471 grata
750 5398 999 5455 societas
1026 5399 1326 5456 unanimis
1366 5400 1711 5470 affectionis,
1742 5408 2003 5473 quantus

347 5487 672 5543 divinitatis
732 5503 918 5555 amor,
977 5492 1232 5560 quantus
1289 5488 1420 5544 vita:
1497 5487 1749 5545 cmlestis
1806 5493 1999 5562 ardor,

420 5630 550 5704 (31)_
563 5628 812 5704 Additur
840 5628 1252 5704 in_diplomate
1281 5629 1515 5704 Nivardi
1549 5648 1583 5687 a
1607 5631 2005 5694 Sammartha-

350 5700 443 5759 nis
472 5700 676 5773 relato,
703 5710 755 5760 et
780 5702 965 5772 Pauli,
995 5700 1094 5761 seu
1128 5704 1291 5761 etiam
1320 5702 1377 5761 S.
1409 5703 1635 5762 Joannis
1682 5714 1736 5764 et
1784 5715 2002 5765 caetero-

2120 575 2427 648 explicare,
3346 638 3358 650 ,

2118 682 2362 740 Nivardo
2407 692 2640 753 mortuo,
2672 683 2988 752 virtutibus,
3018 671 3307 741 miraculis
3354 693 3407 742 et
3460 687 3778 742 auctoritate

2824 755 3091 812 clarescit.

2193 844 2278 899 13.
2303 844 2375 898 At
2395 861 2527 900 vero
2559 861 2694 900 cum
2725 843 2786 899 in
2806 844 2902 900 his
2924 848 3263 900 sanctorum
3290 862 3533 917 operum
3567 844 3778 902 studiis

2117 949 2295 1004 quam
2329 931 2580 1006 gloriose
2605 937 2945 990 tenerentur
2984 934 3215 1003 inserti,
3248 938 3461 991 sancta:
3509 934 3779 991 exhorta-

2118 1021 2295 1077 tionis
2326 1021 2574 1095 gratiam
2598 1039 2703 1095 per
2721 1023 2968 1096 populos
3010 1023 3387 1080 infundentes
3426 1026 3485 1079 et
3509 1024 3581 1079 ad
3614 1027 3777 1080 aeter-

2118 1112 2322 1167 nitatis
2352 1110 2599 1184 gloriam
2634 1129 3111 1185 quaquaversum
3142 1114 3371 1169 animos
3400 1112 3666 1168 fidelium
3689 1111 3776 1167 in-

2117 1200 2386 1267 citantes,
2412 1218 2547 1254 cum
2571 1201 2697 1271 jam
2730 1218 2987 1274 superna
3017 1200 3331 1257 clementia
3360 1201 3645 1257 antistitis
3685 1201 3776 1257 sui

2119 1288 2354 1343 Nivardi
2401 1290 2581 1343 vitam
2631 1289 2986 1346 laudabilem
3038 1294 3333 1362 perpetuae
3380 1289 3779 1361 jucunditatis

2120 1380 2475 1434 commercio
2508 1395 2887 1450 compensare
2910 1384 2968 1436 et
2996 1397 3100 1452 pro
3122 1378 3320 1434 labore
3340 1378 3495 1434 brevi
3520 1378 3777 1451 palmam

2120 1466 2474 1523 decrevisset
2515 1468 2919 1540 permanentis
2970 1469 3288 1541 rependere
3340 1466 3561 1541 gloriae,
3609 1483 3780 1540 opere

2117 1555 2429 1627 perfectus,
2449 1556 2770 1613 virtutibus
2800 1562 3272 1626 consummatus,
3299 1556 3643 1613 adveniente
3670 1557 3778 1613 Ka-

2118 1642 2423 1701 lendarum
2448 1645 2887 1719 Septembrium
2909 1645 3023 1715 die,
3038 1646 3248 1702 mortis
3271 1642 3515 1702 nexibus
3540 1644 3779 1702 absolu-

2115 1736 2214 1789 tus
2237 1731 2511 1807 migravit
2533 1734 2604 1790 ad
2623 1734 3149 1804 Dominum,beatze
3169 1732 3631 1791 immortalitatis
3653 1737 3780 1790 sto-

2117 1820 2234 1878 lam
2248 1824 2969 1898 consecutus,angelorum
2988 1823 3397 1898 agminibusin
3415 1821 3517 1879 illa
3527 1822 3780 1879 caelestis

2113 1910 2287 1967 curias
2319 1911 2603 1985 dignitate
2634 1913 2889 1970 concivis
2912 1913 3123 1981 factus,
3146 1910 3546 1986 apostolorum
3592 1912 3784 1985 parti-

2113 2004 2603 2072 ceps,martyrum
2635 2004 2692 2056 et
2715 2001 3117 2057 confessorum
3149 1998 3597 2071 cohzeres,illius
3621 2000 3783 2056 insa-

2113 2085 2396 2144 tiabiliter
2418 2094 2659 2161 aspectu
2684 2084 3101 2163 fruitur,cujus
3118 2107 3283 2146 amor
3306 2091 3377 2146 ab
3395 2091 3524 2162 ejus
3542 2094 3780 2164 pectore

2114 2192 2417 2249 nunquam
2452 2178 2763 2236 recessisse
2796 2184 3021 2235 certum
3054 2183 3304 2236 tenetur.
3330 2178 3438 2246 Qui
3489 2179 3625 2236 licet
3676 2186 3781 2252 pro

2111 2264 2237 2338 lege
2269 2266 2462 2323 carnis
2495 2267 2759 2323 debitum
2793 2266 3029 2325 solverit
3074 2267 3349 2325 humanae
3396 2266 3779 2336 conditionis,

2110 2353 2248 2409 vivit
2269 2359 2467 2411 tamen
2491 2356 2549 2410 in
2567 2356 2753 2429 gloria
2792 2361 3084 2429 perpetua:
3106 2356 3534 2426 exsultationis,
3556 2356 3783 2425 nostris

2112 2447 2308 2511 autem
2331 2443 2453 2500 illic
2478 2444 2681 2517 procul
2717 2446 2895 2502 dubio
2919 2445 3175 2504 miseriis
3196 2447 3595 2521 praestantius,
3628 2447 3683 2504 si
3714 2464 3783 2504 ex

2112 2531 2285 2588 corde
2310 2538 2549 2607 rogatus
2572 2534 2767 2605 fuerit,
2784 2552 3085 2593 occurrere
3106 2539 3599 2609 paratus,quanto
3618 2552 3782 2599 nunc

2111 2620 2412 2692 potentius
2441 2621 2526 2678 illi
2557 2640 2793 2680 summo
2812 2628 2987 2696 atque
3016 2623 3297 2680 invisibili
3328 2624 3563 2697 spiritui
3595 2621 3783 2680 cerni-

2109 2713 2208 2766 tur
2228 2726 2356 2766 esse
2393 2712 2769 2784 conjunctus,
2782 2729 2887 2786 per
2914 2712 3190 2770 virtutem
3225 2714 3497 2770 universa
3533 2713 3781 2770 scientis

2110 2798 2236 2870 ipse
2258 2799 2418 2856 scius
2445 2802 2714 2858 omnium
2757 2818 2823 2858 ac
2854 2802 3162 2860 exauditor
3195 2803 3564 2860 effectusAd
3601 2804 3780 2875 cujus

2107 2888 2416 2960 exsequias
2434 2890 2692 2962 corporis
2714 2894 2837 2947 tota
2859 2892 3175 2948 Remorum
3198 2893 3402 2949 civitas
3427 2892 3567 2958 ruit,
3586 2891 3782 2950 clerus

2108 2991 2175 3033 ac
2196 2976 2448 3047 populus
2464 2979 2771 3051 utriusque
2792 2996 2967 3035 sexus
2980 2981 3345 3049 convenit,ex
3365 2981 3573 3037 vicinis
3586 2982 3775 3038 etiam

2106 3064 2353 3120 urbibus
2377 3064 2546 3120 multi
2570 3066 2884 3122 adfuerunt
2903 3067 3050 3123 tanti
3070 3070 3324 3139 pastoris
3346 3086 3657 3127 excessum
3683 3070 3784 3126 ad-

2102 3150 2296 3207 mistis
2324 3152 2418 3224 pio
2452 3154 2680 3209 mereri
2703 3153 3059 3226 hymnorum
3081 3155 3447 3213 solemnibus
3464 3158 3779 3231 obsequiis

2030 3225 2074 3292 C
2114 3240 2503 3314 assignantes.
2527 3242 2708 3314 Cujus
2738 3225 2977 3314 quidem
3001 3260 3215 3316 corpus
3247 3245 3494 3300 diversis
3518 3225 3778 3318 pop-ule-

2116 3346 2248 3385 rum
2279 3330 2529 3387 catervis
2572 3331 2969 3403 constipatum
3000 3348 3189 3404 usque
3239 3333 3311 3388 ad
3361 3332 3679 3391 basilicam
3720 3337 3777 3392 S.

2119 3418 2367 3492 Remigii
2398 3437 2433 3476 a
2460 3420 2519 3477 S.
2554 3420 2859 3476 Bercbario
2893 3438 2998 3476 nec
3031 3438 3148 3477 non
3168 3426 3226 3476 et
3247 3420 3468 3479 sanctis
3490 3424 3786 3492 pontiﬁci-

2115 3509 2230 3564 bus
2262 3507 2360 3580 qui
2391 3525 2459 3564 ea
2488 3509 2582 3566 die
2628 3508 2766 3565 illuc
2813 3510 3238 3578 confluxerant,
3260 3509 3534 3566 universa
3578 3513 3784 3586 gregis

2118 3598 2210 3653 sui
2238 3597 2617 3655 multitudine
2649 3602 3058 3670 prosequente,
3084 3598 3374 3671 condigne
3405 3598 3629 3656 honore
3679 3602 3785 3658 de-

2118 3687 2323 3757 fertur,
2355 3702 2421 3743 ac
2450 3685 2754 3745 excellenti
2798 3686 3098 3745 mausoleo
3143 3688 3536 3757 condendum,
3568 3689 3784 3748 decen-

2119 3775 2413 3832 tissimam
2445 3774 2663 3833 ibidem
2712 3776 2936 3849 accepit
2982 3775 3372 3850 sepulturam,
3404 3777 3783 3835 sanctissimo

2118 3865 2241 3922 viro
2295 3863 2601 3922 Bercbario
2655 3864 2715 3920 in
2764 3864 3100 3937 supradicto
3151 3863 3461 3922 Altivillari
3519 3852 3786 3923 coenobio

2118 3953 2371 4028 glorioso
2404 3952 2635 4026 praesuli
2682 3953 2996 4026 superstite
3039 3952 3260 4012 relicto.
3298 3952 3405 4020 Qui
3449 3951 3585 4011 licet
3636 3954 3785 4011 tanti

2120 4043 2303 4115 patris
2320 4043 2495 4098 fuerit
2517 4042 2801 4099 solamine
2819 4042 3161 4112 destitutus,
3181 4059 3557 4115 nequaquam
3579 4048 3778 4099 tamen

2121 4132 2354 4204 acmpti
2406 4130 2598 4203 operis
2656 4130 2978 4188 intentione
3030 4132 3779 4203 desistens,subjcctorum

2120 4221 2350 4277 animos
2380 4218 2661 4293 exemplis
2699 4220 3030 4277 instruebat
3051 4225 3108 4278 et
3128 4220 3343 4278 verbis.
3365 4221 3585 4277 Locum
3615 4237 3771 4288 vero,

2119 4326 2247 4381 quae
2279 4306 2566 4365 aedificare
2598 4314 2872 4383 cmperat,
2896 4309 3073 4366 rebus
3104 4327 3172 4366 ac
3192 4311 3383 4368 varios
3417 4312 3626 4368 decore
3648 4310 3776 4369 .col-

2118 4398 2399 4467 lustrans,
2434 4398 2581 4454 nihil
2608 4399 2899 4455 subtraxit
2936 4398 3262 4469 industriae,
3299 4400 3481 4456 donec
3532 4402 3607 4456 ad
3656 4399 3774 4456 cul-

2119 4505 2253 4544 men
2287 4487 2629 4560 proveheret
2658 4487 3031 4561 perfectionis
3074 4506 3341 4546 summae.
3366 4488 3772 4561 Spiritualium

2036 4591 2082 4657 ι)
2115 4578 2272 4638 enim
2304 4578 2593 4633 denorum
2640 4577 2914 4649 perfusus
2945 4595 3094 4648 rore,
3121 4579 3252 4636 vitae
3291 4579 3420 4650 jam
3470 4584 3773 4635 consertus

2117 4666 2414 4741 angelicae,
2442 4664 2585 4722 civis
2614 4664 2869 4722 ccelestis
2900 4666 3101 4739 patria:

2186 4811 2468 4883 Dogmate
2490 4805 2759 4879 justitiaz,
2793 4807 3006 4865 Christi
3044 4809 3336 4866 refovebat
3365 4809 3532 4875 ovile,

2186 4897 2559 4955 Constituens
2593 4894 2745 4968 plebi
2780 4896 3039 4954 coelestia
3070 4897 3287 4969 templa
3309 4896 3486 4954 fideli.

2185 4988 2300 5042 Nec
2332 4985 2529 5041 minus
2558 4984 2615 5039 in
2649 4986 2883 5058 magnis
2915 4986 3171 5059 flagrans
3206 4985 3567 5057 resplenduit
3599 4987 3764 5053 actis,

2186 5078 2320 5143 Quae
2347 5089 2580 5147 gessere
2615 5072 2813 5128 Patres
2848 5071 2974 5128 fulti
3008 5074 3224 5145 pietate
3255 5073 3499 5147 priores,

2185 5165 2422 5237 Optima
2450 5162 2600 5218 dans
2630 5161 2757 5217 vita:
2791 5160 3022 5235 populis
3052 5163 3407 5218 documenta
3434 5162 3620 5219 beata:

2170 5313 2417 5371 Domini
2441 5330 2695 5385 namque
2725 5313 2914 5385 gratia
2947 5319 3261 5386 przeeunte,
3280 5313 3485 5372 multis
3514 5315 3759 5373 miracu-

2113 5403 2303 5459 lorum
2336 5403 2524 5475 signis
2546 5403 2604 5456 in
2628 5419 2694 5459 eo
2727 5401 2850 5459 loco
2880 5401 3196 5471 claruit,ac
3222 5404 3758 5477 supervenientibus

2112 5493 2474 5549 diversarum
2508 5490 3057 5547 incommoditatum
3089 5491 3325 5547 casibus
3355 5507 3417 5547 se
3446 5506 3755 5564 opponens,

2110 5654 2237 5693 rum
2265 5643 2576 5708 martyrum
2606 5642 2657 5689 et
2684 5636 3071 5705 confessorum,
3106 5650 3338 5708 quorum
3381 5635 3617 5708 pignora
3667 5630 3758 5688 ibi-

2113 5709 2233 5767 dem
2266 5707 2517 5764 venerari
2544 5714 2860 5763 noscuntur.
