3906 6370
143 439 261 504 689

1076 432 1307 493 LIBER
1351 433 1453 495 DE
1499 433 1918 497 MIRACULIS
1963 436 2027 498 S.
2077 436 2623 502 WALDEBERTI.

3441 442 3563 509 690

144 573 398 647 torporis
451 567 684 643 ignavia
733 583 846 622 non
895 564 1134 633 lateant,
1168 566 1459 639 prmcipue
1509 583 1644 623 cum
1694 584 1794 623 eos
1824 568 2121 641 Aquirat,
2172 569 2272 625 ubi
2322 571 2593 643 perfacile
2646 572 2889 629 inveniri
2941 574 3172 647 poterit,
3225 576 3464 649 quantis
3503 581 3563 635 et

145 666 313 723 nobis
343 661 538 718 divina
580 656 946 732 providentia
992 660 1276 731 tanquam
1328 656 1598 728 specialis
1645 658 1797 711 dono

145 751 429 830 privilegii
479 752 760 822 patronos
804 744 1204 811 destinaverit,
1237 761 1489 816 quorum
1540 762 1795 817 praesens

145 840 487 915 suffragium
509 854 616 894 nos
638 835 916 902 muniret,
938 832 1355 889 miraculorum
1372 833 1558 888 virtus
1580 833 1795 889 clarius

145 932 476 989 illustraret.
514 926 627 983 Sed
669 939 805 980 cum
854 921 1167 979 laudamus
1214 921 1369 976 viros
1419 922 1702 993 gloriosos
1734 923 1794 978 in

143 1022 259 1077 vita
303 1036 432 1084 sua,
464 1028 843 1088 nequaquam
892 1010 1059 1067 illum
1112 1011 1639 1083 prmtermittimus,
1677 1012 1793 1066 imo

145 1109 366 1167 cunctis
379 1105 659 1163 omnibus
680 1100 1125 1174 proponendum
1148 1103 1305 1154 recta
1328 1100 1440 1153 {ide
1462 1116 1792 1167 censemus,

145 1218 243 1273 per
270 1214 445 1271 quem
476 1195 599 1249 haec
629 1190 830 1247 omnia
850 1206 949 1245 eos
977 1188 1372 1260 promeruisse
1392 1192 1447 1242 et
1468 1188 1794 1243 obtinuisse

147 1307 254 1345 non
287 1283 656 1348 dubitamus,
689 1280 790 1357 qui
821 1282 911 1334 est
939 1276 1231 1349 gloriosus
1262 1276 1321 1331 in
1346 1277 1565 1331 sanctis
1587 1277 1796 1343 suis,et

146 1375 526 1434 admirandus
555 1372 614 1426 in
631 1369 861 1427 cunctis
881 1366 1156 1439 operibus
1177 1365 1321 1421 suis.
1340 1367 1419 1420 Ea
1448 1367 1641 1438 itaque
1665 1384 1792 1438 quae

145 1467 312 1522 iidem
343 1460 568 1537 przefati
601 1459 800 1515 Patres
827 1455 915 1513 vel
938 1456 995 1510 in
1018 1456 1154 1523 vita,
1177 1454 1264 1509 vel
1288 1459 1442 1510 certe
1467 1472 1593 1527 qua:-
1618 1455 1790 1526 paulo

144 1559 269 1629 post
295 1547 676 1609 discessionis
705 1564 827 1605 suis
854 1550 1119 1617 tempora
1147 1544 1366 1616 operati
1401 1549 1790 1616 sunt,nequa-

145 1660 312 1719 quam
341 1641 651 1714 tangimus
684 1653 697 1692 :
731 1637 829 1693 sed
864 1637 1021 1708 quod
1055 1639 1185 1707 post
1213 1633 1383 1706 longe
1422 1636 1789 1689 succedentis

145 1732 324 1790 sitatis
353 1744 692 1793 excursum,
723 1725 894 1782 nobis
926 1722 1151 1780 scilicet
1179 1722 1567 1789 intuentibus,
1594 1722 1791 1778 divina

146 1821 447 1879 clementia
469 1833 578 1891 per
606 1833 707 1872 eos
736 1813 1034 1870 declarare
1063 1811 1268 1877 voluit,
1285 1828 1352 1867 ex
1374 1811 1645 1883 pluribus
1662 1828 1788 1882 quae

1907 658 2182 731 qualibus
2213 659 2495 715 virtutum
2532 664 2776 734 uterque
2807 679 3008 720 eorum
3031 664 3365 738 insignibus
3386 667 3566 724 clare-

1906 752 2051 803 seat.

1973 838 2028 891 2.
2063 836 2357 909 Suscipiat
2400 853 2538 910 ergo
2586 844 2779 895 vestra
2828 846 3031 897 sancta
3082 844 3403 915 paternitas
3450 844 3561 903 hoc

1905 929 2117 979 nostra:
2146 926 2466 981 devotionis
2498 929 2852 1000 opusculum
2885 947 2898 986 :
2935 948 3062 1004 quae
3094 933 3203 989 etsi
3256 933 3560 1007 imperitos

1905 1030 2011 1067 nos
2042 1013 2324 1068 facundia:
2356 1013 2551 1087 lepore
2583 1017 2938 1086 considerat,
2970 1024 3166 1076 tamen
3201 1022 3433 1078 dedisse
3454 1039 3561 1080 nos

1904 1118 2138 1172 operam
2169 1109 2502 1171 cognoscat,
2538 1122 2607 1157 ne
2639 1106 2709 1159 ad
2740 1105 3185 1177 gloriﬁcandam
3224 1110 3559 1166 divinorum

1904 1207 2145 1261 operum
2178 1192 2678 1261 magnificentiam
2728 1199 2931 1251 nostra.
2981 1197 3214 1269 ignavia
3245 1204 3555 1273 torpescat.

1905 1279 1989 1333 Ita
2021 1283 2217 1334 tamen
2263 1278 2376 1335 ista
2426 1282 2859 1353 prosequimur,
2894 1289 2959 1339 ut
2989 1286 3036 1341 si
3087 1286 3175 1341 vel
3226 1287 3439 1344 rectius
3468 1289 3556 1344 vel

1904 1368 2148 1423 facetius
2178 1369 2251 1423 ad
2273 1368 2558 1441 explenda
2581 1369 2703 1424 hinc
2724 1371 3077 1443 scriptorum
3103 1373 3351 1446 quilibet
3370 1393 3555 1433 emer-

1902 1456 2061 1523 serit,
2097 1457 2145 1511 si
2178 1457 2312 1530 quis
2341 1474 2409 1513 ex
2440 1458 2534 1512 his
2565 1462 2667 1514 aut
2695 1458 2889 1516 laudis
2920 1477 3021 1516 seu
3070 1463 3337 1520 mortalis
3387 1466 3557 1523 nobis

1901 1544 2139 1600 honoris
2171 1546 2397 1601 fruetus
2427 1546 2727 1619 provenire
2774 1548 2979 1620 possit,
3015 1549 3265 1606 libenter
3312 1568 3419 1609 nos
3448 1553 3558 1610 hoc

1900 1634 2244 1704 profitemur
2273 1649 2469 1690 carere
2500 1635 2822 1707 privilegio,
2856 1638 2999 1693 dum
3049 1638 3418 1697 solummodo
3450 1659 3558 1699 nos

1899 1722 2023 1777 loco
2055 1721 2341 1793 cedimus,
2375 1722 2423 1779 si
2457 1723 2604 1779 alter
2631 1725 2822 1795 potior
2860 1725 2947 1781 vel
2995 1728 3303 1784 facundior
3349 1730 3556 1787 subm-

1899 1815 2087 1882 getur,
2122 1814 2350 1866 tantum
2386 1813 2797 1883 pernoscenda:
2848 1814 3105 1871 materiai
3151 1816 3307 1872 viam
3356 1822 3554 1874 osten~

145 1910 430 1967 memoria:
464 1903 735 1963 mandari
761 1908 1101 1977 potuerunt,
1126 1902 1199 1957 ad
1221 1901 1611 1957 exhibendam
1636 1906 1791 1956 tena—
1818 1941 1866 2007 Β
1898 1900 2057 1954 disse
2087 1899 2361 1956 sufficiat.
2396 1900 2511 1956 Nec
2558 1901 2727 1957 nobis
2775 1918 2999 1959 merces
3051 1902 3288 1972 laboris,
3323 1910 3388 1961 ut
3417 1923 3554 1978 spe-

147 2000 265 2057 cius
292 2002 595 2054 tantorum
624 1993 883 2050 virorum
917 1988 1301 2048 reverentiam
1336 2006 1451 2045 non
1501 1994 1785 2044 tacemus.

146 2088 284 2144 Nam
312 2087 361 2144 si
391 2086 530 2159 quis
559 2099 762 2141 eorum
793 2084 958 2155 gesta
986 2079 1219 2152 plenius
1270 2094 1442 2134 nosse
1473 2076 1784 2144 desiderat,

147 2194 336 2232 eorum
366 2179 534 2231 actus
565 2172 669 2245 qui
698 2167 1101 2226 voluminibus
1131 2167 1385 2240 propriis
1430 2168 1503 2222 ab
1553 2166 1787 2221 exordio

148 2281 329 2322 rerum
358 2266 664 2338 gestarum
692 2256 870 2337 latius
899 2258 1298 2323 continentur,
1333 2254 1674 2328 diligentius
1706 2255 1791 2308 in-

1898 2003 2118 2056 ramus,
2153 2005 2187 2043 a
2226 1988 2473 2044 Domino
2533 1990 2930 2058 frustrabitur,
2981 1992 3031 2048 si
3080 1994 3239 2050 vocis
3296 1993 3546 2051 facultas

1898 2076 2167 2143 defuerit,
2202 2093 2335 2133 cum
2359 2082 2669 2151 promptus
2690 2079 2975 2137 exstiterit
2997 2085 3208 2137 nostra:
3232 2082 3552 2140 devotionis

1899 2166 2159 2221 affectus.

1304 2572 1928 2710 INCIPIT
2018 2580 2400 2712 VITA

260 2839 585 2898 Cotumbano
616 2835 860 2892 Luxavio
887 2833 1065 2906 pulso,
1098 2830 1335 2887 succedit
1361 2831 1664 2886 Eustasius.

213 2960 263 3014 3.
295 2957 478 3029 Igitur
504 2958 824 3027 postquam
857 2947 1236 3005 beatissimus
1268 2951 1432 3018 pater
1480 2945 1789 3002 Columba-

158 3051 344 3114 nus,ut
369 3046 521 3101 liber
550 3040 810 3098 historia)
833 3039 903 3094 de
918 3036 1048 3092 Vita
1063 3041 1120 3093 et
1132 3036 1453 3092 virtutibus
1470 3036 1598 3106 ejus
1615 3035 1792 3106 scrip-

157 3141 241 3191 tus
266 3134 506 3200 indicat,
542 3129 655 3187 sub
682 3144 815 3201 rege
847 3127 1203 3182 Francorum
1236 3122 1538 3196 Sigeberto
1590 3122 1791 3195 patria:

158 3224 421 3280 Hiberniae
435 3220 659 3277 finibus
670 3214 833 3274 exsul
852 3212 1252 3287 Burgundiam
1270 3228 1584 3286 aggressus
1596 3211 1791 3267 locum

157 3311 255 3368 sibi
281 3308 616 3385 specialiter
645 3305 956 3377 delegerat,
983 3302 1077 3359 cui
1110 3302 1182 3358 ab
1204 3300 1447 3373 antiquo
1470 3300 1792 3356 Luxovium

158 3398 235 3471 (ut
260 3399 374 3456 illic
403 3395 646 3473 legitur)
679 3408 891 3465 nomen
924 3395 1071 3456 erat,
1102 3394 1330 3446 tantam
1352 3407 1387 3446 a
1408 3388 1655 3445 Domino
1676 3389 1796 3445 effl-

157 3489 473 3547 eiendorum
509 3500 755 3559 operum
785 3481 1036 3555 gratiam
1059 3483 1149 3536 est
1178 3483 1623 3544 consecutus,ut
1645 3478 1704 3533 in
1726 3494 1793 3534 eo

156 3577 267 3635 loco
293 3578 476 3653 signis
510 3579 571 3631 et
600 3571 881 3646 prodigiis
930 3568 1351 3642 praeeuntibus,
1387 3570 1791 3622 sescentorum

157 3667 317 3724 ferme
345 3663 774 3723 monachorum
804 3660 865 3716 in
898 3658 1053 3715 brevi
1076 3655 1795 3727 multitudinem,disposi-

156 3756 222 3811 tis
249 3773 345 3828 per
372 3755 507 3811 loca
537 3750 651 3809 sibi
699 3749 910 3821 exigua
937 3750 1026 3816 (ut
1055 3761 1244 3818 usque
1290 3744 1463 3800 hodie
1492 3740 1791 3812 cernitur)

157 3846 470 3917 agminibus
509 3842 875 3915 aggregaret.
907 3836 1132 3903 Quibus
1164 3835 1224 3889 in
1256 3833 1417 3890 omni
1460 3832 1795 3900 sanctitate,

156 3934 441 4007 sapientia,
475 3928 753 3988 doctrina
786 3931 845 3982 et
890 3924 1172 3997 religione
1216 3923 1436 3995 optime
1484 3921 1791 3988 institutis,

158 4021 230 4078 ita
254 4028 317 4079 ut
343 4023 519 4097 longe
548 4020 783 4090 lateque
814 4033 916 4088 per
961 4015 1139 4072 urbes
1182 4011 1271 4068 vel
1321 4010 1680 4067 monasteria
1725 4027 1794 4067 ex

159 4110 457 4185 disciplina;
475 4109 635 4168 beati
647 4106 831 4180 patris
841 4102 1187 4160 Columbani
1205 4100 1513 4172 discipulis
1529 4103 1793 4171 pastores

160 4199 491 4273 eligerentur
511 4202 576 4255 et
592 4200 867 4261 rectores,
889 4192 1205 4265 instigante
1226 4188 1460 4245 diabolo
1482 4189 1555 4244 ab
1573 4188 1796 4261 impiis-

161 4285 296 4345 sima
322 4285 711 4346 Brunechilde
733 4281 935 4355 regina
949 4278 1251 4352 expulsus,
1273 4294 1546 4351 egressus
1562 4293 1597 4333 a
1613 4277 1793 4332 Luxe.

160 4375 238 4432 vio
263 4378 486 4435 Italiam
519 4371 1005 4449 petiit,Bobiense
1026 4366 1451 4425 monasterium
1486 4365 1794 4439 magniﬁce

162 4465 417 4535 condidit,
441 4466 501 4521 in
535 4477 656 4536 quo
678 4460 917 4517 tandem
940 4456 1144 4514 multis
1166 4454 1584 4511 miraculorum
1607 4454 1793 4526 signis

162 4551 333 4611 clarus
360 4556 532 4612 beato
566 4552 683 4608 ﬁne
711 4548 952 4622 quievit.
985 4546 1089 4603 Cui
1121 4545 1194 4601 ad
1235 4544 1548 4616 regendam
1605 4543 1790 4598 Luxo-

1903 2831 2189 2887 ﬂoruisse.
2225 2832 2331 2897 Qui
2380 2831 2603 2889 scilicet
2652 2850 2785 2888 cum
2836 2837 2989 2888 esset
3034 2833 3253 2906 inclyta
3283 2835 3559 2910 prosapia

1902 2916 2290 2984 clarissimus,
2326 2917 2381 2972 in
2417 2934 2565 2991 page
2588 2918 2685 2991 qui
2707 2918 2880 2991 vulgo
2902 2920 3179 2976 Pontivus
3200 2921 3433 2990 dicitur,
3457 2923 3560 2981 ho-

1903 3004 2144 3061 noribus
2173 3009 2228 3060 et
2258 3022 2454 3061 rerum
2487 3006 2774 3079 dignitate
2796 3008 2967 3078 juxta
2987 3007 3214 3064 natales
3236 3027 3375 3067 suos
3396 3011 3560 3070 ditis-

1902 3094 2116 3163 simus,
2146 3098 2344 3151 tamen
2375 3095 2484 3151 sub
2516 3096 2694 3151 rebus
2711 3094 2906 3152 sreculi
2925 3096 3223 3169 regninon
3245 3098 3558 3158 immemor

1904 3181 2466 3249 zeterni,sectabatur
2482 3184 2723 3240 sedulus
2742 3201 2918 3258 opera
2936 3185 3559 3261 misericordiae,agens

1823 3263 1867 3330 C
1909 3288 2034 3345 qua:
2068 3271 2169 3327 Dei
2201 3278 2360 3340 sunt,
2394 3290 2509 3329 non
2542 3289 2671 3345 quzs
2700 3272 3032 3329 hominum.
3066 3274 3266 3340 Qualis
3282 3280 3482 3335 autem
3502 3282 3560 3335 et

1902 3364 2125 3433 quanta
2154 3361 2213 3416 in
2246 3376 2312 3417 eo
2345 3362 2456 3416 sub
2478 3360 2576 3417 illo
2610 3360 2850 3417 militari
2883 3362 3090 3418 habitu
3121 3364 3407 3420 bonorum
3428 3382 3559 3439 epe-

1902 3466 2034 3505 rum
2065 3449 2250 3505 virtus
2282 3449 2583 3519 effulserit,
2614 3467 2806 3506 sermo
2839 3450 3037 3507 nullus
3068 3452 3358 3524 explicare
3388 3454 3555 3510 sufﬁ-

1902 3538 2014 3593 cit:
2036 3554 2170 3592 cum
2191 3537 2249 3592 in
2273 3538 2497 3593 caeteris
2527 3537 3001 3610 quampluribus,
3026 3542 3155 3595 tum
3177 3540 3355 3595 etiam
3377 3540 3437 3596 in
3461 3536 3557 3597 his

1904 3625 2356 3694 intentissimus,
2372 3626 2594 3681 scilicet
2614 3626 2878 3697 algentes
2899 3626 3131 3695 vestire,
3151 3627 3357 3699 inopes
3377 3627 3552 3698 alere,

1904 3714 2296 3770 imbecillibus
2331 3719 2605 3786 praestare
2633 3714 2918 3784 solamen,
2951 3731 3238 3787 pauperes
3270 3733 3557 3789 recreare,

1904 3804 2155 3860 refevere
2187 3807 2447 3868 mmstos,
2484 3804 2555 3858 ad
2589 3820 2789 3875 pacem
2822 3819 3089 3859 revocare
3118 3805 3557 3862 discerdes.Sic

1903 3892 2073 3949 miles
2103 3892 2362 3964 optimus
2394 3892 2545 3947 inter
2565 3892 2751 3948 fasces
2780 3891 3139 3948 constitutus
3161 3897 3219 3949 et
3238 3910 3559 3967 arma,per-

1902 3981 2076 4037 ituris
2108 3997 2453 4054 prmponens
2484 3997 2716 4052 semper
2735 3984 2970 4049 interna,
2991 3981 3197 4037 sedula
3217 3983 3561 4039 versabatur

1904 4070 2277 4144 cogitatione,
2314 4070 2466 4141 quod
2501 4074 2703 4140 postea
2732 4070 2975 4125 devotus
3004 4070 3317 4144 complevit
3362 4087 3555 4142 opere.

1902 4161 2083 4231 Cujus
2116 4159 2354 4232 quidem
2385 4159 2498 4214 sub
2528 4157 2627 4215 illo
2663 4160 2952 4215 bonorum
2995 4161 3270 4218 exemitio
3318 4161 3560 4219 initium

1903 4249 2206 4322 signorum
2238 4248 2346 4304 hoc
2378 4247 2640 4304 referunt
2665 4248 2978 4305 exstitisse.

2129 4417 2191 4472 In
2217 4433 2357 4489 paqo
2386 4416 2696 4472 Meldicensi
2722 4418 2972 4474 clarescit
3003 4416 3329 4474 adolescens.

1971 4563 2026 4617 5.
2053 4561 2211 4616 Intra
2232 4560 2376 4615 ﬁnes
2399 4559 2675 4627 Francia),
2690 4558 2750 4614 in
2773 4574 2921 4631 pago
2945 4556 3213 4614 videlicet
3236 4557 3556 4629 Meldense,

161 4639 424 4701 viensium
453 4639 882 4699 monachorum
913 4634 1425 4708 congregationem
1457 4633 1665 4688 beatus
1690 4648 1793 4705 ρει-
1824 4633 1872 4697 Ι)
1904 4650 2071 4707 farno:

1972 4649 2110 4706 mosi
2142 4649 2304 4704 vicus
2335 4651 2424 4704 est
2453 4647 2730 4715 nominis,
2752 4647 2943 4719 prisco
2966 4646 3201 4702 nomine
3221 4646 3365 4703 Nam
3384 4648 3560 4720 (infra

163 4731 238 4784 ter
261 4730 565 4788 Eustasius
587 4726 866 4803 providus
886 4725 1245 4798 gubernator
1265 4720 1675 4793 successit,qui
1698 4738 1793 4777 no-

165 4814 335 4876 biliori
360 4815 819 4894 Lingonensium
850 4830 1060 4888 genere
1081 4816 1338 4883 exortus,
1353 4810 1793 4885 prrsdecessoris

166 4905 245 4967 sui
272 4907 328 4969 in
355 4909 633 4969 omnibus
664 4905 939 4961 instituta
959 4906 1220 4972 secutus,
1240 4917 1403 4974 atque
1433 4899 1722 4975 sapientia
1739 4905 1797 4957 et

167 4997 451 5055 sanctitate
483 4997 702 5070 ubique
742 4994 1005 5052 locorum
1055 4992 1213 5067 fama
1240 4995 1299 5046 et
1325 4990 1641 5046 virtutibus
1693 5006 1793 5046 no.

167 5080 414 5144 tissimus
473 5084 750 5161 migravit
799 5083 870 5155 ad
920 5079 1258 5147 Dominum,
1293 5078 1353 5133 in
1406 5078 1611 5135 eodem
1670 5077 1794 5135 loco

169 5183 381 5244 corpore
410 5173 762 5232 tumulatus.

566 5272 709 5339 Dein‘
742 5280 1040 5337 Walbertus
1075 5294 1147 5335 ex
1171 5275 1369 5332 milite.

230 5364 278 5421 4.
308 5365 406 5423 Cui
436 5369 497 5425 iu
518 5367 804 5443 regimine
827 5371 1068 5423 sanctus
1095 5379 1403 5421 successor
1421 5363 1802 5420 exstititWal-

172 5448 371 5511 bertus.
405 5458 512 5524 Qui
544 5457 812 5514 videlicet
836 5456 924 5512 vir
954 5456 1014 5512 iu
1035 5454 1156 5510 vita
1177 5470 1284 5509 sua
1308 5450 1797 5526 gloriosissimus,

172 5534 290 5598 libet
318 5546 598 5616 posterior
625 5546 804 5604 fuerit
835 5544 1059 5609 ordine,
1084 5559 1200 5597 non
1223 5546 1420 5597 tamen
1453 5540 1692 5599 inferior
1711 5560 1802 5598 ex-

174 5626 307 5684 stitit
325 5634 663 5691 meritorum
684 5633 967 5707 qualitate
986 5650 1001 5699 ;
1020 5631 1190 5702 cujus
1211 5645 1443 5700 quoque
1461 5645 1646 5685 annos
1669 5630 1802 5685 ado-

174 5709 435 5776 lescentia:
467 5722 525 5777 in
559 5722 738 5779 armis
768 5721 1009 5777 tradunt
1032 5718 1291 5791 primum
1314 5713 1801 5772 excellentissime

1903 4758 1962 4794 η.
1999 4737 2084 4809 14)
2115 4741 2354 4794 vocatus
2380 4753 2392 4791 :
2419 4735 2518 4808 qui
2552 4735 2775 4792 scilicet
2802 4735 2964 4791 vicus
2993 4735 3105 4803 sibi
3124 4753 3159 4791 ο.
3177 4736 3562 4810 progenitori-

1904 4830 2016 4885 bus
2040 4828 2175 4901 jure
2206 4823 2568 4882 baereditario
2599 4824 2985 4898 competebat,
3014 4827 3146 4882 ortu
3172 4841 3405 4898 quoque
3430 4825 3560 4899 ejus

1905 4914 2299 4990 etpuerilibus
2318 4913 2698 4987 incrementis
2715 4913 2808 4970 hic
2826 4912 2990 4971 locus
3011 4929 3200 4986 usque
3221 4912 3280 4970 in
3303 4930 3561 4988 praesens

1906 5005 2224 5069 admodum
2255 5003 2507 5060 habetur
2537 5001 2807 5075 insignis.
2840 5002 2925 5059 Ad
2958 5001 3192 5060 laudem
3224 5003 3402 5061 etiam
3434 5003 3565 5076 ejus

1907 5092 2163 5169 nominis
2212 5092 2342 5151 fons
2393 5089 2513 5148 illic
2571 5091 2831 5151 exoritur
2889 5092 3311 5162 memorabilis,
3345 5109 3415 5150 ex
3444 5109 3564 5166 quo

1908 5183 2143 5258 perfusa
2173 5181 2346 5238 turba
2373 5179 2673 5254 popularis
2720 5179 3011 5257 laetiorum
3043 5182 3133 5256 (an
3166 5181 3566 5255 laetiorem)’se

1804 5288 1807 5293 '
1908 5272 2224 5331 arbitratur
2254 5270 2327 5327 ad
2359 5286 2469 5326 sua
2498 5269 2714 5327 referre
2741 5270 2814 5328 ob
2856 5270 3203 5330 memoriam
3252 5270 3408 5327 beati
3457 5260 3565 5326 viri

1909 5360 2073 5417 lucra
2096 5358 2542 5416 incolumitatis.
2577 5358 2640 5414 In
2669 5357 2780 5415 hoc
2811 5358 3035 5432 itaque,
3055 5364 3123 5416 ut
3152 5358 3563 5426 diximus,vico

1860 5502 1863 5505 λ
1909 5452 2002 5507 sui
2026 5450 2182 5522 juris
2210 5462 2349 5522 ager
2378 5446 2707 5503 latissimus
2739 5448 2929 5505 fuerat
2975 5453 3031 5505 et
3078 5448 3384 5504 fecundus.
3417 5446 3566 5502 Nam

1909 5557 2044 5595 cum
2076 5539 2137 5594 in
2164 5537 2294 5594 aliis
2324 5537 2413 5593 vir
2442 5537 2551 5594 iste
2582 5535 2895 5607 felicimus,
2929 5542 3055 5593 tum
3106 5552 3337 5610 quoque
3386 5532 3562 5589 rebus

1910 5628 2165 5700 pollebat
2195 5644 2208 5681 :
2233 5631 2290 5684 et
2320 5626 2476 5683 hunc
2503 5643 2736 5698 quoque
2768 5643 2974 5699 agrum
3007 5642 3242 5683 anseres
3281 5623 3559 5694 agrestes,

1911 5733 2059 5788 quas
2089 5733 2123 5772 a
2153 5717 2405 5771 candore
2435 5715 2521 5771 vel
2550 5715 2745 5770 sonitu
2777 5715 2932 5770 vocis
2964 5730 3125 5769 more
3163 5710 3378 5766 rustico
3408 5722 3555 5783 gan-
