3906 6354
333 382 446 443 691

1431 384 1762 448 ADSONIS
1807 385 2247 450 DEBVENSIS
2295 389 2654 451 ABBATIS.

3637 391 3760 453 692

332 520 425 575 tas
456 518 573 589 (41)
602 520 831 586 vocant,
865 517 1099 591 agmine
1129 516 1368 575 collecto
1399 519 1689 591 frequenti
1717 518 1988 591 raptione
2016 521 2074 589 Α
2102 523 2430 580 tentamina
2461 541 2578 581 non
2612 541 2788 597 parvo
2819 527 3079 598 tempore
3130 523 3507 599 singulariter
3554 525 3762 582 decer-

335 609 410 665 ab
441 608 569 681 ipso
591 608 757 679 jactu
790 606 1034 662 seminis
1062 610 1119 661 et
1148 606 1392 662 sationis
1416 607 1775 663 incremento
1804 612 1992 664 vasta-

332 697 496 752 bant.
534 695 801 751 Minister
830 696 1195 768 indignatus,
1231 714 1365 751 cum
1398 714 1495 751 eas
1546 695 1713 752 nulla
1758 696 1811 751 vi
1853 697 1989 753 inde

332 788 530 858 posset
560 784 813 858 abigere,
839 784 1124 839 familiare
1152 785 1437 840 damnum
1460 784 1696 840 domino
1718 791 1992 857 procurat

332 874 618 929 intimari.
654 872 849 929 Atille
882 872 1177 944 imperans
1211 890 1224 927 :
1258 873 1437 941 Vade,
1474 873 1686 946 inquit,
1721 875 1990 940 citius,et

334 963 536 1020 ordine
567 962 819 1035 pedestri
856 979 1096 1017 numero
1121 962 1344 1034 integro
1366 963 1734 1035 subsequens
1756 961 1988 1017 reclude

332 1070 435 1109 eas
464 1051 644 1108 domi.
678 1052 808 1107 Mox
850 1068 1013 1106 servo
1063 1052 1423 1122 praecedente
1468 1052 1696 1106 videres
1749 1055 1990 1106 mmstas

332 1140 601 1197 volucres
630 1140 846 1195 mirum
882 1140 939 1195 in
961 1138 1203 1211 globum
1227 1140 1493 1211 deposita
1514 1140 1739 1194 feritate
1768 1138 1987 1210 colligi,

336 1247 403 1285 ac
434 1247 538 1302 pro
560 1227 827 1301 jubentis
862 1232 1009 1284 nutu
1041 1230 1198 1283 certo
1232 1228 1466 1283 tramite
1489 1245 1604 1299 quo
1626 1228 1991 1283 ducebantur

334 1322 557 1374 tectum
587 1317 974 1374 subintrasse.
1010 1318 1097 1371 lta
1118 1317 1245 1388 jam
1276 1316 1538 1370 triduum
1573 1334 1707 1372 aves
1730 1315 1840 1372 illa:
1863 1317 1990 1372 sine

334 1407 465 1464 cibo
496 1411 756 1481 agentes,
780 1405 935 1462 beati
957 1406 1063 1460 viri
1085 1405 1322 1461 tandem
1347 1404 1711 1477 indulgentia
1733 1405 1991 1461 relaxan-

332 1502 451 1566 tur,
485 1499 723 1570 dempta
766 1494 989 1551 scilicet
1035 1512 1153 1550 una
1198 1495 1269 1549 de
1321 1510 1564 1549 numero
1622 1498 1985 1563 caaterarum,

334 1603 513 1660 quam
546 1603 699 1642 unus
731 1602 761 1641 e
793 1583 1016 1639 familia
1046 1583 1199 1637 furto
1231 1581 1581 1655 sublegerat,
1615 1586 1670 1639 et
1702 1582 1814 1639 sihi
1836 1583 1988 1638 male

333 1674 605 1732 conscius
638 1675 697 1729 in
746 1690 913 1729 escas
958 1689 1133 1727 vorax
1180 1674 1496 1727 temerator
1554 1672 1985 1744 absumpserat.

332 1764 448 1821 Illa:
479 1768 677 1819 tamen
705 1760 969 1817 volucres
1000 1759 1203 1815 soluta:
1236 1759 1307 1815 de
1339 1777 1589 1828 carcere,
1624 1760 1773 1816 elato
1805 1760 1865 1815 in
1898 1759 1987 1816 al-

329 1858 458 1909 tum
489 1851 715 1923 gemitu
746 1850 1000 1905 clamore
1031 1847 1323 1921 replentes
1364 1864 1519 1917 aera,
1552 1853 1706 1905 tecta
1735 1849 1984 1906 circum-

328 1940 552 2009 volant,
583 1937 845 2012 atquein
880 1954 1052 1993 aures
1083 1939 1270 1993 sancti
1298 1937 1409 2005 .viri
1443 1938 1729 1993 damnum
1774 1937 1989 1994 sociale

330 2031 647 2090 resolvunt.
682 2030 790 2098 Qui
823 2047 957 2085 mox
986 2046 1226 2085 causam
1258 2028 1615 2102 intelligens,
1652 2030 1985 2102 depositum

330 2120 601 2193 inquirit,
632 2137 834 2193 pinnas
857 2118 1113 2191 jussisso
1142 2118 1369 2173 debitas
1401 2135 1505 2190 pro
1538 2118 1783 2174 crimine
1812 2119 1986 2191 proﬁ-

327 2216 504 2278 tetur,
539 2226 654 2266 non
685 2223 857 2265 neces
879 2205 1168 2263 intulisse.
1194 2206 1589 2279 Prwsumptor
1611 2213 1673 2262 ut
1690 2206 1825 2262 furti
1853 2225 1987 2263 reus

328 2300 551 2372 pudore
581 2298 1000 2370 deprehensus,
1036 2295 1375 2368 plumarum
1407 2313 1555 2367 quas
1586 2296 1732 2351 forte
1765 2296 1985 2353 subdu-

324 2391 490 2444 xerat
520 2404 586 2443 ac
618 2403 864 2459 quaeque
895 2384 1131 2439 residua
1161 2383 1382 2455 profert
1411 2383 1472 2439 in
1504 2384 1881 2439 medium.Ita
1902 2384 1990 2439 vir

323 2481 566 2533 sanctus
596 2476 749 2531 facta
778 2474 1038 2530 oratione
1068 2471 1396 2527 exanimem
1423 2489 1702 2544 reparans
1722 2517 1735 2540 ,
1756 2476 1987 2528 restau-

325 2570 453 2621 rato
485 2580 729 2619 numero
777 2563 921 2619 sinit
966 2562 1127 2617 abire
1176 2558 1458 2627 lmtantes,
1494 2578 1801 2632 nunquam
1854 2566 1987 2633 post

327 2654 451 2710 hth
482 2652 637 2708 infra
664 2668 871 2725 agrum
906 2650 1074 2705 illum
1107 2649 1492 2720 irruptionem
1533 2650 1721 2705 facere
1765 2668 1987 2723 praesu-

330 2745 578 2798 mentes.
616 2741 745 2797 Hzee
777 2758 912 2813 ergo
935 2740 1064 2812 jam
1096 2742 1235 2793 tunc
1266 2737 1552 2793 Dominus
1584 2739 1641 2792 in
1686 2756 1849 2795 servo
1881 2758 1986 2795 suo

331 2830 1024 2903 dignabaturostendere,
1041 2844 1215 2899 quem
1240 2826 1587 2898 disponebat
1608 2828 1985 2900 postmodum

332 2923 536 2976 sancto
565 2917 645 2973 illi
683 2917 1133 2974 Luxoviensium
1160 2915 1582 2971 monachorum
1606 2915 1766 2988 gregi
1791 2922 1987 2987 pasto-

335 3006 441 3064 rali
476 3007 821 3063 auctoritate
853 3007 1163 3077 prreﬁccre.
1194 3003 1300 3069 Qui
1333 3003 1509 3058 etiam
1542 3004 1590 3058 si
1626 3003 1788 3058 sicin
1821 3003 1990 3057 mini-

270 3134 283 3141 ι
335 3096 451 3151 mis
480 3094 664 3151 laicus
695 3094 902 3167 potuit,
930 3096 1147 3165 quanto
1170 3092 1360 3163 magis
1383 3091 1441 3146 in
1460 3092 1733 3147 maximis
1755 3092 1991 3147 creden-

335 3183 448 3239 dus
478 3187 567 3239 est
597 3184 710 3239 sub
742 3186 942 3239 sancto
973 3180 1179 3235 habitu
1209 3178 1493 3235 valuisse!

2098 615 2275 668 tasse.

2349 705 2598 760 Eustasio
2628 707 2923 776 sufﬁcitur.
2961 707 3087 761 Rem
3122 707 3319 778 Optime
3344 706 3501 776 gerit.

2169 803 2223 853 7.
2260 799 2539 855 Prazterea
2572 807 2737 873 pater
2766 801 3094 867 Eustasius,
3119 802 3272 857 sicut
3294 819 3474 873 supra
3496 800 3767 872 praeliba-

2098 886 2311 953 vimus,
2346 889 2532 959 signis
2563 895 2620 943 et
2647 889 2964 944 virtutibus
2996 889 3543 962 quampluribus,ut
3572 888 3632 943 in
3665 890 3764 945 de-

2100 976 2417 1047 scriptione
2449 982 2687 1032 actuum
2721 978 2909 1050 ipsius
2940 978 3303 1034 sufficienter
3333 977 3568 1051 legitur,
3590 996 3758 1033 com-

2099 1065 2401 1136 probatus.
2434 1084 2567 1121 cum
2589 1067 2788 1139 palma
2818 1068 3105 1123 bonorum
3128 1067 3647 1139 operum.Domino
3666 1085 3763 1122 vo-

2098 1158 2287 1221 cante,
2322 1155 2552 1211 cmleste
2592 1156 2935 1229 capitolium
2988 1155 3315 1229 ingreditur
3357 1158 3756 1212 coronandus.

2098 1243 2203 1307 Qui
2238 1244 2415 1299 etiam
2440 1250 2573 1317 post
2589 1262 2816 1300 sacram
2836 1244 2986 1301 beati
3009 1245 3158 1301 Petri
3177 1244 3575 1318 apostolorum
3601 1247 3757 1318 prin-

2097 1330 2245 1403 cipis
2276 1350 2439 1388 aram
2471 1333 2628 1389 intra
2659 1335 2874 1389 muznia
2905 1333 3244 1406 principalis
3284 1332 3759 1407 ecclecice,quam

2099 1421 2224 1493 ipse
2255 1439 2389 1477 cum
2414 1427 2577 1494 patre
2598 1422 2957 1479 Columbano
2980 1423 3731 1495 condiderat,magniﬁcam
3744 1467 3765 1495 ,

2098 1514 2165 1564 ut
2193 1528 2299 1581 par
2344 1516 2487 1579 erat,
2522 1512 2887 1583 sepulturam
2932 1516 3204 1577 retentat.
3239 1512 3352 1567 Nec
3402 1512 3629 1583 patitur
3675 1512 3762 1567 di-

2096 1600 2233 1654 vina
2264 1600 2629 1671 providentia
2661 1618 2895 1657 sacrum
2926 1600 3072 1656 ovile
3096 1606 3315 1656 rectore
3336 1601 3761 1657 destitui.Nam

2099 1688 2159 1743 in
2191 1687 2287 1744 illo
2321 1695 2657 1745 sanctorum
2690 1689 2929 1762 collegio
2962 1706 3095 1745 cum
3128 1690 3316 1745 forent
3337 1688 3762 1762 plurimi,quos

2098 1782 2155 1833 et
2184 1779 2472 1849 sapientia
2500 1784 2558 1834 et
2588 1780 2707 1834 vita
2742 1780 3212 1846 commendarat;
3248 1784 3445 1834 tamen
3495 1779 3759 1835 universi

2018 1894 2066 1961 Β
2100 1868 2225 1939 pari
2256 1872 2386 1923 voto
2436 1869 2679 1961 parique
2724 1885 3013 1961 consensu
3064 1867 3513 1961 Waldebertum
3561 1868 3761 1961 virum

2099 1974 2261 2026 mque
2294 1958 2736 2013 sanctissimum
2772 1956 2897 2013 loco
2934 1957 3119 2030 patris
3168 1957 3506 2013 decedentis
3555 1957 3759 2012 decer-

2098 2050 2265 2112 nunt,
2300 2063 2365 2100 ac
2406 2046 2514 2101 loci
2566 2052 2859 2102 rectorum
2907 2045 3298 2113 constituunt,
3330 2045 3471 2101 certi
3523 2046 3595 2101 de
3624 2048 3763 2117 ejus

2096 2134 2310 2189 virtute
2335 2140 2392 2190 et
2422 2135 2647 2189 meritis
2683 2152 2695 2190 :
2729 2152 2857 2207 quae
2900 2134 3011 2191 etsi
3059 2134 3118 2189 in
3170 2151 3235 2190 eo
3285 2140 3555 2207 poterant
3608 2151 3759 2208 aug-

2098 2223 2368 2289 mentari,
2404 2223 2548 2278 nulli
2583 2224 2830 2279 dubium
2880 2223 3025 2296 quin
3080 2228 3324 2296 possent
3370 2225 3485 2278 fixa
3529 2220 3756 2279 delibe-

2098 2312 2323 2367 ratione
2356 2312 2757 2368 moveri.Nihil
2789 2312 2945 2369 enim
2977 2330 3011 2367 a
3042 2312 3290 2384 pristino
3335 2311 3530 2384 vigore
3573 2328 3761 2384 agens

2096 2400 2425 2469 remi9sius,
2468 2402 2778 2473 exquisitis
2829 2402 3095 2457 arctioris
3145 2402 3272 2457 vita:
3323 2418 3386 2457 se
3432 2400 3759 2456 districtio-

2098 2490 2274 2544 nibus
2305 2492 2626 2545 coercebat.
2660 2490 2717 2546 Si
2753 2491 2894 2562 quid
2924 2507 3057 2546 vero
3086 2490 3145 2545 in
3188 2490 3362 2545 rebus
3392 2489 3480 2545 vel
3529 2488 3761 2544 czeteris

2100 2580 2409 2651 utriusque
2455 2580 2583 2634 vita:
2637 2579 3157 2635 commoditatibus
3207 2585 3469 2650 tempore
3517 2578 3766 2633 illorum

2098 2668 2349 2723 duorum
2396 2675 2650 2741 patrum,
2686 2668 3032 2723 Columbani
3084 2666 3353 2723 videlicet
3381 2672 3437 2722 et
3477 2667 3760 2733 Eustasii,

2095 2756 2503 2828 imperfectum
2537 2759 2816 2825 restabat,
2842 2757 2937 2812 hic
2959 2762 3161 2829 pastor
3192 2756 3572 2811 beatissimus
3609 2754 3764 2810 Wal-

2098 2847 2373 2901 debertus
2430 2845 2589 2902 omni
2650 2845 2942 2900 industria
3001 2844 3314 2917 supplevit,
3361 2844 3542 2912 auxit,
3578 2850 3645 2899 et
3690 2844 3759 2899 ad

2098 2952 2354 3007 unguem
2387 2935 2699 3005 perfectius
2730 2934 3010 2988 elimavit.
3046 2932 3229 2988 Villas
3254 2948 3487 3005 quoque
3516 2936 3575 2986 et
3610 2950 3760 3003 pra:-

2097 3022 2193 3077 dia
2219 3023 2455 3093 copiosa
2482 3022 2793 3076 traditione
2818 3021 3051 3093 publice
3083 3022 3236 3076 facta
3264 3022 3321 3075 in
3351 3037 3496 3075 usus
3526 3020 3763 3077 Monas-

2097 3110 2227 3165 terii
2284 3109 2577 3165 contulit:
2621 3110 2771 3164 inter
2824 3127 2951 3181 qua:
3009 3108 3203 3164 vicum
3263 3124 3520 3181 quoque,
3578 3126 3761 3182 quem

2097 3200 2370 3271 superius
2399 3200 2542 3254 Nunt
2580 3204 2851 3254 vocatum
2901 3198 3180 3263 diximus,
3212 3198 3539 3270 genuinum
3592 3200 3759 3254 vide-

330 3290 573 3346 Eustasii
599 3291 822 3346 monitis
853 3288 1157 3343 Luxavium
1184 3302 1241 3342 se
1269 3292 1484 3357 recepit.
1516 3285 1809 3341 Solitarius
1833 3287 1983 3341 vivit.
2017 3262 2060 3328 Ο
2099 3262 2234 3346 licet
2262 3291 2390 3360 ejus
2423 3290 2534 3360 (43)
2576 3288 2787 3357 solum,
2822 3304 2957 3343 cum
3012 3262 3295 3342 membris
3345 3286 3760 3358 adjacentibus

399 3399 455 3453 6.
490 3397 636 3452 Hinc
659 3397 785 3468 jam
819 3411 953 3450 cum
984 3394 1056 3449 ad
1089 3391 1299 3448 altiora
1327 3392 1829 3459 tenderet,sazculo
1859 3410 1985 3449 om-

330 3486 470 3543 nino
498 3482 1285 3551 renuntiare.desiderat,Dei
1318 3487 1465 3537 nutu
1496 3483 1568 3538 ab
1603 3483 1753 3537 beati
1803 3484 1986 3554 patris

328 3575 587 3633 Eustasii
618 3572 890 3630 consultu
937 3572 1295 3627 Luxoviense
1344 3571 1792 3637 monasterium,
1828 3574 1985 3643 quod

328 3682 445 3737 prce
476 3664 701 3721 caeteris
729 3680 794 3719 eo
825 3666 1085 3733 tempore
1117 3658 1372 3731 regulari
1402 3659 1609 3716 ordine
1657 3661 1985 3717 districtius

327 3758 474 3822 erat,
503 3754 670 3825 copia
700 3768 897 3807 rerum
920 3755 977 3805 et
997 3766 1242 3805 numero
1263 3749 1684 3806 monachorum
1707 3751 1986 3806 excellen-

328 3843 449 3899 tius
480 3841 874 3915 praepollebat,
890 3840 1132 3894 devotus
1149 3837 1422 3909 expetiit:
1449 3854 1514 3893 ac
1532 3838 1763 3895 traditis
1788 3858 1982 3896 rerum

329 3947 572 3987 suarum
595 3929 715 3985 illic
736 3946 865 4001 quae
887 3944 990 4000 per
1010 3926 1240 3982 diversa
1256 3926 1384 3981 loca
1404 3927 1768 3998 amplissime
1790 3947 1984 4000 posse-

328 4021 495 4075 derat
525 4017 777 4090 praadiis,
802 4016 1100 4087 armisque
1123 4014 1425 4086 depositis,
1450 4032 1578 4086 qua:
1601 4032 1789 4088 usque
1811 4018 1983 4073 hodie

327 4106 389 4161 in
419 4104 825 4161 testimonium
849 4120 1027 4159 saera:
1051 4102 1274 4156 militia:
1300 4103 1429 4173 ejus
1450 4102 1507 4156 in
1530 4120 1596 4158 eo
1618 4103 1743 4159 loco
1768 4105 1981 4161 haben-

328 4200 446 4260 tur,
481 4210 780 4250 servorum
812 4191 913 4247 Dei
945 4207 1188 4246 numero
1210 4190 1353 4245 adiit
1368 4190 1818 4259 soeiandus.Qui
1842 4212 1977 4250 san-

328 4288 431 4339 ctm
462 4281 861 4339 conversionis
890 4280 1140 4353 gratiam
1170 4284 1333 4334 tanta
1361 4285 1450 4334 est
1480 4282 1829 4351 perfectione
1852 4285 1981 4339 ade-

327 4378 485 4446 ptus,
518 4375 583 4427 ut
612 4370 789 4427 etiam
820 4374 1023 4427 sancto
1056 4368 1279 4439 Spiritu
1310 4368 1643 4425 illustrante
1673 4371 1845 4444 signa
1865 4374 1978 4428 vir-

324 4467 518 4517 tutum
577 4461 931 4524 ostenderet,
981 4474 1116 4513 cum
1175 4457 1235 4511 in
1293 4456 1535 4513 alterius
1595 4460 1979 4531 dispositione

325 4552 691 4607 consisteret.
726 4550 1088 4605 Monstratur
1115 4547 1308 4601 adhuc
1338 4548 1452 4614 (42)
1482 4547 1736 4620 denique
1789 4550 1974 4618 locus,

2096 3380 2208 3435 sub
2240 3378 2715 3433 interminatione
2746 3376 2989 3432 tradidit
3021 3393 3033 3430 :
3071 3381 3136 3431 ut
3166 3375 3267 3448 qui
3296 3392 3433 3431 eum
3456 3394 3489 3431 a
3511 3374 3639 3432 loco
3662 3394 3762 3431 au-

2096 3469 2289 3535 ferret,
2323 3473 2549 3523 teternze
2595 3465 2990 3522 maledictioni
3042 3466 3470 3521 succumberet.
3507 3465 3568 3519 In
3606 3481 3756 3537 pago

2095 3574 2329 3629 quoque
2358 3555 2644 3611 Tarnensi
2676 3556 2789 3627 (44)
2810 3556 3004 3609 vicum
3028 3554 3331 3609 Herlerum
3356 3554 3595 3609 nomine
3618 3570 3756 3608 cum

2095 3646 2371 3702 omnibus
2402 3646 2470 3699 ad
2506 3661 2567 3700 se
2599 3643 3049 3716 pertinentibus,
3074 3659 3177 3697 seu
3208 3641 3496 3714 quidquid
3520 3642 3579 3696 in
3606 3642 3754 3698 Pon-

2094 3736 2211 3790 tivo
2244 3734 2430 3789 solido
2450 3735 2587 3805 jure
2621 3733 2978 3806 possederat,
3007 3730 3256 3787 obtulit:
3293 3735 3351 3786 et
3378 3731 3649 3786 omnium
3674 3747 3756 3785 re-

2094 3842 2225 3879 rum
2258 3841 2500 3879 suarum
2535 3824 2772 3877 beatum
2814 3821 3046 3876 Petrum
3093 3818 3426 3891 apostolum
3457 3819 3515 3873 in
3548 3836 3751 3891 perpe-

2075 3919 2262 3976 tuum
2294 3914 2583 3967 hazredem
2606 3928 2734 3967 esse
2759 3908 3087 3965 constituit.
3113 3908 3270 3963 Inter
3291 3912 3499 3963 castora
3516 3924 3750 3981 quoque

2092 4006 2221 4073 ejus
2252 4002 2498 4056 donaria
2528 4000 2777 4055 contulit
2805 4000 2984 4054 etiam
3016 3996 3453 4070 pretiosissimae
3502 4015 3749 4069 gemma:

2092 4088 2368 4163 poculum
2398 4106 2467 4143 ex
2498 4105 2614 4143 uno
2637 4087 2883 4158 topazio,
2903 4085 3050 4140 miro
3069 4086 3242 4140 modo
3260 4083 3510 4156 guttulis
3531 4085 3747 4151 aureis,

2092 4185 2157 4234 ut
2188 4181 2317 4250 ejus
2349 4182 2441 4233 est
2472 4181 2700 4244 natura,
2737 4175 3083 4240 interlitum,
3118 4172 3464 4245 interposito
3503 4173 3743 4228 anathe~

2091 4273 2266 4333 mate,
2295 4274 2359 4321 ut
2388 4265 2658 4338 quisquis
2681 4279 3033 4337 quacunque
3050 4261 3355 4318 occasione
3371 4261 3580 4317 exinde
3602 4261 3741 4316 illud

2089 4356 2479 4423 subtraheret,
2502 4354 2587 4409 vel
2606 4355 2979 4409 subtractum
2997 4369 3147 4407 ausu
3168 4350 3478 4406 temerario
3496 4350 3742 4406 retinere

2089 4450 2363 4512 tentaret,
2396 4461 2529 4500 cum
2565 4443 2794 4499 diabolo
2826 4448 2883 4498 et
2911 4440 3138 4513 angelis
3169 4441 3297 4511 ejus
3330 4438 3563 4494 aeternis
3586 4439 3743 4494 ﬂam-

2088 4536 2203 4591 mis
2225 4536 2281 4589 in
2308 4539 2654 4606 perpetuum
2680 4532 3033 4588 crueiandus
3054 4531 3306 4596 adesset,
3324 4527 3485 4585 salva
3509 4543 3739 4600 quoque

324 4640 556 4695 duobus
586 4656 620 4695 a
648 4638 1002 4694 monasterio
1034 4634 1297 4691 millibus
1320 4616 1675 4707 disparatus,
1696 4642 1807 4695 sub
1839 4616 1973 4697 saxo

2138 4624 2429 4678 ictoritate
2453 4624 2808 4677 Francorum
2832 4637 3034 4693 regum
3060 4625 3115 4674 et
3132 4616 3573 4691 procerum,qui
3597 4631 3739 4672 usus

320 4728 558 4798 quidem
590 4726 990 4800 praeeminenti
1040 4742 1353 4792 concavus,
1385 4742 1539 4797 aqua
1590 4744 1724 4782 vero
1756 4745 1786 4783 e
1820 4735 1973 4785 terra

322 4816 644 4887 prodeunte
674 4816 948 4870 blandius
979 4813 1255 4885 irriguus,
1274 4814 1371 4868 ubi
1394 4814 1665 4871 cellulam
1690 4818 1799 4873 sibi
1827 4820 1970 4875 refe—

322 4907 459 4958 runt
488 4903 768 4958 statuisse
798 4920 863 4959 ac
893 4906 1097 4957 contra
1114 4901 1202 4956 vel
1220 4901 1413 4957 carnis
1428 4902 1757 4976 velantiqui
1786 4907 1972 4965 hostis

392 5028 501 5100 (41)
534 5026 627 5100 Sic
658 5031 862 5083 sancta
885 5025 1235 5100 Amalberga
1264 5025 1423 5097 virgo
1455 5044 1522 5083 ex
1553 5045 1691 5100 agro
1724 5047 1829 5087 suo
1882 5033 1968 5089 fn-

320 5098 491 5173 gasse
516 5099 731 5173 dicitur
759 5115 898 5173 aves
918 5098 1205 5169 quasdam
1237 5113 1370 5168 quas
1400 5098 1679 5156 commdni
1716 5105 1971 5163 vocabulo

318 5169 509 5241 [mutas
538 5170 814 5241 appellare
840 5169 1035 5241 placet.

389 5241 503 5317 (42)
534 5239 803 5295 Cernitur
832 5240 1083 5317 adhunc
1112 5255 1298 5309 usque
1319 5239 1499 5317 diem,
1523 5240 1886 5317 habeturque
1911 5251 1968 5306 in

318 5309 598 5392 spelunca
627 5327 794 5366 sacra
826 5309 1077 5392 rigidum
1113 5327 1316 5392 saxum
1341 5311 1559 5392 jacenti
1595 5309 1814 5371 homini
1867 5340 1968 5392 ap-

320 5330 598 5392 Βρὲιιιῐιεξι
627 5330 794 5366 sacra
826 5330 1077 5434 Ingnium
1113 5330 1316 5362 Silelﬂl
1341 5330 1559 5393 JB‘CUPU
1595 5330 1814 5371 ΠΟΙΠΙΠΙ
1867 5340 1967 5392 al)-

320 5388 530 5449 tatum,
565 5400 623 5436 in
663 5399 780 5453 quo
829 5381 882 5435 fe
930 5385 1225 5435 ricitantes
1275 5398 1597 5451 SIBPISSIHIC
1656 5387 1967 5448 sanitatem

320 5454 630 5507 recipiunt.

408 5472 630 5507 tlDlllllt.

320 5472 751 5594 reaglulgrhoc
783 5522 907 5594 loco
939 5519 1286 5594 intelligitur
1317 5523 1490 5594 (quod
1520 5524 1694 5579 etiam
1731 5533 1970 5589 manife-

317 5590 596 5651 stum'cst
624 5613 689 5649 ex
736 5592 893 5649 Actis
942 5593 1001 5646 S.
1037 5590 1252 5664 Bertini
1305 5590 1557 5664 abbatis)
1608 5596 1787 5655 alium
1839 5623 1967 5661 essu,

314 5666 757 5724 Waldebertum
812 5664 967 5719 hunc
1008 5680 1041 5717 a
1078 5661 1376 5717 \Valberto
1434 5661 1644 5723 comite
1700 5673 1962 5747 Arcensi,

2089 4712 2408 4767 admodum
2439 4727 2506 4766 eo
2535 4711 2793 4783 iempore
2824 4711 3138 4765 ferebatur.

2187 4819 2392 4874 Νίσαιίο
2422 4819 2668 4889 σρὼσορο
2692 4815 3149 4887 Γανηὶιιάνὶδβὸίι.
3174 4813 3248 4868 Ab
3278 4828 3338 4868 eo
3366 4811 3633 4882 sepultus:

2152 4919 2205 4970 8.
2240 4916 2452 4971 Sancto
2486 4914 2706 4970 Nicetio
2737 4914 3008 4985 episeopo
3052 4925 3403 4983 magnarum
3452 4908 3733 4963 virtutum

3257 5050 3589 5102 ermanum,
3637 5034 3733 5088 aut

2082 5039 2370 5111 discipule
2425 5040 2484 5095 S.
2540 5038 2757 5111 Bertini
2795 5056 2807 5093 :
2842 5055 2946 5111 nec
3005 5039 3161 5094 Fara:

3234 5103 3413 5172 inisse,
3457 5104 3542 5160 uti
3595 5103 3732 5159 alias

2080 5110 2346 5167 Ecclesiae
2396 5110 2766 5167 Meldieensis
2816 5110 3157 5183 episcopum

2081 5184 2415 5259 probate!“-
3025 5257 3031 5259 _
3149 5250 3184 5259 ..
3434 5246 3446 5259 .
3648 5245 3681 5259 ..

2150 5256 2263 5325 (44)
2296 5255 2390 5310 Sic
2430 5271 2857 5326 nonnunquam
2905 5250 3221 5326 contractis
3271 5247 3484 5304 litteris
3533 5247 3729 5323 media;

2078 5320 2267 5399 aetatis
2300 5330 2567 5381 auctores
2584 5320 2801 5399 vocant
2846 5341 3061 5399 pagum
3111 5320 3607 5399 Tarvennensem,
3640 5320 3724 5397 cui

2079 5398 2392 5472 contiguus
2423 5402 2511 5472 est
2542 5397 2705 5472 victis
2734 5391 3027 5472 llerlervus,
3059 5393 3232 5472 vulgo
3257 5392 3385 5462 jam
3434 5391 3622 5472 ῌσνιςί,
3652 5391 3725 5472 si-

2076 5473 2173 5523 tus
2206 5463 2270 5523 ἱιῖ
2298 5468 2579 5524 comitatu
2632 5468 2898 5525 Paulensi
2943 5467 3013 5523 ad
3066 5463 3361 5521 Romanas
3410 5463 3556 5530 vias,
3586 5463 3728 5530 inter

2076 5540 2357 5610 Agniouis
2389 5544 2444 5594 et
2473 5539 2747 5594 Edivinim
2802 5540 3108 5595 fluviorum
3163 5534 3374 5610 capita,
3411 5528 3559 5587 teste
3592 5528 3724 5585 Mal-

2076 5609 2293 5665 branco
2326 5611 2383 5665 in
2417 5610 2517 5665 lib.
2553 5629 2608 5665 1v
2638 5613 2707 5667 de
2740 5611 2982 5667 Morinis
3016 5627 3142 5681 cap.
3177 5609 3230 5661 ti.
