3906 6350
111 410 238 474 693

1072 410 1305 472 LIBER
1350 410 1449 472 DE
1492 408 1918 473 MIRACULIS
1962 411 2026 472 S.
2077 411 2624 473 WALDEBERTI.

3436 416 3551 478 694

112 545 243 601 viro
298 543 636 601 familiarus
691 544 1041 609 adhaerebat,
1078 544 1422 616 interposita
1483 543 1789 614 utriusque
1819 543 1875 609 Α
1905 544 2523 616 defuit,ettcmporalis
2547 546 2974 618 subsidiicopia
2995 548 3261 617 usquead
3282 546 3558 605 ultimum

117 634 464 689 conditione
490 634 662 705 pacti,
699 634 912 704 utquis
938 651 1136 688 eorum
1165 634 1391 706 primus
1421 634 1666 688 Domino
1698 649 1794 686 vo-

119 727 295 777 cante
321 723 499 776 rebus
524 722 805 777 humanis
845 723 1169 787 excederet,
1204 722 1350 777 alter
1381 727 1680 793 superstes
1711 722 1793 777 lo-

120 828 259 866 cum
292 810 413 866 sibi
452 810 770 881 sepultura:
819 810 1205 883 compctentis
1244 811 1595 867 ordinasset.
1630 812 1792 876 Quod

121 905 177 955 et
201 902 285 955 ita
305 900 576 970 contigit.
614 899 759 954 Nam
784 916 918 953 cum
951 917 1052 971 per
1082 899 1471 970 quadraginta
1502 916 1791 953 annorum

122 989 387 1060 Spatium
410 988 705 1059 gloriosus
723 989 1021 1042 confessor
1039 988 1267 1042 Domini
1289 989 1695 1043 Waldebertus
1718 988 1794 1042 lo-

121 1095 255 1132 cum
278 1076 395 1131 sibi
414 1078 939 1148 delegatumpmni
959 1077 1193 1131 virtutis
1212 1081 1420 1145 genere
1438 1077 1655 1147 optimc
1678 1078 1792 1132 dis-

123 1167 386 1238 positum
412 1172 655 1235 augeret
684 1167 860 1221 rebus
884 1172 940 1221 et
974 1183 1215 1219 numero
1240 1166 1353 1219 Deo
1388 1166 1786 1229 servientium,

124 1256 330 1311 multis
354 1255 779 1311 miraculorum
812 1256 1125 1310 virtutibus
1155 1255 1472 1310 adornatus
1495 1255 1787 1325 migravit,

125 1346 193 1399 ad
224 1344 549 1399 Dominum
582 1361 637 1398 γι
671 1343 864 1398 Nonas
896 1343 1099 1405 Maias,
1134 1360 1521 1413 supernorum
1573 1344 1784 1398 civium

125 1433 319 1489 socius
342 1438 402 1487 et
423 1450 668 1487 consors
689 1434 949 1493 etfectus,
968 1436 1023 1485 et
1044 1433 1371 1501 adjanuam
1396 1434 1789 1503 perpetua‘ju-

126 1523 449 1578 cunditatis
482 1521 727 1576 feliciter
753 1522 1141 1575 introductus.
1162 1520 1221 1574 In
1244 1522 1414 1589 cujus
1436 1522 1784 1589 obsequium

125 1610 345 1666 funeris
378 1610 818 1665 conﬂuentibus
854 1610 1113 1679 undique
1164 1610 1423 1663 fidelium
1458 1610 1691 1673 turmis,
1725 1609 1783 1664 in

124 1699 367 1756 ecclesia
398 1700 559 1753 beati
608 1699 838 1753 Martini
874 1700 986 1765 (45)
1019 1716 1147 1769 quae
1204 1702 1293 1751 est
1350 1704 1687 1752 constructa
1719 1715 1785 1752 ex

123 1789 298 1844 latere
344 1786 697 1843 monasterii
733 1787 788 1841 in
827 1793 985 1857 parte
1018 1786 1363 1857 aquilonari,
1397 1786 1719 1857 composita
1753 1804 1784 1840 a

125 1881 320 1934 sancto
351 1875 579 1931 Nicetio
612 1876 883 1946 pontifice
904 1881 1034 1945 post
1065 1892 1227 1930 aram
1262 1880 1463 1946 crypta
1486 1892 1655 1946 opere
1683 1875 1785 1929 nii-
1815 1910 1862 1974 Β

126 1966 299 2033 rifico,
316 1966 573 2022 Domino
596 1963 943 2035 disponente
967 1963 1313 2035 dignissima
1336 1964 1550 2019 ibidem
1583 1964 1781 2019 condi-
1808 2000 1817 2007 ο

125 2060 215 2111 tus
244 2058 335 2111 est
364 2053 690 2126 sepultura.

209 2144 413 2216 Corpus
440 2144 564 2215 eius
590 2142 919 2214 prmsidium
948 2144 1190 2197 maxime
1219 2150 1403 2196 contra
1431 2158 1689 2213 paganos.

190 2234 243 2287 9.
276 2233 339 2288 In
373 2250 497 2305 quo
518 2230 788 2287 videlicet
809 2230 954 2298 loco,
989 2235 1120 2302 post
1147 2229 1467 2303 gloriosum
1500 2231 1627 2284 vita:
1654 2231 1782 2299 ejus

131 2337 450 2389 excessum,
476 2320 549 2376 ad
576 2320 856 2376 honorem
881 2318 1058 2374 divini
1083 2318 1340 2374 nominis
1372 2316 1626 2389 plurima
1647 2323 1786 2374 sunt

130 2414 352 2466 ostensa
381 2408 836 2475 miracula,cum
868 2410 1095 2463 cmcatis
1124 2407 1385 2463 vultibus
1414 2406 1575 2462 visus
1599 2407 1786 2462 reddi-

131 2503 238 2569 tur,
270 2498 502 2553 claudis
520 2501 693 2569 rupta
709 2513 1017 2551 nervorum
1052 2495 1394 2567 compagine
1424 2511 1663 2567 gressus
1695 2512 1782 2550 re-

130 2584 705 2654 stauratur,inﬁrmis
731 2586 953 2658 aspirat
975 2586 1268 2650 sanitas,a
1295 2584 1579 2641 membris
1602 2601 1779 2657 (egro-

132 2674 368 2729 tantium
392 2672 838 2747 pelliturinvisa
860 2672 1150 2739 debilitas,
1186 2673 1410 2726 maestis
1443 2671 1781 2739 solatia,ad-

130 2762 297 2818 versis
318 2762 736 2819 decidentibus
760 2766 1115 2834 prmstantur
1135 2761 1447 2816 beneficia:
1470 2760 1623 2816 inter
1653 2778 1781 2833 qum

135 2851 294 2907 etiam
314 2852 517 2908 divina
540 2856 682 2907 sunt
719 2852 954 2906 virtutis
1003 2850 1373 2906 commercia.
1409 2850 1467 2904 ld
1502 2856 1659 2905 certa
1690 2867 1780 2904 ra-

133 2940 273 2995 tione
294 2942 451 3013 prior
475 2945 617 2996 astas
639 2940 857 2994 dicitur
877 2939 1310 3010 comprobasse,
1336 2938 1491 3009 quod
1526 2938 1783 2993 exhibita

138 3029 666 3101 piodebitojacenti
685 3028 923 3083 honoris
945 3027 1285 3093 reverentia,
1307 3028 1568 3098 quandiu
1602 3044 1779 3082 manu

138 3116 372 3173 hominis
384 3118 694 3174 exstiterat
715 3117 862 3172 sacri
885 3116 1145 3188 corporis
1164 3116 1484 3188 sepultura,
1520 3133 1624 3171 nec
1649 3134 1779 3189 pra-

137 3204 265 3261 vitas
293 3206 645 3272 inﬁdelium,
681 3222 785 3260 nec
818 3204 937 3259 ulla
984 3204 1102 3259 illic
1161 3204 1467 3276 praevalere
1526 3205 1782 3276 potuerit

1904 650 2103 687 eorum
2128 635 2421 701 abbatem,
2456 636 2689 690 nomine
2720 635 3020 701 Melinum,
3049 654 3321 709 prospere
3352 639 3558 710 perdu-

1904 722 2207 778 ravit.lla~c
2230 741 2334 779 nos
2359 724 2650 796 siquidem
2677 725 2846 795 quasi
2871 742 2973 796 per
2996 726 3557 798 prmoccupationem

1903 812 2157 865 materiae
2183 812 2431 866 breviter
2454 813 2841 883 pra~libantes,
2859 830 2993 868 cum
3013 814 3179 869 nobis
3194 816 3558 886 propositum

1902 916 2016 952 non
2053 900 2225 955 fuerit
2260 903 2685 973 pra-teritorum
2732 909 3063 972 temporum
3097 910 3225 958 aeta
3255 904 3554 975 replicare,

1903 985 1996 1042 his
2019 990 2255 1043 omissis
2288 991 2357 1043 ad
2392 997 2599 1044 uostrm
2635 992 2818 1044 rotatis
2854 997 3134 1063 tempora,
3162 993 3311 1047 sicut
3345 1010 3553 1049 sumus

1901 1076 2165 1149 polliciti,
2204 1079 2533 1132 redeamus.

1903 1187 2078 1252 Drogo
2134 1187 2295 1239 etiam
2348 1185 2510 1239 abbas
2570 1188 2942 1241 Larnricnsis.
2977 1192 3101 1259 Quo
3140 1191 3330 1244 mortis
3360 1205 3554 1260 genere

2573 1262 2687 1312 arti
2691 1268 2840 1313 nctus
2852 1297 2866 1314 .

1974 1345 2058 1397 11.
2087 1344 2221 1398 Post
2272 1346 2710 1399 memorabilem
2757 1346 2943 1401 Caroli
2982 1348 3173 1417 Magni
3208 1351 3317 1414 (47)
3349 1356 3405 1403 et
3435 1349 3550 1419 glo-

1898 1432 2033 1485 riosi
2071 1432 2437 1502 imperatoris
2486 1435 2733 1499 obitum,
2768 1440 2895 1489 orta
2948 1436 3127 1490 fuisse
3156 1436 3371 1491 dicitur
3402 1439 3552 1493 inter

1899 1528 2149 1591 quatuor
2173 1540 2336 1591 reges
2360 1522 2745 1578 dissensionis
2769 1540 2994 1591 magum
3017 1527 3428 1591 controversia,
3453 1528 3553 1582 Ca-

1898 1610 2086 1665 rolum
2122 1611 2343 1665 scilicet
2375 1617 2432 1665 et
2466 1613 2797 1683 Pippinum,
2834 1614 3180 1668 Lutbarium
3234 1633 3467 1688 quoque
3496 1622 3553 1671 ct

1899 1700 2279 1763 Ludovirum,
2299 1700 2629 1755 rixantibus
2662 1718 2894 1772 quoque
2916 1707 2973 1756 et
2994 1704 3044 1756 vi
3069 1720 3283 1775 magna
3304 1703 3457 1759 inter
3487 1723 3550 1760 se

1895 1789 2353 1854 decertantibus,
2389 1790 2479 1843 cui
2542 1807 2742 1844 eorum
2799 1791 2981 1845 solius
3031 1794 3190 1862 regni
3225 1793 3549 1848 dominatio

1897 1878 2148 1932 Francia)
2174 1877 2486 1947 specialius
2506 1878 3123 1949 obveniret,quodjam
3150 1882 3387 1951 quidem
3419 1898 3549 1952 ger-

1894 1982 2104 2020 manus
2128 1983 2327 2021 eorum
2344 1965 2549 2034 junior
2571 1966 2811 2021 Carolus
2841 1972 2983 2022 nutu
3009 1969 3189 2039 patris
3213 1970 3548 2026 decedentis

1893 2054 2269 2126 singulariter
2300 2061 2620 2126 acceperat.
2659 2058 2792 2121 Quae
2827 2058 3089 2111 fraterna:
3120 2056 3241 2113 litis
3275 2060 3548 2129 impietas

1892 2158 2026 2197 cum
2062 2142 2222 2197 nulla
2252 2148 2450 2215 posset
2481 2143 2705 2199 ratione
2736 2144 3058 2212 revinci,eo
3090 2162 3277 2217 usque
3298 2146 3553 2203 deducta

1893 2236 2001 2297 est,
2032 2236 2096 2286 ut
2126 2231 2455 2286 convocatis
2516 2232 2793 2303 utrinque
2842 2249 3154 2304 regnorum
3186 2235 3545 2303 cohortibus,

1894 2320 2197 2392 dispositis
2229 2319 2574 2375 bellantium
2607 2322 2831 2387 cuneis,
2860 2321 2918 2375 in
2952 2321 3237 2378 fraternas
3270 2323 3425 2379 acies
3452 2340 3548 2380 ve-

1892 2408 2030 2464 xilla
2078 2408 2459 2463 solverentur.
2505 2408 2567 2463 In
2619 2425 2737 2480 qua
2793 2408 2915 2463 acie
2972 2409 3234 2465 Lutharii
3294 2410 3551 2483 fugiente

1893 2497 2172 2563 exercitu,
2193 2498 2438 2565 juvante
2468 2496 2711 2551 Warino
2743 2497 3093 2568 Burgundiae
3143 2500 3290 2554 duce
3347 2504 3550 2572 poten-

1893 2586 2124 2642 tissimo
2182 2586 2424 2641 Carolus
2481 2585 2731 2640 victoria:
2789 2585 2957 2657 signa
3004 2588 3333 2657 reportavit,
3369 2604 3434 2644 ac
3466 2588 3550 2645 sic

1892 2692 2137 2747 regnum
2163 2674 2414 2731 Francia:
2447 2672 2651 2729 divisis
2674 2674 2732 2728 in
2756 2680 2991 2729 caeteros
3025 2692 3336 2746 regnorum
3368 2676 3548 2748 parti-

1892 2763 2002 2818 bus
2036 2760 2195 2815 solus
2222 2762 2465 2831 accepit.
2501 2760 2825 2832 Drogonem
2860 2760 2971 2831 (48)
3002 2778 3134 2817 vero
3167 2764 3546 2834 quintum,a:-

1891 2867 2003 2921 que
2036 2849 2313 2919 regnandi
2376 2849 2632 2914 avidum,
2669 2848 2767 2919 qui
2827 2848 3167 2904 clarissimae
3228 2855 3430 2923 utpote
3478 2870 3549 2908 ex

1891 2939 2092 2994 eodem
2125 2954 2333 3009 genere
2365 2936 2673 2991 videbatur
2728 2954 2855 2993 esse
2913 2936 3147 3006 indolis,
3184 2940 3239 2993 in
3269 2940 3547 2997 clericum

1892 3028 2220 3097 attondent,
2249 3042 2311 3080 ac
2344 3025 2404 3080 in
2438 3025 2883 3081 scde-Mctensis
2916 3026 3181 3083 Ecclesia:
3211 3028 3548 3100 pontificem

1892 3115 2282 3172 constituunt.
2316 3113 2479 3169 Hunc
2514 3115 2691 3170 etiam
2725 3116 2796 3170 ad
2831 3116 3133 3187 amplioris
3172 3118 3548 3190 supplemen-

1892 3210 2017 3262 tum
2042 3203 2281 3259 honoris
2304 3203 2555 3259 Luxovio
2599 3210 2891 3275 pastorem
2924 3222 3171 3277 pricesse
3205 3207 3544 3263 decernunt.

141 3296 538 3368 saevairruptio
560 3296 1024 3367 paganorum.At
1047 3274 1381 3365 postquam,
1404 3310 1503 3349 seu
1528 3274 1600 3349 ob
1634 3311 1777 3365 pau-
1810 3274 1852 3340 Ο
1891 3296 2070 3359 Quem
2098 3293 2193 3347 ille
2214 3291 2408 3347 locum
2435 3274 2735 3364 acceptum
2764 3294 2843 3348 ita
2865 3274 3101 3350 strenue
3133 3300 3258 3366 post
3284 3295 3547 3368 priorum

141 3382 292 3440 cioris
314 3384 591 3457 praeconii
619 3383 920 3448 meritum,
953 3398 1055 3436 seu
1087 3383 1264 3437 etiam
1297 3382 1492 3453 aliquo
1525 3382 1778 3454 compcl-

141 3469 273 3528 lente
307 3490 469 3543 casu,
504 3471 1044 3545 supervenientium
1090 3487 1297 3525 rerum
1356 3476 1592 3542 sumpta
1644 3471 1781 3527 inde

143 3562 413 3616 reverendi
444 3561 711 3633 corporis
744 3576 879 3615 ossa
908 3558 1151 3615 alterius
1183 3558 1383 3631 templi
1420 3564 1559 3615 sunt
1616 3560 1780 3615 illata

143 3652 409 3718 sacrariis,
442 3667 554 3707 nec
584 3650 850 3705 nocitura
881 3649 1153 3721 impietas
1214 3666 1639 3720 perversorum,
1676 3665 1779 3705 nec

144 3735 429 3795 defuerunt
449 3745 683 3811 strages
695 3742 750 3792 et
763 3738 1082 3792 infortunia
1096 3737 1423 3791 crudelium
1441 3737 1776 3792 nationum:

146 3841 261 3881 cum
280 3829 453 3884 etiam
473 3829 649 3899 longe
672 3832 801 3900 post
825 3826 1036 3899 pagani
1061 3826 1173 3897 (46)
1193 3826 1387 3882 subito
1410 3825 1549 3881 illuc
1573 3826 1783 3880 irrum-

147 3921 346 3986 pectes,
378 3919 538 3973 omni
572 3917 879 3973 conamine
913 3916 1025 3971 nisi
1061 3916 1298 3970 fuerunt
1352 3916 1780 3971 monasterium

149 4002 450 4074 incendere,
484 4006 588 4061 sed
625 4005 782 4060 relisi
817 4004 1131 4060 manifesta
1190 4004 1289 4058 Dei
1322 4004 1555 4069 virtute,
1591 4005 1780 4058 incas-

151 4107 263 4147 sum
289 4096 393 4150 visi
426 4100 569 4150 sunt
599 4111 710 4150 sua
740 4094 1009 4149 incendia
1067 4092 1414 4147 admovisse.
1450 4094 1573 4157 Quo
1604 4092 1780 4147 etiam

152 4183 402 4252 tempore,
437 4190 502 4239 ut
530 4188 661 4254 post
694 4183 940 4252 dicetur,
974 4180 1240 4237 nonnulli
1296 4180 1715 4236 monachorum
1751 4198 1783 4236 a

155 4271 372 4339 paganis
403 4272 623 4329 inventi
657 4276 798 4327 sunt
828 4270 1184 4341 interempti.

695 4361 1033 4416 Successores
1074 4361 1209 4430 ejus.

215 4447 291 4501 10.
323 4449 645 4506 Decedente
698 4450 895 4521 itaque
924 4449 996 4504 ab
1027 4448 1136 4503 hac
1164 4447 1304 4513 vita,
1340 4451 1405 4501 ut
1439 4447 1661 4518 praefati
1694 4464 1785 4502 su-

158 4536 663 4601 mus,Waldeberto
686 4543 918 4609 pastore
942 4536 1302 4602 beatissimo,
1337 4541 1577 4591 sanctus
1611 4536 1785 4608 lngo-

1890 3384 2086 3437 studia
2116 3387 2173 3437 ct
2204 3382 2607 3454 potentissime
2647 3382 3015 3453 gubernavit,
3050 3388 3114 3438 ut
3144 3388 3318 3439 aucta
3349 3401 3545 3441 rerum

1889 3471 2055 3544 copia
2086 3471 2140 3524 in
2175 3470 2511 3542 quindecim
2539 3487 2879 3526 mansorum
2930 3472 3113 3526 millia
3144 3490 3251 3528 suo
3283 3477 3542 3544 tempore

1891 3560 2243 3614 recensenda
2274 3558 2587 3613 videretur.
2617 3559 2717 3612 ilic
2751 3558 3046 3614 interdum
3074 3560 3170 3616 ille
3201 3560 3369 3615 solito
3389 3545 3545 3619 com-

1891 3647 2323 3709 moratus,dum
2350 3647 2680 3701 ama-nitate
2706 3646 2962 3701 locorum
2979 3648 3540 3720 fruitur,Lignonem

1889 3736 2142 3791 vicinum
2169 3735 2409 3790 fluvium
2440 3735 2629 3806 gratia
2659 3736 2921 3807 piscandi
2956 3738 3437 3809 aggressus,dum
3461 3738 3544 3810 pi-

1892 3843 2047 3881 scem
2082 3825 2403 3879 immanem
2436 3825 2723 3895 sequitur,
2748 3824 2918 3896 aquis
2941 3824 3140 3897 lapsus
3171 3826 3367 3881 subito
3397 3844 3542 3899 pra:-

1893 3916 2136 3983 focatur,
2163 3914 2476 3984 Mettisquc
2508 3911 2735 3969 delatus
2769 3913 2828 3967 in
2857 3914 3040 3969 sancti
3073 3914 3295 3969 Arnulfi
3327 3916 3548 3971 confes-

1892 4001 2247 4062 sorisChisti
2277 4002 2521 4057 ecclesia
2556 4002 2901 4057 tumulatur.
2939 4003 3072 4058 Post
3118 4003 3237 4059 hazc
3286 4009 3550 4076 tempora

1893 4090 2242 4158 Ludovicus,
2270 4095 2657 4162 cognomento
2691 4090 2848 4161 Pius,
2883 4092 2940 4145 in
2972 4093 3217 4148 Francia
3248 4111 3401 4165 papa
3430 4095 3553 4149 Ste-

1892 4182 2088 4254 phano
2110 4186 2422 4235 coronante
2455 4179 2772 4253 imperator
2803 4182 3077 4237 efficitur.
3095 4182 3197 4237 His
3220 4183 3429 4237 diebus
3452 4200 3552 4254 per

1894 4271 2151 4343 plurima
2182 4270 2675 4325 monasteriorum
2709 4269 2835 4326 loca
2866 4270 3154 4342 regularis
3174 4271 3315 4326 ordo
3338 4271 3554 4326 defece-

1894 4362 2065 4426 rat,et
2088 4374 2285 4413 rerum
2309 4356 2717 4429 temporalium
2740 4358 3169 4413 administratio
3192 4357 3551 4429 quotidianis

1896 4446 2187 4502 malorum
2205 4447 2441 4501 casibus
2464 4446 2783 4515 deperibat.
2807 4446 2909 4501 Hic
2929 4450 3122 4501 tamen
3142 4445 3547 4515 frequentibus

1897 4533 2277 4607 synodalibus
2311 4532 2573 4589 conciliis
2604 4538 2822 4588 statum
2855 4532 3242 4589 Ecclesiarum
3278 4532 3335 4587 in
3361 4531 3552 4602 pristi-

158 4617 348 4690 fredus,
382 4627 540 4683 omni
571 4626 857 4682 virtutum
892 4641 1103 4698 genere
1133 4624 1487 4696 conspicuus
1517 4628 1573 4679 et
1604 4624 1787 4695 perfe-
1815 4645 1862 4708 Ι)
1903 4640 2043 4679 num
2078 4639 2180 4693 pro
2210 4621 2433 4676 viribus
2465 4622 2793 4693 reparabat.

161 4712 289 4779 ctus,
318 4713 437 4770 loco
470 4716 600 4786 ejus
631 4719 721 4771 est
760 4714 1102 4771 solemniter
1158 4713 1531 4785 subrogatus.
1566 4712 1784 4768 Deinde

161 4798 354 4864 Prolixa
373 4802 760 4875 plurimorum
781 4808 1115 4874 temporum
1146 4802 1296 4857 serie
1328 4803 1689 4867 decurrente,
1725 4801 1783 4856 in

163 4881 244 4940 illo
270 4891 504 4948 candido
531 4892 681 4948 nivei
717 4891 1139 4948 monachorum
1199 4889 1454 4962 agminis
1500 4894 1785 4945 conventu

164 4976 416 5045 patribus,
449 4985 515 5036 ut
545 4982 604 5036 in
636 4979 900 5053 catalogo
957 4995 1158 5035 eorum
1194 4978 1360 5034 facile
1397 4982 1487 5033 est
1515 4978 1784 5045 inveniri,

166 5058 257 5115 sibi
272 5062 501 5123 invicem
527 5067 1115 5136 succedentibus,nec
1132 5065 1447 5140 pastoralis
1469 5066 1789 5123 auctoritas

223 5192 602 5279 (4.5)'Ecclesia
632 5204 747 5259 ista
780 5204 1062 5259 hactenus
1089 5206 1365 5284 superest
1385 5200 1445 5256 in
1462 5200 1788 5258 meditullio

170 5267 337 5326 Oppidi
368 5272 619 5326 Luxovii.
652 5279 855 5326 estque
888 5273 1238 5326 narmciabs.

170 5276 196 5313 ο
328 5276 335 5279 -
559 5276 593 5287 ..
1089 5276 1100 5283 .
1170 5276 1180 5284 .

199 5276 619 5423 pag;
648 5276 1397 5417 Sciitﬂggt,%fircﬁi(iilagii:.anno
1423 5347 1512 5412 (ut
1537 5344 1785 5414 videtur)

169 5401 252 5458 731
282 5426 344 5463 ex
372 5414 539 5467 dictis
567 5418 635 5467 ad
671 5434 807 5467 eum
842 5433 1088 5467 annum.

234 5418 252 5458 1
282 5426 344 5463 ex
372 5418 539 5471 dictis
567 5418 636 5473 ad
671 5434 807 5471 eum
842 5433 1088 5471 annum.

348 5482 633 5571 'lmrcpost
666 5488 939 5571 Ludovici
972 5486 1221 5571 Augusti
1252 5488 1379 5557 ejus
1410 5484 1513 5571 filii
1535 5486 1786 5571 obitum,

174 5551 317 5613 Cujus
348 5551 399 5607 hi
426 5551 523 5611 lilii
550 5559 935 5615 fuerunt.Alia
956 5551 1129 5614 etiam
1157 5558 1249 5613 hic
1273 5551 1473 5630 peccat
1495 5551 1789 5625 auctor,ut

176 5626 286 5685 cum
316 5620 611 5685 Pippinum
645 5631 1052 5685 Fontanetensi
1079 5629 1277 5685 nrtrlio
1311 5628 1688 5685 superstitem
1714 5628 1790 5682 fa-

176 5642 286 5691 υξιιιι
316 5642 407 5695 rip
452 5645 611 5685 mum
645 5642 1052 5685 r'ontanetcnSi
1079 5642 1277 5701 prcruo
1311 5642 1688 5699 superstitem
1714 5642 1788 5682 ia-

176 5691 381 5752 οιῑιοιιω
410 5643 731 5773 grogonem
756 5702 1031 5758 Ludovici
1056 5701 1194 5757 ﬁliis
1225 5701 1595 5766 adnumerat,
1614 5716 1788 5772 quem

2463 4710 2753 4781 Ansegisus
2793 4711 2977 4765 abbas.

1970 4804 2056 4856 12.
2092 4802 2170 4857 Ea
2201 4802 2545 4871 tempestate
2568 4798 3016 4855 Luxoviensium
3042 4816 3273 4874 quoque
3295 4799 3553 4872 dignitas

1901 4891 2052 4945 inter
2081 4896 2286 4944 caetera
2315 4887 2562 4959 pristino
2611 4887 2798 4961 rigore
2857 4889 3189 4944 tabescente
3228 4889 3356 4960 jam
3404 4905 3551 4961 pene

1897 4978 2227 5034 vacillabat.
2270 4978 2431 5042 Quod
2492 4981 2681 5032 Caesar
2739 4977 3066 5034 Ludovicus
3124 4983 3416 5049 expertus,
3446 4979 3559 5034 An-

1906 5068 2166 5141 segisum
2198 5070 2213 5136 (
2226 5067 2312 5138 49)
2340 5065 2530 5121 virum
2590 5066 3033 5139 dignissimum,
3088 5071 3390 5139 comptum
3438 5082 3557 5123 mo-

1901 5197 2177 5256 Ludovici
2220 5197 2469 5271 Augusti
2500 5197 2759 5271 fratrem,
2793 5202 2849 5254 et
2880 5216 2945 5255 eo
2976 5200 3204 5256 vivente
3234 5199 3557 5256 Metensem

1900 5271 2241 5344 episcopum
2274 5269 2533 5324 creatum
2567 5269 2747 5344 fuisse
2776 5275 3027 5327 constat.

1968 5345 2081 5414 (48)
2110 5342 2176 5415 Id
2209 5359 2402 5415 nemo,
2437 5342 2591 5415 quod
2642 5342 2861 5415 sciam,
2895 5344 2967 5397 de
3024 5342 3313 5415 Drogonis
3370 5345 3558 5415 morte

1896 5412 2285 5486 prodidit.on
2319 5413 2553 5486 Luxovii
2603 5414 2809 5468 abbate
2855 5412 3210 5486 Angelomus
3237 5412 3418 5486 libros
3456 5413 3559 5469 Re-

1897 5483 2038 5565 gum
2070 5484 2519 5565 explanavit,uti
2540 5483 2663 5554 ipse
2687 5483 3029 5540 testatur'in
3063 5483 3307 5557 epistola
3338 5499 3560 5538 nuncu-

1942 5562 2033 5611 ato
2044 5562 2150 5610 ria.

2192 5625 2425 5700 vulgato
2448 5624 2637 5681 indice
2663 5626 2940 5700 abbatum
2964 5625 3282 5700 Ansegisus
3306 5622 3554 5700 οπρερηί

1900 5692 2259 5771 prieponitur
2289 5692 2345 5752 et
2376 5698 2563 5769 Drogo
2597 5698 2835 5769 quidem
2876 5692 3157 5769 Ansegiso
3189 5692 3524 5762 supervixit.
