  <div class='ocr_page' id='page_1' title='image "/cluster/home/n/w/nwhite01/storage/ocr_20150623/136-137/uc1.31175019686917/1029.png"; bbox 0 0 3906 6366; ppageno 0'>
   <div class='ocr_carea' id='block_1_1' title="bbox 332 409 453 471">
    <p class='ocr_par' dir='ltr' id='par_1_1' title="bbox 332 409 453 471">
     <span class='ocr_line' id='line_1_1' title="bbox 332 409 453 471; baseline 0 0"><span class='ocrx_word' id='word_1_1' title='bbox 332 409 453 471; x_wconf 70' lang='lat'><strong>695</strong></span> 
     </span>
    </p>
   </div>
   <div class='ocr_carea' id='block_1_2' title="bbox 330 539 2072 615">
    <p class='ocr_par' dir='ltr' id='par_1_2' title="bbox 330 539 2072 615">
     <span class='ocr_line' id='line_1_2' title="bbox 330 539 2072 615; baseline -0.003 -16"><span class='ocrx_word' id='word_1_2' title='bbox 330 541 499 600; x_wconf 86' lang='lat' dir='ltr'>ribus</span> <span class='ocrx_word' id='word_1_3' title='bbox 527 543 584 599; x_wconf 88' lang='lat' dir='ltr'>et</span> <span class='ocrx_word' id='word_1_4' title='bbox 611 539 911 615; x_wconf 67' lang='lat' dir='ltr'>sapientia:</span> <span class='ocrx_word' id='word_1_5' title='bbox 958 540 1165 597; x_wconf 79' lang='lat' dir='ltr'>decore</span> <span class='ocrx_word' id='word_1_6' title='bbox 1204 539 1660 613; x_wconf 62' lang='lat' dir='ltr'>przepollentem,</span> <span class='ocrx_word' id='word_1_7' title='bbox 1694 539 1820 596; x_wconf 91' lang='lat' dir='ltr'>loco</span> <span class='ocrx_word' id='word_1_8' title='bbox 1850 555 1990 612; x_wconf 73' lang='lat' dir='ltr'>prte—</span> <span class='ocrx_word' id='word_1_9' title='bbox 2014 540 2072 608; x_wconf 81' lang='grc' dir='ltr'><strong>Α</strong></span> 
     </span>
    </p>
   </div>
   <div class='ocr_carea' id='block_1_3' title="bbox 332 628 1990 703">
    <p class='ocr_par' dir='ltr' id='par_1_3' title="bbox 332 628 1990 703">
     <span class='ocr_line' id='line_1_3' title="bbox 332 628 1990 703; baseline -0.001 -16"><span class='ocrx_word' id='word_1_10' title='bbox 332 631 456 687; x_wconf 81' lang='lat' dir='ltr'>ﬁcit</span> <span class='ocrx_word' id='word_1_11' title='bbox 485 632 541 687; x_wconf 93' lang='lat' dir='ltr'>in</span> <span class='ocrx_word' id='word_1_12' title='bbox 565 633 884 703; x_wconf 86' lang='lat' dir='ltr'>pastorem.</span> <span class='ocrx_word' id='word_1_13' title='bbox 910 630 1015 685; x_wconf 80' lang='lat' dir='ltr'>llic</span> <span class='ocrx_word' id='word_1_14' title='bbox 1046 628 1308 701; x_wconf 77' lang='lat' dir='ltr'>collapsa</span> <span class='ocrx_word' id='word_1_15' title='bbox 1337 632 1586 701; x_wconf 80' lang='lat' dir='ltr'>reparat,</span> <span class='ocrx_word' id='word_1_16' title='bbox 1611 629 1878 702; x_wconf 90' lang='lat' dir='ltr'>dispersa</span> <span class='ocrx_word' id='word_1_17' title='bbox 1908 645 1990 685; x_wconf 89' lang='lat' dir='ltr'>re-</span> 
     </span>
    </p>
   </div>
   <div class='ocr_carea' id='block_1_4' title="bbox 332 717 1993 792">
    <p class='ocr_par' dir='ltr' id='par_1_4' title="bbox 332 717 1993 792">
     <span class='ocr_line' id='line_1_4' title="bbox 332 717 1993 792; baseline -0.001 -17"><span class='ocrx_word' id='word_1_18' title='bbox 332 719 573 792; x_wconf 76' lang='lat' dir='ltr'>colligit,</span> <span class='ocrx_word' id='word_1_19' title='bbox 597 719 776 775; x_wconf 90' lang='lat' dir='ltr'>situm</span> <span class='ocrx_word' id='word_1_20' title='bbox 800 717 1069 773; x_wconf 62' lang='lat' dir='ltr'>Ecclesia:</span> <span class='ocrx_word' id='word_1_21' title='bbox 1091 717 1328 791; x_wconf 79' lang='lat' dir='ltr'>longius</span> <span class='ocrx_word' id='word_1_22' title='bbox 1358 717 1637 786; x_wconf 81' lang='lat' dir='ltr'>extendit,</span> <span class='ocrx_word' id='word_1_23' title='bbox 1672 719 1993 790; x_wconf 84' lang='lat' dir='ltr'>circumpo-</span> 
     </span>
    </p>
   </div>
   <div class='ocr_carea' id='block_1_5' title="bbox 332 805 1991 879">
    <p class='ocr_par' dir='ltr' id='par_1_5' title="bbox 332 805 1991 879">
     <span class='ocr_line' id='line_1_5' title="bbox 332 805 1991 879; baseline 0 -17"><span class='ocrx_word' id='word_1_24' title='bbox 332 808 476 863; x_wconf 81' lang='lat' dir='ltr'>sitas</span> <span class='ocrx_word' id='word_1_25' title='bbox 507 806 773 863; x_wconf 84' lang='lat' dir='ltr'>officinas</span> <span class='ocrx_word' id='word_1_26' title='bbox 831 805 1220 878; x_wconf 79' lang='lat' dir='ltr'>amplioribus</span> <span class='ocrx_word' id='word_1_27' title='bbox 1279 806 1491 879; x_wconf 78' lang='lat' dir='ltr'>spatiis</span> <span class='ocrx_word' id='word_1_28' title='bbox 1549 811 1724 878; x_wconf 83' lang='lat' dir='ltr'>atque</span> <span class='ocrx_word' id='word_1_29' title='bbox 1771 806 1991 862; x_wconf 87' lang='lat' dir='ltr'>altiori-</span> 
     </span>
    </p>
   </div>
   <div class='ocr_carea' id='block_1_6' title="bbox 330 894 1991 969">
    <p class='ocr_par' dir='ltr' id='par_1_6' title="bbox 330 894 1991 969">
     <span class='ocr_line' id='line_1_6' title="bbox 330 894 1991 969; baseline -0.001 -17"><span class='ocrx_word' id='word_1_30' title='bbox 330 896 445 952; x_wconf 89' lang='lat' dir='ltr'>bus</span> <span class='ocrx_word' id='word_1_31' title='bbox 503 894 693 953; x_wconf 88' lang='lat' dir='ltr'>muris</span> <span class='ocrx_word' id='word_1_32' title='bbox 749 896 1087 968; x_wconf 82' lang='lat' dir='ltr'>exporrigit,</span> <span class='ocrx_word' id='word_1_33' title='bbox 1124 896 1376 968; x_wconf 80' lang='lat' dir='ltr'>parietes</span> <span class='ocrx_word' id='word_1_34' title='bbox 1433 913 1666 969; x_wconf 88' lang='lat' dir='ltr'>quoque</span> <span class='ocrx_word' id='word_1_35' title='bbox 1724 896 1991 952; x_wconf 66' lang='lat' dir='ltr'>Ecclesiae</span> 
     </span>
    </p>
   </div>
   <div class='ocr_carea' id='block_1_7' title="bbox 331 985 1989 1058">
    <p class='ocr_par' dir='ltr' id='par_1_7' title="bbox 331 985 1989 1058">
     <span class='ocr_line' id='line_1_7' title="bbox 331 985 1989 1058; baseline -0.001 -17"><span class='ocrx_word' id='word_1_36' title='bbox 331 1002 467 1041; x_wconf 89' lang='lat' dir='ltr'>cum</span> <span class='ocrx_word' id='word_1_37' title='bbox 500 985 726 1041; x_wconf 66' lang='lat' dir='ltr'>czeteris</span> <span class='ocrx_word' id='word_1_38' title='bbox 750 985 1112 1041; x_wconf 80' lang='lat' dir='ltr'>ornamentis</span> <span class='ocrx_word' id='word_1_39' title='bbox 1138 985 1382 1057; x_wconf 88' lang='lat' dir='ltr'>pulchra</span> <span class='ocrx_word' id='word_1_40' title='bbox 1404 986 1684 1041; x_wconf 75' lang='lat' dir='ltr'>varietate</span> <span class='ocrx_word' id='word_1_41' title='bbox 1707 986 1989 1058; x_wconf 81' lang='lat' dir='ltr'>depingit.</span> 
     </span>
    </p>
   </div>
   <div class='ocr_carea' id='block_1_8' title="bbox 339 1074 1992 1148">
    <p class='ocr_par' dir='ltr' id='par_1_8' title="bbox 339 1074 1992 1148">
     <span class='ocr_line' id='line_1_8' title="bbox 339 1074 1992 1148; baseline -0.001 -17"><span class='ocrx_word' id='word_1_42' title='bbox 339 1075 611 1148; x_wconf 87' lang='lat' dir='ltr'>Capitula</span> <span class='ocrx_word' id='word_1_43' title='bbox 641 1074 931 1147; x_wconf 90' lang='lat' dir='ltr'>siquidem</span> <span class='ocrx_word' id='word_1_44' title='bbox 965 1090 1167 1146; x_wconf 87' lang='lat' dir='ltr'>regum</span> <span class='ocrx_word' id='word_1_45' title='bbox 1206 1076 1562 1130; x_wconf 84' lang='lat' dir='ltr'>Francorum</span> <span class='ocrx_word' id='word_1_46' title='bbox 1587 1092 1714 1146; x_wconf 64' lang='lat' dir='ltr'>quae</span> <span class='ocrx_word' id='word_1_47' title='bbox 1747 1075 1992 1130; x_wconf 80' lang='lat' dir='ltr'>diversis</span> 
     </span>
    </p>
   </div>
   <div class='ocr_carea' id='block_1_9' title="bbox 329 1162 1994 1235">
    <p class='ocr_par' dir='ltr' id='par_1_9' title="bbox 329 1162 1994 1235">
     <span class='ocr_line' id='line_1_9' title="bbox 329 1162 1994 1235; baseline -0.001 -15"><span class='ocrx_word' id='word_1_48' title='bbox 329 1165 564 1221; x_wconf 77' lang='lat' dir='ltr'>fuerant</span> <span class='ocrx_word' id='word_1_49' title='bbox 584 1169 717 1220; x_wconf 87' lang='lat' dir='ltr'>acta</span> <span class='ocrx_word' id='word_1_50' title='bbox 738 1162 1025 1231; x_wconf 83' lang='lat' dir='ltr'>conciliis,</span> <span class='ocrx_word' id='word_1_51' title='bbox 1051 1163 1297 1235; x_wconf 85' lang='lat' dir='ltr'>excepit,</span> <span class='ocrx_word' id='word_1_52' title='bbox 1322 1167 1378 1219; x_wconf 91' lang='lat' dir='ltr'>ct</span> <span class='ocrx_word' id='word_1_53' title='bbox 1400 1180 1515 1218; x_wconf 93' lang='lat' dir='ltr'>uno</span> <span class='ocrx_word' id='word_1_54' title='bbox 1537 1162 1832 1219; x_wconf 88' lang='lat' dir='ltr'>volumine</span> <span class='ocrx_word' id='word_1_55' title='bbox 1863 1179 1994 1220; x_wconf 91' lang='lat' dir='ltr'>con-</span> 
     </span>
    </p>
   </div>
   <div class='ocr_carea' id='block_1_10' title="bbox 328 1251 1991 1324">
    <p class='ocr_par' dir='ltr' id='par_1_10' title="bbox 328 1251 1991 1324">
     <span class='ocr_line' id='line_1_10' title="bbox 328 1251 1991 1324; baseline -0.001 -16"><span class='ocrx_word' id='word_1_56' title='bbox 328 1253 499 1309; x_wconf 87' lang='lat' dir='ltr'>tineri</span> <span class='ocrx_word' id='word_1_57' title='bbox 525 1252 679 1308; x_wconf 87' lang='lat' dir='ltr'>fecit.</span> <span class='ocrx_word' id='word_1_58' title='bbox 700 1252 965 1323; x_wconf 89' lang='lat' dir='ltr'>Cumque</span> <span class='ocrx_word' id='word_1_59' title='bbox 981 1252 1133 1306; x_wconf 90' lang='lat' dir='ltr'>inter</span> <span class='ocrx_word' id='word_1_60' title='bbox 1149 1251 1310 1323; x_wconf 81' lang='lat' dir='ltr'>regni</span> <span class='ocrx_word' id='word_1_61' title='bbox 1333 1268 1601 1324; x_wconf 87' lang='lat' dir='ltr'>proceres</span> <span class='ocrx_word' id='word_1_62' title='bbox 1634 1253 1991 1308; x_wconf 81' lang='lat' dir='ltr'>Francorum</span> 
     </span>
    </p>
   </div>
   <div class='ocr_carea' id='block_1_11' title="bbox 330 1339 1993 1415">
    <p class='ocr_par' dir='ltr' id='par_1_11' title="bbox 330 1339 1993 1415">
     <span class='ocr_line' id='line_1_11' title="bbox 330 1339 1993 1415; baseline -0.001 -17"><span class='ocrx_word' id='word_1_63' title='bbox 330 1342 570 1415; x_wconf 82' lang='lat' dir='ltr'>regibus</span> <span class='ocrx_word' id='word_1_64' title='bbox 591 1345 796 1415; x_wconf 86' lang='lat' dir='ltr'>gratus</span> <span class='ocrx_word' id='word_1_65' title='bbox 821 1340 1190 1411; x_wconf 89' lang='lat' dir='ltr'>esset,justis</span> <span class='ocrx_word' id='word_1_66' title='bbox 1210 1345 1270 1396; x_wconf 89' lang='lat' dir='ltr'>et</span> <span class='ocrx_word' id='word_1_67' title='bbox 1290 1339 1404 1413; x_wconf 91' lang='lat' dir='ltr'>piis</span> <span class='ocrx_word' id='word_1_68' title='bbox 1434 1341 1711 1413; x_wconf 85' lang='lat' dir='ltr'>eperibus</span> <span class='ocrx_word' id='word_1_69' title='bbox 1731 1341 1993 1397; x_wconf 90' lang='lat' dir='ltr'>intentus</span> 
     </span>
    </p>
   </div>
   <div class='ocr_carea' id='block_1_12' title="bbox 328 1429 1991 1503">
    <p class='ocr_par' dir='ltr' id='par_1_12' title="bbox 328 1429 1991 1503">
     <span class='ocr_line' id='line_1_12' title="bbox 328 1429 1991 1503; baseline -0.001 -16"><span class='ocrx_word' id='word_1_70' title='bbox 328 1430 459 1487; x_wconf 60' lang='lat' dir='ltr'>vita</span> <span class='ocrx_word' id='word_1_71' title='bbox 492 1431 669 1486; x_wconf 83' lang='lat' dir='ltr'>ﬁnem</span> <span class='ocrx_word' id='word_1_72' title='bbox 711 1430 867 1498; x_wconf 87' lang='lat' dir='ltr'>fecit,</span> <span class='ocrx_word' id='word_1_73' title='bbox 902 1433 960 1485; x_wconf 90' lang='lat' dir='ltr'>et</span> <span class='ocrx_word' id='word_1_74' title='bbox 991 1429 1109 1485; x_wconf 89' lang='lat' dir='ltr'>illic</span> <span class='ocrx_word' id='word_1_75' title='bbox 1158 1429 1258 1485; x_wconf 90' lang='lat' dir='ltr'>ubi</span> <span class='ocrx_word' id='word_1_76' title='bbox 1310 1430 1628 1503; x_wconf 86' lang='lat' dir='ltr'>spatiosius</span> <span class='ocrx_word' id='word_1_77' title='bbox 1672 1430 1991 1487; x_wconf 89' lang='lat' dir='ltr'>Ecclesiam</span> 
     </span>
    </p>
   </div>
   <div class='ocr_carea' id='block_1_13' title="bbox 329 1518 1633 1592">
    <p class='ocr_par' dir='ltr' id='par_1_13' title="bbox 329 1518 1633 1592">
     <span class='ocr_line' id='line_1_13' title="bbox 329 1518 1633 1592; baseline -0.002 -16"><span class='ocrx_word' id='word_1_78' title='bbox 329 1520 688 1588; x_wconf 77' lang='lat' dir='ltr'>extenderat,</span> <span class='ocrx_word' id='word_1_79' title='bbox 721 1519 962 1592; x_wconf 87' lang='lat' dir='ltr'>dignam</span> <span class='ocrx_word' id='word_1_80' title='bbox 994 1518 1219 1590; x_wconf 88' lang='lat' dir='ltr'>accepit</span> <span class='ocrx_word' id='word_1_81' title='bbox 1247 1518 1633 1591; x_wconf 81' lang='lat' dir='ltr'>sepulturam.</span> 
     </span>
    </p>
   </div>
   <div class='ocr_carea' id='block_1_14' title="bbox 329 1624 1989 1697">
    <p class='ocr_par' dir='ltr' id='par_1_14' title="bbox 329 1624 1989 1697">
     <span class='ocr_line' id='line_1_14' title="bbox 329 1624 1989 1697; baseline 0.001 -14"><span class='ocrx_word' id='word_1_82' title='bbox 329 1627 614 1693; x_wconf 64' lang='lat' dir='ltr'>Fulbcrtus</span> <span class='ocrx_word' id='word_1_83' title='bbox 650 1626 817 1682; x_wconf 77' lang='lat' dir='ltr'>abbas</span> <span class='ocrx_word' id='word_1_84' title='bbox 874 1624 1163 1682; x_wconf 78' lang='lat' dir='ltr'>Gibardus.</span> <span class='ocrx_word' id='word_1_85' title='bbox 1198 1624 1501 1681; x_wconf 78' lang='lat' dir='ltr'>Galliarum</span> <span class='ocrx_word' id='word_1_86' title='bbox 1550 1625 1752 1697; x_wconf 72' lang='lat' dir='ltr'>infelix</span> <span class='ocrx_word' id='word_1_87' title='bbox 1798 1635 1989 1684; x_wconf 75' lang='lat' dir='ltr'>status.</span> 
     </span>
    </p>
   </div>
   <div class='ocr_carea' id='block_1_15' title="bbox 592 1697 1722 1771">
    <p class='ocr_par' dir='ltr' id='par_1_15' title="bbox 592 1697 1722 1771">
     <span class='ocr_line' id='line_1_15' title="bbox 592 1697 1722 1771; baseline 0 -17"><span class='ocrx_word' id='word_1_88' title='bbox 592 1698 865 1771; x_wconf 70' lang='lat' dir='ltr'>Reliquiaz</span> <span class='ocrx_word' id='word_1_89' title='bbox 894 1699 956 1753; x_wconf 77' lang='lat' dir='ltr'>in</span> <span class='ocrx_word' id='word_1_90' title='bbox 984 1712 1173 1753; x_wconf 80' lang='lat' dir='ltr'>rerum</span> <span class='ocrx_word' id='word_1_91' title='bbox 1206 1699 1484 1753; x_wconf 77' lang='lat' dir='ltr'>invasores</span> <span class='ocrx_word' id='word_1_92' title='bbox 1511 1697 1722 1754; x_wconf 58' lang='lat' dir='ltr'>deinde.</span> 
     </span>
    </p>
   </div>
   <div class='ocr_carea' id='block_1_16' title="bbox 403 1785 1992 1860">
    <p class='ocr_par' dir='ltr' id='par_1_16' title="bbox 403 1785 1992 1860">
     <span class='ocr_line' id='line_1_16' title="bbox 403 1785 1992 1860; baseline 0.001 -17"><span class='ocrx_word' id='word_1_93' title='bbox 403 1788 490 1843; x_wconf 89' lang='grc'><strong>13.</strong></span> <span class='ocrx_word' id='word_1_94' title='bbox 527 1786 841 1842; x_wconf 83' lang='lat' dir='ltr'>Fulbertus</span> <span class='ocrx_word' id='word_1_95' title='bbox 880 1801 1133 1858; x_wconf 86' lang='lat' dir='ltr'>quoque,</span> <span class='ocrx_word' id='word_1_96' title='bbox 1166 1785 1257 1841; x_wconf 87' lang='lat' dir='ltr'>vir</span> <span class='ocrx_word' id='word_1_97' title='bbox 1284 1786 1530 1858; x_wconf 90' lang='lat' dir='ltr'>quidam</span> <span class='ocrx_word' id='word_1_98' title='bbox 1561 1785 1830 1857; x_wconf 91' lang='lat' dir='ltr'>illustris,</span> <span class='ocrx_word' id='word_1_99' title='bbox 1860 1805 1992 1860; x_wconf 87' lang='lat' dir='ltr'>pro-</span> 
     </span>
    </p>
   </div>
   <div class='ocr_carea' id='block_1_17' title="bbox 330 1872 1989 1950">
    <p class='ocr_par' dir='ltr' id='par_1_17' title="bbox 330 1872 1989 1950">
     <span class='ocr_line' id='line_1_17' title="bbox 330 1872 1989 1950; baseline 0 -18"><span class='ocrx_word' id='word_1_100' title='bbox 330 1875 556 1932; x_wconf 89' lang='lat' dir='ltr'>cedenti</span> <span class='ocrx_word' id='word_1_101' title='bbox 611 1878 874 1948; x_wconf 88' lang='lat' dir='ltr'>tempore</span> <span class='ocrx_word' id='word_1_102' title='bbox 914 1872 973 1930; x_wconf 89' lang='lat' dir='ltr'>in</span> <span class='ocrx_word' id='word_1_103' title='bbox 1005 1874 1208 1930; x_wconf 90' lang='lat' dir='ltr'>eodem</span> <span class='ocrx_word' id='word_1_104' title='bbox 1256 1873 1383 1931; x_wconf 90' lang='lat' dir='ltr'>loco</span> <span class='ocrx_word' id='word_1_105' title='bbox 1432 1875 1810 1933; x_wconf 83' lang='lat' dir='ltr'>constituitur</span> <span class='ocrx_word' id='word_1_106' title='bbox 1842 1894 1855 1932; x_wconf 88' lang='lat'><strong>:</strong></span> <span class='ocrx_word' id='word_1_107' title='bbox 1889 1876 1989 1950; x_wconf 87' lang='lat' dir='ltr'>qui</span> 
     </span>
    </p>
   </div>
   <div class='ocr_carea' id='block_1_18' title="bbox 329 1962 1991 2024">
    <p class='ocr_par' dir='ltr' id='par_1_18' title="bbox 329 1962 1991 2024">
     <span class='ocr_line' id='line_1_18' title="bbox 329 1962 1991 2024; baseline 0.002 -3"><span class='ocrx_word' id='word_1_108' title='bbox 329 1964 507 2021; x_wconf 86' lang='lat' dir='ltr'>etiam</span> <span class='ocrx_word' id='word_1_109' title='bbox 567 1968 906 2021; x_wconf 87' lang='lat' dir='ltr'>sanctorum</span> <span class='ocrx_word' id='word_1_110' title='bbox 966 1962 1222 2019; x_wconf 89' lang='lat' dir='ltr'>oratoria</span> <span class='ocrx_word' id='word_1_111' title='bbox 1267 1963 1420 2019; x_wconf 89' lang='lat' dir='ltr'>inter</span> <span class='ocrx_word' id='word_1_112' title='bbox 1468 1964 1585 2021; x_wconf 91' lang='lat' dir='ltr'>duo</span> <span class='ocrx_word' id='word_1_113' title='bbox 1635 1967 1991 2024; x_wconf 83' lang='lat' dir='ltr'>monasteria</span> 
     </span>
    </p>
   </div>
   <div class='ocr_carea' id='block_1_19' title="bbox 329 2051 1990 2126">
    <p class='ocr_par' dir='ltr' id='par_1_19' title="bbox 329 2051 1990 2126">
     <span class='ocr_line' id='line_1_19' title="bbox 329 2051 1990 2126; baseline 0.002 -18"><span class='ocrx_word' id='word_1_114' title='bbox 329 2052 506 2126; x_wconf 89' lang='lat' dir='ltr'>pulch</span> <span class='ocrx_word' id='word_1_115' title='bbox 515 2070 578 2109; x_wconf 91' lang='lat' dir='ltr'>ro</span> <span class='ocrx_word' id='word_1_116' title='bbox 596 2053 741 2109; x_wconf 83' lang='lat' dir='ltr'>satis</span> <span class='ocrx_word' id='word_1_117' title='bbox 763 2053 972 2109; x_wconf 87' lang='lat' dir='ltr'>decore</span> <span class='ocrx_word' id='word_1_118' title='bbox 983 2051 1638 2126; x_wconf 89' lang='lat' dir='ltr'>composuit,rebusque</span> <span class='ocrx_word' id='word_1_119' title='bbox 1650 2054 1871 2111; x_wconf 88' lang='lat' dir='ltr'>decenti</span> <span class='ocrx_word' id='word_1_120' title='bbox 1880 2055 1990 2112; x_wconf 89' lang='lat' dir='ltr'>bus</span> 
     </span>
    </p>
   </div>
   <div class='ocr_carea' id='block_1_20' title="bbox 330 2140 1986 2216">
    <p class='ocr_par' dir='ltr' id='par_1_20' title="bbox 330 2140 1986 2216">
     <span class='ocr_line' id='line_1_20' title="bbox 330 2140 1986 2216; baseline 0 -17"><span class='ocrx_word' id='word_1_121' title='bbox 330 2140 654 2199; x_wconf 86' lang='lat' dir='ltr'>adornavit.</span> <span class='ocrx_word' id='word_1_122' title='bbox 688 2141 825 2198; x_wconf 86' lang='lat' dir='ltr'>Post</span> <span class='ocrx_word' id='word_1_123' title='bbox 854 2141 975 2196; x_wconf 67' lang='lat' dir='ltr'>haec</span> <span class='ocrx_word' id='word_1_124' title='bbox 1004 2140 1176 2215; x_wconf 84' lang='lat' dir='ltr'>longe</span> <span class='ocrx_word' id='word_1_125' title='bbox 1206 2140 1474 2214; x_wconf 82' lang='lat' dir='ltr'>paganis,</span> <span class='ocrx_word' id='word_1_126' title='bbox 1499 2146 1566 2198; x_wconf 89' lang='lat' dir='ltr'>ut</span> <span class='ocrx_word' id='word_1_127' title='bbox 1590 2143 1986 2216; x_wconf 74' lang='lat' dir='ltr'>praediximus,</span> 
     </span>
    </p>
   </div>
   <div class='ocr_carea' id='block_1_21' title="bbox 329 2222 1991 2304">
    <p class='ocr_par' dir='ltr' id='par_1_21' title="bbox 329 2222 1991 2304">
     <span class='ocr_line' id='line_1_21' title="bbox 329 2222 1991 2304; baseline 0.001 -17"><span class='ocrx_word' id='word_1_128' title='bbox 329 2228 716 2301; x_wconf 83' lang='lat' dir='ltr'>irruentibus,</span> <span class='ocrx_word' id='word_1_129' title='bbox 749 2228 1057 2286; x_wconf 81' lang='lat' dir='ltr'>monachis</span> <span class='ocrx_word' id='word_1_130' title='bbox 1106 2222 1533 2286; x_wconf 27' lang='lat' dir='ltr'>fama‘terroris</span> <span class='ocrx_word' id='word_1_131' title='bbox 1563 2231 1743 2287; x_wconf 82' lang='lat' dir='ltr'>subiti</span> <span class='ocrx_word' id='word_1_132' title='bbox 1775 2247 1880 2304; x_wconf 88' lang='lat' dir='ltr'>per</span> <span class='ocrx_word' id='word_1_133' title='bbox 1908 2231 1991 2288; x_wconf 90' lang='lat' dir='ltr'>di-</span> 
     </span>
    </p>
   </div>
   <div class='ocr_carea' id='block_1_22' title="bbox 327 2314 1991 2392">
    <p class='ocr_par' dir='ltr' id='par_1_22' title="bbox 327 2314 1991 2392">
     <span class='ocr_line' id='line_1_22' title="bbox 327 2314 1991 2392; baseline 0.002 -18"><span class='ocrx_word' id='word_1_134' title='bbox 327 2334 497 2375; x_wconf 87' lang='lat' dir='ltr'>versa</span> <span class='ocrx_word' id='word_1_135' title='bbox 540 2317 927 2390; x_wconf 75' lang='lat' dir='ltr'>reptantibus,</span> <span class='ocrx_word' id='word_1_136' title='bbox 962 2314 1255 2374; x_wconf 85' lang='lat' dir='ltr'>Gibardus</span> <span class='ocrx_word' id='word_1_137' title='bbox 1283 2316 1372 2374; x_wconf 84' lang='lat' dir='ltr'>vir</span> <span class='ocrx_word' id='word_1_138' title='bbox 1400 2332 1610 2392; x_wconf 82' lang='lat' dir='ltr'>genere</span> <span class='ocrx_word' id='word_1_139' title='bbox 1638 2321 1697 2376; x_wconf 88' lang='lat' dir='ltr'>et</span> <span class='ocrx_word' id='word_1_140' title='bbox 1726 2319 1991 2377; x_wconf 82' lang='lat' dir='ltr'>doctrina</span> 
     </span>
    </p>
   </div>
   <div class='ocr_carea' id='block_1_23' title="bbox 328 2403 1988 2479">
    <p class='ocr_par' dir='ltr' id='par_1_23' title="bbox 328 2403 1988 2479">
     <span class='ocr_line' id='line_1_23' title="bbox 328 2403 1988 2479; baseline 0.001 -15"><span class='ocrx_word' id='word_1_141' title='bbox 328 2406 717 2474; x_wconf 86' lang='lat' dir='ltr'>clarissimus,</span> <span class='ocrx_word' id='word_1_142' title='bbox 743 2406 842 2479; x_wconf 90' lang='lat' dir='ltr'>qui</span> <span class='ocrx_word' id='word_1_143' title='bbox 865 2410 1069 2479; x_wconf 81' lang='lat' dir='ltr'>pastor</span> <span class='ocrx_word' id='word_1_144' title='bbox 1098 2403 1437 2463; x_wconf 78' lang='lat' dir='ltr'>monasterii</span> <span class='ocrx_word' id='word_1_145' title='bbox 1463 2410 1521 2463; x_wconf 89' lang='lat' dir='ltr'>et</span> <span class='ocrx_word' id='word_1_146' title='bbox 1539 2404 1723 2464; x_wconf 86' lang='lat' dir='ltr'>abbas</span> <span class='ocrx_word' id='word_1_147' title='bbox 1743 2423 1810 2465; x_wconf 91' lang='lat' dir='ltr'>eo</span> <span class='ocrx_word' id='word_1_148' title='bbox 1841 2411 1988 2465; x_wconf 89' lang='lat' dir='ltr'>tem-</span> 
     </span>
    </p>
   </div>
   <div class='ocr_carea' id='block_1_24' title="bbox 325 2490 1989 2570">
    <p class='ocr_par' dir='ltr' id='par_1_24' title="bbox 325 2490 1989 2570">
     <span class='ocr_line' id='line_1_24' title="bbox 325 2490 1989 2570; baseline 0.002 -19"><span class='ocrx_word' id='word_1_149' title='bbox 325 2513 464 2569; x_wconf 88' lang='lat' dir='ltr'>pore</span> <span class='ocrx_word' id='word_1_150' title='bbox 486 2497 677 2552; x_wconf 78' lang='lat' dir='ltr'>fuerat</span> <span class='ocrx_word' id='word_1_151' title='bbox 703 2494 1086 2563; x_wconf 89' lang='lat' dir='ltr'>constitutus,</span> <span class='ocrx_word' id='word_1_152' title='bbox 1108 2494 1251 2550; x_wconf 91' lang='lat' dir='ltr'>dum</span> <span class='ocrx_word' id='word_1_153' title='bbox 1276 2490 1513 2569; x_wconf 85' lang='lat' dir='ltr'>longius</span> <span class='ocrx_word' id='word_1_154' title='bbox 1532 2496 1603 2552; x_wconf 90' lang='lat' dir='ltr'>ad</span> <span class='ocrx_word' id='word_1_155' title='bbox 1627 2495 1773 2553; x_wconf 90' lang='lat' dir='ltr'>alias</span> <span class='ocrx_word' id='word_1_156' title='bbox 1793 2502 1989 2570; x_wconf 92' lang='lat' dir='ltr'>partes</span> 
     </span>
    </p>
   </div>
   <div class='ocr_carea' id='block_1_25' title="bbox 324 2578 1983 2658">
    <p class='ocr_par' dir='ltr' id='par_1_25' title="bbox 324 2578 1983 2658">
     <span class='ocr_line' id='line_1_25' title="bbox 324 2578 1983 2658; baseline 0.001 -17"><span class='ocrx_word' id='word_1_157' title='bbox 324 2586 515 2641; x_wconf 81' lang='lat' dir='ltr'>fuerat</span> <span class='ocrx_word' id='word_1_158' title='bbox 533 2585 588 2641; x_wconf 91' lang='lat' dir='ltr'>di</span> <span class='ocrx_word' id='word_1_159' title='bbox 596 2598 1228 2658; x_wconf 86' lang='lat' dir='ltr'>gressus,pagannrum</span> <span class='ocrx_word' id='word_1_160' title='bbox 1243 2578 1358 2656; x_wconf 82' lang='lat'>(50)</span> <span class='ocrx_word' id='word_1_161' title='bbox 1379 2584 1612 2658; x_wconf 84' lang='lat' dir='ltr'>sagittis</span> <span class='ocrx_word' id='word_1_162' title='bbox 1633 2587 1983 2657; x_wconf 78' lang='lat' dir='ltr'>confoditur,</span> 
     </span>
    </p>
   </div>
   <div class='ocr_carea' id='block_1_26' title="bbox 323 2673 1983 2750">
    <p class='ocr_par' dir='ltr' id='par_1_26' title="bbox 323 2673 1983 2750">
     <span class='ocr_line' id='line_1_26' title="bbox 323 2673 1983 2750; baseline 0.001 -18"><span class='ocrx_word' id='word_1_163' title='bbox 323 2680 500 2749; x_wconf 88' lang='lat' dir='ltr'>atque</span> <span class='ocrx_word' id='word_1_164' title='bbox 557 2676 616 2731; x_wconf 87' lang='lat' dir='ltr'>in</span> <span class='ocrx_word' id='word_1_165' title='bbox 666 2674 793 2732; x_wconf 89' lang='lat' dir='ltr'>loco</span> <span class='ocrx_word' id='word_1_166' title='bbox 842 2674 944 2747; x_wconf 89' lang='lat' dir='ltr'>qui</span> <span class='ocrx_word' id='word_1_167' title='bbox 976 2673 1211 2730; x_wconf 87' lang='lat' dir='ltr'>Martini</span> <span class='ocrx_word' id='word_1_168' title='bbox 1245 2673 1382 2730; x_wconf 90' lang='lat' dir='ltr'>villa</span> <span class='ocrx_word' id='word_1_169' title='bbox 1412 2675 1650 2745; x_wconf 88' lang='lat' dir='ltr'>dicitur,</span> <span class='ocrx_word' id='word_1_170' title='bbox 1682 2675 1983 2750; x_wconf 88' lang='lat' dir='ltr'>sepelitur.</span> 
     </span>
    </p>
   </div>
   <div class='ocr_carea' id='block_1_27' title="bbox 322 2763 1981 2837">
    <p class='ocr_par' dir='ltr' id='par_1_27' title="bbox 322 2763 1981 2837">
     <span class='ocr_line' id='line_1_27' title="bbox 322 2763 1981 2837; baseline 0.001 -15"><span class='ocrx_word' id='word_1_171' title='bbox 322 2764 623 2822; x_wconf 88' lang='lat' dir='ltr'>Tetelmus</span> <span class='ocrx_word' id='word_1_172' title='bbox 648 2781 882 2837; x_wconf 90' lang='lat' dir='ltr'>quoque</span> <span class='ocrx_word' id='word_1_173' title='bbox 904 2764 1231 2820; x_wconf 89' lang='lat' dir='ltr'>monachus</span> <span class='ocrx_word' id='word_1_174' title='bbox 1251 2763 1617 2821; x_wconf 87' lang='lat' dir='ltr'>honorabilis</span> <span class='ocrx_word' id='word_1_175' title='bbox 1641 2765 1794 2822; x_wconf 90' lang='lat' dir='ltr'>inter</span> <span class='ocrx_word' id='word_1_176' title='bbox 1822 2784 1981 2836; x_wconf 91' lang='lat' dir='ltr'>suos,</span> 
     </span>
    </p>
   </div>
   <div class='ocr_carea' id='block_1_28' title="bbox 322 2852 1982 2929">
    <p class='ocr_par' dir='ltr' id='par_1_28' title="bbox 322 2852 1982 2929">
     <span class='ocr_line' id='line_1_28' title="bbox 322 2852 1982 2929; baseline 0.002 -20"><span class='ocrx_word' id='word_1_177' title='bbox 322 2871 438 2911; x_wconf 93' lang='lat' dir='ltr'>non</span> <span class='ocrx_word' id='word_1_178' title='bbox 462 2854 633 2928; x_wconf 86' lang='lat' dir='ltr'>longe</span> <span class='ocrx_word' id='word_1_179' title='bbox 655 2872 690 2910; x_wconf 87' lang='lat' dir='ltr'>a</span> <span class='ocrx_word' id='word_1_180' title='bbox 711 2852 1070 2910; x_wconf 88' lang='lat' dir='ltr'>monasterio</span> <span class='ocrx_word' id='word_1_181' title='bbox 1110 2853 1384 2910; x_wconf 89' lang='lat' dir='ltr'>inventus</span> <span class='ocrx_word' id='word_1_182' title='bbox 1417 2858 1507 2909; x_wconf 90' lang='lat' dir='ltr'>est</span> <span class='ocrx_word' id='word_1_183' title='bbox 1533 2871 1667 2911; x_wconf 91' lang='lat' dir='ltr'>cum</span> <span class='ocrx_word' id='word_1_184' title='bbox 1690 2854 1822 2912; x_wconf 90' lang='lat' dir='ltr'>aliis</span> <span class='ocrx_word' id='word_1_185' title='bbox 1852 2858 1982 2929; x_wconf 89' lang='lat' dir='ltr'>qui-</span> 
     </span>
    </p>
   </div>
   <div class='ocr_carea' id='block_1_29' title="bbox 321 2930 1985 3016">
    <p class='ocr_par' dir='ltr' id='par_1_29' title="bbox 321 2930 1985 3016">
     <span class='ocr_line' id='line_1_29' title="bbox 321 2930 1985 3016; baseline 0.002 -17"><span class='ocrx_word' id='word_1_186' title='bbox 321 2930 960 3000; x_wconf 31' lang='lat' dir='ltr'>busdam&#39;interfectus.</span> <span class='ocrx_word' id='word_1_187' title='bbox 985 2942 1131 2997; x_wconf 86' lang='lat' dir='ltr'>Hinc</span> <span class='ocrx_word' id='word_1_188' title='bbox 1159 2943 1286 3014; x_wconf 87' lang='lat' dir='ltr'>jam</span> <span class='ocrx_word' id='word_1_189' title='bbox 1319 2960 1507 3016; x_wconf 90' lang='lat' dir='ltr'>usque</span> <span class='ocrx_word' id='word_1_190' title='bbox 1538 2944 1607 2999; x_wconf 89' lang='lat' dir='ltr'>ad</span> <span class='ocrx_word' id='word_1_191' title='bbox 1632 2944 1757 3001; x_wconf 63' lang='lat' dir='ltr'>haec</span> <span class='ocrx_word' id='word_1_192' title='bbox 1784 2952 1985 3002; x_wconf 87' lang='lat' dir='ltr'>nostra</span> 
     </span>
    </p>
   </div>
   <div class='ocr_carea' id='block_1_30' title="bbox 320 3030 1983 3104">
    <p class='ocr_par' dir='ltr' id='par_1_30' title="bbox 320 3030 1983 3104">
     <span class='ocr_line' id='line_1_30' title="bbox 320 3030 1983 3104; baseline 0.002 -18"><span class='ocrx_word' id='word_1_193' title='bbox 320 3034 589 3104; x_wconf 84' lang='lat' dir='ltr'>tempora</span> <span class='ocrx_word' id='word_1_194' title='bbox 648 3030 985 3104; x_wconf 87' lang='lat' dir='ltr'>pastoribus</span> <span class='ocrx_word' id='word_1_195' title='bbox 1044 3032 1482 3101; x_wconf 84' lang='lat' dir='ltr'>decedentibus,</span> <span class='ocrx_word' id='word_1_196' title='bbox 1535 3033 1824 3089; x_wconf 81' lang='lat' dir='ltr'>Richardo</span> <span class='ocrx_word' id='word_1_197' title='bbox 1867 3036 1983 3103; x_wconf 87' lang='lat' dir='ltr'>(5t)</span> 
     </span>
    </p>
   </div>
   <div class='ocr_carea' id='block_1_31' title="bbox 322 3120 1979 3197">
    <p class='ocr_par' dir='ltr' id='par_1_31' title="bbox 322 3120 1979 3197">
     <span class='ocr_line' id='line_1_31' title="bbox 322 3120 1979 3197; baseline 0.001 -22"><span class='ocrx_word' id='word_1_198' title='bbox 322 3136 537 3193; x_wconf 87' lang='lat' dir='ltr'>magno</span> <span class='ocrx_word' id='word_1_199' title='bbox 554 3121 701 3197; x_wconf 86' lang='lat' dir='ltr'>duce</span> <span class='ocrx_word' id='word_1_200' title='bbox 722 3120 1092 3193; x_wconf 83' lang='lat' dir='ltr'>Burgundiae,</span> <span class='ocrx_word' id='word_1_201' title='bbox 1118 3121 1259 3175; x_wconf 90' lang='lat' dir='ltr'>dum</span> <span class='ocrx_word' id='word_1_202' title='bbox 1289 3120 1461 3176; x_wconf 90' lang='lat' dir='ltr'>invisi</span> <span class='ocrx_word' id='word_1_203' title='bbox 1495 3122 1723 3193; x_wconf 80' lang='lat' dir='ltr'>tyranni</span> <span class='ocrx_word' id='word_1_204' title='bbox 1758 3123 1979 3194; x_wconf 88' lang='lat' dir='ltr'>passim</span> 
     </span>
    </p>
   </div>
   <div class='ocr_carea' id='block_1_32' title="bbox 1434 405 2656 490">
    <p class='ocr_par' dir='ltr' id='par_1_32' title="bbox 1434 405 2656 490">
     <span class='ocr_line' id='line_1_32' title="bbox 1434 405 2656 490; baseline -0.001 -21"><span class='ocrx_word' id='word_1_205' title='bbox 1434 407 1769 470; x_wconf 84' lang='lat' dir='ltr'>ADSONIS</span> <span class='ocrx_word' id='word_1_206' title='bbox 1814 405 2256 490; x_wconf 63' lang='lat' dir='ltr'>DERYENSIS</span> <span class='ocrx_word' id='word_1_207' title='bbox 2301 406 2656 471; x_wconf 80' lang='lat' dir='ltr'>ABBATIS.</span> 
     </span>
    </p>
   </div>
   <div class='ocr_carea' id='block_1_33' title="bbox 3643 410 3779 473">
    <p class='ocr_par' dir='ltr' id='par_1_33' title="bbox 3643 410 3779 473">
     <span class='ocr_line' id='line_1_33' title="bbox 3643 410 3779 473; baseline 0 0"><span class='ocrx_word' id='word_1_208' title='bbox 3643 410 3779 473; x_wconf 83' lang='lat'>696</span> 
     </span>
    </p>
   </div>
   <div class='ocr_carea' id='block_1_34' title="bbox 2438 540 3420 618">
    <p class='ocr_par' dir='ltr' id='par_1_34' title="bbox 2438 540 3420 618">
     <span class='ocr_line' id='line_1_34' title="bbox 2438 540 3420 618; baseline 0.003 -22"><span class='ocrx_word' id='word_1_209' title='bbox 2438 541 2497 597; x_wconf 91' lang='lat' dir='ltr'>S.</span> <span class='ocrx_word' id='word_1_210' title='bbox 2537 540 2859 600; x_wconf 73' lang='lat' dir='ltr'>Waldeberu&#39;</span> <span class='ocrx_word' id='word_1_211' title='bbox 2885 559 3081 617; x_wconf 76' lang='lat' dir='ltr'>corpus</span> <span class='ocrx_word' id='word_1_212' title='bbox 3112 544 3171 600; x_wconf 77' lang='lat' dir='ltr'>in</span> <span class='ocrx_word' id='word_1_213' title='bbox 3197 544 3420 618; x_wconf 78' lang='lat' dir='ltr'>primis.</span> 
     </span>
    </p>
   </div>
   <div class='ocr_carea' id='block_1_35' title="bbox 2176 628 3783 707">
    <p class='ocr_par' dir='ltr' id='par_1_35' title="bbox 2176 628 3783 707">
     <span class='ocr_line' id='line_1_35' title="bbox 2176 628 3783 707; baseline 0.003 -23"><span class='ocrx_word' id='word_1_214' title='bbox 2176 630 2262 685; x_wconf 79' lang='grc'>14.</span> <span class='ocrx_word' id='word_1_215' title='bbox 2280 628 2434 685; x_wconf 87' lang='lat' dir='ltr'>Villa</span> <span class='ocrx_word' id='word_1_216' title='bbox 2449 631 2695 687; x_wconf 89' lang='lat' dir='ltr'>marinis</span> <span class='ocrx_word' id='word_1_217' title='bbox 2714 631 3012 689; x_wconf 88' lang='lat' dir='ltr'>littoribus</span> <span class='ocrx_word' id='word_1_218' title='bbox 3033 633 3467 707; x_wconf 75' lang='lat' dir='ltr'>contigua,qua:</span> <span class='ocrx_word' id='word_1_219' title='bbox 3491 633 3783 706; x_wconf 83' lang='lat' dir='ltr'>superius</span> 
     </span>
    </p>
   </div>
   <div class='ocr_carea' id='block_1_36' title="bbox 2103 717 3783 794">
    <p class='ocr_par' dir='ltr' id='par_1_36' title="bbox 2103 717 3783 794">
     <span class='ocr_line' id='line_1_36' title="bbox 2103 717 3783 794; baseline 0.003 -21"><span class='ocrx_word' id='word_1_220' title='bbox 2103 717 2428 774; x_wconf 86' lang='lat' dir='ltr'>Herlerium</span> <span class='ocrx_word' id='word_1_221' title='bbox 2451 724 2541 775; x_wconf 90' lang='lat' dir='ltr'>est</span> <span class='ocrx_word' id='word_1_222' title='bbox 2569 724 2793 787; x_wconf 87' lang='lat' dir='ltr'>vocata,</span> <span class='ocrx_word' id='word_1_223' title='bbox 2811 725 3195 794; x_wconf 82' lang='lat' dir='ltr'>tyrannorum</span> <span class='ocrx_word' id='word_1_224' title='bbox 3217 722 3273 777; x_wconf 88' lang='lat' dir='ltr'>vi</span> <span class='ocrx_word' id='word_1_225' title='bbox 3295 722 3532 779; x_wconf 86' lang='lat' dir='ltr'>sublata</span> <span class='ocrx_word' id='word_1_226' title='bbox 3553 723 3783 779; x_wconf 78' lang='lat' dir='ltr'>fuerat.</span> 
     </span>
    </p>
   </div>
   <div class='ocr_carea' id='block_1_37' title="bbox 2103 807 3784 884">
    <p class='ocr_par' dir='ltr' id='par_1_37' title="bbox 2103 807 3784 884">
     <span class='ocr_line' id='line_1_37' title="bbox 2103 807 3784 884; baseline 0.003 -21"><span class='ocrx_word' id='word_1_227' title='bbox 2103 807 2370 865; x_wconf 84' lang='lat' dir='ltr'>Monacbi</span> <span class='ocrx_word' id='word_1_228' title='bbox 2395 809 2635 880; x_wconf 87' lang='lat' dir='ltr'>ancipiti</span> <span class='ocrx_word' id='word_1_229' title='bbox 2661 809 2717 864; x_wconf 91' lang='lat' dir='ltr'>in</span> <span class='ocrx_word' id='word_1_230' title='bbox 2743 810 3086 867; x_wconf 86' lang='lat' dir='ltr'>discrimine</span> <span class='ocrx_word' id='word_1_231' title='bbox 3109 810 3504 884; x_wconf 86' lang='lat' dir='ltr'>positi,sancti</span> <span class='ocrx_word' id='word_1_232' title='bbox 3533 812 3784 868; x_wconf 84' lang='lat' dir='ltr'>Walde—</span> 
     </span>
    </p>
   </div>
   <div class='ocr_carea' id='block_1_38' title="bbox 2102 897 3785 977">
    <p class='ocr_par' dir='ltr' id='par_1_38' title="bbox 2102 897 3785 977">
     <span class='ocr_line' id='line_1_38' title="bbox 2102 897 3785 977; baseline 0.003 -26"><span class='ocrx_word' id='word_1_233' title='bbox 2102 897 2249 951; x_wconf 87' lang='lat' dir='ltr'>bcrti</span> <span class='ocrx_word' id='word_1_234' title='bbox 2285 898 2652 977; x_wconf 26' lang='lat' dir='ltr'>protectoris,</span> <span class='ocrx_word' id='word_1_235' title='bbox 2683 898 2775 953; x_wconf 90' lang='lat' dir='ltr'>sui</span> <span class='ocrx_word' id='word_1_236' title='bbox 2825 900 3172 971; x_wconf 78' lang='lat' dir='ltr'>suifragium</span> <span class='ocrx_word' id='word_1_237' title='bbox 3205 903 3505 972; x_wconf 81' lang='lat' dir='ltr'>expetunt,</span> <span class='ocrx_word' id='word_1_238' title='bbox 3540 905 3785 956; x_wconf 88' lang='lat' dir='ltr'>sancio-</span> 
     </span>
    </p>
   </div>
   <div class='ocr_carea' id='block_1_39' title="bbox 2102 986 3786 1062">
    <p class='ocr_par' dir='ltr' id='par_1_39' title="bbox 2102 986 3786 1062">
     <span class='ocr_line' id='line_1_39' title="bbox 2102 986 3786 1062; baseline 0.003 -22"><span class='ocrx_word' id='word_1_239' title='bbox 2102 1001 2351 1057; x_wconf 87' lang='lat' dir='ltr'>rumque</span> <span class='ocrx_word' id='word_1_240' title='bbox 2374 986 2687 1058; x_wconf 84' lang='lat' dir='ltr'>pignorum</span> <span class='ocrx_word' id='word_1_241' title='bbox 2712 988 2841 1058; x_wconf 85' lang='lat' dir='ltr'>ejus</span> <span class='ocrx_word' id='word_1_242' title='bbox 2872 987 3104 1060; x_wconf 85' lang='lat' dir='ltr'>glebam</span> <span class='ocrx_word' id='word_1_243' title='bbox 3130 988 3239 1045; x_wconf 85' lang='lat' dir='ltr'>sibi</span> <span class='ocrx_word' id='word_1_244' title='bbox 3262 987 3786 1062; x_wconf 81' lang='lat' dir='ltr'>imponentes,per</span> 
     </span>
    </p>
   </div>
   <div class='ocr_carea' id='block_1_40' title="bbox 2102 1074 3784 1143">
    <p class='ocr_par' dir='ltr' id='par_1_40' title="bbox 2102 1074 3784 1143">
     <span class='ocr_line' id='line_1_40' title="bbox 2102 1074 3784 1143; baseline 0.004 -16"><span class='ocrx_word' id='word_1_245' title='bbox 2102 1074 2248 1129; x_wconf 82' lang='lat' dir='ltr'>fines</span> <span class='ocrx_word' id='word_1_246' title='bbox 2272 1075 2527 1130; x_wconf 72' lang='lat' dir='ltr'>Franciaa</span> <span class='ocrx_word' id='word_1_247' title='bbox 2551 1074 3396 1143; x_wconf 85' lang='lat' dir='ltr'>illuciterintenduntQuibus</span> <span class='ocrx_word' id='word_1_248' title='bbox 3409 1079 3784 1139; x_wconf 82' lang='lat' dir='ltr'>abeuntibus</span> 
     </span>
    </p>
   </div>
   <div class='ocr_carea' id='block_1_41' title="bbox 2102 1162 3777 1236">
    <p class='ocr_par' dir='ltr' id='par_1_41' title="bbox 2102 1162 3777 1236">
     <span class='ocr_line' id='line_1_41' title="bbox 2102 1162 3777 1236; baseline 0.003 -19"><span class='ocrx_word' id='word_1_249' title='bbox 2102 1162 2298 1218; x_wconf 85' lang='lat' dir='ltr'>subito</span> <span class='ocrx_word' id='word_1_250' title='bbox 2331 1164 2570 1219; x_wconf 87' lang='lat' dir='ltr'>Mantnc</span> <span class='ocrx_word' id='word_1_251' title='bbox 2601 1164 2663 1235; x_wconf 90' lang='grc' dir='ltr'>(ι.</span> <span class='ocrx_word' id='word_1_252' title='bbox 2698 1165 2982 1236; x_wconf 87' lang='lat' dir='ltr'>Materna)</span> <span class='ocrx_word' id='word_1_253' title='bbox 3011 1166 3224 1221; x_wconf 84' lang='lat' dir='ltr'>fluvius</span> <span class='ocrx_word' id='word_1_254' title='bbox 3255 1166 3462 1221; x_wconf 89' lang='lat' dir='ltr'>obvius</span> <span class='ocrx_word' id='word_1_255' title='bbox 3484 1167 3777 1223; x_wconf 87' lang='lat' dir='ltr'>occurrit.</span> 
     </span>
    </p>
   </div>
   <div class='ocr_carea' id='block_1_42' title="bbox 2101 1253 3783 1327">
    <p class='ocr_par' dir='ltr' id='par_1_42' title="bbox 2101 1253 3783 1327">
     <span class='ocr_line' id='line_1_42' title="bbox 2101 1253 3783 1327; baseline 0.003 -21"><span class='ocrx_word' id='word_1_256' title='bbox 2101 1254 2282 1318; x_wconf 87' lang='lat' dir='ltr'>Quem</span> <span class='ocrx_word' id='word_1_257' title='bbox 2297 1269 2430 1308; x_wconf 90' lang='lat' dir='ltr'>cum</span> <span class='ocrx_word' id='word_1_258' title='bbox 2448 1254 2847 1309; x_wconf 85' lang='lat' dir='ltr'>transmittere</span> <span class='ocrx_word' id='word_1_259' title='bbox 2858 1255 2989 1327; x_wconf 89' lang='lat' dir='ltr'>cupi</span> <span class='ocrx_word' id='word_1_260' title='bbox 3001 1253 3391 1327; x_wconf 90' lang='lat' dir='ltr'>unt,plurima</span> <span class='ocrx_word' id='word_1_261' title='bbox 3406 1256 3783 1327; x_wconf 72' lang='lat' dir='ltr'>praecedente</span> 
     </span>
    </p>
   </div>
   <div class='ocr_carea' id='block_1_43' title="bbox 2100 1341 3833 1416">
    <p class='ocr_par' dir='ltr' id='par_1_43' title="bbox 2100 1341 3833 1416">
     <span class='ocr_line' id='line_1_43' title="bbox 2100 1341 3833 1416; baseline 0.002 -20"><span class='ocrx_word' id='word_1_262' title='bbox 2100 1343 2274 1398; x_wconf 89' lang='lat' dir='ltr'>turba</span> <span class='ocrx_word' id='word_1_263' title='bbox 2304 1341 2654 1415; x_wconf 90' lang='lat' dir='ltr'>populorum</span> <span class='ocrx_word' id='word_1_264' title='bbox 2712 1343 2861 1398; x_wconf 89' lang='lat' dir='ltr'>sacri</span> <span class='ocrx_word' id='word_1_265' title='bbox 2912 1342 3176 1416; x_wconf 89' lang='lat' dir='ltr'>pignoris</span> <span class='ocrx_word' id='word_1_266' title='bbox 3224 1342 3398 1416; x_wconf 84' lang='lat' dir='ltr'>gleba</span> <span class='ocrx_word' id='word_1_267' title='bbox 3427 1343 3576 1399; x_wconf 88' lang='lat' dir='ltr'>citra</span> <span class='ocrx_word' id='word_1_268' title='bbox 3600 1344 3783 1399; x_wconf 88' lang='lat' dir='ltr'>littus</span> <span class='ocrx_word' id='word_1_269' title='bbox 3827 1407 3833 1411; x_wconf 48' lang='grc'><em>,</em></span> 
     </span>
    </p>
   </div>
   <div class='ocr_carea' id='block_1_44' title="bbox 2100 1430 3785 1504">
    <p class='ocr_par' dir='ltr' id='par_1_44' title="bbox 2100 1430 3785 1504">
     <span class='ocr_line' id='line_1_44' title="bbox 2100 1430 3785 1504; baseline 0.002 -20"><span class='ocrx_word' id='word_1_270' title='bbox 2100 1430 2744 1486; x_wconf 89' lang='lat' dir='ltr'>constiterat.Monachi</span> <span class='ocrx_word' id='word_1_271' title='bbox 2769 1430 2825 1486; x_wconf 90' lang='lat' dir='ltr'>in</span> <span class='ocrx_word' id='word_1_272' title='bbox 2852 1431 3100 1488; x_wconf 89' lang='lat' dir='ltr'>articulo</span> <span class='ocrx_word' id='word_1_273' title='bbox 3130 1431 3304 1504; x_wconf 90' lang='lat' dir='ltr'>positi</span> <span class='ocrx_word' id='word_1_274' title='bbox 3338 1432 3479 1504; x_wconf 90' lang='lat' dir='ltr'>quid</span> <span class='ocrx_word' id='word_1_275' title='bbox 3512 1433 3785 1488; x_wconf 85' lang='lat' dir='ltr'>facerent</span> 
     </span>
    </p>
   </div>
   <div class='ocr_carea' id='block_1_45' title="bbox 2102 1517 3784 1577">
    <p class='ocr_par' dir='ltr' id='par_1_45' title="bbox 2102 1517 3784 1577">
     <span class='ocr_line' id='line_1_45' title="bbox 2102 1517 3784 1577; baseline 0.002 -3"><span class='ocrx_word' id='word_1_276' title='bbox 2102 1517 2464 1574; x_wconf 89' lang='lat' dir='ltr'>nesciebant.</span> <span class='ocrx_word' id='word_1_277' title='bbox 2496 1519 2645 1576; x_wconf 88' lang='lat' dir='ltr'>Mira</span> <span class='ocrx_word' id='word_1_278' title='bbox 2704 1520 2973 1577; x_wconf 89' lang='lat' dir='ltr'>dicturus</span> <span class='ocrx_word' id='word_1_279' title='bbox 3018 1537 3175 1576; x_wconf 88' lang='lat' dir='ltr'>sum.</span> <span class='ocrx_word' id='word_1_280' title='bbox 3209 1520 3342 1576; x_wconf 83' lang='lat' dir='ltr'>Mox</span> <span class='ocrx_word' id='word_1_281' title='bbox 3371 1519 3537 1576; x_wconf 88' lang='lat' dir='ltr'>navis</span> <span class='ocrx_word' id='word_1_282' title='bbox 3568 1521 3784 1577; x_wconf 82' lang='lat' dir='ltr'>divino</span> 
     </span>
    </p>
   </div>
   <div class='ocr_carea' id='block_1_46' title="bbox 2102 1607 3784 1682">
    <p class='ocr_par' dir='ltr' id='par_1_46' title="bbox 2102 1607 3784 1682">
     <span class='ocr_line' id='line_1_46' title="bbox 2102 1607 3784 1682; baseline 0.002 -20"><span class='ocrx_word' id='word_1_283' title='bbox 2102 1607 2364 1680; x_wconf 90' lang='lat' dir='ltr'>impulsu</span> <span class='ocrx_word' id='word_1_284' title='bbox 2397 1625 2432 1664; x_wconf 92' lang='lat' dir='ltr'>a</span> <span class='ocrx_word' id='word_1_285' title='bbox 2472 1609 2692 1681; x_wconf 87' lang='lat' dir='ltr'>remige</span> <span class='ocrx_word' id='word_1_286' title='bbox 2738 1607 2879 1665; x_wconf 88' lang='lat' dir='ltr'>illuc</span> <span class='ocrx_word' id='word_1_287' title='bbox 2923 1611 3149 1682; x_wconf 87' lang='lat' dir='ltr'>absque</span> <span class='ocrx_word' id='word_1_288' title='bbox 3177 1608 3437 1665; x_wconf 86' lang='lat' dir='ltr'>humano</span> <span class='ocrx_word' id='word_1_289' title='bbox 3459 1610 3784 1681; x_wconf 83' lang='lat' dir='ltr'>juvamine</span> 
     </span>
    </p>
   </div>
   <div class='ocr_carea' id='block_1_47' title="bbox 2086 1692 3783 1771">
    <p class='ocr_par' dir='ltr' id='par_1_47' title="bbox 2086 1692 3783 1771">
     <span class='ocr_line' id='line_1_47' title="bbox 2086 1692 3783 1771; baseline 0.002 -19"><span class='ocrx_word' id='word_1_290' title='bbox 2086 1692 2311 1770; x_wconf 60' lang='lat' dir='ltr'>~sponte</span> <span class='ocrx_word' id='word_1_291' title='bbox 2340 1696 2701 1770; x_wconf 87' lang='lat' dir='ltr'>perducitur,</span> <span class='ocrx_word' id='word_1_292' title='bbox 2735 1714 2853 1770; x_wconf 89' lang='lat' dir='ltr'>qua</span> <span class='ocrx_word' id='word_1_293' title='bbox 2883 1699 3074 1754; x_wconf 87' lang='lat' dir='ltr'>sancti</span> <span class='ocrx_word' id='word_1_294' title='bbox 3109 1698 3372 1771; x_wconf 83' lang='lat' dir='ltr'>corporis</span> <span class='ocrx_word' id='word_1_295' title='bbox 3401 1697 3575 1771; x_wconf 83' lang='lat' dir='ltr'>gleba</span> <span class='ocrx_word' id='word_1_296' title='bbox 3603 1704 3783 1755; x_wconf 85' lang='lat' dir='ltr'>tene-</span> 
     </span>
    </p>
   </div>
   <div class='ocr_carea' id='block_1_48' title="bbox 2102 1785 3785 1845">
    <p class='ocr_par' dir='ltr' id='par_1_48' title="bbox 2102 1785 3785 1845">
     <span class='ocr_line' id='line_1_48' title="bbox 2102 1785 3785 1845; baseline 0.001 -2"><span class='ocrx_word' id='word_1_297' title='bbox 2102 1787 2293 1843; x_wconf 88' lang='lat' dir='ltr'>batur.</span> <span class='ocrx_word' id='word_1_298' title='bbox 2330 1785 2524 1842; x_wconf 87' lang='lat' dir='ltr'>Mirati</span> <span class='ocrx_word' id='word_1_299' title='bbox 2580 1786 2826 1842; x_wconf 89' lang='lat' dir='ltr'>comites</span> <span class='ocrx_word' id='word_1_300' title='bbox 2858 1789 3024 1842; x_wconf 89' lang='lat' dir='ltr'>tanta</span> <span class='ocrx_word' id='word_1_301' title='bbox 3053 1786 3330 1843; x_wconf 81' lang='lat' dir='ltr'>facultate</span> <span class='ocrx_word' id='word_1_302' title='bbox 3361 1786 3536 1843; x_wconf 85' lang='lat' dir='ltr'>fluvio</span> <span class='ocrx_word' id='word_1_303' title='bbox 3567 1792 3785 1845; x_wconf 83' lang='lat' dir='ltr'>trans-</span> 
     </span>
    </p>
   </div>
   <div class='ocr_carea' id='block_1_49' title="bbox 2104 1874 3782 1948">
    <p class='ocr_par' dir='ltr' id='par_1_49' title="bbox 2104 1874 3782 1948">
     <span class='ocr_line' id='line_1_49' title="bbox 2104 1874 3782 1948; baseline 0.001 -18"><span class='ocrx_word' id='word_1_304' title='bbox 2104 1874 2768 1947; x_wconf 88' lang='lat' dir='ltr'>ducti,quantaeatenus</span> <span class='ocrx_word' id='word_1_305' title='bbox 2790 1892 3094 1948; x_wconf 88' lang='lat' dir='ltr'>nunquam</span> <span class='ocrx_word' id='word_1_306' title='bbox 3116 1875 3349 1931; x_wconf 87' lang='lat' dir='ltr'>fuerant</span> <span class='ocrx_word' id='word_1_307' title='bbox 3369 1874 3782 1948; x_wconf 82' lang='lat' dir='ltr'>experti.Hinc</span> 
     </span>
    </p>
   </div>
   <div class='ocr_carea' id='block_1_50' title="bbox 2102 1963 3781 2037">
    <p class='ocr_par' dir='ltr' id='par_1_50' title="bbox 2102 1963 3781 2037">
     <span class='ocr_line' id='line_1_50' title="bbox 2102 1963 3781 2037; baseline 0.001 -17"><span class='ocrx_word' id='word_1_308' title='bbox 2102 1965 2299 2037; x_wconf 85' lang='lat' dir='ltr'>itaque</span> <span class='ocrx_word' id='word_1_309' title='bbox 2339 1964 2742 2037; x_wconf 87' lang='lat' dir='ltr'>procedentes,</span> <span class='ocrx_word' id='word_1_310' title='bbox 2775 1963 2952 2036; x_wconf 87' lang='lat' dir='ltr'>paulo</span> <span class='ocrx_word' id='word_1_311' title='bbox 2980 1968 3113 2037; x_wconf 91' lang='lat' dir='ltr'>post</span> <span class='ocrx_word' id='word_1_312' title='bbox 3140 1965 3213 2020; x_wconf 90' lang='lat' dir='ltr'>ad</span> <span class='ocrx_word' id='word_1_313' title='bbox 3245 1963 3531 2036; x_wconf 67' lang='lat' dir='ltr'>praedium</span> <span class='ocrx_word' id='word_1_314' title='bbox 3566 1981 3781 2037; x_wconf 82' lang='lat' dir='ltr'>perve-</span> 
     </span>
    </p>
   </div>
   <div class='ocr_carea' id='block_1_51' title="bbox 2101 2051 3786 2125">
    <p class='ocr_par' dir='ltr' id='par_1_51' title="bbox 2101 2051 3786 2125">
     <span class='ocr_line' id='line_1_51' title="bbox 2101 2051 3786 2125; baseline 0.001 -16"><span class='ocrx_word' id='word_1_315' title='bbox 2101 2053 2273 2109; x_wconf 87' lang='lat' dir='ltr'>niunt</span> <span class='ocrx_word' id='word_1_316' title='bbox 2294 2053 2438 2108; x_wconf 67' lang='lat' dir='ltr'>Nan!</span> <span class='ocrx_word' id='word_1_317' title='bbox 2458 2053 2572 2122; x_wconf 84' lang='lat'>(52)</span> <span class='ocrx_word' id='word_1_318' title='bbox 2603 2054 2878 2125; x_wconf 88' lang='lat' dir='ltr'>superius</span> <span class='ocrx_word' id='word_1_319' title='bbox 2909 2058 3299 2109; x_wconf 88' lang='lat' dir='ltr'>memoratum</span> <span class='ocrx_word' id='word_1_320' title='bbox 3329 2070 3344 2108; x_wconf 88' lang='lat'><strong>:</strong></span> <span class='ocrx_word' id='word_1_321' title='bbox 3369 2051 3470 2108; x_wconf 90' lang='lat' dir='ltr'>ubi</span> <span class='ocrx_word' id='word_1_322' title='bbox 3494 2051 3786 2110; x_wconf 82' lang='lat' dir='ltr'>videlicet</span> 
     </span>
    </p>
   </div>
   <div class='ocr_carea' id='block_1_52' title="bbox 2098 2140 3786 2214">
    <p class='ocr_par' dir='ltr' id='par_1_52' title="bbox 2098 2140 3786 2214">
     <span class='ocr_line' id='line_1_52' title="bbox 2098 2140 3786 2214; baseline 0.001 -18"><span class='ocrx_word' id='word_1_323' title='bbox 2098 2140 2226 2214; x_wconf 90' lang='lat' dir='ltr'>ipse</span> <span class='ocrx_word' id='word_1_324' title='bbox 2253 2144 2312 2197; x_wconf 89' lang='lat' dir='ltr'>et</span> <span class='ocrx_word' id='word_1_325' title='bbox 2340 2140 2469 2197; x_wconf 73' lang='lat' dir='ltr'>vita:</span> <span class='ocrx_word' id='word_1_326' title='bbox 2500 2141 2806 2198; x_wconf 87' lang='lat' dir='ltr'>exordium</span> <span class='ocrx_word' id='word_1_327' title='bbox 2861 2140 3267 2214; x_wconf 88' lang='lat' dir='ltr'>temporaliter</span> <span class='ocrx_word' id='word_1_328' title='bbox 3321 2145 3683 2214; x_wconf 83' lang='lat' dir='ltr'>sumpserat,</span> <span class='ocrx_word' id='word_1_329' title='bbox 3720 2146 3786 2198; x_wconf 87' lang='lat' dir='ltr'>et</span> 
     </span>
    </p>
   </div>
   <div class='ocr_carea' id='block_1_53' title="bbox 2100 2229 3779 2304">
    <p class='ocr_par' dir='ltr' id='par_1_53' title="bbox 2100 2229 3779 2304">
     <span class='ocr_line' id='line_1_53' title="bbox 2100 2229 3779 2304; baseline 0.001 -18"><span class='ocrx_word' id='word_1_330' title='bbox 2100 2230 2457 2303; x_wconf 85' lang='lat' dir='ltr'>quibusdam</span> <span class='ocrx_word' id='word_1_331' title='bbox 2492 2229 2913 2288; x_wconf 85' lang='lat' dir='ltr'>miraculorum</span> <span class='ocrx_word' id='word_1_332' title='bbox 2970 2230 3159 2304; x_wconf 88' lang='lat' dir='ltr'>signis</span> <span class='ocrx_word' id='word_1_333' title='bbox 3187 2230 3386 2287; x_wconf 87' lang='lat' dir='ltr'>vivens</span> <span class='ocrx_word' id='word_1_334' title='bbox 3414 2229 3779 2287; x_wconf 75' lang='lat' dir='ltr'>illustrat-at.</span> 
     </span>
    </p>
   </div>
   <div class='ocr_carea' id='block_1_54' title="bbox 2100 2318 3780 2393">
    <p class='ocr_par' dir='ltr' id='par_1_54' title="bbox 2100 2318 3780 2393">
     <span class='ocr_line' id='line_1_54' title="bbox 2100 2318 3780 2393; baseline 0.001 -17"><span class='ocrx_word' id='word_1_335' title='bbox 2100 2319 2203 2376; x_wconf 79' lang='lat' dir='ltr'>Hic</span> <span class='ocrx_word' id='word_1_336' title='bbox 2219 2323 2519 2392; x_wconf 77' lang='lat' dir='ltr'>comperta</span> <span class='ocrx_word' id='word_1_337' title='bbox 2549 2319 2835 2393; x_wconf 85' lang='lat' dir='ltr'>corporali</span> <span class='ocrx_word' id='word_1_338' title='bbox 2860 2320 2993 2392; x_wconf 87' lang='lat' dir='ltr'>ejus</span> <span class='ocrx_word' id='word_1_339' title='bbox 3020 2318 3482 2393; x_wconf 62' lang='lat' dir='ltr'>praesentia,dici</span> <span class='ocrx_word' id='word_1_340' title='bbox 3510 2335 3633 2376; x_wconf 87' lang='lat' dir='ltr'>non</span> <span class='ocrx_word' id='word_1_341' title='bbox 3664 2335 3780 2393; x_wconf 86' lang='lat' dir='ltr'>po-</span> 
     </span>
    </p>
   </div>
   <div class='ocr_carea' id='block_1_55' title="bbox 2097 2407 3779 2482">
    <p class='ocr_par' dir='ltr' id='par_1_55' title="bbox 2097 2407 3779 2482">
     <span class='ocr_line' id='line_1_55' title="bbox 2097 2407 3779 2482; baseline 0.001 -19"><span class='ocrx_word' id='word_1_342' title='bbox 2097 2411 2232 2477; x_wconf 89' lang='lat' dir='ltr'>test,</span> <span class='ocrx_word' id='word_1_343' title='bbox 2266 2413 2487 2482; x_wconf 89' lang='lat' dir='ltr'>quanta</span> <span class='ocrx_word' id='word_1_344' title='bbox 2509 2408 2819 2482; x_wconf 85' lang='lat' dir='ltr'>utriusque</span> <span class='ocrx_word' id='word_1_345' title='bbox 2839 2424 3016 2466; x_wconf 80' lang='lat' dir='ltr'>sexus</span> <span class='ocrx_word' id='word_1_346' title='bbox 3033 2407 3177 2464; x_wconf 87' lang='lat' dir='ltr'>illuc</span> <span class='ocrx_word' id='word_1_347' title='bbox 3207 2408 3553 2465; x_wconf 74' lang='lat' dir='ltr'>conﬂuxerit</span> <span class='ocrx_word' id='word_1_348' title='bbox 3576 2423 3779 2482; x_wconf 88' lang='lat' dir='ltr'>popu-</span> 
     </span>
    </p>
   </div>
   <div class='ocr_carea' id='block_1_56' title="bbox 2097 2496 3780 2573">
    <p class='ocr_par' dir='ltr' id='par_1_56' title="bbox 2097 2496 3780 2573">
     <span class='ocr_line' id='line_1_56' title="bbox 2097 2496 3780 2573; baseline 0.001 -21"><span class='ocrx_word' id='word_1_349' title='bbox 2097 2496 2289 2554; x_wconf 89' lang='lat' dir='ltr'>lorum</span> <span class='ocrx_word' id='word_1_350' title='bbox 2349 2498 2702 2572; x_wconf 78' lang='lat' dir='ltr'>frequentia.</span> <span class='ocrx_word' id='word_1_351' title='bbox 2739 2499 2898 2555; x_wconf 87' lang='lat' dir='ltr'>Inter</span> <span class='ocrx_word' id='word_1_352' title='bbox 2926 2514 3055 2573; x_wconf 64' lang='lat' dir='ltr'>qua;</span> <span class='ocrx_word' id='word_1_353' title='bbox 3085 2497 3159 2554; x_wconf 90' lang='lat' dir='ltr'>ob</span> <span class='ocrx_word' id='word_1_354' title='bbox 3190 2497 3614 2554; x_wconf 81' lang='lat' dir='ltr'>beneﬁciorum</span> <span class='ocrx_word' id='word_1_355' title='bbox 3637 2498 3780 2570; x_wconf 65' lang='lat' dir='ltr'>ejus</span> 
     </span>
    </p>
   </div>
   <div class='ocr_carea' id='block_1_57' title="bbox 2096 2586 3783 2661">
    <p class='ocr_par' dir='ltr' id='par_1_57' title="bbox 2096 2586 3783 2661">
     <span class='ocr_line' id='line_1_57' title="bbox 2096 2586 3783 2661; baseline 0.001 -19"><span class='ocrx_word' id='word_1_356' title='bbox 2096 2588 2349 2661; x_wconf 87' lang='lat' dir='ltr'>gratiam</span> <span class='ocrx_word' id='word_1_357' title='bbox 2394 2603 2529 2644; x_wconf 91' lang='lat' dir='ltr'>cum</span> <span class='ocrx_word' id='word_1_358' title='bbox 2563 2588 2793 2644; x_wconf 87' lang='lat' dir='ltr'>diversa</span> <span class='ocrx_word' id='word_1_359' title='bbox 2822 2588 3113 2644; x_wconf 90' lang='lat' dir='ltr'>donorum</span> <span class='ocrx_word' id='word_1_360' title='bbox 3145 2602 3393 2643; x_wconf 89' lang='lat' dir='ltr'>munera</span> <span class='ocrx_word' id='word_1_361' title='bbox 3422 2603 3559 2643; x_wconf 89' lang='lat' dir='ltr'>cum</span> <span class='ocrx_word' id='word_1_362' title='bbox 3590 2586 3783 2660; x_wconf 81' lang='lat' dir='ltr'>gleba</span> 
     </span>
    </p>
   </div>
   <div class='ocr_carea' id='block_1_58' title="bbox 2095 2675 3782 2749">
    <p class='ocr_par' dir='ltr' id='par_1_58' title="bbox 2095 2675 3782 2749">
     <span class='ocr_line' id='line_1_58' title="bbox 2095 2675 3782 2749; baseline -0.001 -16"><span class='ocrx_word' id='word_1_363' title='bbox 2095 2677 2281 2733; x_wconf 84' lang='lat' dir='ltr'>sancti</span> <span class='ocrx_word' id='word_1_364' title='bbox 2303 2677 2412 2732; x_wconf 91' lang='lat' dir='ltr'>viri</span> <span class='ocrx_word' id='word_1_365' title='bbox 2438 2677 2590 2734; x_wconf 88' lang='lat' dir='ltr'>inter</span> <span class='ocrx_word' id='word_1_366' title='bbox 2612 2677 2846 2733; x_wconf 88' lang='lat' dir='ltr'>frondes</span> <span class='ocrx_word' id='word_1_367' title='bbox 2870 2677 3149 2733; x_wconf 87' lang='lat' dir='ltr'>arborum</span> <span class='ocrx_word' id='word_1_368' title='bbox 3173 2692 3289 2749; x_wconf 76' lang='lat' dir='ltr'>prae</span> <span class='ocrx_word' id='word_1_369' title='bbox 3307 2676 3485 2732; x_wconf 88' lang='lat' dir='ltr'>turba</span> <span class='ocrx_word' id='word_1_370' title='bbox 3503 2675 3782 2732; x_wconf 83' lang='lat' dir='ltr'>irruente</span> 
     </span>
    </p>
   </div>
   <div class='ocr_carea' id='block_1_59' title="bbox 2096 2763 3778 2839">
    <p class='ocr_par' dir='ltr' id='par_1_59' title="bbox 2096 2763 3778 2839">
     <span class='ocr_line' id='line_1_59' title="bbox 2096 2763 3778 2839; baseline 0 -17"><span class='ocrx_word' id='word_1_371' title='bbox 2096 2767 2478 2824; x_wconf 87' lang='lat' dir='ltr'>decernerent</span> <span class='ocrx_word' id='word_1_372' title='bbox 2509 2765 2782 2839; x_wconf 89' lang='lat' dir='ltr'>appendi,</span> <span class='ocrx_word' id='word_1_373' title='bbox 2803 2766 3101 2838; x_wconf 89' lang='lat' dir='ltr'>quoddam</span> <span class='ocrx_word' id='word_1_374' title='bbox 3132 2763 3396 2838; x_wconf 89' lang='lat' dir='ltr'>ligneum</span> <span class='ocrx_word' id='word_1_375' title='bbox 3427 2763 3778 2836; x_wconf 82' lang='lat' dir='ltr'>poculuma</span> 
     </span>
    </p>
   </div>
   <div class='ocr_carea' id='block_1_60' title="bbox 2094 2852 3773 2927">
    <p class='ocr_par' dir='ltr' id='par_1_60' title="bbox 2094 2852 3773 2927">
     <span class='ocr_line' id='line_1_60' title="bbox 2094 2852 3773 2927; baseline -0.001 -17"><span class='ocrx_word' id='word_1_376' title='bbox 2094 2855 2349 2926; x_wconf 88' lang='lat' dir='ltr'>quodam</span> <span class='ocrx_word' id='word_1_377' title='bbox 2372 2854 2617 2927; x_wconf 87' lang='lat' dir='ltr'>contigit</span> <span class='ocrx_word' id='word_1_378' title='bbox 2640 2853 2856 2908; x_wconf 82' lang='lat' dir='ltr'>oil‘erri.</span> <span class='ocrx_word' id='word_1_379' title='bbox 2881 2854 3001 2909; x_wconf 88' lang='lat' dir='ltr'>Hoc</span> <span class='ocrx_word' id='word_1_380' title='bbox 3024 2869 3180 2909; x_wconf 90' lang='lat' dir='ltr'>unus</span> <span class='ocrx_word' id='word_1_381' title='bbox 3201 2868 3232 2907; x_wconf 90' lang='lat' dir='ltr'>e</span> <span class='ocrx_word' id='word_1_382' title='bbox 3254 2852 3496 2907; x_wconf 89' lang='lat' dir='ltr'>famulis</span> <span class='ocrx_word' id='word_1_383' title='bbox 3520 2869 3773 2909; x_wconf 73' lang='lat' dir='ltr'>servan-</span> 
     </span>
    </p>
   </div>
   <div class='ocr_carea' id='block_1_61' title="bbox 2094 2938 3775 3014">
    <p class='ocr_par' dir='ltr' id='par_1_61' title="bbox 2094 2938 3775 3014">
     <span class='ocr_line' id='line_1_61' title="bbox 2094 2938 3775 3014; baseline -0.001 -15"><span class='ocrx_word' id='word_1_384' title='bbox 2094 2944 2236 2999; x_wconf 90' lang='lat' dir='ltr'>dum</span> <span class='ocrx_word' id='word_1_385' title='bbox 2267 2945 2587 3014; x_wconf 89' lang='lat' dir='ltr'>acceperat.</span> <span class='ocrx_word' id='word_1_386' title='bbox 2621 2941 2784 3007; x_wconf 89' lang='lat' dir='ltr'>Quod</span> <span class='ocrx_word' id='word_1_387' title='bbox 2812 2958 2947 2996; x_wconf 91' lang='lat' dir='ltr'>cum</span> <span class='ocrx_word' id='word_1_388' title='bbox 2976 2941 3219 3013; x_wconf 88' lang='lat' dir='ltr'>quidam</span> <span class='ocrx_word' id='word_1_389' title='bbox 3250 2938 3775 3011; x_wconf 76' lang='lat' dir='ltr'>lascivusjuvenis</span> 
     </span>
    </p>
   </div>
   <div class='ocr_carea' id='block_1_62' title="bbox 2091 3027 3771 3103">
    <p class='ocr_par' dir='ltr' id='par_1_62' title="bbox 2091 3027 3771 3103">
     <span class='ocr_line' id='line_1_62' title="bbox 2091 3027 3771 3103; baseline 0 -16"><span class='ocrx_word' id='word_1_390' title='bbox 2091 3037 2150 3087; x_wconf 86' lang='lat' dir='ltr'>et</span> <span class='ocrx_word' id='word_1_391' title='bbox 2169 3031 2441 3103; x_wconf 90' lang='lat' dir='ltr'>petulans</span> <span class='ocrx_word' id='word_1_392' title='bbox 2464 3031 2535 3085; x_wconf 92' lang='lat' dir='ltr'>ab</span> <span class='ocrx_word' id='word_1_393' title='bbox 2559 3029 2658 3085; x_wconf 92' lang='lat' dir='ltr'>illo</span> <span class='ocrx_word' id='word_1_394' title='bbox 2680 3033 2901 3101; x_wconf 90' lang='lat' dir='ltr'>peteret</span> <span class='ocrx_word' id='word_1_395' title='bbox 2920 3028 3032 3085; x_wconf 90' lang='lat' dir='ltr'>sibi</span> <span class='ocrx_word' id='word_1_396' title='bbox 3076 3028 3224 3095; x_wconf 89' lang='lat' dir='ltr'>dari,</span> <span class='ocrx_word' id='word_1_397' title='bbox 3257 3043 3393 3083; x_wconf 89' lang='lat' dir='ltr'>cum</span> <span class='ocrx_word' id='word_1_398' title='bbox 3426 3027 3576 3084; x_wconf 88' lang='lat' dir='ltr'>forte</span> <span class='ocrx_word' id='word_1_399' title='bbox 3605 3030 3771 3087; x_wconf 87' lang='lat' dir='ltr'>vide-</span> 
     </span>
    </p>
   </div>
   <div class='ocr_carea' id='block_1_63' title="bbox 2091 3116 3766 3190">
    <p class='ocr_par' dir='ltr' id='par_1_63' title="bbox 2091 3116 3766 3190">
     <span class='ocr_line' id='line_1_63' title="bbox 2091 3116 3766 3190; baseline -0.001 -14"><span class='ocrx_word' id='word_1_400' title='bbox 2091 3125 2253 3176; x_wconf 86' lang='lat' dir='ltr'>retur</span> <span class='ocrx_word' id='word_1_401' title='bbox 2273 3119 2555 3190; x_wconf 84' lang='lat' dir='ltr'>lndignus</span> <span class='ocrx_word' id='word_1_402' title='bbox 2575 3118 2916 3190; x_wconf 88' lang='lat' dir='ltr'>promereri,</span> <span class='ocrx_word' id='word_1_403' title='bbox 2950 3116 3048 3174; x_wconf 88' lang='lat' dir='ltr'>ille</span> <span class='ocrx_word' id='word_1_404' title='bbox 3069 3120 3338 3190; x_wconf 82' lang='lat' dir='ltr'>exempto</span> <span class='ocrx_word' id='word_1_405' title='bbox 3360 3132 3502 3173; x_wconf 89' lang='lat' dir='ltr'>ense</span> <span class='ocrx_word' id='word_1_406' title='bbox 3521 3118 3628 3174; x_wconf 88' lang='lat' dir='ltr'>viri</span> <span class='ocrx_word' id='word_1_407' title='bbox 3650 3120 3766 3176; x_wconf 86' lang='lat' dir='ltr'>Dei</span> 
     </span>
    </p>
   </div>
   <div class='ocr_carea' id='block_1_64' title="bbox 321 3205 3767 3282">
    <p class='ocr_par' dir='ltr' id='par_1_64' title="bbox 321 3205 3767 3282">
     <span class='ocr_line' id='line_1_64' title="bbox 321 3205 3767 3282; baseline 0 -18"><span class='ocrx_word' id='word_1_408' title='bbox 321 3208 638 3280; x_wconf 67' lang='lat' dir='ltr'>caapissent</span> <span class='ocrx_word' id='word_1_409' title='bbox 668 3224 984 3281; x_wconf 88' lang='lat' dir='ltr'>emergere,</span> <span class='ocrx_word' id='word_1_410' title='bbox 1019 3226 1086 3264; x_wconf 92' lang='lat' dir='ltr'>ac</span> <span class='ocrx_word' id='word_1_411' title='bbox 1117 3226 1245 3265; x_wconf 91' lang='lat' dir='ltr'>sese</span> <span class='ocrx_word' id='word_1_412' title='bbox 1274 3209 1523 3265; x_wconf 82' lang='lat' dir='ltr'>invicem</span> <span class='ocrx_word' id='word_1_413' title='bbox 1552 3213 1762 3264; x_wconf 90' lang='lat' dir='ltr'>mutua</span> <span class='ocrx_word' id='word_1_414' title='bbox 1787 3214 1980 3282; x_wconf 87' lang='lat' dir='ltr'>strage</span> <span class='ocrx_word' id='word_1_415' title='bbox 2089 3208 2369 3281; x_wconf 85' lang='lat' dir='ltr'>obsequio</span> <span class='ocrx_word' id='word_1_416' title='bbox 2391 3207 2652 3263; x_wconf 90' lang='lat' dir='ltr'>deditum</span> <span class='ocrx_word' id='word_1_417' title='bbox 2671 3206 2866 3280; x_wconf 89' lang='lat' dir='ltr'>gladio</span> <span class='ocrx_word' id='word_1_418' title='bbox 2889 3205 3057 3262; x_wconf 90' lang='lat' dir='ltr'>nisus</span> <span class='ocrx_word' id='word_1_419' title='bbox 3080 3209 3169 3262; x_wconf 92' lang='lat' dir='ltr'>est</span> <span class='ocrx_word' id='word_1_420' title='bbox 3188 3207 3767 3281; x_wconf 83' lang='lat' dir='ltr'>appetere.Cumque</span> 
     </span>
    </p>
   </div>
   <div class='ocr_carea' id='block_1_65' title="bbox 314 3282 3764 3370">
    <p class='ocr_par' dir='ltr' id='par_1_65' title="bbox 314 3282 3764 3370">
     <span class='ocr_line' id='line_1_65' title="bbox 314 3282 3764 3370; baseline -0.001 -17"><span class='ocrx_word' id='word_1_421' title='bbox 314 3296 617 3365; x_wconf 84' lang='lat' dir='ltr'>collidere,</span> <span class='ocrx_word' id='word_1_422' title='bbox 638 3297 897 3354; x_wconf 86' lang='lat' dir='ltr'>Ecclesia</span> <span class='ocrx_word' id='word_1_423' title='bbox 918 3297 1016 3353; x_wconf 90' lang='lat' dir='ltr'>Dei</span> <span class='ocrx_word' id='word_1_424' title='bbox 1042 3298 1441 3365; x_wconf 86' lang='lat' dir='ltr'>confunditur,</span> <span class='ocrx_word' id='word_1_425' title='bbox 1457 3298 1598 3369; x_wconf 91' lang='lat' dir='ltr'>jura</span> <span class='ocrx_word' id='word_1_426' title='bbox 1619 3304 1979 3370; x_wconf 89' lang='lat' dir='ltr'>rumpuntur</span> <span class='ocrx_word' id='word_1_427' title='bbox 2002 3282 2061 3349; x_wconf 74' lang='lat' dir='ltr'>C‘</span> <span class='ocrx_word' id='word_1_428' title='bbox 2088 3296 2147 3352; x_wconf 93' lang='lat' dir='ltr'>in</span> <span class='ocrx_word' id='word_1_429' title='bbox 2168 3313 2302 3353; x_wconf 93' lang='lat' dir='ltr'>eum</span> <span class='ocrx_word' id='word_1_430' title='bbox 2323 3296 2598 3352; x_wconf 88' lang='lat' dir='ltr'>librasset</span> <span class='ocrx_word' id='word_1_431' title='bbox 2621 3296 3027 3364; x_wconf 90' lang='lat' dir='ltr'>ictum,subito</span> <span class='ocrx_word' id='word_1_432' title='bbox 3057 3294 3322 3351; x_wconf 87' lang='lat' dir='ltr'>ferientis</span> <span class='ocrx_word' id='word_1_433' title='bbox 3343 3296 3582 3351; x_wconf 86' lang='lat' dir='ltr'>dextera</span> <span class='ocrx_word' id='word_1_434' title='bbox 3599 3296 3764 3369; x_wconf 82' lang='lat' dir='ltr'>liga-</span> 
     </span>
    </p>
   </div>
   <div class='ocr_carea' id='block_1_66' title="bbox 316 3383 1979 3458">
    <p class='ocr_par' dir='ltr' id='par_1_66' title="bbox 316 3383 1979 3458">
     <span class='ocr_line' id='line_1_66' title="bbox 316 3383 1979 3458; baseline 0.003 -18"><span class='ocrx_word' id='word_1_435' title='bbox 316 3386 381 3454; x_wconf 81' lang='grc' dir='ltr'>(ι.</span> <span class='ocrx_word' id='word_1_436' title='bbox 396 3385 652 3442; x_wconf 88' lang='lat' dir='ltr'>violantu</span> <span class='ocrx_word' id='word_1_437' title='bbox 663 3383 931 3458; x_wconf 82' lang='lat' dir='ltr'>r),legum</span> <span class='ocrx_word' id='word_1_438' title='bbox 952 3390 1173 3442; x_wconf 88' lang='lat' dir='ltr'>statuta</span> <span class='ocrx_word' id='word_1_439' title='bbox 1192 3403 1321 3442; x_wconf 90' lang='lat' dir='ltr'>rum</span> <span class='ocrx_word' id='word_1_440' title='bbox 1330 3386 1979 3458; x_wconf 89' lang='lat' dir='ltr'>puntur,possessiones</span> 
     </span>
    </p>
   </div>
   <div class='ocr_carea' id='block_1_67' title="bbox 313 3472 1978 3553">
    <p class='ocr_par' dir='ltr' id='par_1_67' title="bbox 313 3472 1978 3553">
     <span class='ocr_line' id='line_1_67' title="bbox 313 3472 1978 3553; baseline 0 -21"><span class='ocrx_word' id='word_1_441' title='bbox 313 3474 585 3534; x_wconf 81' lang='lat' dir='ltr'>Ecclesiae</span> <span class='ocrx_word' id='word_1_442' title='bbox 607 3476 1025 3549; x_wconf 88' lang='lat' dir='ltr'>pervaduntur,</span> <span class='ocrx_word' id='word_1_443' title='bbox 1043 3475 1198 3553; x_wconf 85' lang='lat' dir='ltr'>etab</span> <span class='ocrx_word' id='word_1_444' title='bbox 1230 3472 1431 3547; x_wconf 89' lang='lat' dir='ltr'>impiis</span> <span class='ocrx_word' id='word_1_445' title='bbox 1453 3474 1715 3546; x_wconf 88' lang='lat' dir='ltr'>undique</span> <span class='ocrx_word' id='word_1_446' title='bbox 1741 3475 1978 3547; x_wconf 88' lang='lat' dir='ltr'>rapiun-</span> 
     </span>
    </p>
   </div>
   <div class='ocr_carea' id='block_1_68' title="bbox 312 3562 1979 3637">
    <p class='ocr_par' dir='ltr' id='par_1_68' title="bbox 312 3562 1979 3637">
     <span class='ocr_line' id='line_1_68' title="bbox 312 3562 1979 3637; baseline 0.001 -17"><span class='ocrx_word' id='word_1_447' title='bbox 312 3567 431 3620; x_wconf 88' lang='lat' dir='ltr'>tur.</span> <span class='ocrx_word' id='word_1_448' title='bbox 466 3565 660 3621; x_wconf 88' lang='lat' dir='ltr'>Sacris</span> <span class='ocrx_word' id='word_1_449' title='bbox 681 3581 797 3620; x_wconf 88' lang='lat' dir='ltr'>non</span> <span class='ocrx_word' id='word_1_450' title='bbox 835 3569 924 3620; x_wconf 91' lang='lat' dir='ltr'>est</span> <span class='ocrx_word' id='word_1_451' title='bbox 953 3563 1277 3621; x_wconf 88' lang='lat' dir='ltr'>reverentia</span> <span class='ocrx_word' id='word_1_452' title='bbox 1298 3562 1467 3632; x_wconf 88' lang='lat' dir='ltr'>locis,</span> <span class='ocrx_word' id='word_1_453' title='bbox 1496 3564 1598 3619; x_wconf 90' lang='lat' dir='ltr'>sed</span> <span class='ocrx_word' id='word_1_454' title='bbox 1630 3565 1979 3637; x_wconf 60' lang='lat' dir='ltr'>praevalente</span> 
     </span>
    </p>
   </div>
   <div class='ocr_carea' id='block_1_69' title="bbox 315 3652 1985 3727">
    <p class='ocr_par' dir='ltr' id='par_1_69' title="bbox 315 3652 1985 3727">
     <span class='ocr_line' id='line_1_69' title="bbox 315 3652 1985 3727; baseline 0.003 -19"><span class='ocrx_word' id='word_1_455' title='bbox 315 3653 580 3725; x_wconf 88' lang='lat' dir='ltr'>nequitia</span> <span class='ocrx_word' id='word_1_456' title='bbox 609 3653 928 3727; x_wconf 88' lang='lat' dir='ltr'>impiorum</span> <span class='ocrx_word' id='word_1_457' title='bbox 962 3656 1123 3709; x_wconf 90' lang='lat' dir='ltr'>totus</span> <span class='ocrx_word' id='word_1_458' title='bbox 1155 3652 1375 3724; x_wconf 90' lang='lat' dir='ltr'>pariter</span> <span class='ocrx_word' id='word_1_459' title='bbox 1406 3652 1663 3709; x_wconf 88' lang='lat' dir='ltr'>concidit</span> <span class='ocrx_word' id='word_1_460' title='bbox 1689 3654 1878 3712; x_wconf 91' lang='lat' dir='ltr'>honor</span> <span class='ocrx_word' id='word_1_461' title='bbox 1897 3673 1985 3713; x_wconf 66' lang='lat' dir='ltr'>re-r</span> 
     </span>
    </p>
   </div>
   <div class='ocr_carea' id='block_1_70' title="bbox 310 3739 1977 3814">
    <p class='ocr_par' dir='ltr' id='par_1_70' title="bbox 310 3739 1977 3814">
     <span class='ocr_line' id='line_1_70' title="bbox 310 3739 1977 3814; baseline 0.003 -17"><span class='ocrx_word' id='word_1_462' title='bbox 310 3739 594 3813; x_wconf 86' lang='lat' dir='ltr'>ligionis:</span> <span class='ocrx_word' id='word_1_463' title='bbox 653 3743 806 3814; x_wconf 90' lang='lat' dir='ltr'>quod</span> <span class='ocrx_word' id='word_1_464' title='bbox 869 3742 1123 3797; x_wconf 87' lang='lat' dir='ltr'>nimium</span> <span class='ocrx_word' id='word_1_465' title='bbox 1180 3740 1540 3799; x_wconf 87' lang='lat' dir='ltr'>habitatores</span> <span class='ocrx_word' id='word_1_466' title='bbox 1599 3743 1977 3802; x_wconf 87' lang='lat' dir='ltr'>Luxoviensis</span> 
     </span>
    </p>
   </div>
   <div class='ocr_carea' id='block_1_71' title="bbox 312 3829 1975 3905">
    <p class='ocr_par' dir='ltr' id='par_1_71' title="bbox 312 3829 1975 3905">
     <span class='ocr_line' id='line_1_71' title="bbox 312 3829 1975 3905; baseline 0.001 -19"><span class='ocrx_word' id='word_1_467' title='bbox 312 3831 558 3886; x_wconf 69' lang='lat' dir='ltr'>ceanobii</span> <span class='ocrx_word' id='word_1_468' title='bbox 594 3829 847 3902; x_wconf 89' lang='lat' dir='ltr'>peccatis</span> <span class='ocrx_word' id='word_1_469' title='bbox 874 3831 1246 3903; x_wconf 88' lang='lat' dir='ltr'>exigentibus</span> <span class='ocrx_word' id='word_1_470' title='bbox 1276 3829 1528 3902; x_wconf 90' lang='lat' dir='ltr'>pleniter</span> <span class='ocrx_word' id='word_1_471' title='bbox 1548 3837 1688 3887; x_wconf 87' lang='lat' dir='ltr'>sunt</span> <span class='ocrx_word' id='word_1_472' title='bbox 1713 3834 1933 3905; x_wconf 82' lang='lat' dir='ltr'>experti</span> <span class='ocrx_word' id='word_1_473' title='bbox 1961 3852 1975 3903; x_wconf 90' lang='lat'><strong>;</strong></span> 
     </span>
    </p>
   </div>
   <div class='ocr_carea' id='block_1_72' title="bbox 312 3919 1975 3991">
    <p class='ocr_par' dir='ltr' id='par_1_72' title="bbox 312 3919 1975 3991">
     <span class='ocr_line' id='line_1_72' title="bbox 312 3919 1975 3991; baseline 0.002 -17"><span class='ocrx_word' id='word_1_474' title='bbox 312 3935 451 3975; x_wconf 87' lang='lat' dir='ltr'>nam</span> <span class='ocrx_word' id='word_1_475' title='bbox 479 3919 649 3975; x_wconf 90' lang='lat' dir='ltr'>villas</span> <span class='ocrx_word' id='word_1_476' title='bbox 679 3924 739 3976; x_wconf 88' lang='lat' dir='ltr'>et</span> <span class='ocrx_word' id='word_1_477' title='bbox 782 3919 1189 3991; x_wconf 87' lang='lat' dir='ltr'>possessiones</span> <span class='ocrx_word' id='word_1_478' title='bbox 1246 3936 1449 3975; x_wconf 91' lang='lat' dir='ltr'>eorum</span> <span class='ocrx_word' id='word_1_479' title='bbox 1482 3919 1540 3974; x_wconf 91' lang='lat' dir='ltr'>in</span> <span class='ocrx_word' id='word_1_480' title='bbox 1573 3919 1975 3978; x_wconf 55' lang='lat' dir='ltr'>hereditatem</span> 
     </span>
    </p>
   </div>
   <div class='ocr_carea' id='block_1_73' title="bbox 311 4007 1975 4080">
    <p class='ocr_par' dir='ltr' id='par_1_73' title="bbox 311 4007 1975 4080">
     <span class='ocr_line' id='line_1_73' title="bbox 311 4007 1975 4080; baseline 0.002 -18"><span class='ocrx_word' id='word_1_481' title='bbox 311 4007 424 4063; x_wconf 91' lang='lat' dir='ltr'>sibi</span> <span class='ocrx_word' id='word_1_482' title='bbox 446 4007 819 4079; x_wconf 78' lang='lat' dir='ltr'>diripuerunt</span> <span class='ocrx_word' id='word_1_483' title='bbox 842 4025 1057 4063; x_wconf 89' lang='lat' dir='ltr'>manus</span> <span class='ocrx_word' id='word_1_484' title='bbox 1082 4007 1429 4064; x_wconf 89' lang='lat' dir='ltr'>alienorum.</span> <span class='ocrx_word' id='word_1_485' title='bbox 1455 4008 1719 4080; x_wconf 89' lang='lat' dir='ltr'>Cumque</span> <span class='ocrx_word' id='word_1_486' title='bbox 1740 4026 1836 4064; x_wconf 88' lang='lat' dir='ltr'>rex</span> <span class='ocrx_word' id='word_1_487' title='bbox 1859 4027 1975 4066; x_wconf 89' lang='lat' dir='ltr'>non</span> 
     </span>
    </p>
   </div>
   <div class='ocr_carea' id='block_1_74' title="bbox 310 4094 1974 4167">
    <p class='ocr_par' dir='ltr' id='par_1_74' title="bbox 310 4094 1974 4167">
     <span class='ocr_line' id='line_1_74' title="bbox 310 4094 1974 4167; baseline 0.002 -17"><span class='ocrx_word' id='word_1_488' title='bbox 310 4099 467 4151; x_wconf 89' lang='lat' dir='ltr'>esset</span> <span class='ocrx_word' id='word_1_489' title='bbox 487 4096 760 4167; x_wconf 84' lang='lat' dir='ltr'>etjudex,</span> <span class='ocrx_word' id='word_1_490' title='bbox 794 4094 894 4166; x_wconf 92' lang='lat' dir='ltr'>qui</span> <span class='ocrx_word' id='word_1_491' title='bbox 916 4112 1063 4150; x_wconf 80' lang='lat' dir='ltr'>verae</span> <span class='ocrx_word' id='word_1_492' title='bbox 1087 4095 1302 4149; x_wconf 89' lang='lat' dir='ltr'>intuitu</span> <span class='ocrx_word' id='word_1_493' title='bbox 1320 4096 1571 4166; x_wconf 65' lang='lat' dir='ltr'>justitiaa</span> <span class='ocrx_word' id='word_1_494' title='bbox 1593 4096 1733 4152; x_wconf 84' lang='lat' dir='ltr'>huic</span> <span class='ocrx_word' id='word_1_495' title='bbox 1760 4098 1974 4165; x_wconf 84' lang='lat' dir='ltr'>impio—</span> 
     </span>
    </p>
   </div>
   <div class='ocr_carea' id='block_1_75' title="bbox 310 4181 1974 4258">
    <p class='ocr_par' dir='ltr' id='par_1_75' title="bbox 310 4181 1974 4258">
     <span class='ocr_line' id='line_1_75' title="bbox 310 4181 1974 4258; baseline 0.002 -19"><span class='ocrx_word' id='word_1_496' title='bbox 310 4200 443 4239; x_wconf 88' lang='lat' dir='ltr'>rum</span> <span class='ocrx_word' id='word_1_497' title='bbox 489 4182 759 4256; x_wconf 86' lang='lat' dir='ltr'>pravitati</span> <span class='ocrx_word' id='word_1_498' title='bbox 818 4181 993 4238; x_wconf 88' lang='lat' dir='ltr'>vellet</span> <span class='ocrx_word' id='word_1_499' title='bbox 1049 4199 1119 4238; x_wconf 84' lang='lat' dir='ltr'>ex</span> <span class='ocrx_word' id='word_1_500' title='bbox 1176 4186 1298 4238; x_wconf 91' lang='lat' dir='ltr'>toto</span> <span class='ocrx_word' id='word_1_501' title='bbox 1357 4184 1652 4255; x_wconf 89' lang='lat' dir='ltr'>resistere,</span> <span class='ocrx_word' id='word_1_502' title='bbox 1684 4186 1974 4258; x_wconf 91' lang='lat' dir='ltr'>compulsi</span> 
     </span>
    </p>
   </div>
   <div class='ocr_carea' id='block_1_76' title="bbox 268 4270 1977 4347">
    <p class='ocr_par' dir='ltr' id='par_1_76' title="bbox 268 4270 1977 4347">
     <span class='ocr_line' id='line_1_76' title="bbox 268 4270 1977 4347; baseline 0.002 -19"><span class='ocrx_word' id='word_1_503' title='bbox 268 4338 275 4347; x_wconf 35' lang='grc' dir='ltr'>δ</span> <span class='ocrx_word' id='word_1_504' title='bbox 309 4276 451 4328; x_wconf 88' lang='lat' dir='ltr'>sunt</span> <span class='ocrx_word' id='word_1_505' title='bbox 467 4270 890 4347; x_wconf 90' lang='lat' dir='ltr'>quamplurimi</span> <span class='ocrx_word' id='word_1_506' title='bbox 909 4271 1256 4328; x_wconf 89' lang='lat' dir='ltr'>clericorum</span> <span class='ocrx_word' id='word_1_507' title='bbox 1280 4276 1485 4328; x_wconf 89' lang='lat' dir='ltr'>contra</span> <span class='ocrx_word' id='word_1_508' title='bbox 1506 4276 1850 4331; x_wconf 87' lang='lat' dir='ltr'>temeralam</span> <span class='ocrx_word' id='word_1_509' title='bbox 1879 4292 1977 4331; x_wconf 89' lang='lat' dir='ltr'>au-</span> 
     </span>
    </p>
   </div>
   <div class='ocr_carea' id='block_1_77' title="bbox 306 4360 1974 4435">
    <p class='ocr_par' dir='ltr' id='par_1_77' title="bbox 306 4360 1974 4435">
     <span class='ocr_line' id='line_1_77' title="bbox 306 4360 1974 4435; baseline 0.002 -16"><span class='ocrx_word' id='word_1_510' title='bbox 306 4362 536 4419; x_wconf 87' lang='lat' dir='ltr'>daciam</span> <span class='ocrx_word' id='word_1_511' title='bbox 572 4360 979 4435; x_wconf 88' lang='lat' dir='ltr'>diripientium</span> <span class='ocrx_word' id='word_1_512' title='bbox 1032 4377 1275 4417; x_wconf 88' lang='lat' dir='ltr'>suorum</span> <span class='ocrx_word' id='word_1_513' title='bbox 1323 4360 1570 4435; x_wconf 89' lang='lat' dir='ltr'>pignora</span> <span class='ocrx_word' id='word_1_514' title='bbox 1599 4363 1974 4422; x_wconf 91' lang='lat' dir='ltr'>circumferre</span> 
     </span>
    </p>
   </div>
   <div class='ocr_carea' id='block_1_78' title="bbox 307 4451 1971 4527">
    <p class='ocr_par' dir='ltr' id='par_1_78' title="bbox 307 4451 1971 4527">
     <span class='ocr_line' id='line_1_78' title="bbox 307 4451 1971 4527; baseline 0.001 -18"><span class='ocrx_word' id='word_1_515' title='bbox 307 4457 670 4522; x_wconf 86' lang='lat' dir='ltr'>sanctorum,</span> <span class='ocrx_word' id='word_1_516' title='bbox 699 4455 924 4524; x_wconf 90' lang='lat' dir='ltr'>utquos</span> <span class='ocrx_word' id='word_1_517' title='bbox 938 4455 1199 4524; x_wconf 87' lang='lat' dir='ltr'>potestas</span> <span class='ocrx_word' id='word_1_518' title='bbox 1212 4451 1475 4508; x_wconf 88' lang='lat' dir='ltr'>humana</span> <span class='ocrx_word' id='word_1_519' title='bbox 1497 4467 1611 4508; x_wconf 90' lang='lat' dir='ltr'>non</span> <span class='ocrx_word' id='word_1_520' title='bbox 1638 4468 1971 4527; x_wconf 90' lang='lat' dir='ltr'>compesce-</span> 
     </span>
    </p>
   </div>
   <div class='ocr_carea' id='block_1_79' title="bbox 306 4540 1970 4615">
    <p class='ocr_par' dir='ltr' id='par_1_79' title="bbox 306 4540 1970 4615">
     <span class='ocr_line' id='line_1_79' title="bbox 306 4540 1970 4615; baseline 0.001 -17"><span class='ocrx_word' id='word_1_521' title='bbox 306 4546 414 4610; x_wconf 88' lang='lat' dir='ltr'>ret,</span> <span class='ocrx_word' id='word_1_522' title='bbox 448 4542 636 4598; x_wconf 89' lang='lat' dir='ltr'>virtus</span> <span class='ocrx_word' id='word_1_523' title='bbox 675 4545 913 4597; x_wconf 86' lang='lat' dir='ltr'>ostensa</span> <span class='ocrx_word' id='word_1_524' title='bbox 951 4540 1149 4596; x_wconf 89' lang='lat' dir='ltr'>divine</span> <span class='ocrx_word' id='word_1_525' title='bbox 1187 4544 1496 4597; x_wconf 90' lang='lat' dir='ltr'>coerceret.</span> <span class='ocrx_word' id='word_1_526' title='bbox 1524 4541 1665 4596; x_wconf 89' lang='lat' dir='ltr'>Inde</span> <span class='ocrx_word' id='word_1_527' title='bbox 1698 4544 1970 4615; x_wconf 89' lang='lat' dir='ltr'>estquod</span> 
     </span>
    </p>
   </div>
   <div class='ocr_carea' id='block_1_80' title="bbox 306 4628 1974 4703">
    <p class='ocr_par' dir='ltr' id='par_1_80' title="bbox 306 4628 1974 4703">
     <span class='ocr_line' id='line_1_80' title="bbox 306 4628 1974 4703; baseline 0.002 -18"><span class='ocrx_word' id='word_1_528' title='bbox 306 4629 415 4687; x_wconf 90' lang='lat' dir='ltr'>loci</span> <span class='ocrx_word' id='word_1_529' title='bbox 430 4631 613 4703; x_wconf 87' lang='lat' dir='ltr'>hujus</span> <span class='ocrx_word' id='word_1_530' title='bbox 634 4629 836 4688; x_wconf 83' lang='lat' dir='ltr'>incolae</span> <span class='ocrx_word' id='word_1_531' title='bbox 859 4629 999 4686; x_wconf 91' lang='lat' dir='ltr'>alibi</span> <span class='ocrx_word' id='word_1_532' title='bbox 1023 4629 1301 4685; x_wconf 77' lang='lat' dir='ltr'>ﬁduciam</span> <span class='ocrx_word' id='word_1_533' title='bbox 1319 4646 1434 4685; x_wconf 91' lang='lat' dir='ltr'>non</span> <span class='ocrx_word' id='word_1_534' title='bbox 1455 4628 1974 4700; x_wconf 83' lang='lat' dir='ltr'>habentes,contra</span> 
     </span>
    </p>
   </div>
   <div class='ocr_carea' id='block_1_81' title="bbox 306 4719 1972 4794">
    <p class='ocr_par' dir='ltr' id='par_1_81' title="bbox 306 4719 1972 4794">
     <span class='ocr_line' id='line_1_81' title="bbox 306 4719 1972 4794; baseline 0.001 -17"><span class='ocrx_word' id='word_1_535' title='bbox 306 4721 631 4794; x_wconf 88' lang='lat' dir='ltr'>nequitiam</span> <span class='ocrx_word' id='word_1_536' title='bbox 653 4736 1057 4794; x_wconf 89' lang='lat' dir='ltr'>perversorum</span> <span class='ocrx_word' id='word_1_537' title='bbox 1082 4721 1269 4777; x_wconf 89' lang='lat' dir='ltr'>sancti</span> <span class='ocrx_word' id='word_1_538' title='bbox 1292 4719 1650 4778; x_wconf 88' lang='lat' dir='ltr'>Waldeberti</span> <span class='ocrx_word' id='word_1_539' title='bbox 1673 4720 1766 4778; x_wconf 85' lang='lat' dir='ltr'>sui</span> <span class='ocrx_word' id='word_1_540' title='bbox 1780 4723 1972 4779; x_wconf 53' lang='lat' dir='ltr'>defene</span> 
     </span>
    </p>
   </div>
   <div class='ocr_carea' id='block_1_82' title="bbox 306 4806 1969 4884">
    <p class='ocr_par' dir='ltr' id='par_1_82' title="bbox 306 4806 1969 4884">
     <span class='ocr_line' id='line_1_82' title="bbox 306 4806 1969 4884; baseline 0.002 -19"><span class='ocrx_word' id='word_1_541' title='bbox 306 4806 457 4865; x_wconf 87' lang='lat' dir='ltr'>seris</span> <span class='ocrx_word' id='word_1_542' title='bbox 495 4808 631 4865; x_wconf 89' lang='lat' dir='ltr'>latis</span> <span class='ocrx_word' id='word_1_543' title='bbox 661 4810 924 4882; x_wconf 89' lang='lat' dir='ltr'>corporis</span> <span class='ocrx_word' id='word_1_544' title='bbox 952 4811 1082 4883; x_wconf 89' lang='lat' dir='ltr'>ejus</span> <span class='ocrx_word' id='word_1_545' title='bbox 1113 4809 1460 4884; x_wconf 89' lang='lat' dir='ltr'>pignoribus</span> <span class='ocrx_word' id='word_1_546' title='bbox 1490 4809 1717 4867; x_wconf 89' lang='lat' dir='ltr'>soleant</span> <span class='ocrx_word' id='word_1_547' title='bbox 1752 4811 1969 4868; x_wconf 88' lang='lat' dir='ltr'>inferre</span> 
     </span>
    </p>
   </div>
   <div class='ocr_carea' id='block_1_83' title="bbox 304 4897 1968 4973">
    <p class='ocr_par' dir='ltr' id='par_1_83' title="bbox 304 4897 1968 4973">
     <span class='ocr_line' id='line_1_83' title="bbox 304 4897 1968 4973; baseline 0.004 -21"><span class='ocrx_word' id='word_1_548' title='bbox 304 4897 676 4973; x_wconf 83' lang='lat' dir='ltr'>virtutem,ut</span> <span class='ocrx_word' id='word_1_549' title='bbox 695 4898 795 4970; x_wconf 87' lang='lat' dir='ltr'>qui</span> <span class='ocrx_word' id='word_1_550' title='bbox 818 4899 1117 4970; x_wconf 88' lang='lat' dir='ltr'>quondam</span> <span class='ocrx_word' id='word_1_551' title='bbox 1150 4898 1492 4972; x_wconf 88' lang='lat' dir='ltr'>temporalis</span> <span class='ocrx_word' id='word_1_552' title='bbox 1522 4899 1743 4957; x_wconf 71' lang='lat' dir='ltr'>militias</span> <span class='ocrx_word' id='word_1_553' title='bbox 1773 4918 1968 4958; x_wconf 88' lang='lat' dir='ltr'>sacra-</span> 
     </span>
    </p>
   </div>
   <div class='ocr_carea' id='block_1_84' title="bbox 308 4984 1969 5064">
    <p class='ocr_par' dir='ltr' id='par_1_84' title="bbox 308 4984 1969 5064">
     <span class='ocr_line' id='line_1_84' title="bbox 308 4984 1969 5064; baseline 0.005 -25"><span class='ocrx_word' id='word_1_554' title='bbox 308 4987 507 5040; x_wconf 86' lang='lat' dir='ltr'>menta</span> <span class='ocrx_word' id='word_1_555' title='bbox 526 5000 788 5041; x_wconf 86' lang='lat' dir='ltr'>servasse</span> <span class='ocrx_word' id='word_1_556' title='bbox 809 4984 971 5042; x_wconf 87' lang='lat' dir='ltr'>visus</span> <span class='ocrx_word' id='word_1_557' title='bbox 992 4986 1336 5064; x_wconf 86' lang='lat' dir='ltr'>fuerat,ipse</span> <span class='ocrx_word' id='word_1_558' title='bbox 1367 5003 1601 5061; x_wconf 88' lang='lat' dir='ltr'>quoque</span> <span class='ocrx_word' id='word_1_559' title='bbox 1622 4988 1776 5046; x_wconf 87' lang='lat' dir='ltr'>inter</span> <span class='ocrx_word' id='word_1_560' title='bbox 1796 5006 1969 5047; x_wconf 87' lang='lat' dir='ltr'>casus</span> 
     </span>
    </p>
   </div>
   <div class='ocr_carea' id='block_1_85' title="bbox 307 5072 1969 5150">
    <p class='ocr_par' dir='ltr' id='par_1_85' title="bbox 307 5072 1969 5150">
     <span class='ocr_line' id='line_1_85' title="bbox 307 5072 1969 5150; baseline 0.004 -21"><span class='ocrx_word' id='word_1_561' title='bbox 307 5088 551 5129; x_wconf 89' lang='lat' dir='ltr'>suorum</span> <span class='ocrx_word' id='word_1_562' title='bbox 584 5072 847 5130; x_wconf 80' lang='lat' dir='ltr'>fidelium</span> <span class='ocrx_word' id='word_1_563' title='bbox 881 5074 1016 5146; x_wconf 90' lang='lat' dir='ltr'>pius</span> <span class='ocrx_word' id='word_1_564' title='bbox 1058 5080 1462 5148; x_wconf 85' lang='lat' dir='ltr'>propugnator</span> <span class='ocrx_word' id='word_1_565' title='bbox 1491 5078 1751 5134; x_wconf 87' lang='lat' dir='ltr'>assistat.</span> <span class='ocrx_word' id='word_1_566' title='bbox 1786 5079 1969 5150; x_wconf 83' lang='lat' dir='ltr'>Cujus</span> 
     </span>
    </p>
   </div>
   <div class='ocr_carea' id='block_1_86' title="bbox 307 5161 1970 5237">
    <p class='ocr_par' dir='ltr' id='par_1_86' title="bbox 307 5161 1970 5237">
     <span class='ocr_line' id='line_1_86' title="bbox 307 5161 1970 5237; baseline 0.004 -21"><span class='ocrx_word' id='word_1_567' title='bbox 307 5161 388 5218; x_wconf 91' lang='lat' dir='ltr'>rei</span> <span class='ocrx_word' id='word_1_568' title='bbox 422 5161 888 5233; x_wconf 76' lang='lat' dir='ltr'>experimentum</span> <span class='ocrx_word' id='word_1_569' title='bbox 921 5181 982 5220; x_wconf 91' lang='lat' dir='ltr'>se</span> <span class='ocrx_word' id='word_1_570' title='bbox 1014 5164 1168 5220; x_wconf 91' lang='lat' dir='ltr'>ultro</span> <span class='ocrx_word' id='word_1_571' title='bbox 1212 5163 1450 5237; x_wconf 87' lang='lat' dir='ltr'>ingerit,</span> <span class='ocrx_word' id='word_1_572' title='bbox 1483 5166 1532 5220; x_wconf 89' lang='lat' dir='ltr'>si</span> <span class='ocrx_word' id='word_1_573' title='bbox 1566 5167 1970 5226; x_wconf 87' lang='lat' dir='ltr'>consideretur</span> 
     </span>
    </p>
   </div>
   <div class='ocr_carea' id='block_1_87' title="bbox 304 5250 1894 5324">
    <p class='ocr_par' dir='ltr' id='par_1_87' title="bbox 304 5250 1894 5324">
     <span class='ocr_line' id='line_1_87' title="bbox 304 5250 1894 5324; baseline 0.006 -20"><span class='ocrx_word' id='word_1_574' title='bbox 304 5250 537 5305; x_wconf 89' lang='lat' dir='ltr'>virtutis</span> <span class='ocrx_word' id='word_1_575' title='bbox 563 5251 692 5322; x_wconf 83' lang='lat' dir='ltr'>ejus</span> <span class='ocrx_word' id='word_1_576' title='bbox 723 5252 1002 5322; x_wconf 88' lang='lat' dir='ltr'>potentia,</span> <span class='ocrx_word' id='word_1_577' title='bbox 1036 5270 1215 5324; x_wconf 87' lang='lat' dir='ltr'>quam</span> <span class='ocrx_word' id='word_1_578' title='bbox 1247 5255 1584 5324; x_wconf 83' lang='lat' dir='ltr'>frequenter</span> <span class='ocrx_word' id='word_1_579' title='bbox 1613 5258 1894 5313; x_wconf 85' lang='lat' dir='ltr'>ostendit.</span> 
     </span>
    </p>
   </div>
   <div class='ocr_carea' id='block_1_88' title="bbox 376 5356 1966 5429">
    <p class='ocr_par' dir='ltr' id='par_1_88' title="bbox 376 5356 1966 5429">
     <span class='ocr_line' id='line_1_88' title="bbox 376 5356 1966 5429; baseline 0.005 -18"><span class='ocrx_word' id='word_1_580' title='bbox 376 5356 491 5429; x_wconf 87' lang='lat'>(50)</span> <span class='ocrx_word' id='word_1_581' title='bbox 525 5356 582 5410; x_wconf 91' lang='lat' dir='ltr'>ld</span> <span class='ocrx_word' id='word_1_582' title='bbox 617 5361 707 5429; x_wconf 76' lang='lat' dir='ltr'>est</span> <span class='ocrx_word' id='word_1_583' title='bbox 755 5357 1276 5429; x_wconf 87' lang='lat' dir='ltr'>Nortmannorum.</span> <span class='ocrx_word' id='word_1_584' title='bbox 1310 5360 1469 5423; x_wconf 89' lang='lat' dir='ltr'>Quod</span> <span class='ocrx_word' id='word_1_585' title='bbox 1513 5360 1783 5417; x_wconf 85' lang='lat' dir='ltr'>existimo</span> <span class='ocrx_word' id='word_1_586' title='bbox 1817 5365 1966 5419; x_wconf 87' lang='lat' dir='ltr'>acci-</span> 
     </span>
    </p>
   </div>
   <div class='ocr_carea' id='block_1_89' title="bbox 306 5427 1966 5500">
    <p class='ocr_par' dir='ltr' id='par_1_89' title="bbox 306 5427 1966 5500">
     <span class='ocr_line' id='line_1_89' title="bbox 306 5427 1966 5500; baseline 0.006 -19"><span class='ocrx_word' id='word_1_587' title='bbox 306 5427 465 5500; x_wconf 74' lang='lat' dir='ltr'>diSse</span> <span class='ocrx_word' id='word_1_588' title='bbox 496 5444 648 5484; x_wconf 89' lang='lat' dir='ltr'>anno</span> <span class='ocrx_word' id='word_1_589' title='bbox 672 5428 902 5484; x_wconf 88' lang='lat' dir='ltr'>Domini</span> <span class='ocrx_word' id='word_1_590' title='bbox 927 5432 1193 5500; x_wconf 6' lang='lat' dir='ltr'>882%,,qu</span> <span class='ocrx_word' id='word_1_591' title='bbox 1230 5430 1361 5484; x_wconf 72' lang='lat' dir='ltr'>czesi</span> <span class='ocrx_word' id='word_1_592' title='bbox 1403 5431 1475 5484; x_wconf 86' lang='lat' dir='ltr'>ab</span> <span class='ocrx_word' id='word_1_593' title='bbox 1508 5431 1729 5486; x_wconf 87' lang='lat' dir='ltr'>eisdem</span> <span class='ocrx_word' id='word_1_594' title='bbox 1764 5451 1966 5491; x_wconf 87' lang='lat' dir='ltr'>mona-</span> 
     </span>
    </p>
   </div>
   <div class='ocr_carea' id='block_1_90' title="bbox 307 5498 1964 5565">
    <p class='ocr_par' dir='ltr' id='par_1_90' title="bbox 307 5498 1964 5565">
     <span class='ocr_line' id='line_1_90' title="bbox 307 5498 1964 5565; baseline 0.004 -12"><span class='ocrx_word' id='word_1_595' title='bbox 307 5498 399 5553; x_wconf 90' lang='lat' dir='ltr'>chi</span> <span class='ocrx_word' id='word_1_596' title='bbox 435 5499 778 5565; x_wconf 88' lang='lat' dir='ltr'>Besuenses,</span> <span class='ocrx_word' id='word_1_597' title='bbox 814 5503 960 5554; x_wconf 86' lang='lat' dir='ltr'>teste</span> <span class='ocrx_word' id='word_1_598' title='bbox 989 5498 1255 5556; x_wconf 21' lang='lat' dir='ltr'>Joh‘anne</span> <span class='ocrx_word' id='word_1_599' title='bbox 1282 5500 1568 5556; x_wconf 88' lang='lat' dir='ltr'>monacho</span> <span class='ocrx_word' id='word_1_600' title='bbox 1593 5502 1871 5559; x_wconf 84' lang='lat' dir='ltr'>Besuensi</span> <span class='ocrx_word' id='word_1_601' title='bbox 1906 5507 1964 5560; x_wconf 90' lang='lat' dir='ltr'>in</span> 
     </span>
    </p>
   </div>
   <div class='ocr_carea' id='block_1_91' title="bbox 306 5568 1230 5694">
    <p class='ocr_par' dir='ltr' id='par_1_91' title="bbox 306 5568 1230 5694">
     <span class='ocr_line' id='line_1_91' title="bbox 306 5568 1230 5694; baseline -0.003 -68"><span class='ocrx_word' id='word_1_602' title='bbox 306 5569 609 5636; x_wconf 85' lang='lat' dir='ltr'>Chronico,</span> <span class='ocrx_word' id='word_1_603' title='bbox 644 5568 937 5694; x_wconf 47' lang='lat' dir='ltr'>Spicilegii</span> <span class='ocrx_word' id='word_1_604' title='bbox 970 5574 1126 5623; x_wconf 86' lang='lat' dir='ltr'>tome</span> <span class='ocrx_word' id='word_1_605' title='bbox 1161 5571 1230 5624; x_wconf 87' lang='lat' dir='ltr'>Il.</span> 
     </span>
     <span class='ocr_line' id='line_1_92' title="bbox 336 5640 1227 5694; baseline -0.001 0"><span class='ocrx_word' id='word_1_606' title='bbox 336 5660 339 5661; x_wconf 63' lang='lat'><strong><em>&#39;</em></strong></span> <span class='ocrx_word' id='word_1_607' title='bbox 381 5642 491 5694; x_wconf 84' lang='grc'>(51)</span> <span class='ocrx_word' id='word_1_608' title='bbox 524 5640 852 5694; x_wconf 74' lang='lat' dir='ltr'>llichardus</span> <span class='ocrx_word' id='word_1_609' title='bbox 926 5641 1227 5694; x_wconf 72' lang='lat' dir='ltr'>urcundia:</span> 
     </span>
    </p>
   </div>
   <div class='ocr_carea' id='block_1_92' title="bbox 336 5640 1967 5712">
    <p class='ocr_par' dir='ltr' id='par_1_92' title="bbox 336 5640 1967 5712">
     <span class='ocr_line' id='line_1_93' title="bbox 336 5640 1967 5712; baseline 0.004 -17"><span class='ocrx_word' id='word_1_610' title='bbox 336 5660 339 5661; x_wconf 63' lang='lat'><strong><em>&#39;</em></strong></span> <span class='ocrx_word' id='word_1_611' title='bbox 381 5642 491 5712; x_wconf 83' lang='grc'>(51)</span> <span class='ocrx_word' id='word_1_612' title='bbox 524 5640 852 5696; x_wconf 76' lang='lat' dir='ltr'>llichardus</span> <span class='ocrx_word' id='word_1_613' title='bbox 870 5640 1227 5711; x_wconf 72' lang='lat' dir='ltr'>Burgundia:</span> <span class='ocrx_word' id='word_1_614' title='bbox 1250 5640 1365 5695; x_wconf 81' lang='lat' dir='ltr'>dux</span> <span class='ocrx_word' id='word_1_615' title='bbox 1389 5646 1666 5698; x_wconf 88' lang='lat' dir='ltr'>strenuus</span> <span class='ocrx_word' id='word_1_616' title='bbox 1689 5645 1967 5702; x_wconf 83' lang='lat' dir='ltr'>adversus</span> 
     </span>
    </p>
   </div>
   <div class='ocr_carea' id='block_1_93' title="bbox 309 5711 1965 5787">
    <p class='ocr_par' dir='ltr' id='par_1_93' title="bbox 309 5711 1965 5787">
     <span class='ocr_line' id='line_1_94' title="bbox 309 5711 1965 5787; baseline 0.004 -18"><span class='ocrx_word' id='word_1_617' title='bbox 309 5711 724 5780; x_wconf 80' lang='lat' dir='ltr'>Nortmannos,</span> <span class='ocrx_word' id='word_1_618' title='bbox 742 5717 1009 5767; x_wconf 80' lang='lat' dir='ltr'>mortuus</span> <span class='ocrx_word' id='word_1_619' title='bbox 1040 5716 1128 5767; x_wconf 89' lang='lat' dir='ltr'>est</span> <span class='ocrx_word' id='word_1_620' title='bbox 1159 5728 1311 5768; x_wconf 84' lang='lat' dir='ltr'>anno</span> <span class='ocrx_word' id='word_1_621' title='bbox 1344 5714 1513 5769; x_wconf 88' lang='lat' dir='ltr'>tertio</span> <span class='ocrx_word' id='word_1_622' title='bbox 1545 5720 1679 5787; x_wconf 87' lang='lat' dir='ltr'>post</span> <span class='ocrx_word' id='word_1_623' title='bbox 1710 5717 1965 5775; x_wconf 83' lang='lat' dir='ltr'>obsidio-</span> 
     </span>
    </p>
   </div>
   <div class='ocr_carea' id='block_1_94' title="bbox 2088 3383 3763 3457">
    <p class='ocr_par' dir='ltr' id='par_1_94' title="bbox 2088 3383 3763 3457">
     <span class='ocr_line' id='line_1_95' title="bbox 2088 3383 3763 3457; baseline -0.001 -15"><span class='ocrx_word' id='word_1_624' title='bbox 2088 3390 2185 3442; x_wconf 87' lang='lat' dir='ltr'>tur</span> <span class='ocrx_word' id='word_1_625' title='bbox 2210 3387 2269 3442; x_wconf 91' lang='lat' dir='ltr'>in</span> <span class='ocrx_word' id='word_1_626' title='bbox 2303 3400 2455 3441; x_wconf 88' lang='lat' dir='ltr'>aere.</span> <span class='ocrx_word' id='word_1_627' title='bbox 2486 3385 2581 3441; x_wconf 91' lang='lat' dir='ltr'>Sic</span> <span class='ocrx_word' id='word_1_628' title='bbox 2608 3384 2704 3440; x_wconf 90' lang='lat' dir='ltr'>ille</span> <span class='ocrx_word' id='word_1_629' title='bbox 2735 3384 2863 3441; x_wconf 89' lang='lat' dir='ltr'>sine</span> <span class='ocrx_word' id='word_1_630' title='bbox 2911 3383 3178 3457; x_wconf 90' lang='lat' dir='ltr'>patibulo</span> <span class='ocrx_word' id='word_1_631' title='bbox 3228 3383 3372 3440; x_wconf 82' lang='lat' dir='ltr'>ccelo</span> <span class='ocrx_word' id='word_1_632' title='bbox 3424 3401 3763 3456; x_wconf 85' lang='lat' dir='ltr'>suspensus</span> 
     </span>
    </p>
   </div>
   <div class='ocr_carea' id='block_1_95' title="bbox 2089 3472 3760 3543">
    <p class='ocr_par' dir='ltr' id='par_1_95' title="bbox 2089 3472 3760 3543">
     <span class='ocr_line' id='line_1_96' title="bbox 2089 3472 3760 3543; baseline -0.001 -11"><span class='ocrx_word' id='word_1_633' title='bbox 2089 3493 2296 3533; x_wconf 89' lang='lat' dir='ltr'>amens</span> <span class='ocrx_word' id='word_1_634' title='bbox 2316 3475 2604 3543; x_wconf 87' lang='lat' dir='ltr'>redditur,</span> <span class='ocrx_word' id='word_1_635' title='bbox 2630 3491 2808 3530; x_wconf 88' lang='lat' dir='ltr'>sensu</span> <span class='ocrx_word' id='word_1_636' title='bbox 2842 3472 3413 3543; x_wconf 83' lang='lat' dir='ltr'>eonfunditur,flxus</span> <span class='ocrx_word' id='word_1_637' title='bbox 3432 3473 3642 3529; x_wconf 83' lang='lat' dir='ltr'>tellure</span> <span class='ocrx_word' id='word_1_638' title='bbox 3668 3478 3760 3530; x_wconf 83' lang='lat' dir='ltr'>te-</span> 
     </span>
    </p>
   </div>
   <div class='ocr_carea' id='block_1_96' title="bbox 2088 3561 3760 3636">
    <p class='ocr_par' dir='ltr' id='par_1_96' title="bbox 2088 3561 3760 3636">
     <span class='ocr_line' id='line_1_97' title="bbox 2088 3561 3760 3636; baseline -0.002 -14"><span class='ocrx_word' id='word_1_639' title='bbox 2088 3569 2281 3633; x_wconf 90' lang='lat' dir='ltr'>netur,</span> <span class='ocrx_word' id='word_1_640' title='bbox 2314 3580 2421 3619; x_wconf 88' lang='lat' dir='ltr'>nec</span> <span class='ocrx_word' id='word_1_641' title='bbox 2453 3563 2618 3636; x_wconf 89' lang='lat' dir='ltr'>prius</span> <span class='ocrx_word' id='word_1_642' title='bbox 2668 3564 2860 3635; x_wconf 85' lang='lat' dir='ltr'>potuit</span> <span class='ocrx_word' id='word_1_643' title='bbox 2905 3561 3017 3619; x_wconf 89' lang='lat' dir='ltr'>sibi</span> <span class='ocrx_word' id='word_1_644' title='bbox 3060 3562 3246 3631; x_wconf 88' lang='lat' dir='ltr'>reddi,</span> <span class='ocrx_word' id='word_1_645' title='bbox 3278 3578 3456 3635; x_wconf 89' lang='lat' dir='ltr'>quam</span> <span class='ocrx_word' id='word_1_646' title='bbox 3488 3562 3760 3619; x_wconf 87' lang='lat' dir='ltr'>oratione</span> 
     </span>
    </p>
   </div>
   <div class='ocr_carea' id='block_1_97' title="bbox 2088 3650 3757 3725">
    <p class='ocr_par' dir='ltr' id='par_1_97' title="bbox 2088 3650 3757 3725">
     <span class='ocr_line' id='line_1_98' title="bbox 2088 3650 3757 3725; baseline -0.001 -16"><span class='ocrx_word' id='word_1_647' title='bbox 2088 3654 2321 3711; x_wconf 91' lang='lat' dir='ltr'>illorum</span> <span class='ocrx_word' id='word_1_648' title='bbox 2332 3652 2570 3725; x_wconf 88' lang='lat' dir='ltr'>,quibus</span> <span class='ocrx_word' id='word_1_649' title='bbox 2586 3650 3757 3720; x_wconf 84' lang='lat' dir='ltr'>nociturusvenerat,merereturabsolvi.</span> 
     </span>
    </p>
   </div>
   <div class='ocr_carea' id='block_1_98' title="bbox 2088 3738 3759 3815">
    <p class='ocr_par' dir='ltr' id='par_1_98' title="bbox 2088 3738 3759 3815">
     <span class='ocr_line' id='line_1_99' title="bbox 2088 3738 3759 3815; baseline -0.001 -16"><span class='ocrx_word' id='word_1_650' title='bbox 2088 3743 2175 3799; x_wconf 90' lang='lat' dir='ltr'>Ita</span> <span class='ocrx_word' id='word_1_651' title='bbox 2195 3742 2587 3815; x_wconf 87' lang='lat' dir='ltr'>plurimorum</span> <span class='ocrx_word' id='word_1_652' title='bbox 2646 3746 2882 3813; x_wconf 75' lang='lat' dir='ltr'>pectora</span> <span class='ocrx_word' id='word_1_653' title='bbox 2912 3745 3100 3797; x_wconf 90' lang='lat' dir='ltr'>terror</span> <span class='ocrx_word' id='word_1_654' title='bbox 3123 3738 3542 3813; x_wconf 82' lang='lat' dir='ltr'>perstrinxerat</span> <span class='ocrx_word' id='word_1_655' title='bbox 3568 3740 3759 3811; x_wconf 81' lang='lat' dir='ltr'>hujus</span> 
     </span>
    </p>
   </div>
   <div class='ocr_carea' id='block_1_99' title="bbox 2087 3827 3757 3903">
    <p class='ocr_par' dir='ltr' id='par_1_99' title="bbox 2087 3827 3757 3903">
     <span class='ocr_line' id='line_1_100' title="bbox 2087 3827 3757 3903; baseline -0.002 -15"><span class='ocrx_word' id='word_1_656' title='bbox 2087 3832 2247 3888; x_wconf 86' lang='lat' dir='ltr'>facti.</span> <span class='ocrx_word' id='word_1_657' title='bbox 2275 3832 2538 3903; x_wconf 86' lang='lat' dir='ltr'>Denique</span> <span class='ocrx_word' id='word_1_658' title='bbox 2559 3830 2655 3886; x_wconf 88' lang='lat' dir='ltr'>hic</span> <span class='ocrx_word' id='word_1_659' title='bbox 2674 3829 3101 3903; x_wconf 88' lang='lat' dir='ltr'>aliquantisper</span> <span class='ocrx_word' id='word_1_660' title='bbox 3119 3846 3155 3885; x_wconf 90' lang='lat' dir='ltr'>a</span> <span class='ocrx_word' id='word_1_661' title='bbox 3174 3827 3388 3902; x_wconf 88' lang='lat' dir='ltr'>populo</span> <span class='ocrx_word' id='word_1_662' title='bbox 3409 3828 3625 3883; x_wconf 88' lang='lat' dir='ltr'>detenti</span> <span class='ocrx_word' id='word_1_663' title='bbox 3658 3843 3757 3885; x_wconf 85' lang='lat' dir='ltr'>re-</span> 
     </span>
    </p>
   </div>
   <div class='ocr_carea' id='block_1_100' title="bbox 2088 3916 3756 3992">
    <p class='ocr_par' dir='ltr' id='par_1_100' title="bbox 2088 3916 3756 3992">
     <span class='ocr_line' id='line_1_101' title="bbox 2088 3916 3756 3992; baseline -0.002 -16"><span class='ocrx_word' id='word_1_664' title='bbox 2088 3925 2334 3976; x_wconf 90' lang='lat' dir='ltr'>sumunt</span> <span class='ocrx_word' id='word_1_665' title='bbox 2364 3920 2473 3975; x_wconf 90' lang='lat' dir='ltr'>iler</span> <span class='ocrx_word' id='word_1_666' title='bbox 2501 3920 2659 3992; x_wconf 89' lang='lat' dir='ltr'>quod</span> <span class='ocrx_word' id='word_1_667' title='bbox 2692 3922 3004 3990; x_wconf 82' lang='lat' dir='ltr'>coeperant,</span> <span class='ocrx_word' id='word_1_668' title='bbox 3038 3918 3111 3974; x_wconf 87' lang='lat' dir='ltr'>ad</span> <span class='ocrx_word' id='word_1_669' title='bbox 3145 3917 3449 3974; x_wconf 87' lang='lat' dir='ltr'>Herlerum</span> <span class='ocrx_word' id='word_1_670' title='bbox 3504 3916 3756 3973; x_wconf 85' lang='lat' dir='ltr'>veniunt</span> 
     </span>
    </p>
   </div>
   <div class='ocr_carea' id='block_1_101' title="bbox 2068 4006 3750 4081">
    <p class='ocr_par' dir='ltr' id='par_1_101' title="bbox 2068 4006 3750 4081">
     <span class='ocr_line' id='line_1_102' title="bbox 2068 4006 3750 4081; baseline -0.001 -17"><span class='ocrx_word' id='word_1_671' title='bbox 2068 4027 2203 4081; x_wconf 81' lang='lat' dir='ltr'>-quo</span> <span class='ocrx_word' id='word_1_672' title='bbox 2214 4009 2548 4066; x_wconf 89' lang='lat' dir='ltr'>tendebant.</span> <span class='ocrx_word' id='word_1_673' title='bbox 2561 4009 2697 4064; x_wconf 91' lang='lat' dir='ltr'>lnsu</span> <span class='ocrx_word' id='word_1_674' title='bbox 2706 4012 2883 4081; x_wconf 84' lang='lat' dir='ltr'>rgunt</span> <span class='ocrx_word' id='word_1_675' title='bbox 2894 4006 3369 4080; x_wconf 86' lang='lat' dir='ltr'>undiqueinjusti</span> <span class='ocrx_word' id='word_1_676' title='bbox 3384 4022 3750 4079; x_wconf 87' lang='lat' dir='ltr'>pervaseres,</span> 
     </span>
    </p>
   </div>
   <div class='ocr_carea' id='block_1_102' title="bbox 2084 4094 3751 4170">
    <p class='ocr_par' dir='ltr' id='par_1_102' title="bbox 2084 4094 3751 4170">
     <span class='ocr_line' id='line_1_103' title="bbox 2084 4094 3751 4170; baseline -0.001 -18"><span class='ocrx_word' id='word_1_677' title='bbox 2084 4094 2474 4154; x_wconf 52' lang='lat' dir='ltr'>volentes&#39;eos</span> <span class='ocrx_word' id='word_1_678' title='bbox 2505 4115 2540 4153; x_wconf 92' lang='lat' dir='ltr'>a</span> <span class='ocrx_word' id='word_1_679' title='bbox 2568 4097 2789 4153; x_wconf 84' lang='lat' dir='ltr'>ﬁnibus</span> <span class='ocrx_word' id='word_1_680' title='bbox 2810 4096 3109 4170; x_wconf 90' lang='lat' dir='ltr'>repellere,</span> <span class='ocrx_word' id='word_1_681' title='bbox 3131 4113 3282 4168; x_wconf 89' lang='lat' dir='ltr'>quos</span> <span class='ocrx_word' id='word_1_682' title='bbox 3311 4095 3402 4151; x_wconf 88' lang='lat' dir='ltr'>sui</span> <span class='ocrx_word' id='word_1_683' title='bbox 3428 4095 3751 4167; x_wconf 88' lang='lat' dir='ltr'>dispendio</span> 
     </span>
    </p>
   </div>
   <div class='ocr_carea' id='block_1_103' title="bbox 2085 4183 3749 4242">
    <p class='ocr_par' dir='ltr' id='par_1_103' title="bbox 2085 4183 3749 4242">
     <span class='ocr_line' id='line_1_104' title="bbox 2085 4183 3749 4242; baseline -0.001 -1"><span class='ocrx_word' id='word_1_684' title='bbox 2085 4187 2404 4242; x_wconf 88' lang='lat' dir='ltr'>cernebant</span> <span class='ocrx_word' id='word_1_685' title='bbox 2451 4185 2781 4242; x_wconf 87' lang='lat' dir='ltr'>advenisse.</span> <span class='ocrx_word' id='word_1_686' title='bbox 2814 4187 2925 4242; x_wconf 89' lang='lat' dir='ltr'>Sed</span> <span class='ocrx_word' id='word_1_687' title='bbox 2958 4184 3146 4242; x_wconf 89' lang='lat' dir='ltr'>sancti</span> <span class='ocrx_word' id='word_1_688' title='bbox 3174 4183 3280 4240; x_wconf 88' lang='lat' dir='ltr'>viri</span> <span class='ocrx_word' id='word_1_689' title='bbox 3308 4184 3496 4239; x_wconf 89' lang='lat' dir='ltr'>virtus</span> <span class='ocrx_word' id='word_1_690' title='bbox 3524 4187 3749 4240; x_wconf 89' lang='lat' dir='ltr'>terrore</span> 
     </span>
    </p>
   </div>
   <div class='ocr_carea' id='block_1_104' title="bbox 2085 4272 3749 4347">
    <p class='ocr_par' dir='ltr' id='par_1_104' title="bbox 2085 4272 3749 4347">
     <span class='ocr_line' id='line_1_105' title="bbox 2085 4272 3749 4347; baseline -0.001 -17"><span class='ocrx_word' id='word_1_691' title='bbox 2085 4278 2314 4331; x_wconf 89' lang='lat' dir='ltr'>mentes</span> <span class='ocrx_word' id='word_1_692' title='bbox 2325 4274 2979 4347; x_wconf 89' lang='lat' dir='ltr'>edomatimpiorum,et</span> <span class='ocrx_word' id='word_1_693' title='bbox 2991 4274 3117 4331; x_wconf 90' lang='lat' dir='ltr'>suis</span> <span class='ocrx_word' id='word_1_694' title='bbox 3128 4274 3411 4330; x_wconf 87' lang='lat' dir='ltr'>reformat</span> <span class='ocrx_word' id='word_1_695' title='bbox 3422 4272 3749 4329; x_wconf 80' lang='lat' dir='ltr'>domestica</span> 
     </span>
    </p>
   </div>
   <div class='ocr_carea' id='block_1_105' title="bbox 2084 4361 3743 4438">
    <p class='ocr_par' dir='ltr' id='par_1_105' title="bbox 2084 4361 3743 4438">
     <span class='ocr_line' id='line_1_106' title="bbox 2084 4361 3743 4438; baseline -0.002 -18"><span class='ocrx_word' id='word_1_696' title='bbox 2084 4365 2465 4438; x_wconf 71' lang='lat' dir='ltr'>praedia,qute</span> <span class='ocrx_word' id='word_1_697' title='bbox 2490 4364 2814 4420; x_wconf 90' lang='lat' dir='ltr'>alienorum</span> <span class='ocrx_word' id='word_1_698' title='bbox 2845 4361 3201 4420; x_wconf 85' lang='lat' dir='ltr'>factionibus</span> <span class='ocrx_word' id='word_1_699' title='bbox 3231 4362 3462 4419; x_wconf 89' lang='lat' dir='ltr'>fuerant</span> <span class='ocrx_word' id='word_1_700' title='bbox 3491 4362 3743 4434; x_wconf 80' lang='lat' dir='ltr'>direpta.</span> 
     </span>
    </p>
   </div>
   <div class='ocr_carea' id='block_1_106' title="bbox 2086 4451 3746 4524">
    <p class='ocr_par' dir='ltr' id='par_1_106' title="bbox 2086 4451 3746 4524">
     <span class='ocr_line' id='line_1_107' title="bbox 2086 4451 3746 4524; baseline -0.002 -14"><span class='ocrx_word' id='word_1_701' title='bbox 2086 4454 2191 4524; x_wconf 89' lang='lat' dir='ltr'>Ita,</span> <span class='ocrx_word' id='word_1_702' title='bbox 2220 4453 2358 4509; x_wconf 88' lang='lat' dir='ltr'>licet</span> <span class='ocrx_word' id='word_1_703' title='bbox 2394 4470 2529 4511; x_wconf 91' lang='lat' dir='ltr'>cum</span> <span class='ocrx_word' id='word_1_704' title='bbox 2565 4453 2784 4522; x_wconf 85' lang='lat' dir='ltr'>labore,</span> <span class='ocrx_word' id='word_1_705' title='bbox 2810 4454 2987 4509; x_wconf 91' lang='lat' dir='ltr'>rebus</span> <span class='ocrx_word' id='word_1_706' title='bbox 3017 4451 3379 4524; x_wconf 81' lang='lat' dir='ltr'>compositis,</span> <span class='ocrx_word' id='word_1_707' title='bbox 3402 4452 3746 4507; x_wconf 85' lang='lat' dir='ltr'>cumsaeris</span> 
     </span>
    </p>
   </div>
   <div class='ocr_carea' id='block_1_107' title="bbox 2083 4538 3748 4617">
    <p class='ocr_par' dir='ltr' id='par_1_107' title="bbox 2083 4538 3748 4617">
     <span class='ocr_line' id='line_1_108' title="bbox 2083 4538 3748 4617; baseline -0.001 -20"><span class='ocrx_word' id='word_1_708' title='bbox 2083 4542 2428 4617; x_wconf 88' lang='lat' dir='ltr'>pignoribus</span> <span class='ocrx_word' id='word_1_709' title='bbox 2452 4542 2723 4599; x_wconf 88' lang='lat' dir='ltr'>monachi</span> <span class='ocrx_word' id='word_1_710' title='bbox 2742 4542 3134 4615; x_wconf 88' lang='lat' dir='ltr'>obsequentes</span> <span class='ocrx_word' id='word_1_711' title='bbox 3150 4539 3401 4597; x_wconf 62' lang='lat' dir='ltr'>iratiores</span> <span class='ocrx_word' id='word_1_712' title='bbox 3417 4538 3748 4595; x_wconf 87' lang='lat' dir='ltr'>redduntur</span> 
     </span>
    </p>
   </div>
   <div class='ocr_carea' id='block_1_108' title="bbox 2001 4632 2609 4721">
    <p class='ocr_par' dir='ltr' id='par_1_108' title="bbox 2001 4632 2609 4721">
     <span class='ocr_line' id='line_1_109' title="bbox 2001 4632 2609 4721; baseline -0.002 -32"><span class='ocrx_word' id='word_1_713' title='bbox 2001 4654 2050 4721; x_wconf 73' lang='grc' dir='ltr'>Ι)</span> <span class='ocrx_word' id='word_1_714' title='bbox 2083 4632 2334 4707; x_wconf 88' lang='lat' dir='ltr'>propriis</span> <span class='ocrx_word' id='word_1_715' title='bbox 2366 4632 2609 4689; x_wconf 88' lang='lat' dir='ltr'>laribus.</span> 
     </span>
    </p>
   </div>
   <div class='ocr_carea' id='block_1_109' title="bbox 2654 4722 3513 4793">
    <p class='ocr_par' dir='ltr' id='par_1_109' title="bbox 2654 4722 3513 4793">
     <span class='ocr_line' id='line_1_110' title="bbox 2654 4722 3513 4793; baseline -0.001 -17"><span class='ocrx_word' id='word_1_716' title='bbox 2654 4722 2936 4778; x_wconf 69' lang='lat' dir='ltr'>Invasere:</span> <span class='ocrx_word' id='word_1_717' title='bbox 2961 4722 3168 4793; x_wconf 78' lang='lat' dir='ltr'>puniti.</span> <span class='ocrx_word' id='word_1_718' title='bbox 3508 4761 3513 4765; x_wconf 62' lang='grc' dir='ltr'><em>ρ</em></span> 
     </span>
    </p>
   </div>
   <div class='ocr_carea' id='block_1_110' title="bbox 2153 4805 3742 4883">
    <p class='ocr_par' dir='ltr' id='par_1_110' title="bbox 2153 4805 3742 4883">
     <span class='ocr_line' id='line_1_111' title="bbox 2153 4805 3742 4883; baseline -0.004 -16"><span class='ocrx_word' id='word_1_719' title='bbox 2153 4812 2240 4868; x_wconf 88' lang='grc'>15.</span> <span class='ocrx_word' id='word_1_720' title='bbox 2273 4810 2454 4867; x_wconf 86' lang='lat' dir='ltr'>Vicus</span> <span class='ocrx_word' id='word_1_721' title='bbox 2483 4814 2574 4867; x_wconf 89' lang='lat' dir='ltr'>est</span> <span class='ocrx_word' id='word_1_722' title='bbox 2600 4810 2815 4867; x_wconf 89' lang='lat' dir='ltr'>iterum</span> <span class='ocrx_word' id='word_1_723' title='bbox 2842 4826 2959 4867; x_wconf 88' lang='lat' dir='ltr'>non</span> <span class='ocrx_word' id='word_1_724' title='bbox 2979 4807 3277 4883; x_wconf 83' lang='lat' dir='ltr'>ignobilis,</span> <span class='ocrx_word' id='word_1_725' title='bbox 3302 4805 3742 4863; x_wconf 88' lang='lat' dir='ltr'>Provincherias</span> 
     </span>
    </p>
   </div>
   <div class='ocr_carea' id='block_1_111' title="bbox 2080 4893 3746 4971">
    <p class='ocr_par' dir='ltr' id='par_1_111' title="bbox 2080 4893 3746 4971">
     <span class='ocr_line' id='line_1_112' title="bbox 2080 4893 3746 4971; baseline -0.004 -16"><span class='ocrx_word' id='word_1_726' title='bbox 2080 4916 2187 4955; x_wconf 84' lang='lat' dir='ltr'>suo</span> <span class='ocrx_word' id='word_1_727' title='bbox 2217 4897 2500 4955; x_wconf 89' lang='lat' dir='ltr'>vocabulo</span> <span class='ocrx_word' id='word_1_728' title='bbox 2531 4898 2746 4968; x_wconf 86' lang='lat' dir='ltr'>dictus,</span> <span class='ocrx_word' id='word_1_729' title='bbox 2772 4914 2919 4971; x_wconf 88' lang='lat' dir='ltr'>pene</span> <span class='ocrx_word' id='word_1_730' title='bbox 2947 4896 3152 4971; x_wconf 85' lang='lat' dir='ltr'>viginti</span> <span class='ocrx_word' id='word_1_731' title='bbox 3184 4893 3449 4952; x_wconf 87' lang='lat' dir='ltr'>millibus</span> <span class='ocrx_word' id='word_1_732' title='bbox 3480 4909 3516 4950; x_wconf 88' lang='lat' dir='ltr'>a</span> <span class='ocrx_word' id='word_1_733' title='bbox 3542 4909 3746 4950; x_wconf 86' lang='lat' dir='ltr'>mona-</span> 
     </span>
    </p>
   </div>
   <div class='ocr_carea' id='block_1_112' title="bbox 2079 4976 3743 5061">
    <p class='ocr_par' dir='ltr' id='par_1_112' title="bbox 2079 4976 3743 5061">
     <span class='ocr_line' id='line_1_113' title="bbox 2079 4976 3743 5061; baseline -0.005 -16"><span class='ocrx_word' id='word_1_734' title='bbox 2079 4987 2255 5046; x_wconf 85' lang='lat' dir='ltr'>sterio</span> <span class='ocrx_word' id='word_1_735' title='bbox 2282 4976 2619 5060; x_wconf 87' lang='lat' dir='ltr'>disparatus</span> <span class='ocrx_word' id='word_1_736' title='bbox 2652 5004 2667 5043; x_wconf 88' lang='lat'><strong>:</strong></span> <span class='ocrx_word' id='word_1_737' title='bbox 2701 5003 2878 5061; x_wconf 92' lang='lat' dir='ltr'>quem</span> <span class='ocrx_word' id='word_1_738' title='bbox 2938 4984 3209 5044; x_wconf 89' lang='lat' dir='ltr'>videlicet</span> <span class='ocrx_word' id='word_1_739' title='bbox 3254 4981 3447 5040; x_wconf 88' lang='lat' dir='ltr'>vicum</span> <span class='ocrx_word' id='word_1_740' title='bbox 3497 4980 3743 5054; x_wconf 87' lang='lat' dir='ltr'>quidam</span> 
     </span>
    </p>
   </div>
   <div class='ocr_carea' id='block_1_113' title="bbox 2079 5070 3742 5150">
    <p class='ocr_par' dir='ltr' id='par_1_113' title="bbox 2079 5070 3742 5150">
     <span class='ocr_line' id='line_1_114' title="bbox 2079 5070 3742 5150; baseline -0.005 -16"><span class='ocrx_word' id='word_1_741' title='bbox 2079 5078 2250 5134; x_wconf 90' lang='lat' dir='ltr'>miles</span> <span class='ocrx_word' id='word_1_742' title='bbox 2289 5080 2642 5150; x_wconf 88' lang='lat' dir='ltr'>pervaserat,</span> <span class='ocrx_word' id='word_1_743' title='bbox 2676 5076 2832 5134; x_wconf 88' lang='lat' dir='ltr'>inter</span> <span class='ocrx_word' id='word_1_744' title='bbox 2889 5093 3030 5134; x_wconf 89' lang='lat' dir='ltr'>suos</span> <span class='ocrx_word' id='word_1_745' title='bbox 3088 5070 3626 5131; x_wconf 81' lang='lat' dir='ltr'>nominatissimus.</span> <span class='ocrx_word' id='word_1_746' title='bbox 3657 5070 3742 5127; x_wconf 84' lang='lat' dir='ltr'>Ad</span> 
     </span>
    </p>
   </div>
   <div class='ocr_carea' id='block_1_114' title="bbox 2078 5159 3801 5241">
    <p class='ocr_par' dir='ltr' id='par_1_114' title="bbox 2078 5159 3801 5241">
     <span class='ocr_line' id='line_1_115' title="bbox 2078 5159 3801 5241; baseline -0.007 -16"><span class='ocrx_word' id='word_1_747' title='bbox 2078 5185 2253 5241; x_wconf 88' lang='lat' dir='ltr'>quem</span> <span class='ocrx_word' id='word_1_748' title='bbox 2286 5167 2566 5239; x_wconf 87' lang='lat' dir='ltr'>angustia</span> <span class='ocrx_word' id='word_1_749' title='bbox 2596 5166 2953 5235; x_wconf 87' lang='lat' dir='ltr'>imminenti,</span> <span class='ocrx_word' id='word_1_750' title='bbox 2985 5165 3125 5238; x_wconf 86' lang='lat' dir='ltr'>quia</span> <span class='ocrx_word' id='word_1_751' title='bbox 3156 5163 3354 5237; x_wconf 87' lang='lat' dir='ltr'>deerat</span> <span class='ocrx_word' id='word_1_752' title='bbox 3390 5159 3740 5233; x_wconf 75' lang='lat' dir='ltr'>suffragium</span> <span class='ocrx_word' id='word_1_753' title='bbox 3794 5198 3801 5203; x_wconf 82' lang='lat'>.</span> 
     </span>
    </p>
   </div>
   <div class='ocr_carea' id='block_1_115' title="bbox 2076 5249 3740 5327">
    <p class='ocr_par' dir='ltr' id='par_1_115' title="bbox 2076 5249 3740 5327">
     <span class='ocr_line' id='line_1_116' title="bbox 2076 5249 3740 5327; baseline -0.005 -14"><span class='ocrx_word' id='word_1_754' title='bbox 2076 5256 2289 5313; x_wconf 89' lang='lat' dir='ltr'>terreni</span> <span class='ocrx_word' id='word_1_755' title='bbox 2316 5256 2660 5324; x_wconf 87' lang='lat' dir='ltr'>defensoris,</span> <span class='ocrx_word' id='word_1_756' title='bbox 2686 5255 2874 5311; x_wconf 90' lang='lat' dir='ltr'>sancti</span> <span class='ocrx_word' id='word_1_757' title='bbox 2902 5254 3010 5311; x_wconf 86' lang='lat' dir='ltr'>viri</span> <span class='ocrx_word' id='word_1_758' title='bbox 3033 5253 3263 5327; x_wconf 88' lang='lat' dir='ltr'>glebam</span> <span class='ocrx_word' id='word_1_759' title='bbox 3290 5249 3619 5322; x_wconf 81' lang='lat' dir='ltr'>imperabat</span> <span class='ocrx_word' id='word_1_760' title='bbox 3649 5264 3740 5304; x_wconf 86' lang='lat' dir='ltr'>no-</span> 
     </span>
    </p>
   </div>
   <div class='ocr_carea' id='block_1_116' title="bbox 2078 5355 3735 5435">
    <p class='ocr_par' dir='ltr' id='par_1_116' title="bbox 2078 5355 3735 5435">
     <span class='ocr_line' id='line_1_117' title="bbox 2078 5355 3735 5435; baseline -0.007 -16"><span class='ocrx_word' id='word_1_761' title='bbox 2078 5382 2213 5419; x_wconf 89' lang='lat' dir='ltr'>nem</span> <span class='ocrx_word' id='word_1_762' title='bbox 2236 5365 2581 5430; x_wconf 81' lang='lat' dir='ltr'>Carnutum,</span> <span class='ocrx_word' id='word_1_763' title='bbox 2609 5366 2756 5419; x_wconf 88' lang='lat' dir='ltr'>teste</span> <span class='ocrx_word' id='word_1_764' title='bbox 2776 5363 3017 5435; x_wconf 82' lang='lat' dir='ltr'>liugone</span> <span class='ocrx_word' id='word_1_765' title='bbox 3038 5357 3326 5416; x_wconf 90' lang='lat' dir='ltr'>monacho</span> <span class='ocrx_word' id='word_1_766' title='bbox 3360 5355 3735 5421; x_wconf 78' lang='lat' dir='ltr'>Floriacensi,</span> 
     </span>
    </p>
   </div>
   <div class='ocr_carea' id='block_1_117' title="bbox 2079 5436 3535 5508">
    <p class='ocr_par' dir='ltr' id='par_1_117' title="bbox 2079 5436 3535 5508">
     <span class='ocr_line' id='line_1_118' title="bbox 2079 5436 3535 5508; baseline -0.001 -18"><span class='ocrx_word' id='word_1_767' title='bbox 2079 5453 2206 5508; x_wconf 71' lang='lat' dir='ltr'>qum</span> <span class='ocrx_word' id='word_1_768' title='bbox 2239 5436 2485 5508; x_wconf 80' lang='lat' dir='ltr'>contigit</span> <span class='ocrx_word' id='word_1_769' title='bbox 2515 5452 2675 5508; x_wconf 11' lang='lat' dir='ltr'>anno;</span> <span class='ocrx_word' id='word_1_770' title='bbox 2694 5438 2819 5491; x_wconf 74' lang='lat'>891.</span> <span class='ocrx_word' id='word_1_771' title='bbox 2865 5506 2909 5508; x_wconf 92' lang='lat'><em>__</em></span> <span class='ocrx_word' id='word_1_772' title='bbox 3176 5501 3250 5508; x_wconf 92' lang='lat'>___</span> <span class='ocrx_word' id='word_1_773' title='bbox 3290 5500 3304 5508; x_wconf 88' lang='lat'>_</span> <span class='ocrx_word' id='word_1_774' title='bbox 3331 5499 3346 5508; x_wconf 86' lang='lat'><strong><em>_</em></strong></span> <span class='ocrx_word' id='word_1_775' title='bbox 3390 5500 3402 5508; x_wconf 89' lang='lat'><strong>_</strong></span> <span class='ocrx_word' id='word_1_776' title='bbox 3500 5496 3535 5508; x_wconf 27' lang='grc' dir='ltr'>Δ,</span> 
     </span>
    </p>
   </div>
   <div class='ocr_carea' id='block_1_118' title="bbox 2151 5499 3735 5578">
    <p class='ocr_par' dir='ltr' id='par_1_118' title="bbox 2151 5499 3735 5578">
     <span class='ocr_line' id='line_1_119' title="bbox 2151 5499 3735 5578; baseline -0.007 -17"><span class='ocrx_word' id='word_1_777' title='bbox 2151 5508 2262 5573; x_wconf 79' lang='grc'>(52)</span> <span class='ocrx_word' id='word_1_778' title='bbox 2295 5499 2439 5563; x_wconf 68' lang='lat' dir='ltr'>Hinc</span> <span class='ocrx_word' id='word_1_779' title='bbox 2471 5524 2574 5561; x_wconf 91' lang='lat' dir='ltr'>con</span> <span class='ocrx_word' id='word_1_780' title='bbox 2576 5506 2822 5578; x_wconf 88' lang='lat' dir='ltr'>jicimus</span> <span class='ocrx_word' id='word_1_781' title='bbox 2864 5506 3144 5578; x_wconf 75' lang='lat' dir='ltr'>Nantum,</span> <span class='ocrx_word' id='word_1_782' title='bbox 3176 5499 3539 5578; x_wconf 73' lang='lat' dir='ltr'>Waldeberti</span> <span class='ocrx_word' id='word_1_783' title='bbox 3573 5501 3735 5578; x_wconf 56' lang='lat' dir='ltr'>nata:</span> 
     </span>
    </p>
   </div>
   <div class='ocr_carea' id='block_1_119' title="bbox 2076 5568 3735 5650">
    <p class='ocr_par' dir='ltr' id='par_1_119' title="bbox 2076 5568 3735 5650">
     <span class='ocr_line' id='line_1_120' title="bbox 2076 5568 3735 5650; baseline -0.005 -18"><span class='ocrx_word' id='word_1_784' title='bbox 2076 5568 2191 5650; x_wconf 77' lang='lat' dir='ltr'>leni</span> <span class='ocrx_word' id='word_1_785' title='bbox 2216 5568 2860 5650; x_wconf 69' lang='lat' dir='ltr'>locum_,_essceppidum</span> <span class='ocrx_word' id='word_1_786' title='bbox 2874 5568 3558 5650; x_wconf 53' lang='lat' dir='ltr'>Nantogilumﬂmgtucil,</span> <span class='ocrx_word' id='word_1_787' title='bbox 3580 5568 3735 5650; x_wconf 82' lang='lat' dir='ltr'>quod</span> 
     </span>
    </p>
   </div>
   <div class='ocr_carea' id='block_1_120' title="bbox 2077 5642 3734 5721">
    <p class='ocr_par' dir='ltr' id='par_1_120' title="bbox 2077 5642 3734 5721">
     <span class='ocr_line' id='line_1_121' title="bbox 2077 5642 3734 5721; baseline -0.006 -18"><span class='ocrx_word' id='word_1_788' title='bbox 2077 5648 2480 5721; x_wconf 79' lang='lat' dir='ltr'>ellurgundia</span> <span class='ocrx_word' id='word_1_789' title='bbox 2513 5642 2835 5704; x_wconf 50' lang='lat' dir='ltr'>Mat-ornant</span> <span class='ocrx_word' id='word_1_790' title='bbox 2895 5642 3293 5721; x_wconf 58' lang='lat' dir='ltr'>printervectis</span> <span class='ocrx_word' id='word_1_791' title='bbox 3344 5642 3734 5721; x_wconf 63' lang='lat' dir='ltr'>obviunrest,</span> 
     </span>
    </p>
   </div>
   <div class='ocr_carea' id='block_1_121' title="bbox 2085 5711 3663 5791">
    <p class='ocr_par' dir='ltr' id='par_1_121' title="bbox 2085 5711 3663 5791">
     <span class='ocr_line' id='line_1_122' title="bbox 2085 5711 3663 5791; baseline -0.006 -17"><span class='ocrx_word' id='word_1_792' title='bbox 2085 5720 2185 5774; x_wconf 87' lang='lat' dir='ltr'>ubi</span> <span class='ocrx_word' id='word_1_793' title='bbox 2220 5711 2503 5775; x_wconf 77' lang='lat' dir='ltr'>hactenus</span> <span class='ocrx_word' id='word_1_794' title='bbox 2536 5724 2624 5774; x_wconf 89' lang='lat' dir='ltr'>est</span> <span class='ocrx_word' id='word_1_795' title='bbox 2654 5711 2951 5791; x_wconf 75' lang='lat' dir='ltr'>prioratus</span> <span class='ocrx_word' id='word_1_796' title='bbox 2981 5717 3204 5775; x_wconf 86' lang='lat' dir='ltr'>ordinis</span> <span class='ocrx_word' id='word_1_797' title='bbox 3234 5711 3663 5770; x_wconf 86' lang='lat' dir='ltr'>Cluniaeensis.</span> 
     </span>
    </p>
   </div>
  </div>
