3936 6370
336 425 448 505 ιρι

753 556 875 629 Trr,
910 555 981 618 ῙῙ.
1022 589 1091 602 -ο
1119 557 1197 616 De
1222 560 1562 618 mulieribus.

406 654 461 710 3.
496 647 706 709 Mulier
733 650 837 707 es?
868 647 1191 718 Mollitiem,
1246 665 1424 722 quam
1458 649 1694 722 praefers
1724 650 1982 721 nomine,

335 743 408 800 ad
431 740 769 798 obedientiae
790 741 1084 807 virtutem,
1109 755 1227 795 non
1252 739 1325 794 ad
1350 739 1757 796 dissolutionis
1776 740 1983 795 vitium

334 830 650 889 transferre
698 829 890 885 stude.
919 830 1110 900 Virago
1144 827 1323 895 enim,
1352 827 1411 883 id
1454 832 1546 884 est
1566 827 1750 896 fortis,
1773 828 1986 884 mulier

333 926 538 978 vocata
586 922 677 976 est
723 918 784 974 in
833 916 1120 991 principio
1139 916 1299 986 (Gen.
1341 935 1403 983 11,
1449 917 1559 988 23),
1593 920 1659 971 ut
1689 921 1745 973 et
1775 919 1982 973 fortem

330 1015 388 1067 te
417 1013 619 1066 contra
646 1007 805 1074 vitia,
837 1012 894 1063 et
938 1004 1249 1062 ﬂexibilem
1279 1005 1338 1061 in
1369 1003 1728 1074 subjectione
1750 1005 1982 1061 Domini

329 1102 752 1172 praeceptorum
784 1112 912 1152 esse
944 1095 1153 1151 debere
1204 1094 1544 1150 memineris
1588 1094 1846 1149 omnino.
1881 1093 1985 1149 Vir

329 1192 528 1261 itaque
559 1190 773 1252 mente,
807 1184 1020 1240 mulier
1060 1198 1250 1249 carne,
1298 1182 1667 1255 insurgentes
1698 1187 1755 1237 et
1781 1187 1844 1237 tu
1879 1184 1980 1237 ad-

326 1293 533 1334 versus
554 1275 828 1349 spiritum
846 1273 1086 1329 insanos
1097 1271 1371 1328 vitiorum
1391 1270 1873 1345 voluptatumque
1893 1275 1983 1326 tu-

331 1366 557 1423 multus
587 1364 721 1421 forti
744 1363 960 1419 mentis
980 1362 1177 1434 vigore
1199 1362 1369 1417 stude
1392 1360 1715 1428 devincere,
1740 1377 1982 1433 perpen-

328 1456 471 1511 dens
502 1452 759 1526 plurima
786 1443 893 1506 tibi
926 1449 983 1505 in
1011 1447 1327 1522 Scripturis
1353 1448 1565 1504 divinis
1588 1447 1765 1519 hujus
1787 1449 1979 1521 operis

325 1541 591 1616 exempla
618 1539 995 1612 suppeditare
1019 1554 1031 1604 ;
1065 1538 1208 1592 dum
1237 1540 1295 1592 et
1315 1536 1373 1591 in
1395 1535 1587 1591 Veteri
1608 1537 1978 1593 Testamento

324 1645 664 1705 quanquam
687 1629 758 1684 de
774 1627 940 1683 hoste
962 1625 1238 1682 universo
1259 1624 1387 1680 orbi
1409 1624 1839 1695 pavendo,viris
1861 1642 1979 1681 om-

322 1720 497 1776 nibus
545 1717 776 1781 timore,
829 1713 999 1787 quasi
1049 1713 1255 1769 mortis
1304 1728 1533 1781 somno,
1586 1713 1972 1785 consumptis,

322 1805 651 1866 mirabilem
680 1803 783 1862 Dei
812 1803 1004 1877 gratia
1031 1801 1244 1881 legeris
1273 1803 1603 1873 reportasse
1628 1800 1929 1857 victoriam
1958 1820 1972 1871 ;

1258 417 1639 500 RATHERII
1679 421 1930 491 EPISC.
1973 421 2266 507 VEBON.
2312 426 2488 492 OPP.
2530 421 2730 499 PARS
2769 416 2828 504 ιι

2012 561 2068 632 Α
2094 561 2424 636 legitimum
2455 562 2807 635 dominium,
2828 561 2887 619 et
2905 557 3164 619 Creatori
3188 556 3454 618 debitum
3475 551 3751 617 exhibeat

3635 418 3756 505 192

2096 652 2466 724 obsequium,
2489 668 2609 724 qua
2636 651 2813 708 etiam
2845 650 3049 707 civitas
3079 649 3179 707 Dei
3209 667 3279 707 ex
3309 665 3559 707 numero
3590 665 3753 705 com-

2096 741 2324 814 pleatur
2353 741 2920 814 praedestinatorum.
2953 740 3127 796 Aliud
3157 756 3291 796 vero
3320 737 3546 795 veniale
3575 742 3754 811 atque

2094 831 2518 898 concessivum,
2572 847 2785 903 proper
2845 829 3291 886 fornicationem
3338 828 3752 885 tantummodo

2094 920 2432 975 conceditur
2455 920 2527 975 ab
2579 918 2874 991 Apostolo,
2905 916 3175 975 videlicet
3204 934 3278 974 ne
3308 934 3411 993 per
3437 916 3752 986 adulteria,

2093 1013 2194 1063 aut
2224 1008 2516 1081 quoslibet
2561 1007 2795 1064 illicitos
2845 1005 3125 1080 quislibet
3173 1007 3395 1062 deﬂuat
3421 1005 3749 1078 appetitus,

2092 1096 2405 1170 impatiens
2422 1096 2814 1165 libidinis,aut
2831 1097 3010 1169 (quod
3026 1094 3198 1170 longe
3214 1093 3753 1169 incomparabiliter

2091 1186 2259 1258 pejus
2288 1186 2398 1257 est)
2420 1190 2620 1241 contra
2651 1190 2919 1240 naturam
2943 1184 3149 1258 quovis
3183 1184 3356 1240 modo
3387 1188 3637 1257 cogatur
3655 1200 3750 1240 ex-

2091 1275 2328 1330 cedere:
2364 1274 2437 1329 ob
2480 1274 2623 1330 talia
2651 1274 2809 1329 enim
2843 1274 3149 1346 quaedam:
3178 1274 3369 1330 Melius
3397 1277 3476 1330 est
3513 1273 3745 1339 nubere,

2088 1380 2253 1437 quam
2282 1365 2376 1419 uri
2404 1364 2449 1435 (1
2480 1362 2600 1423 Cor.
2650 1378 2750 1430 vn,
2782 1363 2860 1434 9),
2891 1363 2951 1419 id
2981 1366 3071 1419 est
3114 1379 3303 1434 usque
3329 1363 3403 1418 ad
3431 1361 3747 1436 eliquatio-

2090 1469 2225 1507 nem
2253 1450 2342 1507 vel
2376 1452 2473 1523 [αἱ.
2512 1452 2616 1522 ut],
2668 1450 2960 1519 illicitum,
3020 1450 3141 1507 sive
3191 1449 3749 1507 immundissimum

2089 1540 2312 1599 ﬂuxum
2341 1539 2599 1606 accendi,
2648 1556 2753 1597 nec
2785 1538 2902 1596 ullo
2934 1539 3033 1595 Dei
3080 1554 3298 1607 amore,
3332 1542 3435 1594 aut
3462 1538 3749 1612 gehennae

2087 1628 2298 1687 timore
2347 1628 2643 1703 restringi.
2674 1630 2819 1685 Ecce
2850 1633 3137 1701 quantum
3179 1626 3334 1684 valet
3388 1628 3568 1684 etiam
3610 1642 3749 1696 cum

2085 1718 2259 1791 culpa
2290 1718 2653 1795 conjugium,
2687 1718 3039 1774 necessitate
3059 1715 3281 1773 scilicet
3309 1720 3547 1791 propter
3575 1718 3752 1791 pejus

2087 1823 2455 1865 concessum.
2480 1806 2644 1871 Unde
2662 1806 2901 1880 pulchre
2915 1805 3280 1879 Augustinus
3297 1806 3353 1860 in
3369 1804 3520 1862 libro
3542 1796 3752 1863 contra

319 1898 455 1956 etin
487 1912 634 1997 novo
655 1890 1117 1997 inpumerabiles
1140 1888 1452 1997 femineam
1474 1889 1688 1997 phlitas
1717 1889 1972 1997 i‘nﬂrini-
2005 1930 2054 1997 Β
2082 1897 2461 1953 Jovinianum
2491 1896 2563 1952 de
2592 1896 2748 1957 Bono
2779 1895 3073 1969 conjugali
3106 1895 3447 1981 haereticum
3480 1895 3561 1967 (η.
3597 1896 3664 1951 11
3698 1903 3752 1952 et

320 1991 527 2053 tatem,
574 1982 730 2040 virili
780 1984 1014 2055 peracto
1057 1978 1331 2035 hostibus
1361 1976 1601 2034 devictis
1631 1978 1970 2047 certamine,

321 2093 456 2133 cum
486 2071 787 2145 triumpho
818 2068 1012 2142 gloriae
1043 2066 1299 2141 palmam
1327 2065 1580 2122 victoria:
1613 2069 1669 2122 et
1698 2082 1972 2124 coronam

323 2163 612 2224 meruisse
641 2160 958 2233 insignem.

410 2234 413 2237 ’
762 2249 884 2304 Trr.
919 2245 1013 2303 ιιι.
1047 2276 1115 2286 -
1144 2246 1218 2301 De
1250 2244 1601 2316 Coujugibus.

393 2344 445 2399 4.
476 2340 723 2413 Conjux,
744 2337 833 2393 vel
858 2335 1107 2392 maritus
1128 2350 1192 2390 es
1210 2334 1239 2389 ?
1259 2333 1574 2389 Considera
1597 2349 1775 2405 quam
1799 2334 1972 2390 fidem

319 2434 532 2491 debeas
564 2428 751 2496 uxori,
803 2427 1092 2498 cujusque
1134 2422 1269 2479 ﬁdei
1310 2422 1443 2495 quis
1474 2421 1727 2477 habetur
1746 2427 1976 2479 exactor

317 2526 375 2581 et
393 2520 581 2579 testis.
595 2518 823 2575 Bonum
845 2530 1100 2587 namque
1128 2529 1257 2570 esse
1277 2511 1971 2584 conjugium,secundum

316 2613 494 2670 istam
524 2607 745 2677 scilicet
764 2602 1164 2662 conditionem
1196 2599 1474 2656 nascendi
1498 2603 1555 2655 et
1577 2599 1886 2671 moriendi,
1910 2601 1969 2656 in

317 2717 435 2775 qua
463 2697 641 2757 creati
671 2712 900 2764 sumus,
951 2695 1008 2748 et
1054 2691 1251 2763 ipsum
1283 2688 1505 2745 bonum
1537 2687 1735 2744 violari
1770 2689 1971 2763 magni

317 2788 584 2848 criminis
611 2802 760 2852 esse,
811 2782 1122 2856 Scriptura:
1154 2782 1369 2835 sancta:
1416 2776 1770 2835 testimoniis
1800 2784 1967 2851 potes

317 2881 633 2947 advertere,
666 2871 1008 2947 praesertim,
1042 2885 1176 2924 cum
1203 2872 1324 2923 tam
1358 2866 1733 2922 insolubilem
1783 2883 1965 2940 cepu-

316 2946 437 3026 lam
455 2965 607 3040 pacti
627 2946 807 3041 hujus
819 2959 1103 3018 Dominus
1115 2957 1174 3012 in
1190 2955 1472 3033 principio
1489 2956 1737 3012 voluerit
1758 2957 1966 3024 facere,

316 3063 385 3115 ut
415 3074 533 3113 non
554 3049 819 3128 singulos
841 3046 1236 3122 singulariter,
1252 3046 1352 3101 sed
1377 3062 1559 3101 unum
1583 3062 1651 3101 ex
1670 3045 1849 3102 altero
1868 3063 1968 3102 vo-

316 3147 492 3205 luerit
520 3142 824 3208 fabricam,
855 3139 1144 3212 przecepto
1174 3137 1617 3208 consequenter,
1639 3138 1697 3189 et
1725 3150 1830 3190 cur
1859 3134 1968 3190 hoc

315 3236 520 3296 fecerit
545 3233 909 3290 monstrante
955 3230 1131 3299 atque
1177 3222 1444 3280 dicente:
1473 3225 1699 3297 Propter
1736 3224 1834 3281 hoc
1877 3242 1966 3281 re-

314 3330 529 3400 linquet
576 3324 732 3379 homo
756 3322 971 3393 patrem
1010 3297 1061 3371 et
1098 3322 1347 3381 matrem,
1380 3321 1432 3370 et
1470 3313 1775 3371 adhaerebii
1801 3315 1968 3371 uxori
1997 3297 2041 3365 C

312 3431 453 3483 suae,
483 3418 534 3471 et
581 3418 744 3470 erunt
790 3408 898 3464 duo
946 3408 1008 3461 in
1044 3418 1212 3460 came
1255 3419 1371 3459 una
1422 3402 1575 3475 (Gen.
1625 3402 1712 3474 11,)
1759 3402 1963 3473 Erunt,

313 3502 526 3579 inquit,
560 3503 676 3558 duo
702 3499 765 3555 in
815 3511 990 3553 carne
1038 3509 1176 3550 una.
1206 3492 1265 3550 Si
1313 3509 1450 3565 ergo
1499 3495 1662 3548 tanta
1706 3491 1814 3561 vis,
1849 3491 1967 3547 imo

313 3593 454 3669 puia
481 3595 648 3659 tanta
666 3588 753 3646 vis
784 3587 964 3659 hujus
996 3588 1084 3641 est
1104 3581 1565 3656 conjunctionis;
1590 3580 1847 3654 cogitent
1868 3580 1969 3653 qui

316 3684 508 3740 abusu
556 3674 996 3751 perversissimo
1045 3674 1217 3739 hanc,
1269 3676 1370 3727 aut
1418 3670 1819 3741 adulterando,
1869 3674 1973 3726 aut

318 3768 554 3844 penitus
603 3764 922 3821 deserendo
981 3777 1191 3816 uxores
1239 3764 1340 3815 aut
1385 3760 1560 3828 viros,
1610 3762 1786 3814 tantae
1836 3759 1969 3814 fidei

317 3863 560 3928 tamque
588 3850 922 3908 insolubilis
966 3848 1236 3920 cepulam
1294 3847 1624 3904 dilectionis
1668 3846 1967 3915 scindunt,

320 3962 501 4022 quam
556 3956 727 4017 grave
785 3936 1143 4009 noxiumque
1188 3935 1409 3991 crimen
1460 3935 1571 3990 sibi
1620 3934 1970 4008 acquirunt;

321 4034 578 4099 maxime
599 4047 733 4088 cum
765 4027 1003 4086 evidens
1034 4029 1091 4082 et
1120 4026 1180 4080 in
1204 4024 1598 4096 Evangelio,et
1616 4022 1677 4077 in
1698 4022 1973 4095 Apostolo

322 4124 509 4211 ipsius
539 4118 772 4179 Domini
803 4120 1005 4175 contra
1024 4113 1134 4211 hoc
1159 4113 1417 4171 habeant
1442 4114 1818 4211 praeceptum;
1837 4114 1898 4211 et
1924 4109 1976 4211 si

320 4198 536 4277 violata
562 4209 839 4276 charitas,
874 4205 1009 4264 odio
1042 4202 1434 4266 subvertente,
1469 4200 1529 4255 in
1561 4200 1793 4256 duobus
1813 4198 1977 4271 spiri-

320 4302 466 4359 tuali
483 4297 917 4375 regeneratione
938 4294 1221 4351 fratribus
1231 4288 1532 4346 homicidii
1551 4288 1794 4345 crimine
1810 4292 1975 4359 nota-

320 4397 450 4461 tur;
483 4389 627 4463 quid
658 4403 796 4444 cum
826 4401 944 4440 non
976 4381 1170 4439 solum
1210 4377 1477 4451 spiritus,
1520 4377 1621 4433 sed
1653 4376 1828 4433 etiam
1859 4395 1978 4433 una

323 4497 457 4537 caro
488 4472 869 4535 abominabili
891 4469 1138 4527 divortio
1169 4468 1230 4522 in
1263 4466 1491 4521 diversa
1519 4464 1908 4521 distrahitur?

344 4578 349 4583 '
392 4569 447 4623 5.
475 4563 791 4622 Sciendum
811 4576 947 4615 vero
963 4559 1079 4619 duo
1096 4570 1310 4628 genera
1327 4570 1455 4611 esse
1477 4554 1755 4627 conjugii,
1791 4572 1976 4612 unum

2086 1986 2175 2056 12)
2202 2003 2214 2041 :
2241 2008 2269 2035 «
2294 1984 2675 2052 Concubitus,
2692 1984 2793 2053 ait,
2820 1985 3187 2049 necessarius
3229 1974 3409 2049 causa
3424 1985 3751 2058 generandi

2084 2073 2457 2148 inculpabilis
2488 2077 2596 2143 est,
2620 2077 2676 2137 et
2702 2073 2864 2139 solus
2890 2074 3014 2149 ipse
3035 2073 3317 2148 nuptialis
3343 2090 3355 2129 :
3389 2070 3486 2139 ille
3516 2078 3744 2159 autem,

2085 2164 2186 2237 qui
2216 2164 2369 2229 ultra
2400 2164 2573 2220 istam
2606 2162 3009 2219 necessitatem
3050 2162 3439 2239 progreditur,
3464 2162 3592 2235 jam
3623 2181 3745 2231 non

2084 2253 2316 2321 rationi,
2345 2253 2446 2310 sed
2477 2251 2705 2308 libidini
2730 2251 3106 2325 obsequitur;
3138 2252 3370 2313 ethunc
3394 2255 3590 2309 tamen
3621 2270 3744 2323 non

2083 2342 2330 2415 exigere,
2366 2342 2468 2398 scd
2518 2341 2756 2397 reddere
2786 2341 3046 2415 conjugi,
3097 2357 3169 2397 ne
3200 2339 3540 2407 fornicando
3571 2342 3746 2398 dam-

2082 2430 2358 2486 nabiliter
2388 2434 2604 2503 peccet,
2629 2430 2700 2487 ad
2733 2445 3043 2502 personam
3066 2429 3321 2503 pertinet
3343 2430 3740 2513 conjugalem.

2080 2519 2137 2576 Si
2168 2526 2364 2577 autem
2385 2520 2558 2577 ambo
2580 2518 2681 2574 tali
2703 2518 3190 2592 concupiscentiae
3213 2518 3588 2591 subiguntur,
3615 2536 3741 2585 rem

2078 2609 2302 2671 faciunt
2320 2626 2433 2665 non
2457 2608 2626 2680 plane
2643 2608 2983 2681 nuptiarum
3009 2625 3021 2675 ;
3046 2610 3449 2675 verumtamen
3470 2607 3519 2662 si
3543 2610 3742 2683 magis

2077 2699 2137 2755 in
2172 2716 2280 2754 sua
2309 2696 2719 2771 conjunctione
2771 2695 3024 2771 diligunt
3070 2697 3227 2770 quod
3275 2695 3591 2753 honestum
3649 2703 3741 2754 est

2078 2805 2257 2862 quam
2284 2787 2441 2860 quod
2490 2785 2890 2854 inhonestum,
2924 2786 2983 2841 id
3023 2790 3114 2842 est
3161 2786 3317 2858 quod
3362 2784 3735 2861 nuptiarum,

2078 2894 2256 2951 quam
2288 2876 2345 2932 id
2378 2875 2533 2950 quod
2567 2893 2682 2932 non
2713 2879 2803 2931 est
2832 2872 3206 2947 nuptiarum;
3230 2874 3339 2930 hoc
3362 2874 3469 2949 eis,
3495 2876 3736 2937 auctore

2075 2965 2371 3040 Apostolo,
2392 2964 2715 3023 secundum
2732 2963 2963 3020 veniam
2985 2962 3517 3035 conceditur,cujus
3529 2963 3733 3029 delicti

2077 3073 2194 3115 non
2224 3055 2442 3111 habent
2475 3052 2821 3111 hortatrices
2852 3051 3107 3125 nuptias,
3137 3053 3238 3111 sed
3280 3053 3730 3124 deprecatrices,

2077 3144 2125 3200 si
2158 3143 2259 3201 Dei
2306 3141 2771 3201 misericordiam
2822 3157 2937 3196 non
2969 3157 3003 3197 a
3052 3156 3113 3199 se
3143 3144 3428 3215 avertant,
3477 3139 3567 3196 vel
3614 3157 3735 3197 non

2077 3230 2427 3291 abstinendo
2453 3230 2810 3303 quibusdam
2842 3229 3069 3297 diebus,
3097 3232 3163 3283 ut
3193 3227 3473 3285 orationis
3501 3222 3735 3299 vacent,

2079 3326 2134 3379 et
2165 3338 2268 3395 per
2297 3320 2449 3376 hanc
2470 3318 2888 3375 abstinentiam
2913 3317 3326 3375 commendent
3347 3334 3548 3390 preces
3570 3333 3736 3387 suas,

2078 3411 2231 3470 sicut
2244 3409 2431 3483 etperj
2439 3409 2488 3481 ej
2499 3405 2821 3475 unium,vel
2834 3406 3204 3463 immutando
3218 3411 3356 3471 natu
3367 3406 3544 3462 ralem
3558 3423 3739 3464 usum

2078 3500 2139 3558 in
2171 3516 2328 3567 eum,
2362 3497 2463 3572 qui
2493 3499 2582 3553 est
2611 3500 2814 3553 contra
2835 3500 3134 3563 naturam,
3157 3496 3311 3570 quod
3335 3494 3741 3553 damnabilius

2080 3591 2147 3646 ﬁt
2176 3589 2237 3645 in
2268 3588 2536 3660 conjuge.
2557 3586 2703 3651 Nam
2728 3601 2864 3642 cum
2882 3584 2979 3641 ille
3010 3584 3296 3643 naturalis
3312 3600 3479 3652 usus,
3504 3586 3743 3658 quando

2081 3677 2407 3753 prolabitur
2417 3674 2572 3732 ultra
2583 3679 2752 3748 pacta
2764 3673 3136 3745 nuptialia,id
3150 3677 3238 3733 est
3250 3673 3404 3737 ultra
3414 3688 3744 3753 propagan-

2080 3768 2139 3824 di
2164 3765 2595 3832 necessitatem,
2634 3760 2881 3825 venialis
2907 3762 2987 3816 sit
3017 3761 3077 3817 in
3113 3778 3311 3829 uxore,
3342 3761 3401 3816 in
3431 3762 3741 3827 meretrice

2081 3853 2471 3913 damnabilis:
2499 3852 2610 3908 iste
2632 3851 2731 3924 qui
2753 3853 2843 3906 est
2863 3853 3064 3906 contra
3083 3853 3378 3917 naturam,
3402 3850 3738 3907 exsecrabi-

2082 3943 2217 4000 liter
2245 3945 2309 3998 fit
2338 3942 2399 3998 in
2430 3940 2761 4009 meretrice,
2792 3939 2893 3995 sed
2939 3938 3354 3996 exsecrabilius
3378 3940 3440 3995 in
3471 3956 3672 4009 uxore.
3708 3961 3736 3991 »

2153 4034 2206 4086 6.
2251 4032 2392 4093 Item
2423 4031 2483 4084 in
2513 4028 2710 4087 libello
2741 4028 2813 4085 ad
2859 4026 3159 4091 Valerium
3209 4029 3307 4102 (lib
3345 4046 3364 4084 1
3393 4028 3460 4084 de
3487 4029 3658 4103 Nupt.
3691 4032 3743 4095 et

2087 4121 2321 4192 Concup.
2353 4137 2411 4175 η.
2449 4119 2537 4186 15)
2586 4120 2790 4177 contra
2834 4116 3091 4175 novellos
3140 4116 3441 4175 haereticos
3494 4116 3569 4181 de
3617 4135 3741 4175 ser-

2086 4225 2259 4271 mone
2286 4205 2545 4281 Apostoli
2575 4224 2587 4261 :
2620 4208 2741 4267 Volo
2762 4222 2852 4262 vos
2872 4209 2994 4262 sine
3015 4206 3390 4263 sollicitudine
3417 4222 3533 4285 esse
3546 4207 3598 4278 (Ι
3615 4208 3739 4264 Cor.

2084 4315 2185 4364 v11,
2247 4297 2378 4369 31):
2431 4318 2462 4346 ‹‹
2523 4294 2661 4362 Hoc,
2725 4295 2938 4368 inquit,
2999 4295 3149 4365 dico,
3212 4295 3442 4363 fratres,
3500 4298 3745 4367 tempus

2086 4387 2260 4444 breve
2291 4390 2400 4453 est,
2434 4384 2493 4440 id
2525 4388 2617 4440 est
2644 4399 2760 4440 non
2791 4383 2981 4440 adhuc
3005 4382 3258 4456 populus
3288 4383 3391 4439 Dei
3412 4399 3742 4456 propagan-

2087 4476 2200 4543 dus
2229 4477 2318 4530 est
2346 4471 2718 4546 generatione
2762 4471 3071 4544 temporali
3120 4470 3450 4537 carlianter,
3483 4472 3587 4528 sed
3611 4473 3743 4545 jam

2087 4562 2461 4636 generatione
2513 4562 2627 4631 (86)
2676 4559 3062 4633 spiritualiter
3132 4559 3516 4635 colligendus.
3594 4561 3742 4616 Reli-

324 4649 703 4729 inculpabile,
747 4648 906 4709 aliud
955 4663 1093 4701 cum
1141 4643 1314 4715 culpa
1349 4642 1592 4700 veniale.
1624 4642 1725 4700 His
1756 4642 1975 4716 aliquid
2004 4662 2054 4728 D
2086 4669 2257 4724 quum
2312 4666 2450 4723 ergo
2501 4654 2600 4717 est,
2658 4657 2719 4704 ut
2771 4650 2867 4722 qui
2921 4648 3122 4705 habent
3168 4665 3394 4717 uxores,
3444 4664 3563 4717 non
3609 4665 3743 4705 car--

324 4739 773 4817 superaddit“!!!
792 4738 921 4809 iam
953 4752 1081 4792 ϐεδε
1111 4732 1482 4802 adulterium)
1516 4731 1745 4788 θιίεὶωεί
1776 4749 1977 4805 ΡοῐῬο-
2084 4740 2204 4803 nali
2234 4736 2717 4810 concupiscentiae
2734 4738 3163 4811 subjugentur;
3209 4743 3263 4795 et
3290 4738 3536 4809 qui/lem
3557 4737 3742 4797 tristi-

323 4837 509 4890 tnator
535 4828 756 4886 nullius
800 4826 980 4882 violet
1021 4823 1281 4894 tbowm,
1330 4822 1471 4894 quia
1498 4820 1766 4879 Videlicet
1791 4820 1854 4877 in
1885 4839 1975 4878 86-
2083 4830 2167 4886 tia
2195 4827 2500 4902 praesentis
2532 4825 2690 4895 mali,
2724 4827 3018 4900 gaudeant
3046 4843 3149 4899 spe
3177 4827 3360 4883 futuri
3376 4826 3542 4893 boni,
3567 4835 3622 4883 et
3646 4827 3747 4899 qui

326 4922 604 4999 metipso,
633 4915 1086 4992 inquocubare
1116 4912 1416 4977 debuerat,
1467 4910 1569 4966 Dei
1617 4908 1797 4999 violat
1827 4914 1974 4966 tem-
2084 4917 2324 4989 gaudent
2368 4919 2604 4989 propter
2652 4913 2973 4988 temporale
3034 4916 3431 4983 commodum,
3495 4914 3746 4979 timeant

326 5012 514 5086 plum.
544 5009 767 5073 Horum
788 5002 1048 5078 primum
1070 5006 1302 5065 tantum
1328 4999 1606 5057 Conditor
1625 4998 1752 5070 ipse
1781 4999 1980 5071 digna-
2089 5012 2371 5064 internum
2384 5004 2714 5078 judicium‘;
2747 5008 2797 5060 et
2818 5007 2915 5077 qui
2930 5008 3139 5073 emunt,
3163 5004 3248 5063 sio
3264 5004 3536 5083 habendo
3559 5004 3749 5080 possi-

326 5106 425 5157 tus
453 5101 543 5155 est
572 5093 900 5162 nobilitare,
946 5097 1014 5148 ut
1043 5108 1159 5149 non
1190 5088 1383 5147 solum
1423 5086 1759 5161 praecipere,
1788 5087 1891 5143 sed
1924 5092 1981 5144 et
2088 5095 2284 5163 deant,
2318 5097 2385 5151 ut
2413 5093 2665 5153 amando
2715 5093 3006 5165 possessis
3058 5111 3176 5155 non
3219 5093 3515 5163 haereant;
3542 5101 3607 5160 et
3648 5092 3746 5166 qui

328 5187 382 5243 ei
412 5187 473 5243 in
503 5183 728 5257 nuptiis
760 5181 1045 5255 dignatus
1070 5180 1152 5238 sit
1180 5178 1458 5245 assidere,
1495 5177 1762 5248 factoque
1790 5175 1979 5248 primo
2087 5188 2326 5243 utuntur
2355 5182 2453 5239 hoc
2475 5181 2699 5250 mundo,
2744 5182 2999 5239 transire
3049 5198 3112 5238 se
3162 5180 3438 5256 cogitent,
3470 5196 3587 5237 non
3610 5197 3743 5236 .ma-

328 5264 634 5353 miraculo,
657 5288 764 5329 suo
786 5288 920 5337 eum
940 5283 1185 5333 munere
1207 5265 1490 5339 insignire
1518 5264 1692 5337 (Joan.
1715 5282 1777 5333 ιι,
1804 5266 1977 5337 1-11).
2091 5289 2129 5328 n

2153 5289 2246 5328 ire.
2296 5272 2548 5327 Pristeril
2575 5271 2723 5325 enim
2756 5273 2939 5343 ﬁgura
2968 5271 3131 5344 hujus
3147 5270 3363 5345 mundi.
3416 5271 3539 5327 Volo
3563 5277 3745 5331 autem

327 5364 570 5422 Constat
597 5378 732 5419 vero
758 5361 913 5416 idem
945 5374 1141 5416 amore
1172 5359 1408 5412 tantum
1438 5353 1715 5420 ﬁliorum,
1741 5370 1854 5425 quo
1877 5355 1985 5411 sci-
2090 5378 2182 5418 vos
2211 5362 2332 5417 sine
2359 5358 2736 5415 sollicitudine
2777 5374 2905 5428 esse,
2948 5360 3008 5417 id
3056 5363 3148 5417 est
3175 5359 3303 5425 volo
3350 5375 3454 5431 vos
3502 5372 3744 5436 sursum

328 5453 464 5518 licet
489 5455 847 5528 propagetur
866 5447 1181 5507 multitudo
1205 5440 1517 5500 hominum
1545 5442 1643 5499 52
1674 5459 1801 5513 quae
1833 5460 1985 5499 com-
2093 5467 2192 5506 eor
2230 5450 2290 5505 in
2340 5465 2467 5521 quae
2516 5464 2633 5505 non
2678 5451 3032 5519 praetereunt
3090 5448 3205 5521 (87)
3254 5446 3551 5521 praeterita
3594 5451 3744 5507 tem-

329 5542 487 5616 pleat
530 5542 736 5598 orbem
784 5543 1096 5604 terrarum,
1124 5539 1183 5591 et
1211 5531 1495 5589 creaturis
1545 5529 1659 5593 sibi
1690 5534 1983 5590 concessis
2094 5555 2238 5610 pora
2284 5537 2518 5593 habere.
2570 5535 2790 5597 Deinde
2840 5536 3188 5615 subjungit:
3247 5538 3356 5606 Qui
3408 5538 3533 5595 sine
3572 5549 3746 5592 mre

402 5649 518 5719 (86)
555 5646 763 5715 Melius
793 5642 950 5719 apud
979 5639 1377 5719 Augustinum
1408 5638 1837 5719 regeneratione.

404 5713 519 5795 (87)
556 5713 963 5792 Augustiﬁus:
996 5715 1056 5770 in
1077 5713 1188 5781 his,
1222 5728 1341 5785 qua
1370 5726 1481 5775 non
1510 5716 1864 5784 praetereunt,
1899 5727 1988 5771 vos
2026 5713 2241 5775 habere.
