3906 6350
113 424 232 487 697

1057 420 1293 482 LIBER
1333 420 1437 480 DE
1480 416 1905 480 MIRACULIS
1952 420 2016 478 S.
2064 418 2619 483 WALDEBERTI.

3426 419 3545 484 698

116 554 367 613 cessitas
396 553 716 627 deportari.
735 554 861 621 Qua
890 552 949 608 in
983 552 1230 609 ecclesia
1260 552 1379 608 illic
1410 552 1645 625 propria
1663 552 1781 608 col-
1809 550 1866 619 Α
1894 567 2079 625 gnora
2106 570 2175 609 ex
2204 554 2487 611 membris
2510 554 2697 610 sancti
2727 552 3128 623 Eustasii,nec
3160 571 3276 609 non
3308 553 3369 610 8.
3390 553 3548 612 Wal-

117 645 315 701 loCata
335 642 508 700 miles
526 642 877 717 indignatus
917 643 1093 715 erepit
1115 644 1327 710 furere,
1351 642 1545 710 irasci,
1581 646 1782 699 sancto

119 734 421 805 derogare,
454 731 730 788 bacchari
764 736 822 788 et
849 731 1127 799 insanire,
1143 731 1446 787 afﬁrmans
1486 748 1579 787 res
1602 731 1782 787 eccle-

119 822 217 878 siae
240 821 453 876 ditioni
488 837 609 876 sua:
639 820 823 877 libere
846 821 1189 893 subjugare.
1209 820 1469 893 Denique
1490 837 1623 875 cum
1648 837 1786 893 qua-

120 912 256 966 dam
288 911 388 965 die
416 910 685 965 tumidus
717 914 773 965 et
803 910 994 965 elatus
1022 925 1172 981 equo
1195 910 1495 981 spumanti
1522 927 1623 981 per
1644 910 1782 965 sub-

119 999 473 1070 terpositum
504 997 766 1054 ecclesiae
798 1014 1074 1069 campum
1099 997 1309 1054 solutis
1340 997 1585 1053 habenis
1607 1016 1782 1053 cursu

121 1088 378 1143 ferretur
419 1086 875 1159 prmpcti,erurc
931 1088 1113 1142 fracto
1172 1104 1360 1159 equus
1410 1088 1467 1143 in
1530 1104 1786 1159 praeceps

123 1176 410 1243 concidit;
444 1176 569 1247 ipse
596 1174 691 1229 vix
721 1192 924 1231 casum
951 1175 1296 1243 evadens,in
1328 1175 1590 1249 proximo
1622 1194 1656 1230 a
1683 1176 1788 1230 mi-

123 1264 222 1319 lite
281 1264 653 1331 interfectus,
685 1263 885 1319 villam
935 1282 1125 1336 usque
1171 1264 1229 1319 in
1281 1281 1537 1338 przesens
1584 1268 1786 1319 saneto

126 1353 292 1408 Petro
326 1351 511 1407 libere
542 1352 962 1424 possidendam
995 1352 1250 1425 reliquit.

196 1443 285 1497 16.
317 1440 449 1495 Alio
470 1457 706 1513 quoque
735 1446 996 1512 tempore
1028 1443 1341 1498 Rotbcrtus
1385 1444 1625 1515 quidam
1676 1444 1785 1498 mi-

126 1529 233 1597 les,
262 1529 493 1584 viribus
524 1534 737 1601 potens
766 1533 823 1585 et
852 1529 1083 1602 opibus,
1116 1547 1252 1586 cum
1285 1537 1491 1604 nepote
1538 1533 1787 1588 Berardo

128 1618 186 1673 'm
218 1634 367 1690 pago
389 1616 732 1673 Divioncnsi
754 1616 1063 1675 Caciacum
1084 1619 1283 1675 villam
1307 1621 1570 1692 apprime
1590 1621 1787 1677 vinife-

128 1724 282 1776 ram;
304 1706 618 1763 Hubaldus
645 1724 780 1763 vero
814 1707 1177 1764 Molisiacum
1217 1710 1276 1765 in
1313 1727 1461 1783 pago
1493 1710 1784 1777 Belnensi,

129 1814 217 1852 res
239 1795 517 1852 videlicet
547 1796 931 1852 Luxoviensis
961 1797 1250 1864 Ecclesiae,
1268 1800 1415 1855 satis
1452 1799 1656 1872 iniqua
1684 1801 1787 1855 do-

131 1885 453 1942 minutione
487 1885 1093 1957 possidebant.0uarc
1123 1889 1395 1944 monachi
1422 1905 1555 1944 cum
1581 1890 1791 1961 princi-
1819 1924 1867 1989 Β

132 1976 303 2048 pibus
332 1974 696 2046 Burgundiaa
725 1975 948 2046 sapius
974 1978 1299 2049 conquesti,
1333 1979 1642 2049 prmvalere
1672 1996 1789 2035 non

131 2066 416 2137 poterant.
445 2062 598 2119 Inito
648 2062 828 2136 igitur
877 2064 1097 2120 Letoldi
1146 2065 1379 2122 comitis
1421 2067 1692 2123 consultu
1724 2084 1792 2124 eo

134 2156 409 2224 tempore,
446 2167 567 2223 quo
619 2168 719 2207 rex
769 2152 1082 2209 Lotharius
1122 2155 1238 2223 (53)
1270 2154 1442 2226 pulsa
1486 2155 1791 2213 obsidione

134 2240 609 2313 Burgundiorum
631 2239 743 2296 sub
767 2240 985 2297 ditione
1006 2258 1114 2297 sua
1129 2242 1477 2298 Divionense
1500 2250 1793 2317 receperat

135 2335 410 2397 castrum;
429 2328 708 2385 monachi
722 2332 927 2386 notum
942 2334 1216 2403 repetunt
1227 2332 1789 2405 suifragium,sancti

135 2416 496 2475 Waldeberti
510 2416 730 2491 pignus
742 2418 1072 2475 venerabile
1092 2419 1233 2476 illuc
1254 2422 1624 2477 constituunt
1644 2422 1793 2479 defe-

138 2507 544 2573 rendum.0uo
576 2521 712 2563 cum
744 2508 1163 2580 pervenissent,
1180 2510 1373 2566 medio
1403 2510 1552 2566 villae
1597 2516 1791 2568 tento-

137 2595 280 2652 rium
306 2599 720 2668 competenter
749 2610 884 2652 cum
912 2613 1080 2655 sacro
1111 2597 1301 2655 loculo
1332 2602 1621 2668 statuunt,
1654 2616 1789 2657 cum

82 2720 91 2729 -
141 2689 365 2757 repente
394 2684 603 2742 hostes
635 2687 846 2742 armati
878 2687 1030 2743 ferro
1058 2691 1117 2745 et
1137 2689 1372 2757 animis,
1390 2690 1679 2747 Berardus
1708 2690 1791 2745 vi-

143 2772 340 2830 delicet
368 2790 508 2830 cum
543 2773 690 2842 suis,
723 2775 1098 2832 advenientes
1121 2777 1357 2849 quidem
1390 2794 1525 2834 eum
1558 2795 1664 2834 suo
1691 2780 1789 2834 de-

144 2862 359 2919 fensore
390 2880 510 2920 non
543 2863 765 2919 audent
784 2864 1370 2939 contingere.Villam
1398 2870 1595 2923 tamen
1621 2867 1791 2923 solito

146 2967 293 3007 more
320 2951 670 3024 corripiunt,
692 2952 974 3008 familiam
999 2954 1151 3009 male
1171 2955 1532 3027 epprimunt,
1554 2956 1793 3012 alimen-

146 3043 326 3096 torum
349 3044 633 3113 sumptus
654 3041 947 3113 copiosius
969 3059 1034 3097 ac
1056 3043 1264 3099 durius
1285 3044 1557 3117 exigunt;
1591 3046 1792 3118 sicque

150 3127 264 3186 cibo
297 3130 592 3203 rapaciter
620 3132 678 3185 et
706 3130 838 3186 vino
860 3131 1423 3203 perfusi,monachis
1473 3134 1668 3191 inedia
1706 3134 1790 3191 la-

150 3216 503 3287 borantibus,
521 3222 692 3274 nocte
712 3217 991 3288 irruente,
1006 3237 1211 3292 sopore
1233 3223 1500 3279 membra
1515 3228 1793 3295 protensa

1890 642 2109 697 deberti
2142 643 2498 699 confessoris
2528 643 2759 698 Domini
2790 642 3059 716 gloriosi,
3083 642 3144 696 in
3175 658 3292 713 quo
3341 641 3548 698 itinere

1891 747 2007 786 non
2040 731 2209 804 longe
2239 749 2274 787 a
2305 730 2681 799 monasterio,
2715 733 2870 806 apud
2899 731 3101 787 villam
3146 748 3273 803 quis
3320 730 3547 786 Sanctae

1893 820 2086 876 Marias-
2107 820 2338 887 dicitur,
2355 820 2612 893 primum
2640 823 2779 874 sunt
2798 819 3097 891 hospitati.
3114 819 3331 875 Deinde
3350 817 3545 874 locum

1893 909 1991 981 qui
2016 910 2432 982 Campaniolas
2462 912 2703 963 vocatur
2732 908 3016 981 aggressi,
3051 911 3258 981 quarto
3304 908 3545 963 demum

1895 998 1987 1053 die
2012 997 2149 1052 illuc
2181 999 2544 1070 perveniunt,
2568 1014 2684 1069 quo
2732 998 2965 1052 fuerant
3005 997 3295 1053 malorum
3335 995 3550 1067 impro-

1895 1086 2079 1146 bitate
2112 1088 2425 1159 provocati.
2464 1089 2602 1142 Erat
2634 1088 2692 1141 in
2724 1086 2823 1143 illo
2852 1086 3136 1141 comitatu
3167 1102 3284 1141 non
3334 1100 3548 1157 parvus

1896 1192 2178 1231 numerus
2210 1180 2328 1231 tam
2352 1193 2420 1231 ex
2442 1175 2745 1231 monachis
2768 1192 2944 1247 quam
2961 1191 3030 1229 ex
3050 1172 3545 1240 ministrantibus,

1896 1283 2030 1320 cum
2055 1267 2271 1337 quibus
2294 1266 2439 1321 ierat
2459 1266 2643 1320 abbas
2663 1270 2721 1320 et
2743 1265 3073 1337 episcopus,
3087 1263 3323 1318 nomine
3338 1260 3547 1318 Aalon-

1896 1356 2443 1410 cus.Pcrvenientcs
2464 1354 2659 1426 itaque
2680 1354 2751 1409 ad
2783 1352 2977 1408 locum
3017 1350 3552 1423 destinatum,quia

1896 1444 2036 1499 alibi
2068 1444 2231 1499 locus
2262 1449 2435 1516 aptus
2465 1460 2581 1498 non
2606 1441 2894 1509 fuerat,in
2926 1444 3092 1513 prato
3114 1440 3371 1512 quodam
3396 1439 3551 1510 quod

1897 1533 1981 1589 eis
2044 1534 2503 1601 eontradicebat,
2537 1548 2715 1604 super
2766 1532 2946 1587 unius
3006 1545 3259 1603 quercus
3308 1527 3553 1585 abscissa

1897 1628 2175 1679 truncum
2207 1622 2597 1679 statuunt.Ad
2632 1622 2850 1677 famam
2881 1620 3066 1693 igitur
3086 1622 3264 1675 tanta:
3283 1616 3555 1675 novitatis

1897 1712 2168 1785 pluribus
2211 1712 2822 1778 concitatis,cerneres
2867 1706 3187 1782 promiscui
3218 1723 3392 1763 sexus
3420 1706 3553 1779 infi-

1898 1802 2084 1857 nitam
2115 1800 2468 1874 populorum
2501 1797 2945 1855 multitudinem
2978 1796 3117 1852 illuc
3147 1799 3386 1868 repente
3414 1810 3553 1851 con-

1899 1891 2156 1959 fluxisse,
2186 1908 2308 1947 non
2336 1888 2531 1946 solum
2581 1904 2650 1944 ex
2695 1886 2926 1954 vicinis,
2951 1885 3053 1942 sed
3098 1902 3168 1941 ex
3214 1882 3552 1956 longinquis

1900 1980 2186 2054 partibus,
2220 1980 2383 2045 locis,
2414 1978 2569 2034 villis
2600 1982 2657 2034 et
2688 1975 2921 2049 oppidis
2951 1974 3169 2030 mirum
3200 1973 3260 2028 in
3308 1972 3553 2029 modum
3579 2012 3584 2020 ι

1898 2069 2228 2143 conglobati
2259 2084 2464 2124 omnes
2492 2065 2883 2123 conveniunt:
2908 2079 2975 2119 ac
2989 2078 3125 2119 mox
3154 2077 3431 2133 campum
3464 2078 3554 2116 re-

1900 2158 2146 2232 plentes,
2170 2175 2289 2214 una
2316 2174 2474 2225 voce,
2499 2171 2757 2212 consona
2785 2152 3091 2209 devotione
3137 2148 3555 2222 omnipotentis

1902 2248 2002 2304 Dei
2048 2262 2262 2304 nomen
2311 2251 2368 2302 et
2410 2245 2598 2302 sancti
2645 2242 3004 2299 Waldeberti
3035 2239 3232 2296 cuncti
3262 2238 3555 2303 invocant,

1901 2338 2027 2394 suis
2048 2336 2438 2393 incommodis
2469 2337 2800 2408 opportuna
2819 2330 3101 2403 suffragia
3121 2332 3348 2402 petunt.
3364 2327 3440 2384 Ut
3456 2343 3558 2383 au-

1900 2431 2018 2483 tem
2051 2425 2373 2482 declararet
2401 2423 2598 2480 divina
2625 2424 2888 2495 potestas
2936 2422 3278 2477 sanctorum
3313 2432 3556 2473 suorum

1899 2516 2077 2573 etiam
2109 2513 2407 2588 corporale
2426 2514 2631 2569 adesse
2652 2509 3109 2579 beneﬂcium,ﬂt
3137 2506 3335 2564 subito
3354 2508 3559 2562 tantus

1902 2605 1973 2661 de
2003 2604 2146 2661 caalo
2177 2604 2697 2676 strepitus,tantus
2718 2604 3007 2667 terror,ac
3035 2596 3095 2652 in
3129 2595 3373 2652 modum
3402 2594 3557 2650 toni-

1900 2695 2017 2750 trui
2050 2711 2232 2750 sonus
2278 2692 2593 2747 vehemens
2641 2687 2937 2754 concitati,
2974 2689 3040 2742 ut
3068 2689 3245 2753 terra,
3270 2683 3425 2741 sicut
3471 2682 3559 2739 eis

1899 2784 2223 2850 videbatur,
2238 2784 2543 2848 tremente,
2566 2778 2661 2835 vix
2680 2780 2994 2850 prtesentes
3012 2772 3213 2847 populi
3253 2787 3433 2844 supra
3462 2787 3555 2843 pe-

1901 2874 2004 2928 des
2022 2871 2503 2937 consisterent,ac
2525 2865 2796 2940 quisquis
2819 2863 3053 2919 illorum
3075 2878 3195 2934 qua
3214 2864 3377 2934 parte
3394 2863 3558 2916 esset

1901 2962 2256 3017 constitutus
2287 2957 2603 3014 nescirent.
2623 2955 2711 3011 llli
2760 2953 3015 3021 attoniti,
3047 2954 3106 3008 et
3133 2951 3206 3007 de
3237 2964 3305 3006 ea
3334 2964 3396 3005 re
3426 2965 3554 3022 qua:

1901 3050 2189 3107 acciderat
2217 3047 2467 3103 nimium
2501 3044 3132 3120 pavefacti,postquam
3171 3039 3387 3095 virtute
3424 3038 3556 3093 red-

1901 3141 2025 3196 dita
2044 3139 2115 3194 ad
2137 3138 2484 3210 semetipsos
2506 3138 2647 3191 sunt
2666 3131 2878 3189 reversi
2892 3130 3069 3202 (mira
3089 3129 3358 3186 dicturus
3378 3125 3556 3211 sum),

1899 3230 2127 3285 videres
2158 3242 2321 3283 avem
2353 3225 2413 3281 in
2445 3227 2636 3297 figura
2665 3221 2951 3279 columbae
2981 3235 3085 3294 per
3113 3232 3387 3275 serenum
3425 3232 3564 3275 aera

150 3305 451 3364 resolvunt.
467 3309 618 3363 Ecce
639 3307 835 3364 subito
854 3289 1246 3366 noctismcdio
1269 3326 1471 3366 eorum
1495 3289 1787 3385 princeps,
1820 3289 1864 3357 (ἶ
1904 3319 1975 3374 de
2006 3315 2362 3373 sublimibus
2384 3289 2782 3378 descendisse,
2813 3326 2881 3367 ac
2913 3289 3354 3374 blandevolatu
3387 3322 3573 3378 super.

151 3394 423 3452 Berardus
453 3395 749 3463 videlicet,
783 3396 941 3451 febre
990 3398 1323 3471 corripitur,
1358 3402 1561 3457 morbo
1591 3402 1795 3475 dysen-

150 3484 291 3539 teria:
338 3485 612 3541 membra
654 3488 1024 3558 torquentur,
1057 3487 1217 3543 ﬂuxu
1264 3490 1485 3544 ventris
1534 3490 1795 3563 undique

151 3578 485 3629 coarctatur.
522 3572 747 3646 Vixque
778 3590 1049 3632 auroram
1082 3576 1452 3647 praestolatus
1475 3579 1795 3637 monachos

151 3660 278 3728 adit,
308 3666 443 3720 ante
503 3663 877 3735 praesentiam
936 3665 1122 3719 sancti
1181 3666 1423 3733 corruit,
1457 3672 1653 3724 reatus
1702 3670 1794 3724 sui

151 3752 539 3821 penitentiam
591 3753 760 3824 agit:
795 3752 999 3825 sicque
1048 3753 1277 3809 indulta
1333 3756 1604 3825 sanitate,
1656 3757 1797 3816 villa

152 3837 412 3897 Caciacus
438 3858 508 3896 ex
528 3844 672 3895 tunc
702 3846 760 3896 ct
791 3859 946 3896 nunc
978 3841 1167 3898 alieno
1190 3843 1415 3899 eruitur
1434 3862 1793 3917 possessore,

154 3926 356 3983 domini
389 3929 610 4002 proprii
646 3929 869 4000 potitur
896 3930 1187 3989 libertate.

217 4017 297 4072 17.
326 4018 634 4074 Hubaldus
662 4035 794 4074 vero
826 4019 1167 4088 miles,licet
1190 4020 1249 4077 in
1273 4022 1449 4078 rebus
1478 4024 1798 4083 sanctuarii

156 4105 516 4175 avidus,alias
532 4111 735 4163 tamen
750 4108 840 4163 vir
859 4110 1099 4180 probus,
1115 4113 1174 4166 et
1199 4115 1265 4166 ut
1285 4112 1487 4179 armis,
1512 4112 1596 4168 ita
1617 4113 1796 4170 etiam

158 4194 401 4252 moribus
433 4197 761 4265 modestus,
786 4213 961 4270 quem
983 4198 1045 4253 in
1065 4214 1215 4271 pago
1238 4198 1539 4256 Belnensis
1563 4204 1795 4274 provin-

158 4280 246 4337 ciae
264 4285 416 4357 apud
448 4284 823 4341 Molisiacum
855 4286 1057 4342 villam
1102 4288 1525 4345 monachorum
1573 4290 1693 4346 vini
1743 4296 1801 4348 et

160 4368 376 4444 frugum
406 4374 676 4430 redditus
707 4374 962 4431 diximus
1009 4376 1380 4449 subjugasse.
1413 4377 1569 4435 Visis
1620 4379 1799 4453 hujus

162 4460 328 4516 sancti
357 4463 679 4519 virtutibus
705 4463 947 4520 territus
977 4470 1036 4521 et
1063 4464 1385 4533 miraculis,
1402 4466 1462 4522 in
1482 4466 1798 4541 reliquum,

160 4542 283 4603 licet
324 4550 549 4621 nolens,
584 4553 1019 4624 possessionem
1069 4570 1239 4610 suam
1296 4554 1551 4612 ecclesiae
1590 4557 1798 4614 dereli-

164 4633 291 4703 quit.

749 4748 873 4804 Alia
900 4750 1190 4805 miracula.

192 4864 306 4953 ZiS.
336 4866 460 4926 Alio
479 4875 618 4944 post
636 4871 757 4929 bsic
777 4876 1038 4946 tempore
1073 4874 1250 4933 iidem
1276 4876 1546 4933 monachi
1570 4878 1629 4934 in
1650 4895 1799 4953 pago

165 4949 639 5043 Alsgodiensium,
670 4965 1054 5034 tyrannorum
1106 4964 1479 5024 infestatione
1531 4949 1800 5040 prorum-

168 5046 339 5113 ponte,
354 5048 749 5118 quarumdam
763 5068 963 5109 rerum
977 5068 1222 5111 suarum
1244 5054 1478 5111 fuerant
1492 5055 1803 5129 dispendia

169 5130 328 5197 passi.
360 5134 476 5192 Hac
506 5144 858 5212 perurgente
888 5142 1236 5199 necessitate
1278 5159 1378 5199 eas
1405 5143 1609 5202 habita
1657 5147 1800 5202 deli-

170 5212 441 5299 beratione
472 5226 795 5284 decernunt
826 5235 1023 5302 partes
1053 5231 1237 5300 adire,
1268 5231 1551 5290 habentes
1599 5252 1801 5293 secum

173 5302 289 5361 ﬁdei
319 5312 626 5386 tutamina;
660 5334 830 5375 sacra
858 5319 1129 5376 videlicet
1151 5319 1536 5393 reliquiarum
1567 5325 1683 5393 (34)
1712 5325 1801 5397 pi-

212 5476 333 5572 είξξ)
365 5481 684 5572 aetherius.
706 5490 980 5572 regnavit
997 5491 1072 5545 ab
1103 5506 1255 5572 anno
1285 5491 1392 5545 954
1415 5490 1472 5572 in
1497 5506 1682 5549 annos
1698 5495 1800 5550 tri-

367 5551 515 5633 Hinc
558 5550 815 5633 auctoris
856 5567 1084 5619 aetatem
1135 5563 1316 5629 disce,
1348 5562 1448 5633 qui
1498 5580 1805 5623 successor

177 5624 406 5706 P0111339:
416 5625 674 5706 A‘alonei,
708 5631 840 5686 aliis
869 5633 1149 5688 Adalonci
1180 5624 1427 5690 inferius
1471 5640 1799 5693 memorati.

237 5687 337 5761 (54)
368 5687 763 5769 ΒεΠῳὶιιι-ὶιω
813 5706 871 5759 S.
924 5687 1179 5760 Eustasii
1228 5687 1801 5778 pars

1902 3406 2162 3463 loculum
2195 3408 2466 3461 sanctum
2499 3400 2868 3457 familiariter
2897 3396 3351 3453 circumvolasse
3384 3412 3397 3450 :
3432 3411 3562 3466 qua

1904 3496 2114 3553 deinde
2169 3493 2396 3566 expleto
2444 3508 2621 3546 cursu
2670 3488 2799 3545 θα)ὶί
2851 3490 3073 3543 secreto
3115 3484 3411 3558 recipitur,
3445 3501 3561 3555 quo

1905 3582 2214 3639 manifeste
2235 3579 2542 3636 advenisse
2563 3577 2866 3650 probatur.
2882 3573 3029 3630 Hinc
3039 3573 3228 3630 virtus
3251 3571 3561 3645 utriusque

1905 3670 2092 3728 sancti
2118 3669 2294 3740 cmpit
2324 3666 2574 3723 ostendi.
2609 3666 2741 3720 Mox
2765 3662 2983 3718 etenim
3017 3663 3135 3717 duo
3174 3660 3426 3734 propriis
3457 3661 3559 3716 diu

1904 3758 2232 3816 luminibus
2261 3754 2469 3823 orbati,
2485 3771 2554 3809 ea
2583 3753 2728 3808 hora
2747 3768 2866 3824 qua
2886 3750 3007 3806 avis
3029 3750 3310 3822 praedicta
3327 3749 3453 3804 visa
3472 3753 3563 3805 est

1905 3847 2279 3914 abscessisse,
2295 3845 2422 3901 sine
2443 3844 2622 3899 ductu
2663 3840 2903 3896 alterius
2926 3842 3159 3911 recepta
3188 3837 3434 3893 luminis
3449 3836 3561 3892 cla-

1905 3940 2075 3997 ritate
2104 3936 2311 3991 ineunt
2337 3933 2659 4008 gaudentes
2707 3930 2780 3987 ad
2819 3946 2930 3985 sua
2971 3927 3317 3983 festinanter
3346 3942 3559 3999 prope-

1906 4046 2053 4084 rare.
2082 4025 2300 4081 Deinde
2331 4038 2563 4095 quoque
2590 4019 2688 4076 alii
2719 4020 2836 4079 duo
2877 4016 3212 4091 complicita
3250 4032 3559 4071 nervorum

1908 4116 2235 4173 nodositate
2285 4109 2571 4168 catenatis
2609 4108 2779 4181 quasi
2830 4105 3113 4162 membris
3159 4108 3281 4161 toto
3323 4120 3562 4177 corpore

1907 4203 2151 4273 astricti,
2185 4202 2434 4258 aliorum
2465 4198 2742 4254 manibus
2774 4196 2957 4252 sacris
3004 4194 3352 4269 pignoribus
3392 4192 3560 4261 illati,

1909 4295 2104 4351 divina
2129 4292 2344 4347 virtute
2373 4292 2612 4345 ostensa
2631 4287 2690 4342 in
2707 4286 2884 4359 pedes
2906 4289 3048 4341 sunt
3069 4282 3264 4340 subito
3285 4281 3486 4349 erecti,
3506 4285 3565 4337 et

1908 4386 1982 4442 ad
2015 4381 2251 4457 propria
2279 4380 2502 4451 absque
2530 4376 2752 4432 humno
2775 4364 3081 4446 juvamine
3110 4372 3376 4427 laetantes
3423 4373 3565 4425 sunt

1908 4471 2144 4538 reversi,
2178 4486 2244 4526 ac
2274 4472 2491 4523 terram
2522 4479 2699 4536 quam
2726 4462 2890 4541 prius
2929 4460 3153 4519 calcare
3200 4458 3561 4525 nesciebant,

1910 4578 2055 4619 novo
2073 4557 2227 4616 docti
2259 4556 2467 4612 itinere
2484 4552 2695 4635 liberis
2717 4550 3018 4625 greSsibus
3037 4548 3354 4605 Dominum
3394 4544 3567 4619 glori-

1828 4657 1876 4725 D
1906 4653 2151 4709 ﬁcantes
2173 4650 2230 4703 et
2250 4648 2522 4701 sanctum
2542 4640 2986 4698 Waldebertum
3027 4636 3306 4711 praevium
3342 4634 3564 4691 haben-

1910 4747 1998 4800 tcs
2026 4735 2329 4797 ambulare
2359 4734 2679 4805 cmperunt.

1982 4882 2069 4939 19.
2104 4879 2250 4937 Huic
2278 4876 2487 4933 itidem
2518 4873 2644 4931 loco
2674 4876 2934 4933 castrum
2965 4868 3227 4928 cernitur
3255 4884 3383 4928 esse
3429 4883 3567 4925 con-

1910 4973 2164 5047 tiguum,
2189 4967 2343 5041 quod
2366 4963 2545 5041 priori
2578 4967 2841 5035 tempore
2872 4960 3130 5021 Montem
3158 4957 3425 5047 Biliardaa
3450 4958 3570 5047 _(55)

1911 5045 2183 5119 novimus
2205 5070 2333 5113 esse
2353 5051 2858 5126 cognominatum.
2872 5048 3063 5122 Hujus
3093 5047 3292 5121 oppidi
3315 5045 3569 5104 incolam

1911 5149 2149 5209 nomine
2178 5146 2586 5211 Utoncm,non
2617 5139 2688 5203 ab
2720 5136 2965 5213 ignobili
2988 5153 3198 5212 genere
3227 5134 3568 5201 oriundum,

1910 5240 2182 5314 pluribus
2231 5237 2437 5291 notum
2486 5230 2668 5287 fuisse
2714 5230 2860 5286 satis
2907 5231 2997 5284 est
3045 5223 3570 5314 compertumnHie

1912 5313 2108 5386 nervis
2127 5322 2346 5382 coactis
2361 5325 2419 5378 et
2438 5318 2698 5392 corporis
2719 5317 2995 5375 facultate
3013 5315 3271 5391 privatus
3292 5313 3568 5370 manibus

1912 5497 2175 5557 coenobio
2208 5488 2552 5548 Luxovicnsi
2584 5491 2935 5555 asservatur,
2969 5484 3182 5542 scrinio
3222 5482 3478 5537 eburneo
3508 5482 3575 5534 et

1912 5564 2478 5643 argenteeinslasa:
2630 5632 2681 5643 ..
3097 5619 3535 5643 ,με

1982 5632 2094 5710 ζῧῦ)
2127 5632 2479 5710 Μοηιὺόζξανά
2509 5632 2793 5704 oppidum
2816 5632 3280 5693 munitissimum
3304 5632 3363 5681 in
3386 5635 3563 5687 comi:

1911 5706 2038 5773 tatu
2070 5706 2440 5779 Burgundiaa.
