3906 6354
325 403 447 468 699

1256 403 1359 465 DE
1403 404 1470 465 S.
1513 400 1873 465 AYMARDI
1915 397 2252 463 ABBATIS
2297 399 2652 465 CLUNIAC.
2698 403 2807 465 III.

3628 403 3743 466 700

323 556 429 613 per
446 545 661 597 terram
691 552 899 609 repens
929 536 1013 592 ire
1060 552 1174 590 non
1224 541 1469 607 poterat,
1507 535 1617 590 nisi
1666 534 1755 590 vel
1795 550 1966 605 equo,
1998 533 2061 603 Α
2082 536 2232 590 trato
2255 536 2409 606 quod
2443 536 2543 592 diu
2576 542 2893 609 rogaverat,
2919 536 3338 593 mmstissimus
3368 537 3739 594 abSccdebat.

321 629 411 685 vel
443 629 607 685 asino
639 642 866 681 sessore
888 629 1169 679 uteretur.
1195 625 1296 680 llic
1323 626 1517 696 itaque
1540 625 1613 679 ad
1635 623 1825 679 locum
1851 639 1974 694 per-

322 717 536 773 ductus
565 719 655 769 est
674 730 809 769 cum
832 730 1067 768 summa
1099 715 1420 781 devotione,
1441 730 1558 784 quo
1584 713 1771 768 sancti
1797 713 1973 783 hujus

317 802 648 859 venerabile
678 801 894 874 pignus
924 806 1271 874 cognoverat
1299 801 1651 857 constitisse.
1670 801 1841 856 Venit
1874 802 1976 873 igi-

296 897 437 958 .tur,
470 891 748 963 lacrymis
776 890 1028 945 humum
1060 891 1335 961 perfudit,
1361 890 1547 946 sancti
1582 906 1794 945 nomen
1820 890 1977 944 invo-

319 986 433 1048 cat,
468 979 813 1053 suffragium
847 979 1104 1051 exposcit
1137 996 1149 1034 ε
1185 997 1288 1034 nec
1321 984 1456 1034 ante
1489 997 1521 1034 a
1551 979 1676 1034 loco
1700 979 1969 1045 discedit,

318 1070 503 1125 donec
532 1068 731 1125 divina
760 1068 972 1123 virtute
1004 1068 1194 1139 ruptis
1223 1085 1529 1123 nervorum
1556 1069 1800 1123 nexibus
1825 1067 1974 1121 redit

316 1159 389 1214 ad
422 1159 678 1230 propria,
712 1158 961 1230 pristina
993 1157 1396 1212 incolumitate
1428 1158 1703 1211 donatus.

384 1250 476 1302 20.
509 1247 581 1302 Et
609 1247 887 1318 quoniam
915 1246 1200 1317 tamporis
1230 1250 1285 1299 et
1314 1245 1577 1315 ejusdem
1613 1245 1875 1300 benelicii
1912 1262 1972 1299 se

314 1334 724 1407 opportunitas
744 1333 923 1400 dedit;
941 1350 1052 1387 non
1069 1333 1227 1406 piget
1244 1333 1452 1388 iterum
1467 1332 1626 1387 aliud
1641 1333 1713 1386 ad
1738 1332 1969 1386 laudem

316 1422 498 1479 divini
529 1422 786 1478 nominis
819 1421 1053 1487 referre,
1085 1423 1241 1493 quod
1293 1421 1350 1475 in
1401 1439 1461 1476 re
1506 1420 1683 1477 simili
1730 1420 1818 1474 vir
1863 1420 1972 1474 iste

316 1516 558 1569 sanctus
587 1509 958 1566 dissimiliter
976 1514 1066 1565 est
1093 1516 1389 1582 operatus.
1416 1510 1478 1564 In
1502 1525 1651 1581 pago
1675 1508 1971 1580 siquidem

316 1600 671 1656 rusticorum
724 1616 837 1654 usu
884 1599 1232 1655 VVaraseum
1264 1599 1374 1671 (56)
1409 1602 1767 1670 nuncupata,
1802 1600 1970 1652 aetate

314 1689 507 1762 priore
536 1688 718 1744 fuisse
766 1688 1081 1760 quemdam
1128 1686 1321 1742 virum
1367 1686 1659 1755 novimus,
1692 1686 1795 1758 qui
1844 1702 1972 1757 pro-

2084 622 2349 695 Cumque
2374 624 2806 697 aliquantulum
2841 626 3066 682 itineris
3098 627 3330 682 rediens
3370 627 3692 699 peregisset
3724 645 3739 682 ε

2085 711 2129 766 Ο
2160 718 2378 777 sancte,
2420 713 2634 786 inquit,
2667 714 3054 782 Waldeberte,
3098 715 3363 786 plaeetne
3418 716 3525 770 tibi
3585 718 3739 788 quod

2084 801 2273 857 tristis
2303 803 2453 870 veni,
2486 805 2712 859 tristior
2742 804 2985 859 recedo?
3015 805 3145 859 Hrec
3175 804 3379 859 dicens
3408 804 3740 876 plaustrum

2084 893 2239 944 stare
2261 891 2453 962 jubet,
2484 896 2701 947 terram
2736 893 2900 965 petit,
2929 893 3254 964 bovemque
3303 893 3360 947 in
3394 910 3616 963 pascua
3649 911 3743 950 re-

2083 977 2255 1033 solvit
2288 996 2300 1034 :
2336 998 2470 1035 cum
2496 980 2689 1037 subito
2720 999 2901 1037 sanus
2934 981 3118 1037 factus
3142 982 3406 1037 concitus
3430 982 3601 1047 redit,
3619 999 3744 1055 gra-

2083 1067 2194 1124 tias
2227 1069 2367 1141 agit,
2402 1071 2606 1125 bovem
2640 1072 2941 1126 ductorem
2974 1069 3287 1138 obtulit,ac
3308 1070 3559 1127 ﬁrmatis
3588 1089 3743 1143 gres-

2083 1156 2248 1211 sibus
2280 1159 2351 1212 ad
2383 1159 2626 1213 domum
2659 1158 3001 1215 lzetissimus
3033 1160 3201 1214 redit.

2151 1247 2241 1300 21.
2277 1248 2552 1312 Quaedam
2584 1248 2796 1303 iterum
2832 1248 3049 1303 femina
3081 1264 3288 1319 genere
3334 1249 3570 1315 nobilis,
3603 1266 3741 1321 gra-

2080 1333 2321 1389 vissimo
2378 1337 2688 1391 tenebatur
2744 1337 2947 1392 morbo
2988 1338 3253 1408 ejusdem
3301 1338 3739 1406 contractionis,

2082 1423 2364 1480 destituta
2394 1424 2601 1480 solatio
2632 1442 2920 1497 corporea“:
2952 1425 3266 1481 facultatis.
3286 1429 3421 1493 Quae
3450 1444 3585 1483 cum
3612 1430 3742 1500 jam

2081 1528 2294 1583 conseq
2303 1515 2503 1568 nenda:
2519 1514 2729 1569 salutis
2743 1515 3093 1571 commercio
3107 1515 3417 1588 desperata
3426 1515 3740 1585 videretur,

2082 1601 2154 1655 ad
2178 1600 2372 1657 locum
2396 1604 2669 1659 eumdem
2690 1604 2801 1673 (57)
2824 1621 2885 1659 se
2917 1603 3085 1676 petiit
3123 1603 3434 1677 deportari.
3464 1604 3573 1661 Ubi
3604 1622 3744 1662 cum

2078 1689 2327 1745 diutinis
2349 1691 2623 1763 precibus
2653 1696 2712 1748 et
2738 1691 3014 1765 lacrymis
3033 1691 3610 1765 insisteret,repente
3641 1712 3744 1752 sa-

313 1776 442 1850 prio
470 1778 663 1833 fuerat
702 1776 1045 1832 Bernericus
1073 1775 1311 1833 nomine
1339 1775 1680 1842 dictus.Qui
1728 1774 1969 1847 quidem
1999 1790 2048 1856 Β
2080 1782 2217 1862 nata
2248 1796 2364 1835 non
2396 1779 2524 1835 sine
2550 1780 2935 1836 admiratione
2966 1780 3287 1836 multorum
3319 1781 3379 1836 in
3401 1783 3580 1853 pedes
3602 1800 3743 1839 con-

313 1866 545 1940 generis
576 1869 701 1922 erat
731 1864 1000 1921 libertate
1030 1865 1274 1937 potitus,
1306 1866 1409 1920 sed
1441 1869 1636 1920 tamen
1671 1870 1793 1920 toto
1840 1881 1968 1919 cor-

312 1972 452 2029 pore
495 1960 553 2011 et
602 1954 795 2011 nervis
844 1954 1146 2021 astrictus,
1187 1952 1351 2009 nulla
1407 1953 1684 2009 facultate
1741 1956 1970 2024 poterat

312 2044 499 2101 solide
522 2042 693 2099 terris
723 2043 983 2115 afﬂigere
1010 2058 1271 2115 gressus.
1306 2042 1409 2098 Hie
1452 2042 1642 2098 biroto
1692 2047 1965 2112 carpento

310 2131 628 2205 impositus
657 2147 1011 2203 quocunque
1036 2135 1194 2186 esset
1221 2130 1546 2209 ducendus,
1574 2131 1753 2185 unius
1801 2129 1965 2185 bovis

310 2223 371 2278 et
398 2218 603 2276 famuli
633 2218 939 2275 videbatur
957 2234 1086 2275 esse
1115 2222 1447 2274 contentus.
1470 2220 1577 2284 Qui
1608 2217 1809 2273 audita
1848 2218 1963 2272 vir-

310 2313 438 2365 tute
465 2307 892 2379 saneti,juncto
924 2308 1067 2364 bove
1096 2324 1164 2363 ac
1195 2307 1470 2363 ministro
1503 2306 1806 2380 praemisso
1838 2323 1962 2363 car-

311 2400 489 2470 pento
517 2396 855 2469 impositus,
889 2394 1152 2468 pervenit
1199 2396 1270 2451 ad
1322 2395 1538 2464 locum,
1573 2412 1688 2468 quo
1738 2413 1801 2452 se
1827 2396 1961 2451 duci

309 2486 503 2542 fuerat
529 2485 897 2557 deprecatus.
917 2484 1065 2540 Ante
1096 2484 1467 2557 praesentiam
1497 2485 1687 2541 sancti
1718 2486 1777 2539 in
1809 2487 1966 2541 terra

308 2577 640 2648 prostratus
650 2573 751 2629 diu
770 2560 1040 2642 decubat,
1054 2589 1190 2629 cum
1212 2572 1486 2646 lacrymis
1509 2591 1710 2646 preces
1731 2573 1961 2642 miscet,

307 2668 366 2720 et
382 2662 729 2720 familiarem
747 2663 954 2718 bovem
976 2666 1180 2719 sancto
1190 2662 1564 2718 Waldeberlo
1583 2680 1698 2718 non
1720 2664 1962 2719 tardaus

307 2749 654 2825 polliceri,si
687 2751 797 2808 hac
829 2751 1091 2824 corporis
1121 2750 1603 2807 incommoditate
1640 2756 1965 2808 mereretur

306 2839 551 2896 absolvi.
567 2839 749 2912 Cujus
760 2840 999 2911 quidem
1011 2838 1351 2896 virsanctus
1373 2858 1488 2896 non
1512 2840 1963 2913 estdedignatus

306 2927 603 3001 suscipere
623 2927 912 3001 gemitum
934 2928 1345 3002 supplicantis,
1365 2930 1465 2984 sed
1490 2934 1683 2985 tamen
1710 2946 1960 3001 praesen-

2077 1868 2153 1922 sti
2164 1868 2252 1921 tit.
2273 1868 2383 1923 Sed
2403 1884 2536 1923 cum
2568 1869 2780 1941 adepta
2811 1869 3061 1926 sanitate
3090 1869 3261 1925 vellet
3289 1869 3424 1926 inde
3445 1873 3741 1940 recedere,

2077 1955 2137 2010 in
2161 1956 2366 2012 itinere
2393 1957 2521 2027 jam
2545 1958 2736 2029 posita
2756 1958 2951 2015 subito
2977 1957 3036 2012 in
3059 1963 3279 2014 terram
3300 1958 3577 2027 concidit,
3596 1966 3657 2017 et
3680 1961 3743 2017 in

2076 2046 2349 2100 eumdem
2383 2047 2797 2102 contractionis
2847 2049 3120 2103 morbum
3163 2050 3465 2104 astrictam
3518 2066 3582 2106 se
3609 2066 3743 2107 esse

2074 2135 2365 2206 cognovit.
2398 2134 2737 2206 Suspiciens
2759 2135 2972 2192 coelum
3014 2136 3322 2209 ingemuit,
3337 2141 3397 2192 et
3425 2154 3632 2194 rursus
3664 2139 3741 2197 ad

2072 2220 2268 2277 locum
2291 2238 2354 2279 se
2376 2224 2573 2279 referri
2600 2224 2877 2280 fecit.Ubi
2901 2241 3035 2281 cum
3077 2225 3386 2297 pristinam
3416 2226 3741 2284 sanitatem

2075 2311 2408 2382 recepisset,
2432 2313 2603 2384 quasi
2636 2311 3069 2386 aliquantulum
3093 2315 3221 2385 jam
3253 2330 3478 2383 secura,
3502 2332 3597 2372 res
3625 2333 3741 2374 ne-

2074 2400 2360 2456 cessarias
2394 2400 2640 2458 revisere
2667 2403 2912 2475 cupiens
2947 2420 2982 2458 a
3014 2402 3141 2460 loco
3177 2403 3448 2472 discedit,
3472 2407 3531 2461 et
3571 2404 3745 2462 abire

2065 2489 2194 2560 jam
2227 2490 2423 2562 cmpit.
2449 2491 2661 2563 Sicque
2684 2491 2744 2547 in
2777 2490 2984 2548 itinere
3008 2492 3137 2562 jam
3168 2493 3740 2561 constituta,rursus

2073 2577 2132 2632 in
2165 2595 2351 2633 unum
2383 2578 2642 2650 corporis
2674 2579 2914 2651 globum
2938 2580 3517 2653 eontrabitur,atque
3538 2580 3738 2640 denuo

2073 2667 2146 2721 ad
2169 2666 2362 2722 locum
2394 2668 2660 2722 refertur.
2698 2667 2909 2740 Sicque
2959 2669 3180 2724 factum
3226 2674 3337 2740 est,
3360 2671 3427 2724 ut
3471 2670 3739 2742 quoties-
3818 2708 3833 2722 .

2073 2771 2304 2826 cunqne
2318 2754 2451 2810 inde
2462 2755 2623 2810 abire
2638 2754 3006 2823 voluisset,in
3019 2759 3293 2813 eumdem
3311 2758 3584 2815 morbum
3602 2776 3743 2815 con-

2073 2844 2308 2910 cideret,
2342 2843 2525 2898 donec
2583 2844 2820 2898 tandem
2871 2850 3103 2916 recepta
3159 2846 3411 2902 sanitate
3466 2846 3742 2902 animum

2071 2932 2280 2998 fixit,et
2303 2948 2489 3002 usque
2509 2932 2580 2986 ad
2602 2930 2879 2988 ultimum
2897 2934 3027 2988 vitze
3049 2951 3169 2990 suae
3188 2940 3425 3007 tempus
3446 2937 3505 2991 in
3528 2937 3743 2992 eodem

306 3020 427 3072 tem
457 3016 692 3072 distulit
719 3016 1057 3090 impendere
1089 3017 1426 3073 sanitatem.
1451 3017 1599 3072 Nam
1630 3034 1745 3072 non
1775 3017 1959 3088 impe-
1990 3047 2041 3111 Β
2072 3017 2197 3074 loco
2227 3018 2572 3089 permansit.

375 3147 486 3220 (56)
517 3148 827 3220 Eustasius
857 3148 1039 3203 abbas
1077 3150 1135 3220 _e_t
1177 3164 1312 3202 eum
1346 3164 1411 3202 eo
1448 3146 1653 3219 Agilus
1691 3148 1963 3204 Warascos

305 3218 700 3275 ab'erroribus
730 3234 1027 3273 revocasse
1057 3218 1354 3273 dicuntur.

376 3290 490 3358 (57)
508 3288 801 3360 Reliquiae
834 3287 1591 3360 S.Waldebertiiliactenus
1624 3289 1683 3343 in
1715 3288 1964 3345 ecclesia

306 3359 652 3431 Luxoviensi
672 3358 973 3425 coluntur,
989 3363 1166 3431 caput
1194 3358 1446 3431 quidem!
1468 3358 1526 3412 in
1548 3364 1823 3431 argentea
1842 3361 1963 3415 efﬁ-

304 3430 417 3504 gie,
452 3429 686 3503 reliquae
732 3431 993 3503 corporis
1052 3429 1248 3503 partes
1297 3430 1356 3484 in
1409 3429 1578 3485 theca
1618 3429 1685 3485 ex
1716 3437 1960 3503 argento

2073 3149 2448 3213 deaurato,ut
2467 3165 2565 3220 me
2589 3149 2953 3220 monuitjam
2977 3150 3256 3209 laudatus
3275 3154 3341 3209 Β.
3363 3155 3423 3210 Ρ.
3444 3155 3743 3212 Constan-

2072 3221 2235 3274 tinus
2252 3219 2496 3274 Gravelli
2509 3237 2595 3282 us,
2612 3220 2703 3274 cui
2724 3219 3045 3290 plurimum
3065 3223 3123 3276 in
3143 3223 3236 3277 his
3253 3225 3745 3284 adnotationibus

2072 3291 2374 3365 debemus.
2486 3290 2839 3365 Waldeberti
2869 3292 3178 3365 translatio
3213 3295 3432 3365 (forsan
3464 3296 3745 3364 elevatio)

2072 3361 2309 3417 Luxovii
2333 3362 2659 3418 celebratur
2687 3362 2820 3418 Maii
2853 3364 2946 3419 die
2980 3366 3065 3430 16,
3094 3363 3178 3420 uti
3222 3361 3283 3421 et
3332 3367 3434 3423 SS.
3473 3361 3745 3426 Eustasii

2072 3437 2130 3487 et
2161 3431 2532 3488 Columbani.

2071 3437 2130 3487 et
2161 3434 2532 3489 Columbani.

303 3606 3735 3674 ω

1621 3786 1782 3833 ANNO
1826 3786 2044 3834 DOMINI
2088 3788 2421 3834 DCCCCXCIV

991 3947 1856 4108 SANCTUS
1987 3951 3064 4113 AYMARDUS

1563 4205 1790 4261 ABBAS
1831 4204 2349 4264 CLUNIACENSIS
2390 4208 2466 4264 III

782 4453 1165 4518 VETERUM
1194 4454 1296 4515 DE
1328 4456 1391 4517 S.
1427 4454 1817 4519 AYMARDO
1850 4458 2163 4519 ABBATE
2193 4458 2714 4521 CLUNIACENSI
2760 4460 3250 4523 TBSTIMONIA

1255 4614 1359 4683 (Ex
1386 4614 1717 4672 Bibliotheca
1752 4614 2125 4682 Cluniacensi,
2157 4617 2363 4673 edente
2395 4618 2461 4673 D.
2497 4617 2784 4689 Marrier.)

1113 4916 1135 4973 Ι

428 5007 484 5063 S.
521 5006 676 5063 0dilo
706 5005 872 5062 abbas
905 4958 1283 5062 Cluniabensis
1318 5008 1377 5061 in
1411 5007 1525 5062 Vita
1552 5006 1607 5062 S.
1643 5006 1827 5064 Μαίοιί

856 5076 1269 5148 ρνέινάεοεεδονίδ
1296 5080 1405 5133 sui.

374 5181 519 5257 Huic
534 5182 765 5257 (Qdoni)
783 5183 1073 5257 successit
1085 5183 1270 5257 felicis
1285 5185 1577 5257 memoriae
1596 5185 1961 5257 Iieymardus

301 5253 560 5325 nomine,
592 5254 775 5309 beata:
823 5253 1220 5325 simplicitatis
1278 5260 1335 5309 et
1388 5253 1733 5312 innocentia:
1781 5256 1957 5312 ﬁlius.

301 5323 406 5380 Hic
439 5324 496 5378 in
546 5323 1022 5398 augmentatiope
1050 5325 1445 5398 praadiorum.
1472 5331 1531 5380 et
1556 5327 1961 5398 acquisitiono

301 5395 648 5466 temporalis
670 5395 963 5451 commodi
996 5395 1140 5450 adeo
1163 5397 1466 5451 studiosus
1489 5396 1598 5451 l'uit
1613 5395 1750 5451 et‘in
1771 5399 1963 5453 obser-

298 5466 529 5539 vatione
557 5466 701 5522 satis
732 5467 996 5539 devotus.
1017 5466 1121 5539 Hie
1142 5466 1595 5539 etamissionem
1620 5469 1961 5539 temporalis

301 5536 567 5611 luminis,
599 5541 657 5591 et
685 5536 973 5611 quidquid
1006 5536 1115 5591 sibi
1149 5536 1519 5611 adversitatis
1562 5536 1839 5611 accidere
1860 5557 1957 5611 po-

300 5607 891 5681 tuit,absqueiomnji
943 5607 1408 5681 murmuratione
1458 5612 1514 5681 et
1558 5607 1959 5681 indignatione

306 5677 738 5752 patientissime
769 5677 921 5735 tulit.
943 5678 1045 5734 Hic
1079 5677 1294 5733 etenim
1323 5678 1408 5735 vir
1439 5680 1510 5737 ob
1543 5677 1819 5737 meritum
1853 5699 1949 5755 pa-

1991 4907 2039 4973 D
2072 4903 2309 4980 tientia),
2344 4903 2631 4980 simplicis
2665 4909 2721 4959 et
2749 4904 3079 4962 innocentis
3108 4908 3432 4980 vitaa,tanto
3456 4905 3678 4980 talique
3698 4924 3731 4963 a

2072 4974 2301 5030 Christo
2350 4974 2710 5051 ditatusest
2757 4993 3019 5051 munere,
3054 4981 3119 5033 ut
3168 4979 3299 5051 ejus
3344 4974 3607 5051 tempore
3657 4980 3727 5051 ad

2074 5062 2332 5101 amorem
2368 5046 2678 5103 monastici
2711 5049 2935 5103 ordinis
2962 5046 3259 5104 auctorem
3283 5046 3494 5105 nostra}
3516 5050 3728 5107 salutis

2072 5116 2313 5174 beatum
2347 5117 2626 5175 Maiolum
2659 5119 2935 5193 dignatus
2956 5125 3047 5177 est
3075 5136 3390 5177 accersere.

2870 5240 2939 5297 ll.

2252 5348 2445 5404 Glabcr
2477 5347 2782 5421 Rodolphus
2814 5349 2910 5405 lib.
2946 5367 3006 5405 ιιι
3029 5351 3306 5417 Historia;
3340 5367 3457 5422 cap.
3491 5352 3548 5406 5.

2144 5471 2280 5525 Post
2310 5471 2531 5527 Odonis
2560 5471 2787 5527 obitum
2811 5474 3095 5529 successit
3116 5474 3463 5529 Heimardus
3485 5474 3575 5528 vir
3594 5475 3727 5530 sim-

2070 5541 2200 5615 plex
2225 5541 2284 5596 in
2316 5543 2501 5615 ipsius
2533 5542 2749 5608 locum,
2783 5544 2903 5615 qui,
2940 5545 3075 5600 licet
3118 5563 3233 5600 non
3275 5546 3417 5601 adeo
3456 5545 3739 5601 famosis»

2071 5612 2279 5737 situlus,
2328 5612 2616 5685 regularis
2671 5612 2867 5670 tamen
2923 5617 3302 5673 observantia:
3363 5634 3478 5673 non
3537 5616 3725 5689 impar

2071 5700 2173 5737 cus
2205 5702 2290 5737 os.

2070 5700 2290 5740 CUSIOS.
