3906 6364
128 424 241 489 709

1362 418 1715 486 ELOGIUM
1763 421 2272 487 HISTORICUM.

3410 417 3530 483 740

140 636 3535 683 Μ

1447 803 1518 840 ΛΝ
1528 800 1601 840 ΝΟ
1640 801 1847 841 DOMINI
1887 800 2210 840 DCCCCXCIV.

1096 966 1785 1125 SANCTUS
1880 964 2567 1166 MAIOLUS

1200 1203 1450 1295 Aeuss
1493 1233 2051 1297 CLUNIACENSIS
2097 1235 2468 1305 QUARTUS

845 1563 1199 1655 SANCTI
1264 1564 1608 1657 MAIOLI
1675 1564 2120 1656 ELOGIUM
2182 1563 2828 1654 HISTORICUM.

1185 1771 1369 1841 (Apud
1405 1769 1624 1825 Mabill.
1660 1771 1803 1837 Acta,
1835 1769 2040 1825 Steculi
2074 1769 2137 1836 ν,
2173 1785 2304 1841 pag.
2337 1770 2487 1839 760.)

317 2085 356 2139 Ι.
390 2086 519 2157 Ejus
550 2087 682 2140 rita:
711 2086 998 2155 scriptores
1024 2085 1243 2155 ejusque
1275 2083 1600 2137 luwlatorca

202 2174 341 2229 LEa
368 2179 459 2229 est
486 2173 812 2245 primorum
844 2171 1315 2227 Cluniacensium
1342 2172 1619 2225 abbatum
1643 2171 1786 2226 cele-

141 2260 306 2317 britas
333 2267 390 2317 et
422 2262 711 2317 factorum
736 2260 1014 2332 gleria,ut
1043 2276 1400 2332 quamquam
1437 2261 1505 2314 de
1527 2260 1643 2313 illis
1667 2261 1787 2331 plu-

141 2367 221 2405 res
250 2352 615 2423 scripserunt
652 2354 940 2415 auctores,
973 2366 1040 2403 ea
1070 2353 1265 2403 tamen
1316 2366 1418 2403 nec
1469 2365 1571 2419 pro
1603 2348 1789 2419 digni-

141 2442 244 2493 tate
272 2439 591 2512 explicent,
646 2456 751 2493 nec
801 2455 904 2510 pro
954 2437 1132 2503 votis.
1156 2438 1392 2493 nostris.
1428 2439 1790 2509 Quapropter

143 2529 282 2598 quod
312 2531 369 2584 in
400 2533 611 2586 sancto
643 2528 841 2583 Odone
877 2527 1005 2598 jam
1056 2527 1380 2599 prmstitum
1413 2532 1499 2582 est
1532 2543 1565 2582 a
1594 2526 1786 2593 nobis,

141 2615 278 2672 idem
305 2619 486 2673 etiam
519 2617 577 2671 in
613 2615 826 2671 Maiolo
850 2615 1101 2688 aliisque
1124 2616 1354 2671 duobus
1385 2614 1787 2687 subsequenti-

141 2704 261 2776 bus,
292 2705 542 2762 Odilonc
592 2704 818 2761 scilicet
868 2709 1043 2777 atque
1093 2702 1353 2775 Ilugone,
1389 2705 1786 2777 praestandum

142 2799 238 2862 est,
270 2812 339 2850 ue
368 2812 576 2851 eorum
609 2794 954 2849 memoriam
997 2793 1321 2865 neglexisse
1378 2793 1699 2859 videamus,
1736 2794 1784 2848 si

143 2896 256 2937 eam
298 2883 559 2957 segniter
608 2882 989 2938 illustrcmus.
1025 2882 1103 2937 De
1154 2881 1365 2938 Maiolo
1397 2882 1633 2953 quidem
1659 2883 1785 2952 jam

146 2970 315 3029 multa
344 2972 678 3029 retulerunt
708 2971 849 3027 socii
874 2971 1240 3026 Bollandiani
1270 2971 1328 3026 in
1353 2971 1488 3026 Maii
1511 2975 1669 3026 torno
1688 2971 1784 3036 III,

145 3060 206 3115 ab
234 3062 487 3135 antiquis
519 3061 863 3116 auctoribus
894 3064 1162 3132 accepta;
1219 3061 1319 3115 sed
1370 3058 1557 3114 multa
1602 3060 1671 3114 de
1721 3076 1787 3113 co

148 3147 374 3207 dicenda
404 3155 635 3207 restant
681 3166 749 3205 ex
797 3149 1049 3205 archivis
1106 3148 1615 3220 Cluniacensibus,
1648 3165 1788 3220 quo-

148 3254 264 3293 rum
292 3240 524 3313 copiam
555 3238 770 3295 habere
800 3239 971 3294 nobis
1004 3237 1187 3293 licuit.

205 3331 255 3383 2.
284 3330 423 3386 Tres
480 3345 623 3384 vero
680 3327 876 3384 Maioli
941 3344 1233 3400 prcecones
1288 3328 1456 3382 nobis
1513 3326 1789 3381 exhibent

150 3413 736 3489 Bollandiani,nempe
766 3416 1095 3489 Nalgodum
1123 3432 1297 3487 quem
1320 3414 1513 3471 Maioli
1538 3415 1789 3486 discipu-

149 3501 255 3560 lum
284 3512 519 3578 putant,
554 3523 622 3562 ac
653 3505 856 3578 prima:
906 3505 1048 3561 Vita:
1098 3505 1476 3577 scriptorem;
1524 3503 1737 3560 alteros
1771 3520 1783 3558 :

150 3593 336 3666 Syrum
368 3602 426 3653 et
451 3595 870 3663 Aldebaldum,
901 3595 1101 3649 itidem
1136 3611 1375 3657 cozevos,
1410 3595 1507 3665 qui
1550 3593 1790 3664 conjun-

149 3683 244 3739 ctis
262 3686 471 3742 studiis
508 3685 753 3741 alteram
776 3685 847 3739 de
869 3683 1080 3740 Maiolo
1103 3683 1570 3738 lucubrationem
1596 3681 1794 3737 condi-

151 3769 373 3843 derunt;
409 3774 656 3831 tertium
687 3776 958 3829 sanctum
991 3772 1323 3837 Odilonem,
1376 3770 1570 3826 Maioli
1603 3772 1662 3826 in
1697 3770 1793 3825 ab-

151 3858 330 3917 batiali
359 3863 650 3937 dignitate
683 3878 1103 3917 successorem.
1140 3862 1217 3916 De
1248 3860 1341 3915 his
1370 3859 1647 3914 omnibus
1696 3858 1789 3913 hic

154 3946 204 4003 in
234 3949 425 4007 limine
457 3952 779 4025 agendum,
814 3956 1128 4022 antequam
1161 3948 1408 4004 ulterius
1458 3947 1790 4020 progredia-

156 4052 290 4094 mur.

214 4126 262 4186 3.
295 4128 524 4186 Primus
556 4127 750 4183 Maioli
782 4127 1173 4185 encomiastes
1203 4127 1440 4183 omnino
1464 4124 1793 4181 censendus

156 4217 414 4290 estSyrus
428 4217 961 4288 monachus,cujus
974 4233 1182 4289 puram
1197 4223 1400 4287 putam
1415 4214 1792 4286 scriptionem

156 4316 216 4358 ex
240 4308 555 4363 ms.codice
586 4306 776 4362 sancti
809 4305 1097 4362 Martialis
1128 4304 1383 4360 ecclesia:
1414 4303 1572 4376 apud
1596 4305 1795 4358 Lemo-

155 4391 295 4450 vices
323 4397 663 4468 accepimus
712 4412 746 4450 a
793 4400 994 4450 nostro
1027 4394 1192 4450 Petro
1241 4392 1475 4460 Trellio,
1510 4409 1628 4447 una
1656 4407 1793 4447 cum

158 4480 381 4551 epistola
409 4485 542 4559 Syri
574 4485 647 4540 ad
676 4488 946 4541 sanctum
996 4483 1303 4539 Odilonem
1350 4481 1621 4539 abbatem
1652 4480 1794 4535 Vitae

158 4572 388 4641 pristim,
404 4574 464 4629 in
496 4591 617 4646 qua
645 4573 782 4629 facti
813 4573 906 4628 sui
939 4573 1224 4628 rationem
1255 4571 1445 4627 reddit
1475 4570 1797 4626 auctor.Ait

159 4658 353 4731 quippe
380 4662 438 4717 id
469 4662 665 4735 operis
697 4679 732 4717 a
770 4678 830 4718 se
875 4666 1218 4732 susceptum
1267 4660 1447 4716 fuisse
1499 4659 1798 4730 flagitante

164 4743 421 4806 Wamerio
469 4759 679 4807 sancta?
732 4750 1125 4807 recordationis
1172 4748 1481 4816 monacho,
1514 4749 1613 4820 qui
1656 4748 1797 4820 Syro

1818 3461 1865 3525 B

1810 2089 1864 2152 Α
1895 2084 2158 2154 quantum
2194 2101 2306 2138 nou
2343 2084 2687 2151 necessaria,
2724 2084 2939 2156 quibus
2988 2086 3112 2158 Syri
3146 2086 3541 2142 narrationem

1897 2172 2189 2226 illustrare
2222 2178 2396 2244 atque
2427 2178 2767 2229 connectere
2797 2173 2907 2227 sibi
2937 2174 3099 2229 visus
3127 2179 3236 2231 est.
3271 2176 3414 2231 Rem
3446 2192 3541 2230 ex-

1897 2261 2071 2332 plicat
2104 2261 2482 2316 Reimhaldus
2544 2262 2888 2327 monachus,
2940 2262 3041 2334 qui
3091 2264 3262 2320 breve
3309 2282 3545 2321 carmen

1896 2349 2196 2404 communi
2241 2349 2375 2404 huic
2407 2350 2534 2423 Syri
2565 2354 2617 2405 et
2648 2350 2951 2406 Aldebaldi
3000 2352 3298 2426 scriptioni
3332 2371 3547 2426 praepo-

1896 2439 2036 2505 suit,
2070 2456 2136 2493 ex
2168 2438 2384 2510 quibus
2412 2438 2533 2493 haec
2566 2440 2777 2507 referre
2807 2458 2919 2495 non
2954 2440 3027 2495 ab
3059 2457 3118 2496 re
3151 2442 3325 2497 fuerit
3356 2458 3370 2496 :

1960 2546 2111 2593 llune
2142 2546 2232 2594 ubi
2261 2546 2529 2606 gravisum
2559 2544 2671 2595 fore
2700 2546 2966 2596 credimus
2996 2547 3480 2607 arctiimngistrum,

1956 2607 2118 2669 Cujus
2149 2609 2204 2656 in
2236 2607 2336 2655 hoc
2369 2622 2532 2670 parvo
2562 2610 2864 2658 retinentur
2890 2613 3037 2669 gesta
3067 2609 3244 2658 libello

1960 2672 2147 2733 Pauca.
2178 2670 2326 2719 velut.
2354 2671 2518 2733 patris
2546 2673 2703 2720 ﬂores
2725 2676 3019 2733 carpuntur
3046 2672 3273 2721 amoenis
3302 2688 3315 2721 :

1964 2732 2040 2782 Ad
2071 2732 2264 2781 Christi
2294 2732 2507 2781 laudem
2537 2747 2656 2795 qum
2690 2732 3071 2782 Warenuerius
3099 2739 3277 2783 autem

1960 2795 2016 2842 lu
2047 2796 2251 2843 cunctis
2284 2795 2412 2843 Vita:
2444 2795 2741 2843 monachus
2772 2795 2998 2844 nimium
3030 2796 3340 2845 reverenda}

1961 2857 2227 2921 Persuasit
2253 2858 2452 2905 domno
2483 2857 2707 2921 supplex
2736 2858 2904 2907 multa
2931 2858 3250 2921 preceSyro

1958 2919 2196 2967 Scribere
2226 2919 2497 2967 communi
2528 2924 2841 2968 cunctorum
2871 2919 3253 2981 commoditati,

1959 2982 2032 3028 Ne
2064 2980 2228 3044 patris
2257 2981 2390 3029 tanti
2418 2986 2640 3043 possent
2666 2982 2755 3044 pia
2782 2981 2922 3031 facta
2950 2982 3191 3031 recondi.

1958 3044 2054 3101 Qui
2085 3045 2302 3092 tandem
2334 3044 2585 3106 precibus
2615 3047 2669 3092 et
2698 3058 2879 3093 amore
2909 3044 2991 3093 sui
3020 3050 3318 3107 superatus,

1960 3107 2171 3155 Discere
2201 3119 2327 3170 quas
2353 3106 2527 3170 potuit
2554 3106 2915 3170 narrantibus,
2947 3106 3105 3170 edere
3134 3109 3316 3170 coepit.

1956 3167 2543 3232 Tegmina‘sedg’carnis
2567 3168 2785 3232 solvens
2810 3183 2906 3232 per
2933 3169 3113 3219 debita
3139 3167 3347 3220 mortis.

1959 3230 2069 3279 Ηοέ
2098 3230 2519 3295 οῃιξεγθξὶωἰιιω
2550 3231 2753 3295 dimisit
2779 3230 3211 3295 semiperactum,

1958 3295 2081 3342 Mox
2114 3293 2438 3357 Aldebaldus
2467 3293 2613 3357 quod
2642 3293 3234 3357 supplevit'studiosus;

1957 3357 2205 3429 gongrua
2236 3356 2581 3429 s_ubnectens,
2594 3361 2662 3415 et,
2678 3356 2968 3429 ut_’asp_ieis,
2983 3358 3169 3429 ordine
3192 3356 3453 3429 Iiungens.

1956 3420 2142 3467 Certus
2172 3419 2228 3466 in
2256 3418 2357 3466 hac
2387 3432 2552 3482 opera
2580 3419 2779 3468 meruit
2797 3418 2899 3468 sibi
2929 3420 3150 3483 praemia
3177 3418 3362 3482 digna.

1969 3506 2081 3561 Sed
2114 3510 2179 3561 ut
2206 3504 2497 3578 intelligat
2525 3504 2724 3575 lector,
2747 3507 2904 3578 quod
2927 3507 3098 3578 cujus
3126 3507 3225 3576 sit,
3257 3511 3443 3563 totam
3476 3508 3547 3563 de

1899 3593 2107 3650 Maiolo
2139 3594 2534 3649 narrationem
2557 3594 2744 3650 tribus
2776 3593 2942 3650 libris
2974 3593 3311 3666 complexus
3331 3600 3421 3651 est
3450 3597 3548 3668 Sy-

1900 3701 2019 3750 rus,
2051 3687 2116 3738 ut
2139 3700 2205 3739 eo
2237 3687 2496 3755 tempore
2528 3683 2802 3750 disertus,
2837 3682 3136 3738 nonnullis
3184 3684 3548 3740 carminibus

1898 3773 2036 3828 hinc
2067 3772 2200 3827 inde
2233 3770 2548 3827 narrationi
2582 3770 3197 3827 inscrtis.Aldebaldus
3215 3789 3349 3827 vero
3371 3789 3550 3829 suum

1900 3861 2152 3933 singulis
2183 3860 2348 3915 libris
2382 3859 2689 3932 prologum
2711 3860 2951 3931 aptavit,
2974 3860 3237 3917 carmina
3261 3860 3466 3916 multis
3489 3861 3547 3916 in

1900 3950 2042 4006 locis
2072 3950 2323 4022 adjecit;
2357 3949 2457 4004 sed
2491 3948 2719 4004 nullum
2769 3950 2987 4005 factum
3032 3948 3234 4005 retulit
3280 3950 3353 4005 ab
3406 3950 3550 4022 Syro

1902 4038 2503 4112 prmtermissummisi
2537 4039 2695 4109 quod
2723 4037 2888 4094 initio
2912 4038 3044 4094 libri
3068 4038 3242 4110 primi
3275 4040 3554 4095 narratio-

1902 4144 2038 4183 nem
2063 4127 2324 4183 instituit
2345 4126 2415 4183 de
2437 4128 2861 4183 Saracenorum
2886 4127 3271 4199 impressione
3294 4129 3351 4182 in
3368 4144 3555 4183 emno-

1904 4216 2069 4273 bium
2109 4215 2439 4282 Lerinensc,
2472 4232 2599 4288 quae
2630 4217 2702 4272 ad
2736 4215 2929 4272 Maioli
2956 4217 3109 4272 facta
3136 4216 3280 4272 nihil
3304 4216 3553 4289 pertine-

1904 4306 2424 4363 bat.Communem
2447 4304 2609 4361 illam
2641 4306 2768 4377 Syri
2790 4310 2848 4360 et
2868 4304 3170 4361 Aldebaldi
3201 4304 3555 4361 lucubratio-

1905 4411 2037 4450 nem
2072 4395 2384 4450 ediderunt
2411 4393 2553 4449 socii
2586 4392 3154 4449 Bollandiani.Nobis
3186 4410 3393 4464 puram
3424 4394 3553 4466 Syri

1904 4482 2283 4553 Scriptionem
2316 4482 2411 4538 hic
2440 4485 2851 4553 repraesentare
2896 4480 3089 4535 visum
3139 4484 3248 4549 est,
3281 4496 3388 4535 suo
3424 4479 3553 4536 loco

1905 4571 2224 4627 referendis
2257 4571 2328 4626 iis
2360 4588 2486 4641 qua:
2537 4571 2607 4624 de
2638 4568 2801 4624 clade
2852 4568 3150 4624 Lerinensi
3196 4567 3552 4626 Aldebaldus

1906 4658 2232 4730 explicavit.

1978 4751 2030 4804 4.
2065 4749 2144 4805 De
2171 4748 2488 4805 Aldebaldo
2534 4753 2706 4820 atque
2757 4746 3083 4814 Warnerio,
3129 4747 3300 4819 cujus
3347 4751 3553 4822 rogatu

162 4833 324 4891 misso
353 4837 410 4893 in
447 4838 675 4894 Italiam
710 4844 844 4893 ante
877 4839 1197 4910 perfectum
1221 4838 1522 4908 opus,ipse
1543 4836 1600 4890 in
1623 4835 1792 4891 Alsa-
1823 4830 1866 4895 C
1906 4841 2087 4912 Syrus
2120 4840 2279 4911 operi
2313 4854 2554 4892 manum
2588 4836 2868 4904 admovit,
2919 4835 3065 4890 nihil
3116 4836 3389 4909 legimus,
3441 4836 3554 4892 nisi

162 4921 288 4979 tiam
320 4926 597 4993 directus,
631 4945 780 5000 opus
812 4928 1221 4998 imperfectum
1262 4926 1556 4981 detulerit.
1594 4926 1797 4980 Postea

162 5023 279 5066 vero
307 5019 536 5071 mortuo
564 5016 894 5084 Warnerio,
929 5033 1064 5070 cum
1112 5032 1261 5086 opus
1309 5015 1486 5080 istud,
1519 5013 1689 5084 quale
1725 5014 1795 5068 ab

162 5092 275 5167 ipso
320 5102 585 5160 relictum
636 5104 844 5171 fuerat,
878 5102 1044 5159 Odilo
1078 5106 1137 5158 in
1182 5103 1513 5159 Morbacensi
1559 5102 1797 5157 coenobio

164 5185 270 5252 (ubi
310 5190 501 5248 forsan
561 5198 829 5249 mortuus
876 5192 1241 5264 Warnerius)
1291 5191 1620 5264 reperisset,
1654 5191 1798 5262 Syro

163 5271 494 5337 demandata
524 5298 664 5337 cura
685 5287 750 5338 ut
772 5282 828 5337 id
853 5282 1181 5355 perﬁceret;
1216 5281 1371 5352 quod
1406 5281 1529 5352 ipse
1561 5279 1797 5334 tandem

165 5369 453 5425 Exsecutus
502 5374 615 5436 est,
666 5388 783 5427 non
833 5387 902 5426 eo
952 5374 1151 5426 tamen
1196 5371 1391 5437 modo,
1424 5374 1490 5424 ut
1535 5369 1799 5423 numeris

167 5454 421 5513 omnibus
454 5458 793 5515 absolutum
826 5458 957 5514 aliis
987 5459 1180 5515 visum
1202 5458 1670 5531 siLQuapropter
1689 5461 1801 5513 sta-

140 5537 258 5595 tim
286 5550 413 5614 post
438 5547 566 5619 Syri
595 5548 822 5604 obitum
853 5548 1208 5604 Aldebaldus
1253 5564 1590 5619 supremam
1641 5546 1799 5618 operi

168 5641 389 5688 manum
419 5633 721 5707 imponere
741 5653 1055 5709 aggressus
1077 5639 1261 5692 est.At
1284 5653 1422 5692 sane
1451 5653 1576 5707 qua:
1600 5636 1650 5691 is
1668 5652 1800 5707 sup-

168 5714 347 5791 plevit,
381 5729 626 5785 ornatus
657 5726 976 5784 admodum
1006 5726 1190 5783 vicem
1223 5729 1517 5799 praestant,
1554 5723 1663 5783 hoc
1713 5729 1802 5783 est

1907 4930 2061 5000 quod
2076 4926 2449 4982 Warnerium
2464 4930 2691 4997 oportet
2708 4925 2889 4981 fuisse
2905 4925 3260 4981 monachum
3279 4925 3558 4999 religione

1907 5017 2216 5082 celebrem,
2253 5020 2447 5086 utpote
2477 5032 2652 5087 quem
2701 5022 2902 5091 sanctae
2949 5014 3336 5072 recordationis
3366 5014 3557 5071 virum

1907 5106 2108 5178 Syrus,
2139 5109 2195 5159 et
2225 5103 2609 5160 Raimbaldus
2637 5104 2963 5160 monachum
2994 5106 3129 5161 Vita:
3147 5106 3388 5160 nimium
3415 5122 3561 5161 reve-

1906 5194 2095 5251 rendao
2122 5192 2396 5266 appellat.
2428 5193 2509 5249 De
2536 5193 2678 5265 Syro
2719 5192 2776 5248 id
2826 5209 3010 5248 unum
3062 5192 3368 5261 discimus,
3403 5195 3558 5265 quod

1909 5280 2201 5339 Iotsaldus
2240 5282 2321 5354 (in
2375 5281 2549 5337 editis
2608 5282 2885 5337 mendose
2943 5283 3245 5353 Lotsaldus)
3293 5283 3353 5338 in
3399 5283 3560 5339 Actis

1909 5372 2094 5429 sancti
2120 5370 2383 5428 Odilonis
2401 5370 2510 5425 sub
2530 5370 2706 5426 ﬁnem
2724 5375 3013 5427 memorat
3029 5372 3185 5444 apud
3211 5371 3559 5428 Bollandum

1907 5461 1967 5516 in
2001 5461 2121 5516 htBC
2152 5461 2327 5516 verba
2362 5454 2631 5515 .«Verum
2664 5458 2919 5532 plurima
2940 5476 3068 5532 qua:
3099 5460 3158 5514 in
3192 5460 3382 5532 prima
3401 5459 3559 5516 fonte

1910 5551 2176 5606 dicturus
2207 5566 2361 5618 sum,
2384 5550 2509 5621 ipse
2531 5566 2646 5604 non
2677 5548 2827 5617 vidi;
2860 5549 2962 5605 sed
2993 5548 3224 5603 duobus
3254 5546 3559 5603 monachis

1910 5638 2232 5709 ejus,Petro
2264 5637 2529 5694 videlicet
2558 5637 2898 5693 monasterii
2930 5637 3118 5692 sancti
3151 5635 3366 5702 Maioli,
3401 5634 3555 5706 quod

1911 5726 2066 5802 apud
2097 5726 2335 5802 Papiam
2366 5731 2474 5796 est,
2506 5726 2833 5801 praeposito,
2857 5724 2977 5782 viro
3007 5723 3230 5781 scilicet
3259 5721 3553 5796 religioso,
