3906 6362
154 410 276 469 713

1421 408 1710 467 ΕΜ)ῦίῐῖ
1717 407 1772 467 Μ
1820 406 2327 469 HISTORICUM.

3464 409 3590 469 πμ

156 543 488 617 diligentia,
521 542 617 615 qui
654 545 927 615 parentes
958 557 1185 608 eorum,
1218 557 1470 613 quorum
1524 542 1677 595 facta
1722 540 1820 594 de-
1852 539 1908 606 Α
1938 540 2048 595 dus
2109 541 2390 613 Ilegensis
2439 539 2747 613 episcopus
2798 538 3026 597 Odiloni
3084 538 3282 595 abbati
3342 541 3591 599 remittit

157 632 414 689 scribere
444 630 1005 698 volebant,intactos
1041 631 1389 702 praateriere.
1414 628 1578 684 Unus
1627 633 1822 682 tamen

155 737 224 777 ex
256 718 453 776 Maioli
486 719 855 793 przeconibus
876 717 1042 773 Odilo
1075 718 1134 773 in
1159 718 1273 773 {inc
1305 718 1477 790 elogii
1511 716 1623 784 sui,
1653 714 1821 788 quasi

159 810 421 877 fortuito,
447 807 643 865 Maioli
678 811 903 880 patrem
938 805 1308 862 Folcherium
1342 806 1626 874 nominat,
1657 821 1821 860 eum-

156 884 289 972 que.
320 900 557 953 militem
581 881 877 968 appellat.
912 918 939 946 ‹‹
975 896 1107 951 Fuit
1154 897 1359 951 eodem
1405 899 1688 966 tempore,
1720 893 1820 962 ait,

159 988 401 1060 quidam
435 985 606 1063 miles
638 986 697 1040 in
724 984 837 1040 illis
869 984 1157 1056 partibus,
1192 985 1429 1040 nomine
1465 983 1818 1048 Folcherius,

159 1076 216 1130 iu
236 1076 421 1131 armis
444 1075 846 1144 stenuus,jure
884 1073 1246 1128 bwreditario
1277 1074 1617 1143 cretcrisque
1653 1071 1822 1125 bonis

160 1169 215 1219 et
261 1163 482 1219 divitiis
531 1162 886 1230 ditissimus,
923 1168 977 1216 et
1031 1166 1119 1233 (ut
1167 1163 1236 1217 de
1282 1162 1650 1217 nobilissima
1694 1162 1823 1230 ejus

158 1253 319 1326 prole
351 1254 634 1324 diximue)
668 1270 737 1307 ex
772 1256 1020 1324 utroque
1052 1256 1292 1324 parente
1340 1250 1576 1323 gemina
1608 1249 1821 1304 nubili—

159 1348 276 1399 tate
306 1359 621 1410 coruscus;
656 1341 743 1396 vir
773 1340 969 1413 magni
1016 1339 1266 1409 consilii,
1298 1339 1603 1412 prudentis
1653 1356 1821 1409 saga-

159 1432 361 1505 cisquc
392 1430 819 1505 ingenii,pater
836 1429 1103 1485 videlicet
1134 1429 1307 1485 istius
1338 1428 1700 1485 sanctissimi
1726 1429 1825 1483 Pa-

156 1520 264 1576 tris
313 1519 526 1588 nostri,
558 1518 629 1574 de
680 1534 795 1591 quo
854 1516 1174 1591 loquimur,
1209 1517 1428 1573 Maioli.
1465 1539 1492 1568 »
1535 1516 1821 1574 Eumdem

158 1609 333 1665 etiam
367 1606 742 1664 Fulcherium
776 1607 1044 1663 nominat
1068 1607 1321 1679 epitome
1344 1607 1501 1663 edita
1533 1606 1592 1662 in
1615 1623 1827 1679 appen-

161 1698 285 1754 diee
314 1696 685 1753 bibliothecm
716 1695 1139 1753 Cluniacensis.

228 1788 316 1843 10.
345 1786 567 1842 Verum
602 1786 712 1841 etsi
746 1786 897 1842 hanc
930 1783 1161 1841 Odiloni
1201 1786 1449 1857 gratiam
1502 1803 1614 1841 non
1648 1784 1823 1840 habe-

1933 630 2199 700 qumdam
2254 646 2460 689 annua
2504 628 2718 696 debita,
2759 645 2886 700 quas
2940 626 3268 684 Valentiola
3317 628 3590 703 episcopo

1932 719 2183 789 pendere
2234 717 2475 775 solebat.
2509 718 2666 775 Inter
2722 718 3137 773 Cluniacenses
3196 716 3475 776 ecclesias
3522 734 3592 775 ex

1934 806 2233 862 Provincia
2257 811 2589 863 recensetur
2610 805 2667 861 in
2691 805 3045 862 bibliotheca
3059 806 3428 863 Cluniacensi
3453 830 3479 858 ‹‹
3499 809 3592 864 de-

1931 900 2179 951 canatus
2212 897 2281 950 de
2297 894 2649 950 Valensoliis
2668 896 2934 951 Reiensis
2957 894 3245 965 dimcesis,
3260 897 3358 952 ubi
3379 897 3592 952 debent

1931 1001 2057 1037 esse
2088 986 2308 1039 decano
2341 988 2678 1056 computata
2711 984 2968 1056 quinque
3018 982 3309 1052 monachi,
3335 988 3392 1040 et
3437 1003 3591 1040 unus

1932 1074 2238 1144 presbyter
2294 1072 2731 1143 commensalis,
2780 1076 2839 1127 et
2898 1073 3111 1128 debent
3172 1072 3249 1127 ibi
3312 1072 3589 1129 celebrari

1913 1161 2193 1232 quotidie
2219 1163 2346 1215 dum
2372 1163 2586 1216 missa).

2008 1251 2092 1304 11.
2128 1252 2207 1305 Ex
2240 1250 2473 1305 archivo
2506 1250 2874 1305 Cluniacensi
2912 1269 3025 1305 non
3059 1250 3249 1305 solum
3304 1250 3595 1308 discimus

1934 1338 2124 1393 Maioli
2158 1339 2344 1411 patris
2378 1356 2609 1406 nomen,
2645 1340 2744 1393 sed
2778 1339 2955 1393 etiam
2987 1340 3115 1411 ejus
3145 1339 3234 1397 avi
3264 1357 3331 1394 ac
3372 1341 3588 1398 fratris:

1933 1444 2185 1499 quorum
2210 1427 2459 1483 alterum
2488 1427 2692 1482 itidem
2727 1426 3121 1496 Fulcherium,
3151 1427 3401 1484 alterum
3432 1429 3593 1502 Cyri-

1933 1533 2071 1571 cum
2105 1516 2328 1572 dictum
2363 1516 2545 1571 fuisse
2592 1515 2727 1572 inde
2781 1514 3194 1589 intelligimus.
3230 1516 3293 1575 Id
3341 1520 3499 1589 patet
3527 1533 3595 1574 ex

1936 1604 2130 1661 Maioli
2164 1606 2369 1661 etlarta
2408 1606 2680 1677 344,qum
2719 1605 3025 1678 prmstaria
3050 1610 3139 1662 est
3168 1604 3411 1662 Arnulfo
3442 1607 3595 1679 epis-

1935 1712 2077 1767 copo
2109 1694 2308 1749 Atensi
2343 1710 2375 1749 a
2426 1692 2635 1749 Maiolo
2682 1694 2856 1762 facta,
2890 1694 2963 1749 de‘
3010 1693 3367 1766 quibusdam
3419 1694 3595 1752 rebus

1936 1783 2183 1838 cmnobii
2242 1781 2663 1849 Cluniacensis,
2708 1781 2838 1839 sitis
2895 1782 2954 1837 in
3014 1799 3163 1855 pago
3218 1783 3441 1840 Atensi.
3477 1784 3593 1841 Has

138 1893 379 1943 ,rcmus,
399 1874 702 1948 integrum
737 1875 905 1930 nobis
934 1873 1223 1930 Fulcherii
1260 1892 1469 1930 nomen
1496 1879 1827 1929 servassent
1856 1909 1904 1974 Β
1938 1872 2162 1927 litteras
2191 1871 2305 1926 huc
2340 1871 2599 1942 integras
2630 1871 2842 1927 referre
2858 1872 3042 1942 juvat.

162 1963 372 2020 tabulae
405 1962 845 2030 Cluniacenscs,
880 1963 937 2017 in
972 1964 1189 2037 quibus
1220 1980 1333 2018 non
1367 1963 1546 2018 semel
1590 1962 1825 2035 legitur.

163 2071 262 2109 nec
285 2070 401 2108 non
427 2051 720 2109 Fulcherii
745 2050 1126 2127 amplissimae.
1157 2052 1666 2123 donationes,qua2
1691 2068 1824 2106 eum

158 2160 226 2212 ex
254 2142 545 2216 locuplete
583 2140 808 2197 familia
837 2145 1033 2197 ortum
1074 2140 1256 2196 fuisse
1307 2141 1731 2196 demonstrant.
1763 2140 1824 2196 In

164 2231 367 2309 primis
400 2229 749 2288 Fulcherius
764 2228 1041 2285 Cluniaco
1065 2230 1242 2284 donat
1264 2252 1292 2278 ‹‹
1311 2228 1548 2286 alodum
1569 2246 1744 2311 suum
1767 2228 1827 2284 in

165 2337 307 2393 pago
340 2318 618 2393 Regensi,
651 2317 712 2374 in
744 2318 1027 2375 comitatu
1060 2318 1257 2374 Atensi
1297 2317 1466 2375 villas
1485 2321 1825 2376 Ausnanam

164 2415 220 2464 et
248 2408 650 2477 Serulionem;
684 2412 741 2463 et
772 2407 832 2463 in
864 2406 1150 2463 comitatu
1184 2409 1454 2479 Aquense
1484 2406 1681 2462 villam
1715 2406 1829 2463 Re-

167 2499 422 2569 glanam,
442 2498 584 2553 item
614 2495 816 2552 viilam
834 2496 1104 2552 Pinetum
1136 2512 1270 2551 cum
1294 2497 1423 2569 ejus
1444 2495 1690 2550 ecclesia
1719 2496 1829 2551 sub

169 2587 336 2643 titulo
383 2586 577 2642 sancti
630 2585 884 2653 Sill‘redi,
915 2584 1055 2640 item
1096 2584 1156 2640 in
1205 2586 1410 2640 eadem
1455 2584 1600 2640 valle
1630 2584 1829 2639 villam

172 2675 477 2745 Paludem;
507 2679 566 2731 et
596 2674 656 2729 in
686 2673 950 2730 comitati
983 2673 1463 2730 Secustironense
1492 2673 1828 2729 Alairacum

172 2780 298 2820 cum
330 2762 585 2820 ecclesia
604 2762 795 2818 sancti
827 2762 1159 2834 Petri,item
1190 2762 1387 2818 villam
1409 2762 1827 2831 Adducellum;

174 2859 226 2921 et
242 2855 298 2909 in
321 2853 610 2909 comitatu
634 2853 895 2925 Regense
914 2850 1112 2906 villam
1124 2852 1407 2907 Abiacum
1430 2870 1563 2907 cum
1588 2851 1833 2907 ecclesia

175 2947 380 2999 sancta:
413 2941 640 3011 Marim,
669 2940 867 2996 villam
901 2938 1262 3010 Pauliacum,
1286 2940 1673 2996 Valentiolam
1696 2958 1831 2995 cum

177 3032 415 3087 ecclesia
449 3029 638 3086 sancti
684 3028 943 3096 Maximi,
976 3028 1282 3085 ecclesiam
1328 3033 1386 3085 et
1416 3029 1612 3085 villam
1645 3030 1831 3085 sancti

177 3118 581 3192 Tyrsi,villam
622 3122 681 3173 et
711 3116 1017 3173 ecclesiam
1048 3118 1234 3173 sancti
1268 3118 1549 3190 Stephani
1581 3119 1651 3173 de
1683 3119 1832 3173 Mar-

176 3209 499 3281 gis,villam
534 3210 592 3263 et
623 3205 931 3262 ecclesiam
964 3207 1418 3262 sanctiJoannis
1443 3208 1514 3261 do
1534 3208 1749 3275 Ardas;
1774 3207 1833 3261 in

2012 1984 2037 2011 ‹‹
2076 1960 2137 2015 In
2188 1960 2426 2015 nomine
2480 1959 2831 2015 Domini.....
2876 1961 2993 2032 Ego
3056 1960 3306 2017 Maiolus
3365 1962 3592 2019 favente

1936 2049 2150 2106 Christi
2174 2049 2483 2104 clementia
2509 2046 2843 2104 Cluniensis
2872 2048 3120 2104 cmnobii
3152 2049 3356 2105 abbas.
3376 2050 3594 2106 Notum

1939 2139 2061 2194 ﬁeri
2109 2138 2381 2193 volumus
2422 2137 2700 2193 omnibus
2752 2137 3024 2193 fidelibus
3073 2136 3441 2205 Christianis,
3474 2144 3595 2213 tam

1938 2226 2326 2299 prmsentibus
2379 2243 2559 2299 quam
2618 2225 3092 2295 succedentibus,
3126 2227 3285 2298 quod
3343 2229 3597 2285 domnus

1936 2316 2218 2373 Arnulfus
2248 2316 2560 2388 episcopus
2590 2315 2825 2373 Atensis
2858 2320 3122 2374 nostram
3170 2315 3596 2389 expostulando

1940 2404 2083 2459 adiit
2112 2404 2503 2477 prmsentiam,
2537 2408 2829 2477 quatenus
2876 2403 2928 2460 ei
2980 2404 3435 2461 concederemus
3472 2404 3598 2462 loco

1940 2493 2213 2567 precaria:
2233 2494 2625 2566 resquasdam
2640 2492 2798 2565 juris
2814 2498 3151 2549 sanctorum
3174 2493 3597 2567 apostolorum,

1942 2582 2090 2638 Petri
2129 2581 2397 2637 videlicet
2418 2587 2474 2637 et
2497 2581 2680 2650 Pauli,
2698 2583 3020 2654 supradicti
3046 2582 3293 2638 cmnobii
3323 2582 3597 2639 Clunien-

1940 2671 2024 2727 sis
2056 2670 2339 2743 inqnisita
2380 2670 2577 2743 itaque
2618 2670 2917 2726 voluntate
2947 2671 3195 2727 fratrum
3236 2675 3595 2741 nostrorum,

1940 2760 2142 2833 eisque
2175 2758 2598 2815 rationabiliter
2626 2776 2934 2815 assensum
2965 2759 3383 2831 prmbentibus,
3405 2760 3599 2816 decre—

1940 2848 2131 2903 vimus
2163 2846 2450 2919 prmlibati
2483 2847 2683 2902 domni
2712 2846 2967 2920 episcopi
3000 2847 3271 2919 precibus
3299 2847 3595 2920 obtempe-

1942 2953 2088 2992 rare.
2111 2936 2496 2992 Concedimus
2527 2937 2724 3008 itaque
2753 2937 2942 2991 cidem
2973 2936 3189 2993 domno
3219 2935 3461 2992 Arnulfo
3482 2936 3599 3009 epi-

1943 3042 2119 3098 SCOpo
2151 3029 2325 3097 atque
2367 3024 2804 3096 consanguineo
2855 3025 3121 3097 ejusdem
3171 3025 3474 3092 Teoberto,
3504 3042 3597 3082 res

1945 3113 2166 3170 sanctis
2192 3112 2473 3186 apostolis
2505 3114 2669 3168 Petro
2699 3118 2757 3168 et
2788 3113 2963 3169 Paulo
3005 3114 3249 3183 dicatas,
3283 3130 3409 3187 qua:
3461 3118 3600 3171 sunt

1943 3203 2005 3259 in
2038 3220 2185 3275 pago
2227 3202 2429 3258 Atensi
2478 3202 2622 3269 sitaz,
2658 3202 2717 3257 in
2765 3202 2903 3257 villa
2950 3203 3285 3273 Lausnana,
3310 3208 3368 3259 et
3398 3202 3458 3258 in
3485 3202 3600 3259 alia

177 3276 315 3353 valle
347 3295 601 3354 Mixenis
618 3294 894 3351 ecclesias
918 3295 1105 3352 sancti
1134 3295 1437 3367 Stephani,
1462 3296 1649 3351 sancti
1684 3296 1835 3351 Mar-
1868 3276 1911 3342 ί]
1943 3292 2102 3361 villa,
2136 3309 2315 3365 quam
2345 3294 2554 3346 vocant
2583 3290 2985 3363 Soldo,usque
3017 3291 3076 3347 in
3118 3295 3377 3347 montem
3409 3291 3601 3347 Clava~

178 3384 510 3456 tini,sancti
551 3384 882 3452 Petri,item
915 3383 1113 3439 villam
1153 3383 1445 3451 Fabricas,
1470 3384 1666 3440 villam
1699 3385 1837 3440 Nar-

180 3475 409 3543 bonam,
424 3491 565 3531 cum
588 3472 876 3540 ecclesiis,
892 3473 1232 3546 Fagentiam
1255 3490 1390 3528 cum
1413 3472 1678 3541 ecclesia,
1694 3473 1834 3528 Dra-

179 3567 520 3636 gonianum,
540 3562 739 3619 villam
769 3565 1046 3631 Arcus,ct
1072 3562 1447 3617 medietatem
1479 3560 1839 3617 Centumcla—

180 3653 261 3709 vis
312 3652 509 3722 vallis,
560 3651 730 3708 villas
781 3652 1082 3719 Locatum,
1126 3651 1478 3724 Surigerias,
1529 3650 1837 3707 ecclesiam

182 3742 354 3799 beata:
402 3740 905 3810 Marim,Bonolas
962 3739 1184 3811 villam,
1218 3762 1246 3790 ››
1283 3741 1481 3795 omnia
1530 3740 1651 3795 haec
1700 3756 1838 3795 cum

183 3830 543 3903 appendiciis
574 3830 721 3887 suis.
745 3831 880 3897 Quas
911 3828 1128 3885 idcirco
1168 3828 1508 3884 minutatim
1557 3828 1751 3898 retuli,
1777 3832 1842 3883 ut

184 3924 454 3993 appareat
488 3935 669 3993 quam
700 3917 909 3992 amplae
940 3917 1156 3973 fuerint
1180 3916 1467 3974 Fulcherii
1493 3916 1837 3973 facultates:

181 4008 392 4079 quibus
424 4009 489 4063 in
521 4006 666 4065 locis
692 4006 1063 4080 sitae,nempe
1085 4006 1142 4061 in
1167 4006 1333 4079 pagis
1359 4005 1840 4079 Regcnsi,Atensi

184 4113 281 4152 seu
300 4096 843 4171 Aptensi,Aquensi
862 4099 921 4153 et
943 4094 1446 4165 Secustironensi;
1470 4100 1597 4151 tum
1620 4099 1845 4166 quanta

186 4185 307 4256 ejus
338 4185 750 4243 munificentia
778 4184 838 4239 in
881 4183 1009 4240 loca
1055 4200 1243 4252 saera,
1279 4201 1345 4240 ac
1370 4185 1630 4253 demum,
1666 4201 1844 4256 quam

186 4274 281 4331 illo
302 4275 623 4332 mvolaicis
662 4274 951 4330 familiare
995 4274 1171 4330 fuerit
1218 4273 1498 4346 plebanas
1548 4274 1847 4346 possidere

190 4364 482 4435 ecclesias,
517 4379 737 4436 easque
787 4362 1162 4418 monasteriis
1207 4363 1434 4419 tradere
1469 4378 1481 4416 :
1516 4363 1671 4434 quod
1720 4378 1846 4417 sex-

1946 3383 2203 3449 niacum,
2238 3385 2297 3435 et
2317 3381 2377 3435 in
2410 3380 2522 3435 alio
2553 3380 2699 3449 loco,
2735 3380 2835 3435 ubi
2868 3380 3083 3435 dicitur
3111 3379 3404 3449 Trabalio,
3438 3384 3496 3437 et
3544 3378 3603 3436 in

1947 3470 2062 3526 alia
2091 3468 2229 3524 villa
2259 3486 2386 3540 qua:
2416 3474 2656 3523 vocatur
2685 3469 2922 3536 Bassus,
2958 3473 3015 3524 et
3047 3468 3106 3523 in
3138 3467 3252 3523 alia
3294 3467 3434 3524 villa
3474 3485 3604 3540 quae

1947 3557 2164 3613 dicitur
2191 3555 2439 3628 Siciago,
2460 3560 2517 3611 et
2547 3557 2607 3611 in
2639 3556 2753 3611 alia
2779 3555 2917 3610 villa
2947 3573 3074 3633 qua;
3121 3555 3336 3610 dicitur
3379 3555 3604 3612 Borcio.

1947 3652 2004 3702 et
2031 3646 2092 3701 in
2122 3645 2240 3701 alia
2270 3661 2397 3716 quae
2428 3643 2644 3698 dicitur
2673 3643 3013 3709 Soricarias,
3047 3647 3104 3698 et
3132 3642 3192 3697 in
3222 3641 3336 3699 alia
3358 3660 3486 3715 qua:
3516 3643 3605 3698 di-

1948 3736 2100 3792 citur
2129 3732 2389 3800 Leocola,
2415 3736 2471 3788 et
2499 3731 2559 3786 in
2581 3731 2697 3793 alia
2725 3748 2853 3803 qua:
2886 3731 3103 3787 dicitur
3131 3729 3387 3799 Valle,et
3408 3731 3605 3807 ipsum

1950 3824 2184 3881 alodum
2207 3837 2382 3894 quem
2415 3838 2556 3879 avus
2578 3837 2746 3877 meus
2769 3819 3117 3877 Fulcherius
3146 3821 3505 3893 comparavit
3535 3821 3609 3876 de

1950 3911 2263 3979 Bernardo,
2286 3914 2341 3965 et
2370 3911 2431 3966 in
2463 3910 2579 3965 alia
2605 3909 2744 3965 villa
2773 3925 2900 3981 quae
2919 3913 3157 3965 vocatur
3185 3908 3457 3975 Jocadas,
3471 3912 3527 3966 et
3547 3909 3607 3964 in

1953 4002 2065 4059 alia
2095 4018 2220 4072 quae
2248 4003 2488 4056 vocatur
2517 3997 2801 4069 Cariaras,
2836 4002 2892 4053 et
2937 3997 2997 4053 in
3043 3996 3157 4053 alia
3204 4014 3331 4070 qua:
3370 4000 3611 4054 vocatur

1953 4090 2232 4148 Serulius.
2268 4090 2385 4145 Ista
2417 4088 2617 4146 omnia
2648 4087 2791 4143 mihi
2832 4092 2890 4144 et
2940 4087 3102 4144 fratri
3136 4104 3264 4149 meo
3314 4087 3514 4161 Cyrico
3541 4104 3611 4143 ex

1954 4178 2327 4237 successione
2356 4182 2693 4234 nostrorum
2727 4180 3037 4250 parentum
3059 4177 3229 4234 nobis
3249 4179 3568 4235 evenerunt
3592 4193 3606 4231 :

1956 4286 2063 4327 nos
2100 4284 2256 4340 vero,
2305 4284 2410 4341 ego
2458 4266 2725 4323 videlicet
2772 4265 3041 4334 Maiolus,
3084 4265 3307 4337 praefati
3365 4263 3611 4322 emnobii

1960 4356 2294 4415 Cluniensis
2326 4356 2531 4423 abbas,
2565 4358 2622 4411 et
2648 4354 2962 4426 praedictus
2986 4355 3163 4411 frater
3190 4368 3358 4411 meus
3390 4371 3494 4425 pro
3515 4369 3607 4408 re-

192 4455 370 4511 centis
394 4451 683 4525 exemplis
713 4453 988 4525 (quorum
1013 4450 1199 4507 multa
1222 4451 1281 4506 in
1302 4451 1702 4522 superioribus
1722 4451 1851 4505 Ber-
1960 4446 2155 4502 medio
2187 4444 2520 4500 animarum
2551 4447 2908 4510 nostrarum,
2934 4446 3384 4513 nostrorumque
3413 4458 3613 4513 paren-

196 4543 379 4611 nonis,
415 4542 642 4598 Odonis
671 4545 729 4597 et
756 4540 1055 4614 Aymardi,
1089 4538 1295 4613 elogiis
1316 4539 1592 4609 vidimus)
1618 4538 1849 4611 probari

1958 4540 2087 4592 tum
2138 4531 2523 4603 omniumque
2569 4529 2831 4585 ﬁdelium
2882 4528 3511 4597 Christianorum,Deo
3559 4532 3617 4584 et

197 4636 400 4703 potest.
426 4633 554 4698 Quo
584 4647 739 4685 anno
771 4630 925 4685 facta
945 4629 1023 4684 sit
1042 4628 1165 4683 hazc
1189 4627 1478 4683 Fulcherii
1519 4627 1849 4694 donatio,in
1886 4642 1934 4708 Ι)
1966 4623 2184 4680 sanctis
2214 4623 2343 4691 ejus
2389 4619 2667 4691 apostolis
2698 4619 2862 4708 Petro
2908 4623 2965 4674 et
3012 4617 3186 4708 Paulo
3229 4617 3287 4708 in
3338 4615 3615 4708 Clu‘niaco

198 4719 391 4775 charta
425 4737 546 4775 non
579 4718 930 4791 exprimitur
962 4733 975 4771 :
1009 4721 1069 4771 at
1097 4721 1322 4771 certum
1358 4721 1446 4771 est
1477 4733 1605 4771 eam
1641 4716 1853 4771 factam
1892 4706 1915 4708 γ
1967 4706 3197 4779 cmnobiotradidimus.0mniaitaquejam
3220 4706 3616 4762 denominatis

199 4823 317 4863 esse
345 4808 513 4881 prius
553 4824 731 4879 quam
774 4805 1022 4861 Maiolus
1054 4804 1264 4860 saeculo
1296 4804 1571 4859 nuntium
1604 4804 1850 4871 remisit,
1964 4801 2119 4858 villis
2151 4797 2535 4870 conjacentia,
2552 4796 2668 4852 sive
2692 4801 2978 4868 quantum
3011 4813 3154 4851 avus
3186 4812 3354 4852 meus
3384 4795 3623 4852 Fulche~

199 4896 408 4968 quippe
439 4913 557 4950 non
590 4894 705 4949 nisi
730 4894 981 4950 mortuis
1010 4893 1354 4966 parentibus
1383 4891 1725 4947 Cluniacum
1762 4909 1852 4947 se-
1964 4891 2087 4945 rius
2116 4893 2172 4944 et
2205 4887 2431 4961 genitor
2460 4903 2626 4941 meus
2656 4886 2918 4956 ejusdem
2952 4885 3207 4941 nominis
3239 4885 3297 4940 in
3339 4885 3621 4941 comitatu

203 4985 392 5050 cessit,
412 4989 481 5041 ut
513 4988 715 5056 postea
738 4999 1118 5055 exponemus.
1141 4982 1205 5036 In
1235 4998 1305 5036 ea
1334 4998 1503 5053 porro
1543 4982 1854 5036 donatione
1968 4978 2167 5034 Atensi
2216 4982 2476 5042 tenuere,
2506 4973 2593 5028 vel
2651 4973 3039 5045 conquisiere,
3093 4977 3285 5029 totum
3344 4972 3621 5047 prmdicto

205 5073 414 5128 mentio
438 5073 504 5128 ﬁt
526 5074 598 5127 de
623 5070 959 5127 Valentiolaa
990 5071 1325 5137 traditione,
1351 5087 1527 5142 quam
1553 5070 1856 5127 Boueheus
1968 5067 2241 5140 episcopo
2255 5070 2311 5119 et
2324 5066 2452 5137 ejus
2470 5061 2903 5134 consanguineo
2920 5063 3205 5118 Teoberto
3222 5062 3618 5129 concedimus,

206 5161 397 5217 retulit
415 5162 491 5217 ad
508 5176 735 5217 annum
749 5160 877 5228 990,
894 5176 1143 5231 eamque
1161 5177 1195 5214 a
1215 5158 1530 5214 comitibus
1546 5158 1857 5215 Provinciw
1967 5156 2026 5211 in
2062 5173 2129 5211 ea
2149 5154 2373 5210 scilicet
2404 5153 2626 5207 ratione
2659 5152 2923 5206 tradente
2952 5152 3169 5207 domno
3210 5152 3483 5225 episcopo
3531 5166 3625 5206 res

206 5247 475 5306 Cluniaco
506 5248 766 5321 primum
799 5248 1014 5304 factam
1050 5248 1296 5320 putavit.
1332 5247 1393 5301 In
1428 5247 1622 5303 Maioll
1644 5248 1868 5304 charta—
1974 5262 2133 5313 suas,
2159 5261 2285 5315 quae
2316 5245 2453 5296 sunt
2482 5240 2605 5295 sita:
2626 5240 2687 5294 in
2711 5256 2861 5324 pago
2881 5239 2970 5296 vel
2999 5240 3282 5299 comitatu
3312 5239 3532 5309 Atensi,
3564 5238 3627 5293 in

209 5338 288 5393 rio
315 5339 530 5411 legitur
559 5340 619 5394 in
655 5337 859 5393 charta
887 5342 1051 5393 sexta
1081 5336 1381 5406 Willelmi,
1408 5337 1546 5392 data
1589 5343 1867 5409 regnante
1976 5334 2116 5389 villa
2146 5334 2475 5397 Lausnana,
2494 5330 2611 5385 Deo
2642 5333 2698 5384 et
2717 5329 2940 5385 sanctis
2972 5330 3102 5401 ejus
3133 5329 3415 5402 apostolis
3462 5329 3628 5385 Petro

211 5423 467 5482 Conrado
497 5424 1030 5499 rege,Willelmum
1065 5424 1263 5496 ipsum
1287 5426 1538 5480 donasse
1567 5423 1869 5483 Cluniensi
1981 5428 2038 5479 et
2060 5422 2239 5479 Paulo
2269 5422 2328 5476 in
2361 5418 2660 5492 prmlibato
2701 5418 2964 5474 cmuobio
3010 5418 3330 5486 Cluniensi,
3360 5434 3426 5474 eo
3472 5416 3632 5473 vide-

213 5516 559 5573 monasterio
606 5519 666 5571 et
723 5513 937 5571 Maiolo
994 5513 1192 5569 abbati
1243 5530 1311 5568 ex
1362 5513 1537 5568 rebus
1569 5529 1715 5584 quas
1746 5514 1871 5585 ipse
1990 5512 2127 5567 licet
2157 5516 2376 5576 tenore,
2397 5513 2463 5563 ut
2492 5507 2753 5579 quandiu
2786 5507 2912 5579 ipse
2933 5506 3243 5579 episcopus
3262 5511 3321 5565 et
3341 5507 3467 5577 ejus
3497 5521 3633 5577 con-

214 5600 452 5661 Maiolus
482 5604 666 5660 abbas
697 5608 754 5658 et
784 5601 1130 5658 Clunienses
1161 5602 1369 5657 fratres
1400 5602 1450 5656 ei
1485 5601 1557 5655 ad
1580 5601 1759 5657 vitam
1781 5603 1876 5658 de—
1989 5597 2353 5670 sanguineus
2372 5595 2640 5663 vixerint,
2672 5598 2909 5652 teneant
2935 5598 2992 5649 et
3020 5595 3448 5665 possideant,et
3465 5591 3634 5648 festi-

216 5688 431 5762 derant,
462 5692 663 5749 villam
692 5689 1110 5748 Valentiolam.
1133 5690 1271 5746 Post
1301 5686 1583 5747 Maiolum
1611 5689 1873 5751 Almera-
1986 5688 2167 5746 vitate
2193 5687 2253 5745 S.
2287 5684 2523 5744 Martini
2553 5684 2613 5742 in
2640 5700 2819 5743 censu
2850 5681 3067 5742 solidos
3096 5682 3359 5759 quinque
3386 5679 3460 5737 ad
3497 5676 3632 5756 Clu;

533 5819 804 5883 Parnm.
847 5816 1196 5884 CXXXVII.
3206 5804 3288 5871 93
