  <div class='ocr_page' id='page_1' title='image "/cluster/home/n/w/nwhite01/storage/ocr_20150623/136-137/uc1.31175019686917/1039.png"; bbox 0 0 3906 6366; ppageno 0'>
   <div class='ocr_carea' id='block_1_1' title="bbox 317 412 437 480">
    <p class='ocr_par' dir='ltr' id='par_1_1' title="bbox 317 412 437 480">
     <span class='ocr_line' id='line_1_1' title="bbox 317 412 437 480; baseline -0.017 0"><span class='ocrx_word' id='word_1_1' title='bbox 317 412 437 480; x_wconf 75' lang='grc'>’715</span> 
     </span>
    </p>
   </div>
   <div class='ocr_carea' id='block_1_2' title="bbox 1445 408 2612 478">
    <p class='ocr_par' dir='ltr' id='par_1_2' title="bbox 1445 408 2612 478">
     <span class='ocr_line' id='line_1_2' title="bbox 1445 408 2612 478; baseline -0.005 0"><span class='ocrx_word' id='word_1_2' title='bbox 1445 417 1508 478; x_wconf 90' lang='lat' dir='ltr'>S.</span> <span class='ocrx_word' id='word_1_3' title='bbox 1557 415 1832 478; x_wconf 84' lang='lat' dir='ltr'>MAIOLI</span> <span class='ocrx_word' id='word_1_4' title='bbox 1875 408 2210 476; x_wconf 82' lang='lat' dir='ltr'>ABBATIS</span> <span class='ocrx_word' id='word_1_5' title='bbox 2256 411 2612 476; x_wconf 85' lang='lat' dir='ltr'>CLUNIAC.</span> 
     </span>
    </p>
   </div>
   <div class='ocr_carea' id='block_1_3' title="bbox 3637 411 3779 475">
    <p class='ocr_par' dir='ltr' id='par_1_3' title="bbox 3637 411 3779 475">
     <span class='ocr_line' id='line_1_3' title="bbox 3637 411 3779 475; baseline 0.007 -1"><span class='ocrx_word' id='word_1_6' title='bbox 3637 411 3779 475; x_wconf 81' lang='grc'><strong>’116</strong></span> 
     </span>
    </p>
   </div>
   <div class='ocr_carea' id='block_1_4' title="bbox 319 546 3778 623">
    <p class='ocr_par' dir='ltr' id='par_1_4' title="bbox 319 546 3778 623">
     <span class='ocr_line' id='line_1_4' title="bbox 319 546 3778 623; baseline -0.002 -14"><span class='ocrx_word' id='word_1_7' title='bbox 319 554 555 609; x_wconf 89' lang='lat' dir='ltr'>niacum</span> <span class='ocrx_word' id='word_1_8' title='bbox 588 548 921 623; x_wconf 82' lang='lat' dir='ltr'>persolvant</span> <span class='ocrx_word' id='word_1_9' title='bbox 954 567 967 605; x_wconf 91' lang='lat'>:</span> <span class='ocrx_word' id='word_1_10' title='bbox 1002 555 1132 622; x_wconf 89' lang='lat' dir='ltr'>post</span> <span class='ocrx_word' id='word_1_11' title='bbox 1163 551 1389 606; x_wconf 90' lang='lat' dir='ltr'>obitum</span> <span class='ocrx_word' id='word_1_12' title='bbox 1419 565 1552 605; x_wconf 84' lang='lat' dir='ltr'>vero</span> <span class='ocrx_word' id='word_1_13' title='bbox 1586 553 1972 620; x_wconf 87' lang='lat' dir='ltr'>utrorumque</span> <span class='ocrx_word' id='word_1_14' title='bbox 2001 548 2058 614; x_wconf 76' lang='grc' dir='ltr'><strong>Α</strong></span> <span class='ocrx_word' id='word_1_15' title='bbox 2092 563 2276 602; x_wconf 90' lang='lat' dir='ltr'>annos</span> <span class='ocrx_word' id='word_1_16' title='bbox 2308 563 2443 601; x_wconf 90' lang='lat' dir='ltr'>cum</span> <span class='ocrx_word' id='word_1_17' title='bbox 2467 546 2723 602; x_wconf 85' lang='lat' dir='ltr'>maxime</span> <span class='ocrx_word' id='word_1_18' title='bbox 2749 546 3110 602; x_wconf 76' lang='lat' dir='ltr'>Lombardize</span> <span class='ocrx_word' id='word_1_19' title='bbox 3142 549 3200 602; x_wconf 92' lang='lat' dir='ltr'>et</span> <span class='ocrx_word' id='word_1_20' title='bbox 3230 547 3544 603; x_wconf 77' lang='lat' dir='ltr'>Provinciae</span> <span class='ocrx_word' id='word_1_21' title='bbox 3569 548 3778 602; x_wconf 83' lang='lat' dir='ltr'>detri-</span> 
     </span>
    </p>
   </div>
   <div class='ocr_carea' id='block_1_5' title="bbox 319 637 1973 710">
    <p class='ocr_par' dir='ltr' id='par_1_5' title="bbox 319 637 1973 710">
     <span class='ocr_line' id='line_1_5' title="bbox 319 637 1973 710; baseline -0.003 -13"><span class='ocrx_word' id='word_1_22' title='bbox 319 658 412 698; x_wconf 91' lang='lat' dir='ltr'>res</span> <span class='ocrx_word' id='word_1_23' title='bbox 433 657 638 696; x_wconf 90' lang='lat' dir='ltr'>omnes</span> <span class='ocrx_word' id='word_1_24' title='bbox 671 655 850 710; x_wconf 81' lang='lat' dir='ltr'>supra</span> <span class='ocrx_word' id='word_1_25' title='bbox 871 639 1098 710; x_wconf 72' lang='lat' dir='ltr'>scripta:</span> <span class='ocrx_word' id='word_1_26' title='bbox 1121 655 1258 694; x_wconf 90' lang='lat' dir='ltr'>cum</span> <span class='ocrx_word' id='word_1_27' title='bbox 1282 638 1442 694; x_wconf 89' lang='lat' dir='ltr'>omni</span> <span class='ocrx_word' id='word_1_28' title='bbox 1465 637 1870 694; x_wconf 89' lang='lat' dir='ltr'>melioratione</span> <span class='ocrx_word' id='word_1_29' title='bbox 1901 638 1973 693; x_wconf 89' lang='lat' dir='ltr'>ad</span> 
     </span>
    </p>
   </div>
   <div class='ocr_carea' id='block_1_6' title="bbox 317 725 1974 802">
    <p class='ocr_par' dir='ltr' id='par_1_6' title="bbox 317 725 1974 802">
     <span class='ocr_line' id='line_1_6' title="bbox 317 725 1974 802; baseline -0.002 -18"><span class='ocrx_word' id='word_1_30' title='bbox 317 729 624 802; x_wconf 67' lang='lat' dir='ltr'>prtefatum</span> <span class='ocrx_word' id='word_1_31' title='bbox 657 725 972 782; x_wconf 88' lang='lat' dir='ltr'>Cluniense</span> <span class='ocrx_word' id='word_1_32' title='bbox 997 727 1330 782; x_wconf 74' lang='lat' dir='ltr'>cmnobium</span> <span class='ocrx_word' id='word_1_33' title='bbox 1362 727 1583 798; x_wconf 81' lang='lat' dir='ltr'>absque</span> <span class='ocrx_word' id='word_1_34' title='bbox 1612 725 1793 782; x_wconf 89' lang='lat' dir='ltr'>ullius</span> <span class='ocrx_word' id='word_1_35' title='bbox 1837 744 1974 782; x_wconf 87' lang='lat' dir='ltr'>con-</span> 
     </span>
    </p>
   </div>
   <div class='ocr_carea' id='block_1_7' title="bbox 316 812 1976 886">
    <p class='ocr_par' dir='ltr' id='par_1_7' title="bbox 316 812 1976 886">
     <span class='ocr_line' id='line_1_7' title="bbox 316 812 1976 886; baseline -0.002 -14"><span class='ocrx_word' id='word_1_36' title='bbox 316 815 663 872; x_wconf 85' lang='lat' dir='ltr'>tradictione</span> <span class='ocrx_word' id='word_1_37' title='bbox 697 815 1060 886; x_wconf 72' lang='lat' dir='ltr'>proveniant.</span> <span class='ocrx_word' id='word_1_38' title='bbox 1081 814 1154 870; x_wconf 91' lang='lat' dir='ltr'>Ut</span> <span class='ocrx_word' id='word_1_39' title='bbox 1180 832 1314 870; x_wconf 82' lang='lat' dir='ltr'>vero</span> <span class='ocrx_word' id='word_1_40' title='bbox 1336 812 1598 885; x_wconf 90' lang='lat' dir='ltr'>precaria</span> <span class='ocrx_word' id='word_1_41' title='bbox 1616 813 1730 868; x_wconf 89' lang='lat' dir='ltr'>ista</span> <span class='ocrx_word' id='word_1_42' title='bbox 1750 813 1976 868; x_wconf 86' lang='lat' dir='ltr'>illibata</span> 
     </span>
    </p>
   </div>
   <div class='ocr_carea' id='block_1_8' title="bbox 315 902 1974 975">
    <p class='ocr_par' dir='ltr' id='par_1_8' title="bbox 315 902 1974 975">
     <span class='ocr_line' id='line_1_8' title="bbox 315 902 1974 975; baseline -0.002 -16"><span class='ocrx_word' id='word_1_43' title='bbox 315 902 786 975; x_wconf 88' lang='lat' dir='ltr'>inviolabilisque</span> <span class='ocrx_word' id='word_1_44' title='bbox 847 919 1019 958; x_wconf 91' lang='lat' dir='ltr'>omne</span> <span class='ocrx_word' id='word_1_45' title='bbox 1077 907 1340 974; x_wconf 89' lang='lat' dir='ltr'>tempore</span> <span class='ocrx_word' id='word_1_46' title='bbox 1399 907 1757 974; x_wconf 80' lang='lat' dir='ltr'>permaneat,</span> <span class='ocrx_word' id='word_1_47' title='bbox 1793 919 1974 957; x_wconf 89' lang='lat' dir='ltr'>manu</span> 
     </span>
    </p>
   </div>
   <div class='ocr_carea' id='block_1_9' title="bbox 316 991 1976 1059">
    <p class='ocr_par' dir='ltr' id='par_1_9' title="bbox 316 991 1976 1059">
     <span class='ocr_line' id='line_1_9' title="bbox 316 991 1976 1059; baseline -0.003 -10"><span class='ocrx_word' id='word_1_48' title='bbox 316 996 518 1049; x_wconf 89' lang='lat' dir='ltr'>nostra</span> <span class='ocrx_word' id='word_1_49' title='bbox 545 991 1005 1059; x_wconf 85' lang='lat' dir='ltr'>ﬁrmavimus,et</span> <span class='ocrx_word' id='word_1_50' title='bbox 1037 991 1317 1047; x_wconf 78' lang='lat' dir='ltr'>fratribus</span> <span class='ocrx_word' id='word_1_51' title='bbox 1343 991 1562 1046; x_wconf 82' lang='lat' dir='ltr'>nostris</span> <span class='ocrx_word' id='word_1_52' title='bbox 1601 991 1976 1046; x_wconf 86' lang='lat' dir='ltr'>corroboran-</span> 
     </span>
    </p>
   </div>
   <div class='ocr_carea' id='block_1_10' title="bbox 316 1079 1970 1154">
    <p class='ocr_par' dir='ltr' id='par_1_10' title="bbox 316 1079 1970 1154">
     <span class='ocr_line' id='line_1_10' title="bbox 316 1079 1970 1154; baseline -0.004 -15"><span class='ocrx_word' id='word_1_53' title='bbox 316 1083 452 1138; x_wconf 91' lang='lat' dir='ltr'>dam</span> <span class='ocrx_word' id='word_1_54' title='bbox 485 1081 870 1154; x_wconf 75' lang='lat' dir='ltr'>porreximus.</span> <span class='ocrx_word' id='word_1_55' title='bbox 888 1079 1136 1136; x_wconf 88' lang='lat' dir='ltr'>Maiolus</span> <span class='ocrx_word' id='word_1_56' title='bbox 1159 1085 1431 1152; x_wconf 87' lang='lat' dir='ltr'>peccator</span> <span class='ocrx_word' id='word_1_57' title='bbox 1449 1084 1509 1136; x_wconf 88' lang='lat' dir='ltr'>et</span> <span class='ocrx_word' id='word_1_58' title='bbox 1533 1079 1778 1135; x_wconf 82' lang='lat' dir='ltr'>humilis</span> <span class='ocrx_word' id='word_1_59' title='bbox 1799 1080 1970 1147; x_wconf 83' lang='lat' dir='ltr'>abba,</span> 
     </span>
    </p>
   </div>
   <div class='ocr_carea' id='block_1_11' title="bbox 311 1169 1969 1239">
    <p class='ocr_par' dir='ltr' id='par_1_11' title="bbox 311 1169 1969 1239">
     <span class='ocr_line' id='line_1_11' title="bbox 311 1169 1969 1239; baseline -0.002 -13"><span class='ocrx_word' id='word_1_60' title='bbox 311 1170 682 1236; x_wconf 87' lang='lat' dir='ltr'>Adiblamus,</span> <span class='ocrx_word' id='word_1_61' title='bbox 697 1170 893 1239; x_wconf 85' lang='lat' dir='ltr'>Jacob,</span> <span class='ocrx_word' id='word_1_62' title='bbox 913 1169 1254 1236; x_wconf 83' lang='lat' dir='ltr'>Fulcardus,</span> <span class='ocrx_word' id='word_1_63' title='bbox 1271 1169 1624 1239; x_wconf 78' lang='lat' dir='ltr'>Stephanus,</span> <span class='ocrx_word' id='word_1_64' title='bbox 1641 1169 1920 1222; x_wconf 75' lang='lat' dir='ltr'>Andreas.</span> <span class='ocrx_word' id='word_1_65' title='bbox 1934 1213 1943 1222; x_wconf 92' lang='lat'>.</span> <span class='ocrx_word' id='word_1_66' title='bbox 1957 1212 1969 1223; x_wconf 90' lang='lat'>.</span> 
     </span>
    </p>
   </div>
   <div class='ocr_carea' id='block_1_12' title="bbox 314 1255 1971 1330">
    <p class='ocr_par' dir='ltr' id='par_1_12' title="bbox 314 1255 1971 1330">
     <span class='ocr_line' id='line_1_12' title="bbox 314 1255 1971 1330; baseline -0.002 -16"><span class='ocrx_word' id='word_1_67' title='bbox 314 1259 374 1314; x_wconf 89' lang='lat' dir='ltr'>S.</span> <span class='ocrx_word' id='word_1_68' title='bbox 426 1259 710 1326; x_wconf 90' lang='lat' dir='ltr'>Duranni,</span> <span class='ocrx_word' id='word_1_69' title='bbox 763 1258 1084 1314; x_wconf 81' lang='lat' dir='ltr'>Teoderiei.</span> <span class='ocrx_word' id='word_1_70' title='bbox 1129 1259 1246 1330; x_wconf 86' lang='lat' dir='ltr'>Ego</span> <span class='ocrx_word' id='word_1_71' title='bbox 1296 1259 1473 1317; x_wconf 82' lang='lat' dir='ltr'>frater</span> <span class='ocrx_word' id='word_1_72' title='bbox 1521 1257 1790 1313; x_wconf 83' lang='lat' dir='ltr'>Clemens</span> <span class='ocrx_word' id='word_1_73' title='bbox 1831 1255 1971 1310; x_wconf 83' lang='lat' dir='ltr'>scri-</span> 
     </span>
    </p>
   </div>
   <div class='ocr_carea' id='block_1_13' title="bbox 312 1345 1971 1420">
    <p class='ocr_par' dir='ltr' id='par_1_13' title="bbox 312 1345 1971 1420">
     <span class='ocr_line' id='line_1_13' title="bbox 312 1345 1971 1420; baseline -0.002 -17"><span class='ocrx_word' id='word_1_74' title='bbox 312 1347 425 1420; x_wconf 89' lang='lat' dir='ltr'>psi.</span> <span class='ocrx_word' id='word_1_75' title='bbox 471 1351 680 1404; x_wconf 92' lang='lat' dir='ltr'>Actum</span> <span class='ocrx_word' id='word_1_76' title='bbox 733 1349 888 1419; x_wconf 90' lang='lat' dir='ltr'>apud</span> <span class='ocrx_word' id='word_1_77' title='bbox 941 1348 1000 1402; x_wconf 93' lang='lat' dir='ltr'>S.</span> <span class='ocrx_word' id='word_1_78' title='bbox 1044 1347 1452 1413; x_wconf 74' lang='lat' dir='ltr'>Saturninum,</span> <span class='ocrx_word' id='word_1_79' title='bbox 1488 1364 1642 1402; x_wconf 89' lang='lat' dir='ltr'>anno</span> <span class='ocrx_word' id='word_1_80' title='bbox 1694 1345 1971 1401; x_wconf 81' lang='lat' dir='ltr'>vicesimo</span> 
     </span>
    </p>
   </div>
   <div class='ocr_carea' id='block_1_14' title="bbox 312 1435 1974 1510">
    <p class='ocr_par' dir='ltr' id='par_1_14' title="bbox 312 1435 1974 1510">
     <span class='ocr_line' id='line_1_14' title="bbox 312 1435 1974 1510; baseline -0.002 -18"><span class='ocrx_word' id='word_1_81' title='bbox 312 1438 485 1493; x_wconf 87' lang='lat' dir='ltr'>tertio</span> <span class='ocrx_word' id='word_1_82' title='bbox 516 1443 796 1510; x_wconf 89' lang='lat' dir='ltr'>regnante</span> <span class='ocrx_word' id='word_1_83' title='bbox 827 1437 1092 1492; x_wconf 80' lang='lat' dir='ltr'>Conrado</span> <span class='ocrx_word' id='word_1_84' title='bbox 1135 1453 1288 1509; x_wconf 86' lang='lat' dir='ltr'>rege.</span> <span class='ocrx_word' id='word_1_85' title='bbox 1325 1457 1352 1485; x_wconf 84' lang='grc'><strong>››</strong></span> <span class='ocrx_word' id='word_1_86' title='bbox 1385 1437 1468 1492; x_wconf 86' lang='lat' dir='ltr'>Ex</span> <span class='ocrx_word' id='word_1_87' title='bbox 1515 1436 1623 1490; x_wconf 86' lang='lat' dir='ltr'>hac</span> <span class='ocrx_word' id='word_1_88' title='bbox 1672 1435 1974 1507; x_wconf 67' lang='lat' dir='ltr'>praestaria</span> 
     </span>
    </p>
   </div>
   <div class='ocr_carea' id='block_1_15' title="bbox 309 1523 1971 1600">
    <p class='ocr_par' dir='ltr' id='par_1_15' title="bbox 309 1523 1971 1600">
     <span class='ocr_line' id='line_1_15' title="bbox 309 1523 1971 1600; baseline -0.001 -21"><span class='ocrx_word' id='word_1_89' title='bbox 309 1523 718 1600; x_wconf 80' lang='lat' dir='ltr'>intelligimus,</span> <span class='ocrx_word' id='word_1_90' title='bbox 753 1531 963 1598; x_wconf 65' lang='lat' dir='ltr'>praeter</span> <span class='ocrx_word' id='word_1_91' title='bbox 1010 1524 1372 1596; x_wconf 88' lang='lat' dir='ltr'>superiorem</span> <span class='ocrx_word' id='word_1_92' title='bbox 1423 1524 1714 1581; x_wconf 84' lang='lat' dir='ltr'>Fulcherii</span> <span class='ocrx_word' id='word_1_93' title='bbox 1775 1523 1971 1579; x_wconf 87' lang='lat' dir='ltr'>Maioli</span> 
     </span>
    </p>
   </div>
   <div class='ocr_carea' id='block_1_16' title="bbox 309 1611 1970 1686">
    <p class='ocr_par' dir='ltr' id='par_1_16' title="bbox 309 1611 1970 1686">
     <span class='ocr_line' id='line_1_16' title="bbox 309 1611 1970 1686; baseline -0.002 -16"><span class='ocrx_word' id='word_1_94' title='bbox 309 1613 496 1686; x_wconf 78' lang='lat' dir='ltr'>patris</span> <span class='ocrx_word' id='word_1_95' title='bbox 527 1612 1118 1681; x_wconf 89' lang='lat' dir='ltr'>donationem,aliam</span> <span class='ocrx_word' id='word_1_96' title='bbox 1148 1613 1221 1668; x_wconf 90' lang='lat' dir='ltr'>ab</span> <span class='ocrx_word' id='word_1_97' title='bbox 1253 1612 1508 1684; x_wconf 90' lang='lat' dir='ltr'>ipsemet</span> <span class='ocrx_word' id='word_1_98' title='bbox 1537 1611 1748 1667; x_wconf 88' lang='lat' dir='ltr'>Maiolo</span> <span class='ocrx_word' id='word_1_99' title='bbox 1779 1614 1836 1667; x_wconf 89' lang='lat' dir='ltr'>et</span> <span class='ocrx_word' id='word_1_100' title='bbox 1865 1611 1970 1684; x_wconf 83' lang='lat' dir='ltr'>Cy-</span> 
     </span>
    </p>
   </div>
   <div class='ocr_carea' id='block_1_17' title="bbox 308 1701 1971 1775">
    <p class='ocr_par' dir='ltr' id='par_1_17' title="bbox 308 1701 1971 1775">
     <span class='ocr_line' id='line_1_17' title="bbox 308 1701 1971 1775; baseline -0.001 -17"><span class='ocrx_word' id='word_1_101' title='bbox 308 1703 429 1760; x_wconf 90' lang='lat' dir='ltr'>rico</span> <span class='ocrx_word' id='word_1_102' title='bbox 441 1703 570 1775; x_wconf 89' lang='lat' dir='ltr'>ejus</span> <span class='ocrx_word' id='word_1_103' title='bbox 583 1703 762 1758; x_wconf 80' lang='lat' dir='ltr'>fratre</span> <span class='ocrx_word' id='word_1_104' title='bbox 784 1701 1268 1760; x_wconf 88' lang='lat' dir='ltr'>Cluniacensibus</span> <span class='ocrx_word' id='word_1_105' title='bbox 1287 1702 1501 1756; x_wconf 88' lang='lat' dir='ltr'>factam</span> <span class='ocrx_word' id='word_1_106' title='bbox 1524 1701 1596 1756; x_wconf 89' lang='lat' dir='ltr'>de</span> <span class='ocrx_word' id='word_1_107' title='bbox 1618 1701 1971 1772; x_wconf 75' lang='lat' dir='ltr'>rebus,quas</span> 
     </span>
    </p>
   </div>
   <div class='ocr_carea' id='block_1_18' title="bbox 307 1787 1969 1863">
    <p class='ocr_par' dir='ltr' id='par_1_18' title="bbox 307 1787 1969 1863">
     <span class='ocr_line' id='line_1_18' title="bbox 307 1787 1969 1863; baseline -0.001 -17"><span class='ocrx_word' id='word_1_108' title='bbox 307 1790 403 1848; x_wconf 87' lang='lat' dir='ltr'>his</span> <span class='ocrx_word' id='word_1_109' title='bbox 454 1790 666 1847; x_wconf 90' lang='lat' dir='ltr'>litteris</span> <span class='ocrx_word' id='word_1_110' title='bbox 713 1791 772 1845; x_wconf 90' lang='lat' dir='ltr'>in</span> <span class='ocrx_word' id='word_1_111' title='bbox 817 1789 1143 1863; x_wconf 85' lang='lat' dir='ltr'>precariam</span> <span class='ocrx_word' id='word_1_112' title='bbox 1193 1787 1377 1845; x_wconf 83' lang='lat' dir='ltr'>tradit</span> <span class='ocrx_word' id='word_1_113' title='bbox 1423 1787 1668 1844; x_wconf 85' lang='lat' dir='ltr'>Arnulfo</span> <span class='ocrx_word' id='word_1_114' title='bbox 1695 1788 1969 1860; x_wconf 91' lang='lat' dir='ltr'>episcopo</span> 
     </span>
    </p>
   </div>
   <div class='ocr_carea' id='block_1_19' title="bbox 305 1877 1970 1952">
    <p class='ocr_par' dir='ltr' id='par_1_19' title="bbox 305 1877 1970 1952">
     <span class='ocr_line' id='line_1_19' title="bbox 305 1877 1970 1952; baseline -0.001 -16"><span class='ocrx_word' id='word_1_115' title='bbox 305 1879 509 1936; x_wconf 86' lang='lat' dir='ltr'>Atensi</span> <span class='ocrx_word' id='word_1_116' title='bbox 545 1895 558 1935; x_wconf 91' lang='lat'>:</span> <span class='ocrx_word' id='word_1_117' title='bbox 592 1880 764 1952; x_wconf 89' lang='lat' dir='ltr'>cujus</span> <span class='ocrx_word' id='word_1_118' title='bbox 812 1879 1288 1952; x_wconf 88' lang='lat' dir='ltr'>consanguineus</span> <span class='ocrx_word' id='word_1_119' title='bbox 1337 1878 1692 1934; x_wconf 89' lang='lat' dir='ltr'>Teutbertus</span> <span class='ocrx_word' id='word_1_120' title='bbox 1750 1877 1811 1934; x_wconf 91' lang='lat' dir='ltr'>in</span> <span class='ocrx_word' id='word_1_121' title='bbox 1855 1877 1970 1935; x_wconf 91' lang='lat' dir='ltr'>alia</span> 
     </span>
    </p>
   </div>
   <div class='ocr_carea' id='block_1_20' title="bbox 308 1966 1969 2039">
    <p class='ocr_par' dir='ltr' id='par_1_20' title="bbox 308 1966 1969 2039">
     <span class='ocr_line' id='line_1_20' title="bbox 308 1966 1969 2039; baseline -0.001 -15"><span class='ocrx_word' id='word_1_122' title='bbox 308 1968 510 2025; x_wconf 89' lang='lat' dir='ltr'>charta</span> <span class='ocrx_word' id='word_1_123' title='bbox 539 1971 627 2024; x_wconf 78' lang='lat' dir='ltr'>vir</span> <span class='ocrx_word' id='word_1_124' title='bbox 654 1969 1066 2025; x_wconf 74' lang='lat' dir='ltr'>illustrissimus</span> <span class='ocrx_word' id='word_1_125' title='bbox 1088 1967 1324 2036; x_wconf 90' lang='lat' dir='ltr'>dicitur,</span> <span class='ocrx_word' id='word_1_126' title='bbox 1340 1966 1730 2039; x_wconf 86' lang='lat' dir='ltr'>laudaturque</span> <span class='ocrx_word' id='word_1_127' title='bbox 1753 1968 1969 2023; x_wconf 69' lang='lat' dir='ltr'>Rat-mo-</span> 
     </span>
    </p>
   </div>
   <div class='ocr_carea' id='block_1_21' title="bbox 306 2054 1968 2129">
    <p class='ocr_par' dir='ltr' id='par_1_21' title="bbox 306 2054 1968 2129">
     <span class='ocr_line' id='line_1_21' title="bbox 306 2054 1968 2129; baseline -0.002 -17"><span class='ocrx_word' id='word_1_128' title='bbox 306 2055 394 2114; x_wconf 80' lang='lat' dir='ltr'>dis</span> <span class='ocrx_word' id='word_1_129' title='bbox 421 2057 552 2129; x_wconf 91' lang='lat' dir='ltr'>ejus</span> <span class='ocrx_word' id='word_1_130' title='bbox 582 2073 727 2112; x_wconf 85' lang='lat' dir='ltr'>uxor</span> <span class='ocrx_word' id='word_1_131' title='bbox 755 2060 814 2112; x_wconf 91' lang='lat' dir='ltr'>et</span> <span class='ocrx_word' id='word_1_132' title='bbox 845 2055 1003 2112; x_wconf 92' lang='lat' dir='ltr'>ﬁlius</span> <span class='ocrx_word' id='word_1_133' title='bbox 1037 2057 1270 2113; x_wconf 81' lang='lat' dir='ltr'>Ulricus.</span> <span class='ocrx_word' id='word_1_134' title='bbox 1305 2056 1414 2110; x_wconf 88' lang='lat' dir='ltr'>Sed</span> <span class='ocrx_word' id='word_1_135' title='bbox 1447 2058 1505 2111; x_wconf 92' lang='lat' dir='ltr'>et</span> <span class='ocrx_word' id='word_1_136' title='bbox 1535 2054 1680 2110; x_wconf 89' lang='lat' dir='ltr'>alias</span> <span class='ocrx_word' id='word_1_137' title='bbox 1724 2072 1815 2110; x_wconf 89' lang='lat' dir='ltr'>res</span> <span class='ocrx_word' id='word_1_138' title='bbox 1849 2071 1968 2110; x_wconf 83' lang='lat' dir='ltr'>me-</span> 
     </span>
    </p>
   </div>
   <div class='ocr_carea' id='block_1_22' title="bbox 309 2143 1968 2216">
    <p class='ocr_par' dir='ltr' id='par_1_22' title="bbox 309 2143 1968 2216">
     <span class='ocr_line' id='line_1_22' title="bbox 309 2143 1968 2216; baseline -0.002 -14"><span class='ocrx_word' id='word_1_139' title='bbox 309 2149 502 2202; x_wconf 88' lang='lat' dir='ltr'>morat</span> <span class='ocrx_word' id='word_1_140' title='bbox 521 2145 636 2201; x_wconf 89' lang='lat' dir='ltr'>alia</span> <span class='ocrx_word' id='word_1_141' title='bbox 646 2145 950 2216; x_wconf 90' lang='lat' dir='ltr'>cbarta,qu</span> <span class='ocrx_word' id='word_1_142' title='bbox 961 2162 993 2200; x_wconf 90' lang='lat' dir='ltr'>a</span> <span class='ocrx_word' id='word_1_143' title='bbox 1007 2144 1340 2200; x_wconf 85' lang='lat' dir='ltr'>Willelmus</span> <span class='ocrx_word' id='word_1_144' title='bbox 1355 2143 1760 2198; x_wconf 86' lang='lat' dir='ltr'>nobilissimus</span> <span class='ocrx_word' id='word_1_145' title='bbox 1772 2159 1968 2198; x_wconf 89' lang='lat' dir='ltr'>comes</span> 
     </span>
    </p>
   </div>
   <div class='ocr_carea' id='block_1_23' title="bbox 306 2231 1967 2306">
    <p class='ocr_par' dir='ltr' id='par_1_23' title="bbox 306 2231 1967 2306">
     <span class='ocr_line' id='line_1_23' title="bbox 306 2231 1967 2306; baseline -0.003 -16"><span class='ocrx_word' id='word_1_146' title='bbox 306 2237 364 2290; x_wconf 91' lang='lat' dir='ltr'>et</span> <span class='ocrx_word' id='word_1_147' title='bbox 394 2233 572 2290; x_wconf 90' lang='lat' dir='ltr'>Lucia</span> <span class='ocrx_word' id='word_1_148' title='bbox 599 2234 728 2306; x_wconf 86' lang='lat' dir='ltr'>ejus</span> <span class='ocrx_word' id='word_1_149' title='bbox 760 2251 905 2289; x_wconf 88' lang='lat' dir='ltr'>uxor</span> <span class='ocrx_word' id='word_1_150' title='bbox 933 2233 1420 2289; x_wconf 87' lang='lat' dir='ltr'>Cluniacensibus</span> <span class='ocrx_word' id='word_1_151' title='bbox 1450 2233 1560 2286; x_wconf 88' lang='lat' dir='ltr'>sub</span> <span class='ocrx_word' id='word_1_152' title='bbox 1594 2231 1836 2287; x_wconf 88' lang='lat' dir='ltr'>Odilone</span> <span class='ocrx_word' id='word_1_153' title='bbox 1866 2232 1967 2285; x_wconf 83' lang='lat' dir='ltr'>ab-</span> 
     </span>
    </p>
   </div>
   <div class='ocr_carea' id='block_1_24' title="bbox 307 2319 1967 2385">
    <p class='ocr_par' dir='ltr' id='par_1_24' title="bbox 307 2319 1967 2385">
     <span class='ocr_line' id='line_1_24' title="bbox 307 2319 1967 2385; baseline -0.003 -6"><span class='ocrx_word' id='word_1_154' title='bbox 307 2323 441 2380; x_wconf 87' lang='lat' dir='ltr'>bate</span> <span class='ocrx_word' id='word_1_155' title='bbox 471 2322 792 2380; x_wconf 90' lang='lat' dir='ltr'>restituunt</span> <span class='ocrx_word' id='word_1_156' title='bbox 823 2344 850 2372; x_wconf 84' lang='lat'><strong><em>«</em></strong></span> <span class='ocrx_word' id='word_1_157' title='bbox 874 2321 1272 2378; x_wconf 75' lang='lat' dir='ltr'>hzereditatem</span> <span class='ocrx_word' id='word_1_158' title='bbox 1296 2321 1482 2377; x_wconf 87' lang='lat' dir='ltr'>sancti</span> <span class='ocrx_word' id='word_1_159' title='bbox 1509 2319 1967 2385; x_wconf 89' lang='lat' dir='ltr'>Maioli,scilicet</span> 
     </span>
    </p>
   </div>
   <div class='ocr_carea' id='block_1_25' title="bbox 308 2409 1962 2484">
    <p class='ocr_par' dir='ltr' id='par_1_25' title="bbox 308 2409 1962 2484">
     <span class='ocr_line' id='line_1_25' title="bbox 308 2409 1962 2484; baseline -0.002 -17"><span class='ocrx_word' id='word_1_160' title='bbox 308 2411 598 2468; x_wconf 87' lang='lat' dir='ltr'>Diliodam</span> <span class='ocrx_word' id='word_1_161' title='bbox 627 2415 684 2468; x_wconf 88' lang='lat' dir='ltr'>et</span> <span class='ocrx_word' id='word_1_162' title='bbox 712 2412 1164 2484; x_wconf 86' lang='lat' dir='ltr'>Septemfontes</span> <span class='ocrx_word' id='word_1_163' title='bbox 1190 2410 1251 2466; x_wconf 91' lang='lat' dir='ltr'>in</span> <span class='ocrx_word' id='word_1_164' title='bbox 1303 2410 1643 2483; x_wconf 88' lang='lat' dir='ltr'>episcopatu</span> <span class='ocrx_word' id='word_1_165' title='bbox 1693 2409 1962 2482; x_wconf 82' lang='lat' dir='ltr'>Regensi.</span> 
     </span>
    </p>
   </div>
   <div class='ocr_carea' id='block_1_26' title="bbox 304 2498 1965 2572">
    <p class='ocr_par' dir='ltr' id='par_1_26' title="bbox 304 2498 1965 2572">
     <span class='ocr_line' id='line_1_26' title="bbox 304 2498 1965 2572; baseline -0.001 -16"><span class='ocrx_word' id='word_1_166' title='bbox 304 2501 519 2556; x_wconf 83' lang='lat' dir='ltr'>Actum</span> <span class='ocrx_word' id='word_1_167' title='bbox 568 2501 725 2572; x_wconf 91' lang='lat' dir='ltr'>apud</span> <span class='ocrx_word' id='word_1_168' title='bbox 777 2500 934 2555; x_wconf 90' lang='lat' dir='ltr'>Podii</span> <span class='ocrx_word' id='word_1_169' title='bbox 968 2499 1304 2555; x_wconf 80' lang='lat' dir='ltr'>&#39;Odolinum</span> <span class='ocrx_word' id='word_1_170' title='bbox 1354 2498 1778 2554; x_wconf 88' lang='lat' dir='ltr'>monasterium</span> <span class='ocrx_word' id='word_1_171' title='bbox 1811 2515 1965 2555; x_wconf 90' lang='lat' dir='ltr'>anno</span> 
     </span>
    </p>
   </div>
   <div class='ocr_carea' id='block_1_27' title="bbox 308 2589 1967 2660">
    <p class='ocr_par' dir='ltr' id='par_1_27' title="bbox 308 2589 1967 2660">
     <span class='ocr_line' id='line_1_27' title="bbox 308 2589 1967 2660; baseline 0 -16"><span class='ocrx_word' id='word_1_172' title='bbox 308 2589 428 2645; x_wconf 89' lang='lat' dir='ltr'>Inc.</span> <span class='ocrx_word' id='word_1_173' title='bbox 479 2590 639 2658; x_wconf 85' lang='grc'><strong>1036,</strong></span> <span class='ocrx_word' id='word_1_174' title='bbox 672 2589 795 2644; x_wconf 90' lang='lat' dir='ltr'>ind.</span> <span class='ocrx_word' id='word_1_175' title='bbox 844 2591 899 2656; x_wconf 87' lang='grc'>5,</span> <span class='ocrx_word' id='word_1_176' title='bbox 935 2589 1218 2644; x_wconf 86' lang='lat' dir='ltr'>Cbunone</span> <span class='ocrx_word' id='word_1_177' title='bbox 1276 2589 1626 2660; x_wconf 83' lang='lat' dir='ltr'>imperatore</span> <span class='ocrx_word' id='word_1_178' title='bbox 1685 2593 1967 2659; x_wconf 84' lang='lat' dir='ltr'>regnante</span> 
     </span>
    </p>
   </div>
   <div class='ocr_carea' id='block_1_28' title="bbox 307 2677 1965 2750">
    <p class='ocr_par' dir='ltr' id='par_1_28' title="bbox 307 2677 1965 2750">
     <span class='ocr_line' id='line_1_28' title="bbox 307 2677 1965 2750; baseline 0 -18"><span class='ocrx_word' id='word_1_179' title='bbox 307 2693 462 2732; x_wconf 86' lang='lat' dir='ltr'>anno</span> <span class='ocrx_word' id='word_1_180' title='bbox 494 2678 581 2732; x_wconf 92' lang='grc'>10.</span> <span class='ocrx_word' id='word_1_181' title='bbox 607 2699 633 2729; x_wconf 87' lang='grc'><strong>››</strong></span> <span class='ocrx_word' id='word_1_182' title='bbox 669 2677 832 2734; x_wconf 90' lang='lat' dir='ltr'>Unde</span> <span class='ocrx_word' id='word_1_183' title='bbox 864 2677 1076 2732; x_wconf 89' lang='lat' dir='ltr'>iterum</span> <span class='ocrx_word' id='word_1_184' title='bbox 1108 2677 1486 2750; x_wconf 86' lang='lat' dir='ltr'>perspicuum</span> <span class='ocrx_word' id='word_1_185' title='bbox 1517 2677 1770 2731; x_wconf 83' lang='lat' dir='ltr'>efﬁcitur</span> <span class='ocrx_word' id='word_1_186' title='bbox 1788 2694 1965 2748; x_wconf 88' lang='lat' dir='ltr'>quam</span> 
     </span>
    </p>
   </div>
   <div class='ocr_carea' id='block_1_29' title="bbox 305 2764 1968 2839">
    <p class='ocr_par' dir='ltr' id='par_1_29' title="bbox 305 2764 1968 2839">
     <span class='ocr_line' id='line_1_29' title="bbox 305 2764 1968 2839; baseline 0.001 -19"><span class='ocrx_word' id='word_1_187' title='bbox 305 2764 412 2820; x_wconf 91' lang='lat' dir='ltr'>diti</span> <span class='ocrx_word' id='word_1_188' title='bbox 443 2765 626 2838; x_wconf 88' lang='lat' dir='ltr'>stirpe</span> <span class='ocrx_word' id='word_1_189' title='bbox 655 2770 992 2839; x_wconf 90' lang='lat' dir='ltr'>procreatus</span> <span class='ocrx_word' id='word_1_190' title='bbox 1010 2765 1088 2820; x_wconf 87' lang='lat' dir='ltr'>sit</span> <span class='ocrx_word' id='word_1_191' title='bbox 1111 2767 1380 2834; x_wconf 89' lang='lat' dir='ltr'>Maiolus,</span> <span class='ocrx_word' id='word_1_192' title='bbox 1395 2765 1565 2836; x_wconf 76' lang='lat' dir='ltr'>cujus</span> <span class='ocrx_word' id='word_1_193' title='bbox 1588 2769 1859 2838; x_wconf 89' lang='lat' dir='ltr'>parentes</span> <span class='ocrx_word' id='word_1_194' title='bbox 1880 2770 1968 2822; x_wconf 89' lang='lat' dir='ltr'>tot</span> 
     </span>
    </p>
   </div>
   <div class='ocr_carea' id='block_1_30' title="bbox 303 2855 1964 2928">
    <p class='ocr_par' dir='ltr' id='par_1_30' title="bbox 303 2855 1964 2928">
     <span class='ocr_line' id='line_1_30' title="bbox 303 2855 1964 2928; baseline 0.001 -19"><span class='ocrx_word' id='word_1_195' title='bbox 303 2855 542 2926; x_wconf 66' lang='lat' dir='ltr'>praediis</span> <span class='ocrx_word' id='word_1_196' title='bbox 570 2872 638 2911; x_wconf 89' lang='lat' dir='ltr'>ac</span> <span class='ocrx_word' id='word_1_197' title='bbox 667 2855 1144 2928; x_wconf 88' lang='lat' dir='ltr'>possessionibus</span> <span class='ocrx_word' id='word_1_198' title='bbox 1176 2855 1522 2912; x_wconf 89' lang='lat' dir='ltr'>Cluniacum</span> <span class='ocrx_word' id='word_1_199' title='bbox 1554 2859 1842 2911; x_wconf 90' lang='lat' dir='ltr'>auxerunt</span> <span class='ocrx_word' id='word_1_200' title='bbox 1865 2856 1964 2910; x_wconf 84' lang='lat' dir='ltr'>ab-</span> 
     </span>
    </p>
   </div>
   <div class='ocr_carea' id='block_1_31' title="bbox 303 2943 1966 3018">
    <p class='ocr_par' dir='ltr' id='par_1_31' title="bbox 303 2943 1966 3018">
     <span class='ocr_line' id='line_1_31' title="bbox 303 2943 1966 3018; baseline 0 -20"><span class='ocrx_word' id='word_1_201' title='bbox 303 2959 450 3015; x_wconf 87' lang='lat' dir='ltr'>sque</span> <span class='ocrx_word' id='word_1_202' title='bbox 481 2945 638 3016; x_wconf 84' lang='lat' dir='ltr'>gravi</span> <span class='ocrx_word' id='word_1_203' title='bbox 663 2945 750 3016; x_wconf 89' lang='lat' dir='ltr'>(ut</span> <span class='ocrx_word' id='word_1_204' title='bbox 769 2946 1004 3000; x_wconf 86' lang='lat' dir='ltr'>credere</span> <span class='ocrx_word' id='word_1_205' title='bbox 1029 2962 1134 3017; x_wconf 90' lang='lat' dir='ltr'>par</span> <span class='ocrx_word' id='word_1_206' title='bbox 1153 2947 1264 3018; x_wconf 88' lang='lat' dir='ltr'>est)</span> <span class='ocrx_word' id='word_1_207' title='bbox 1288 2943 1594 3018; x_wconf 88' lang='lat' dir='ltr'>dispendio</span> <span class='ocrx_word' id='word_1_208' title='bbox 1619 2943 1698 2999; x_wconf 90' lang='lat' dir='ltr'>rei</span> <span class='ocrx_word' id='word_1_209' title='bbox 1721 2943 1966 2998; x_wconf 89' lang='lat' dir='ltr'>familia-</span> 
     </span>
    </p>
   </div>
   <div class='ocr_carea' id='block_1_32' title="bbox 303 3031 1962 3098">
    <p class='ocr_par' dir='ltr' id='par_1_32' title="bbox 303 3031 1962 3098">
     <span class='ocr_line' id='line_1_32' title="bbox 303 3031 1962 3098; baseline 0 -12"><span class='ocrx_word' id='word_1_210' title='bbox 303 3031 408 3086; x_wconf 91' lang='lat' dir='ltr'>ris.</span> <span class='ocrx_word' id='word_1_211' title='bbox 427 3032 558 3088; x_wconf 70' lang='lat' dir='ltr'>Hazc</span> <span class='ocrx_word' id='word_1_212' title='bbox 581 3032 726 3088; x_wconf 87' lang='lat' dir='ltr'>mihi</span> <span class='ocrx_word' id='word_1_213' title='bbox 748 3033 1140 3090; x_wconf 87' lang='lat' dir='ltr'>consideranti</span> <span class='ocrx_word' id='word_1_214' title='bbox 1175 3035 1465 3091; x_wconf 80' lang='lat' dir='ltr'>dubitatio</span> <span class='ocrx_word' id='word_1_215' title='bbox 1495 3031 1962 3098; x_wconf 90' lang='lat' dir='ltr'>suecurrit,num</span> 
     </span>
    </p>
   </div>
   <div class='ocr_carea' id='block_1_33' title="bbox 303 3119 1963 3180">
    <p class='ocr_par' dir='ltr' id='par_1_33' title="bbox 303 3119 1963 3180">
     <span class='ocr_line' id='line_1_33' title="bbox 303 3119 1963 3180; baseline -0.001 -4"><span class='ocrx_word' id='word_1_216' title='bbox 303 3119 640 3176; x_wconf 89' lang='lat' dir='ltr'>Folcherius</span> <span class='ocrx_word' id='word_1_217' title='bbox 672 3122 867 3178; x_wconf 91' lang='lat' dir='ltr'>Maioli</span> <span class='ocrx_word' id='word_1_218' title='bbox 899 3140 1042 3178; x_wconf 88' lang='lat' dir='ltr'>avus</span> <span class='ocrx_word' id='word_1_219' title='bbox 1075 3123 1253 3180; x_wconf 89' lang='lat' dir='ltr'>fuerit</span> <span class='ocrx_word' id='word_1_220' title='bbox 1285 3124 1380 3180; x_wconf 89' lang='lat' dir='ltr'>ille</span> <span class='ocrx_word' id='word_1_221' title='bbox 1401 3121 1676 3178; x_wconf 59' lang='grc' dir='ltr'>ποιεῖ-ηεαδ</span> <span class='ocrx_word' id='word_1_222' title='bbox 1707 3119 1963 3174; x_wconf 68' lang='lat' dir='ltr'>duxAre-</span> 
     </span>
    </p>
   </div>
   <div class='ocr_carea' id='block_1_34' title="bbox 305 3207 1960 3284">
    <p class='ocr_par' dir='ltr' id='par_1_34' title="bbox 305 3207 1960 3284">
     <span class='ocr_line' id='line_1_34' title="bbox 305 3207 1960 3284; baseline -0.001 -20"><span class='ocrx_word' id='word_1_223' title='bbox 305 3208 620 3276; x_wconf 76' lang='lat' dir='ltr'>tatensium,</span> <span class='ocrx_word' id='word_1_224' title='bbox 644 3228 819 3284; x_wconf 86' lang='lat' dir='ltr'>quem</span> <span class='ocrx_word' id='word_1_225' title='bbox 851 3211 1164 3268; x_wconf 89' lang='lat' dir='ltr'>Lotharius</span> <span class='ocrx_word' id='word_1_226' title='bbox 1186 3231 1303 3268; x_wconf 89' lang='lat' dir='ltr'>una</span> <span class='ocrx_word' id='word_1_227' title='bbox 1324 3227 1460 3267; x_wconf 85' lang='lat' dir='ltr'>eum</span> <span class='ocrx_word' id='word_1_228' title='bbox 1490 3207 1622 3264; x_wconf 86' lang='lat' dir='ltr'>aliis</span> <span class='ocrx_word' id='word_1_229' title='bbox 1644 3207 1960 3262; x_wconf 88' lang='lat' dir='ltr'>comitibus</span> 
     </span>
    </p>
   </div>
   <div class='ocr_carea' id='block_1_35' title="bbox 2086 635 3782 708">
    <p class='ocr_par' dir='ltr' id='par_1_35' title="bbox 2086 635 3782 708">
     <span class='ocr_line' id='line_1_35' title="bbox 2086 635 3782 708; baseline 0.002 -18"><span class='ocrx_word' id='word_1_230' title='bbox 2086 641 2284 691; x_wconf 89' lang='lat' dir='ltr'>mento</span> <span class='ocrx_word' id='word_1_231' title='bbox 2314 639 2654 702; x_wconf 89' lang='lat' dir='ltr'>tenuerunt,</span> <span class='ocrx_word' id='word_1_232' title='bbox 2688 635 2874 690; x_wconf 90' lang='lat' dir='ltr'>donec</span> <span class='ocrx_word' id='word_1_233' title='bbox 2907 635 3071 708; x_wconf 89' lang='lat' dir='ltr'>Hugo</span> <span class='ocrx_word' id='word_1_234' title='bbox 3105 635 3280 692; x_wconf 71' lang='lat' dir='ltr'>Italiae.</span> <span class='ocrx_word' id='word_1_235' title='bbox 3315 653 3414 692; x_wconf 80' lang='lat' dir='ltr'>rex</span> <span class='ocrx_word' id='word_1_236' title='bbox 3453 636 3782 693; x_wconf 87' lang='lat' dir='ltr'>maritimo</span> 
     </span>
    </p>
   </div>
   <div class='ocr_carea' id='block_1_36' title="bbox 2085 724 3784 792">
    <p class='ocr_par' dir='ltr' id='par_1_36' title="bbox 2085 724 3784 792">
     <span class='ocr_line' id='line_1_36' title="bbox 2085 724 3784 792; baseline 0.001 -12"><span class='ocrx_word' id='word_1_237' title='bbox 2085 739 2186 780; x_wconf 90' lang='lat' dir='ltr'>eos</span> <span class='ocrx_word' id='word_1_238' title='bbox 2216 742 2283 780; x_wconf 91' lang='lat' dir='ltr'>ac</span> <span class='ocrx_word' id='word_1_239' title='bbox 2314 724 2576 779; x_wconf 87' lang='lat' dir='ltr'>terrestri</span> <span class='ocrx_word' id='word_1_240' title='bbox 2626 725 2880 780; x_wconf 88' lang='lat' dir='ltr'>exercitu</span> <span class='ocrx_word' id='word_1_241' title='bbox 2917 725 3182 792; x_wconf 89' lang='lat' dir='ltr'>adortus,</span> <span class='ocrx_word' id='word_1_242' title='bbox 3218 725 3455 781; x_wconf 90' lang='lat' dir='ltr'>illorum</span> <span class='ocrx_word' id='word_1_243' title='bbox 3503 725 3784 782; x_wconf 85' lang='lat' dir='ltr'>navibus</span> 
     </span>
    </p>
   </div>
   <div class='ocr_carea' id='block_1_37' title="bbox 2087 812 3781 886">
    <p class='ocr_par' dir='ltr' id='par_1_37' title="bbox 2087 812 3781 886">
     <span class='ocr_line' id='line_1_37' title="bbox 2087 812 3781 886; baseline 0.001 -18"><span class='ocrx_word' id='word_1_244' title='bbox 2087 812 2284 868; x_wconf 65' lang='lat' dir='ltr'>Graeco</span> <span class='ocrx_word' id='word_1_245' title='bbox 2317 813 2452 884; x_wconf 88' lang='lat' dir='ltr'>igne</span> <span class='ocrx_word' id='word_1_246' title='bbox 2481 812 2826 881; x_wconf 84' lang='lat' dir='ltr'>combustis,</span> <span class='ocrx_word' id='word_1_247' title='bbox 2844 813 3156 886; x_wconf 90' lang='lat' dir='ltr'>plerosque</span> <span class='ocrx_word' id='word_1_248' title='bbox 3178 813 3552 870; x_wconf 85' lang='lat' dir='ltr'>Fraxinetum</span> <span class='ocrx_word' id='word_1_249' title='bbox 3577 815 3781 872; x_wconf 85' lang='lat' dir='ltr'>relin-</span> 
     </span>
    </p>
   </div>
   <div class='ocr_carea' id='block_1_38' title="bbox 2085 901 3781 976">
    <p class='ocr_par' dir='ltr' id='par_1_38' title="bbox 2085 901 3781 976">
     <span class='ocr_line' id='line_1_38' title="bbox 2085 901 3781 976; baseline 0.002 -20"><span class='ocrx_word' id='word_1_250' title='bbox 2085 917 2264 972; x_wconf 89' lang='lat' dir='ltr'>quere</span> <span class='ocrx_word' id='word_1_251' title='bbox 2311 905 2369 956; x_wconf 90' lang='lat' dir='ltr'>et</span> <span class='ocrx_word' id='word_1_252' title='bbox 2419 901 2476 954; x_wconf 90' lang='lat' dir='ltr'>in</span> <span class='ocrx_word' id='word_1_253' title='bbox 2530 905 2790 957; x_wconf 89' lang='lat' dir='ltr'>montem</span> <span class='ocrx_word' id='word_1_254' title='bbox 2841 903 3114 958; x_wconf 90' lang='lat' dir='ltr'>Maurum</span> <span class='ocrx_word' id='word_1_255' title='bbox 3165 919 3227 958; x_wconf 90' lang='lat' dir='ltr'>se</span> <span class='ocrx_word' id='word_1_256' title='bbox 3275 904 3533 976; x_wconf 86' lang='lat' dir='ltr'>recipere</span> <span class='ocrx_word' id='word_1_257' title='bbox 3562 905 3781 975; x_wconf 76' lang='lat' dir='ltr'>coegit</span> 
     </span>
    </p>
   </div>
   <div class='ocr_carea' id='block_1_39' title="bbox 2085 991 3778 1065">
    <p class='ocr_par' dir='ltr' id='par_1_39' title="bbox 2085 991 3778 1065">
     <span class='ocr_line' id='line_1_39' title="bbox 2085 991 3778 1065; baseline 0.002 -21"><span class='ocrx_word' id='word_1_258' title='bbox 2085 1006 2240 1044; x_wconf 90' lang='lat' dir='ltr'>anno</span> <span class='ocrx_word' id='word_1_259' title='bbox 2259 991 2387 1044; x_wconf 79' lang='grc'>941.</span> <span class='ocrx_word' id='word_1_260' title='bbox 2404 991 2516 1045; x_wconf 89' lang='lat' dir='ltr'>Eos</span> <span class='ocrx_word' id='word_1_261' title='bbox 2537 997 2735 1046; x_wconf 90' lang='lat' dir='ltr'>autem</span> <span class='ocrx_word' id='word_1_262' title='bbox 2758 991 3061 1048; x_wconf 90' lang='lat' dir='ltr'>obsidione</span> <span class='ocrx_word' id='word_1_263' title='bbox 3079 991 3303 1050; x_wconf 86' lang='lat' dir='ltr'>cinctos</span> <span class='ocrx_word' id='word_1_264' title='bbox 3321 993 3556 1065; x_wconf 79' lang='lat' dir='ltr'>Iiugoin</span> <span class='ocrx_word' id='word_1_265' title='bbox 3579 1012 3778 1050; x_wconf 87' lang='lat' dir='ltr'>suam</span> 
     </span>
    </p>
   </div>
   <div class='ocr_carea' id='block_1_40' title="bbox 2085 1079 3781 1154">
    <p class='ocr_par' dir='ltr' id='par_1_40' title="bbox 2085 1079 3781 1154">
     <span class='ocr_line' id='line_1_40' title="bbox 2085 1079 3781 1154; baseline 0.004 -23"><span class='ocrx_word' id='word_1_266' title='bbox 2085 1083 2434 1149; x_wconf 89' lang='lat' dir='ltr'>potestatem</span> <span class='ocrx_word' id='word_1_267' title='bbox 2473 1079 2638 1134; x_wconf 88' lang='lat' dir='ltr'>facile</span> <span class='ocrx_word' id='word_1_268' title='bbox 2661 1081 3078 1151; x_wconf 83' lang='lat' dir='ltr'>redegisset,ni</span> <span class='ocrx_word' id='word_1_269' title='bbox 3108 1083 3520 1154; x_wconf 74' lang='lat' dir='ltr'>Berengarium</span> <span class='ocrx_word' id='word_1_270' title='bbox 3546 1085 3781 1140; x_wconf 82' lang='lat' dir='ltr'>adver-</span> 
     </span>
    </p>
   </div>
   <div class='ocr_carea' id='block_1_41' title="bbox 2085 1167 3776 1242">
    <p class='ocr_par' dir='ltr' id='par_1_41' title="bbox 2085 1167 3776 1242">
     <span class='ocr_line' id='line_1_41' title="bbox 2085 1167 3776 1242; baseline 0.003 -22"><span class='ocrx_word' id='word_1_271' title='bbox 2085 1167 2306 1220; x_wconf 84' lang='lat' dir='ltr'>sarium</span> <span class='ocrx_word' id='word_1_272' title='bbox 2335 1168 2658 1233; x_wconf 80' lang='lat' dir='ltr'>timens,ab</span> <span class='ocrx_word' id='word_1_273' title='bbox 2687 1168 2919 1222; x_wconf 86' lang='lat' dir='ltr'>illorum</span> <span class='ocrx_word' id='word_1_274' title='bbox 2943 1172 3379 1242; x_wconf 67' lang='lat' dir='ltr'>oppugnatione</span> <span class='ocrx_word' id='word_1_275' title='bbox 3400 1171 3776 1239; x_wconf 77' lang='lat' dir='ltr'>destitisset,</span> 
     </span>
    </p>
   </div>
   <div class='ocr_carea' id='block_1_42' title="bbox 2085 1255 3780 1330">
    <p class='ocr_par' dir='ltr' id='par_1_42' title="bbox 2085 1255 3780 1330">
     <span class='ocr_line' id='line_1_42' title="bbox 2085 1255 3780 1330; baseline 0.005 -23"><span class='ocrx_word' id='word_1_276' title='bbox 2085 1255 2295 1311; x_wconf 76' lang='lat' dir='ltr'>frrdere</span> <span class='ocrx_word' id='word_1_277' title='bbox 2317 1273 2450 1310; x_wconf 87' lang='lat' dir='ltr'>cum</span> <span class='ocrx_word' id='word_1_278' title='bbox 2474 1257 2558 1310; x_wconf 79' lang='lat' dir='ltr'>eis</span> <span class='ocrx_word' id='word_1_279' title='bbox 2583 1257 2664 1310; x_wconf 86' lang='lat' dir='ltr'>ita</span> <span class='ocrx_word' id='word_1_280' title='bbox 2686 1265 3056 1328; x_wconf 65' lang='lat' dir='ltr'>percussomt</span> <span class='ocrx_word' id='word_1_281' title='bbox 3079 1277 3212 1330; x_wconf 87' lang='lat' dir='ltr'>pars</span> <span class='ocrx_word' id='word_1_282' title='bbox 3237 1259 3470 1314; x_wconf 90' lang='lat' dir='ltr'>illorum</span> <span class='ocrx_word' id='word_1_283' title='bbox 3495 1261 3556 1314; x_wconf 88' lang='lat' dir='ltr'>in</span> <span class='ocrx_word' id='word_1_284' title='bbox 3590 1278 3780 1314; x_wconf 83' lang='lat' dir='ltr'>mou—</span> 
     </span>
    </p>
   </div>
   <div class='ocr_carea' id='block_1_43' title="bbox 2083 1343 3775 1416">
    <p class='ocr_par' dir='ltr' id='par_1_43' title="bbox 2083 1343 3775 1416">
     <span class='ocr_line' id='line_1_43' title="bbox 2083 1343 3775 1416; baseline 0.005 -21"><span class='ocrx_word' id='word_1_285' title='bbox 2083 1343 2244 1398; x_wconf 83' lang='lat' dir='ltr'>tibus</span> <span class='ocrx_word' id='word_1_286' title='bbox 2279 1344 2504 1399; x_wconf 85' lang='lat' dir='ltr'>italiam</span> <span class='ocrx_word' id='word_1_287' title='bbox 2537 1346 2607 1400; x_wconf 88' lang='lat' dir='ltr'>ad</span> <span class='ocrx_word' id='word_1_288' title='bbox 2642 1347 2851 1402; x_wconf 83' lang='lat' dir='ltr'>Suevia</span> <span class='ocrx_word' id='word_1_289' title='bbox 2879 1347 3294 1402; x_wconf 84' lang='lat' dir='ltr'>dirimentibus</span> <span class='ocrx_word' id='word_1_290' title='bbox 3324 1349 3697 1416; x_wconf 86' lang='lat' dir='ltr'>consideret,</span> <span class='ocrx_word' id='word_1_291' title='bbox 3715 1355 3775 1404; x_wconf 81' lang='lat' dir='ltr'>et</span> 
     </span>
    </p>
   </div>
   <div class='ocr_carea' id='block_1_44' title="bbox 2084 1433 3772 1508">
    <p class='ocr_par' dir='ltr' id='par_1_44' title="bbox 2084 1433 3772 1508">
     <span class='ocr_line' id='line_1_44' title="bbox 2084 1433 3772 1508; baseline 0.004 -22"><span class='ocrx_word' id='word_1_292' title='bbox 2084 1433 2500 1506; x_wconf 87' lang='lat' dir='ltr'>Berengarium</span> <span class='ocrx_word' id='word_1_293' title='bbox 2533 1451 2600 1489; x_wconf 90' lang='lat' dir='ltr'>ex</span> <span class='ocrx_word' id='word_1_294' title='bbox 2629 1436 2841 1491; x_wconf 87' lang='lat' dir='ltr'>Suevia</span> <span class='ocrx_word' id='word_1_295' title='bbox 2872 1453 2976 1508; x_wconf 86' lang='lat' dir='ltr'>per</span> <span class='ocrx_word' id='word_1_296' title='bbox 3003 1453 3104 1494; x_wconf 89' lang='lat' dir='ltr'>eos</span> <span class='ocrx_word' id='word_1_297' title='bbox 3135 1443 3390 1493; x_wconf 88' lang='lat' dir='ltr'>mentem</span> <span class='ocrx_word' id='word_1_298' title='bbox 3423 1440 3772 1494; x_wconf 85' lang='lat' dir='ltr'>exercitum</span> 
     </span>
    </p>
   </div>
   <div class='ocr_carea' id='block_1_45' title="bbox 2082 1521 3774 1600">
    <p class='ocr_par' dir='ltr' id='par_1_45' title="bbox 2082 1521 3774 1600">
     <span class='ocr_line' id='line_1_45' title="bbox 2082 1521 3774 1600; baseline 0.004 -25"><span class='ocrx_word' id='word_1_299' title='bbox 2082 1521 2350 1592; x_wconf 87' lang='lat' dir='ltr'>trajicere</span> <span class='ocrx_word' id='word_1_300' title='bbox 2383 1523 2720 1579; x_wconf 88' lang='lat' dir='ltr'>molientem</span> <span class='ocrx_word' id='word_1_301' title='bbox 2753 1523 3084 1597; x_wconf 88' lang='lat' dir='ltr'>impediret.</span> <span class='ocrx_word' id='word_1_302' title='bbox 3122 1525 3224 1582; x_wconf 87' lang='lat' dir='ltr'>Isti</span> <span class='ocrx_word' id='word_1_303' title='bbox 3276 1543 3342 1583; x_wconf 90' lang='lat' dir='ltr'>eo</span> <span class='ocrx_word' id='word_1_304' title='bbox 3395 1527 3520 1583; x_wconf 91' lang='lat' dir='ltr'>loco</span> <span class='ocrx_word' id='word_1_305' title='bbox 3571 1528 3774 1600; x_wconf 82' lang='lat' dir='ltr'>positi</span> 
     </span>
    </p>
   </div>
   <div class='ocr_carea' id='block_1_46' title="bbox 2081 1613 3778 1686">
    <p class='ocr_par' dir='ltr' id='par_1_46' title="bbox 2081 1613 3778 1686">
     <span class='ocr_line' id='line_1_46' title="bbox 2081 1613 3778 1686; baseline 0.004 -21"><span class='ocrx_word' id='word_1_306' title='bbox 2081 1627 2465 1683; x_wconf 88' lang='lat' dir='ltr'>quoscunque</span> <span class='ocrx_word' id='word_1_307' title='bbox 2489 1617 2693 1684; x_wconf 90' lang='lat' dir='ltr'>postea</span> <span class='ocrx_word' id='word_1_308' title='bbox 2714 1613 2785 1668; x_wconf 89' lang='lat' dir='ltr'>ad</span> <span class='ocrx_word' id='word_1_309' title='bbox 2807 1613 3206 1686; x_wconf 89' lang='lat' dir='ltr'>apostolorum</span> <span class='ocrx_word' id='word_1_310' title='bbox 3225 1613 3434 1672; x_wconf 89' lang='lat' dir='ltr'>limina</span> <span class='ocrx_word' id='word_1_311' title='bbox 3453 1616 3778 1672; x_wconf 83' lang='lat' dir='ltr'>visitanda</span> 
     </span>
    </p>
   </div>
   <div class='ocr_carea' id='block_1_47' title="bbox 2081 1699 3772 1776">
    <p class='ocr_par' dir='ltr' id='par_1_47' title="bbox 2081 1699 3772 1776">
     <span class='ocr_line' id='line_1_47' title="bbox 2081 1699 3772 1776; baseline 0.005 -22"><span class='ocrx_word' id='word_1_312' title='bbox 2081 1699 2214 1755; x_wconf 90' lang='lat' dir='ltr'>illac</span> <span class='ocrx_word' id='word_1_313' title='bbox 2247 1699 2358 1755; x_wconf 90' lang='lat' dir='ltr'>iter</span> <span class='ocrx_word' id='word_1_314' title='bbox 2388 1701 2668 1758; x_wconf 89' lang='lat' dir='ltr'>facientes</span> <span class='ocrx_word' id='word_1_315' title='bbox 2698 1706 2801 1758; x_wconf 89' lang='lat' dir='ltr'>aut</span> <span class='ocrx_word' id='word_1_316' title='bbox 2835 1703 3070 1776; x_wconf 87' lang='lat' dir='ltr'>penitus</span> <span class='ocrx_word' id='word_1_317' title='bbox 3121 1703 3472 1776; x_wconf 88' lang='lat' dir='ltr'>spoliarunt,</span> <span class='ocrx_word' id='word_1_318' title='bbox 3506 1709 3618 1762; x_wconf 88' lang='lat' dir='ltr'>aut</span> <span class='ocrx_word' id='word_1_319' title='bbox 3673 1707 3772 1762; x_wconf 88' lang='lat' dir='ltr'>in-</span> 
     </span>
    </p>
   </div>
   <div class='ocr_carea' id='block_1_48' title="bbox 2079 1787 3776 1866">
    <p class='ocr_par' dir='ltr' id='par_1_48' title="bbox 2079 1787 3776 1866">
     <span class='ocr_line' id='line_1_48' title="bbox 2079 1787 3776 1866; baseline 0.004 -22"><span class='ocrx_word' id='word_1_320' title='bbox 2079 1787 2420 1845; x_wconf 90' lang='lat' dir='ltr'>humaniter</span> <span class='ocrx_word' id='word_1_321' title='bbox 2451 1796 2846 1861; x_wconf 88' lang='lat' dir='ltr'>peremerunt.</span> <span class='ocrx_word' id='word_1_322' title='bbox 2880 1792 3094 1848; x_wconf 89' lang='lat' dir='ltr'>Eodem</span> <span class='ocrx_word' id='word_1_323' title='bbox 3128 1793 3342 1849; x_wconf 82' lang='lat' dir='ltr'>saeculo</span> <span class='ocrx_word' id='word_1_324' title='bbox 3375 1794 3651 1866; x_wconf 85' lang='lat' dir='ltr'>Hungari</span> <span class='ocrx_word' id='word_1_325' title='bbox 3699 1811 3776 1850; x_wconf 83' lang='lat' dir='ltr'>ex</span> 
     </span>
    </p>
   </div>
   <div class='ocr_carea' id='block_1_49' title="bbox 2079 1876 3770 1954">
    <p class='ocr_par' dir='ltr' id='par_1_49' title="bbox 2079 1876 3770 1954">
     <span class='ocr_line' id='line_1_49' title="bbox 2079 1876 3770 1954; baseline 0.004 -22"><span class='ocrx_word' id='word_1_326' title='bbox 2079 1876 2390 1932; x_wconf 90' lang='lat' dir='ltr'>Germania</span> <span class='ocrx_word' id='word_1_327' title='bbox 2421 1877 2480 1932; x_wconf 91' lang='lat' dir='ltr'>in</span> <span class='ocrx_word' id='word_1_328' title='bbox 2513 1878 2762 1934; x_wconf 89' lang='lat' dir='ltr'>Galliam</span> <span class='ocrx_word' id='word_1_329' title='bbox 2797 1884 2973 1952; x_wconf 88' lang='lat' dir='ltr'>atque</span> <span class='ocrx_word' id='word_1_330' title='bbox 3015 1881 3243 1938; x_wconf 87' lang='lat' dir='ltr'>Italiam</span> <span class='ocrx_word' id='word_1_331' title='bbox 3289 1883 3503 1954; x_wconf 68' lang='lat' dir='ltr'>sacpius</span> <span class='ocrx_word' id='word_1_332' title='bbox 3549 1883 3770 1951; x_wconf 71' lang='lat' dir='ltr'>effusi,</span> 
     </span>
    </p>
   </div>
   <div class='ocr_carea' id='block_1_50' title="bbox 2079 1964 3774 2043">
    <p class='ocr_par' dir='ltr' id='par_1_50' title="bbox 2079 1964 3774 2043">
     <span class='ocr_line' id='line_1_50' title="bbox 2079 1964 3774 2043; baseline 0.005 -24"><span class='ocrx_word' id='word_1_333' title='bbox 2079 1964 2346 2022; x_wconf 87' lang='lat' dir='ltr'>funestas</span> <span class='ocrx_word' id='word_1_334' title='bbox 2378 1965 2574 2023; x_wconf 90' lang='lat' dir='ltr'>clades</span> <span class='ocrx_word' id='word_1_335' title='bbox 2593 1967 2944 2024; x_wconf 91' lang='lat' dir='ltr'>intulerunt.</span> <span class='ocrx_word' id='word_1_336' title='bbox 2969 1968 3036 2024; x_wconf 85' lang='lat' dir='ltr'>Ili</span> <span class='ocrx_word' id='word_1_337' title='bbox 3071 1969 3250 2025; x_wconf 87' lang='lat' dir='ltr'>ductu</span> <span class='ocrx_word' id='word_1_338' title='bbox 3290 1971 3635 2043; x_wconf 88' lang='lat' dir='ltr'>Berengarii</span> <span class='ocrx_word' id='word_1_339' title='bbox 3676 1989 3774 2028; x_wconf 83' lang='lat' dir='ltr'>re-</span> 
     </span>
    </p>
   </div>
   <div class='ocr_carea' id='block_1_51' title="bbox 2079 2053 3769 2130">
    <p class='ocr_par' dir='ltr' id='par_1_51' title="bbox 2079 2053 3769 2130">
     <span class='ocr_line' id='line_1_51' title="bbox 2079 2053 3769 2130; baseline 0.005 -22"><span class='ocrx_word' id='word_1_340' title='bbox 2079 2053 2189 2126; x_wconf 86' lang='lat' dir='ltr'>gis,</span> <span class='ocrx_word' id='word_1_341' title='bbox 2225 2071 2400 2126; x_wconf 89' lang='lat' dir='ltr'>quem</span> <span class='ocrx_word' id='word_1_342' title='bbox 2432 2057 2800 2130; x_wconf 87' lang='lat' dir='ltr'>Langobardi</span> <span class='ocrx_word' id='word_1_343' title='bbox 2823 2057 3356 2130; x_wconf 83' lang='lat' dir='ltr'>expulerant,anno</span> <span class='ocrx_word' id='word_1_344' title='bbox 3375 2060 3482 2114; x_wconf 81' lang='grc'>924</span> <span class='ocrx_word' id='word_1_345' title='bbox 3514 2060 3769 2117; x_wconf 79' lang='lat' dir='ltr'>Italiam</span> 
     </span>
    </p>
   </div>
   <div class='ocr_carea' id='block_1_52' title="bbox 2078 2142 3773 2223">
    <p class='ocr_par' dir='ltr' id='par_1_52' title="bbox 2078 2142 3773 2223">
     <span class='ocr_line' id='line_1_52' title="bbox 2078 2142 3773 2223; baseline 0.006 -27"><span class='ocrx_word' id='word_1_346' title='bbox 2078 2142 2435 2214; x_wconf 89' lang='lat' dir='ltr'>depopulati,</span> <span class='ocrx_word' id='word_1_347' title='bbox 2473 2147 2620 2200; x_wconf 88' lang='lat' dir='ltr'>teste</span> <span class='ocrx_word' id='word_1_348' title='bbox 2675 2146 3026 2214; x_wconf 84' lang='lat' dir='ltr'>Frodoardo,</span> <span class='ocrx_word' id='word_1_349' title='bbox 3078 2153 3280 2220; x_wconf 91' lang='lat' dir='ltr'>postea</span> <span class='ocrx_word' id='word_1_350' title='bbox 3339 2165 3444 2220; x_wconf 90' lang='lat' dir='ltr'>per</span> <span class='ocrx_word' id='word_1_351' title='bbox 3490 2149 3773 2223; x_wconf 87' lang='lat' dir='ltr'>abrupta</span> 
     </span>
    </p>
   </div>
   <div class='ocr_carea' id='block_1_53' title="bbox 2075 2230 3766 2310">
    <p class='ocr_par' dir='ltr' id='par_1_53' title="bbox 2075 2230 3766 2310">
     <span class='ocr_line' id='line_1_53' title="bbox 2075 2230 3766 2310; baseline 0.007 -26"><span class='ocrx_word' id='word_1_352' title='bbox 2075 2230 2314 2303; x_wconf 72' lang='lat' dir='ltr'>Alpium</span> <span class='ocrx_word' id='word_1_353' title='bbox 2337 2234 2485 2305; x_wconf 87' lang='lat' dir='ltr'>juga</span> <span class='ocrx_word' id='word_1_354' title='bbox 2535 2238 2929 2304; x_wconf 79' lang='lat' dir='ltr'>transeuntes,</span> <span class='ocrx_word' id='word_1_355' title='bbox 2964 2236 3023 2290; x_wconf 91' lang='lat' dir='ltr'>in</span> <span class='ocrx_word' id='word_1_356' title='bbox 3075 2235 3326 2292; x_wconf 87' lang='lat' dir='ltr'>Galliam</span> <span class='ocrx_word' id='word_1_357' title='bbox 3379 2237 3766 2310; x_wconf 89' lang='lat' dir='ltr'>irruperunt.</span> 
     </span>
    </p>
   </div>
   <div class='ocr_carea' id='block_1_54' title="bbox 2077 2320 3770 2402">
    <p class='ocr_par' dir='ltr' id='par_1_54' title="bbox 2077 2320 3770 2402">
     <span class='ocr_line' id='line_1_54' title="bbox 2077 2320 3770 2402; baseline 0.006 -28"><span class='ocrx_word' id='word_1_358' title='bbox 2077 2321 2234 2386; x_wconf 86' lang='lat' dir='ltr'>Quos</span> <span class='ocrx_word' id='word_1_359' title='bbox 2255 2320 2622 2393; x_wconf 82' lang='lat' dir='ltr'>Rodulphus,</span> <span class='ocrx_word' id='word_1_360' title='bbox 2646 2323 2954 2396; x_wconf 69' lang='lat' dir='ltr'>Cisalpina:</span> <span class='ocrx_word' id='word_1_361' title='bbox 2977 2323 3176 2380; x_wconf 70' lang='lat' dir='ltr'>Galliae</span> <span class='ocrx_word' id='word_1_362' title='bbox 3199 2342 3321 2394; x_wconf 85' lang='lat' dir='ltr'>rex,</span> <span class='ocrx_word' id='word_1_363' title='bbox 3337 2343 3470 2382; x_wconf 91' lang='lat' dir='ltr'>cum</span> <span class='ocrx_word' id='word_1_364' title='bbox 3494 2329 3770 2402; x_wconf 84' lang='lat' dir='ltr'>Hugone</span> 
     </span>
    </p>
   </div>
   <div class='ocr_carea' id='block_1_55' title="bbox 2075 2409 3763 2488">
    <p class='ocr_par' dir='ltr' id='par_1_55' title="bbox 2075 2409 3763 2488">
     <span class='ocr_line' id='line_1_55' title="bbox 2075 2409 3763 2488; baseline 0.005 -26"><span class='ocrx_word' id='word_1_365' title='bbox 2075 2409 2391 2466; x_wconf 90' lang='lat' dir='ltr'>Viennensi</span> <span class='ocrx_word' id='word_1_366' title='bbox 2427 2433 2455 2461; x_wconf 86' lang='grc'>‹‹</span> <span class='ocrx_word' id='word_1_367' title='bbox 2489 2411 2644 2467; x_wconf 88' lang='lat' dir='ltr'>inter</span> <span class='ocrx_word' id='word_1_368' title='bbox 2691 2413 2998 2486; x_wconf 83' lang='lat' dir='ltr'>angustias</span> <span class='ocrx_word' id='word_1_369' title='bbox 3051 2412 3291 2470; x_wconf 90' lang='lat' dir='ltr'>collium</span> <span class='ocrx_word' id='word_1_370' title='bbox 3333 2415 3698 2488; x_wconf 88' lang='lat' dir='ltr'>Alpinarum</span> <span class='ocrx_word' id='word_1_371' title='bbox 3738 2443 3763 2470; x_wconf 74' lang='grc' dir='ltr'><strong><em>ι</em></strong></span> 
     </span>
    </p>
   </div>
   <div class='ocr_carea' id='block_1_56' title="bbox 2076 2498 3768 2576">
    <p class='ocr_par' dir='ltr' id='par_1_56' title="bbox 2076 2498 3768 2576">
     <span class='ocr_line' id='line_1_56' title="bbox 2076 2498 3768 2576; baseline 0.004 -22"><span class='ocrx_word' id='word_1_372' title='bbox 2076 2498 2397 2568; x_wconf 89' lang='lat' dir='ltr'>conclusit;</span> <span class='ocrx_word' id='word_1_373' title='bbox 2422 2501 2578 2576; x_wconf 70' lang='lat' dir='ltr'>unde</span> <span class='ocrx_word' id='word_1_374' title='bbox 2609 2501 2910 2572; x_wconf 87' lang='lat' dir='ltr'>inepinato</span> <span class='ocrx_word' id='word_1_375' title='bbox 2936 2519 3036 2573; x_wconf 86' lang='lat' dir='ltr'>per</span> <span class='ocrx_word' id='word_1_376' title='bbox 3057 2503 3224 2558; x_wconf 89' lang='lat' dir='ltr'>devia</span> <span class='ocrx_word' id='word_1_377' title='bbox 3248 2505 3465 2559; x_wconf 88' lang='lat' dir='ltr'>montis</span> <span class='ocrx_word' id='word_1_378' title='bbox 3489 2507 3768 2561; x_wconf 84' lang='lat' dir='ltr'>evaden-</span> 
     </span>
    </p>
   </div>
   <div class='ocr_carea' id='block_1_57' title="bbox 2075 2588 3768 2664">
    <p class='ocr_par' dir='ltr' id='par_1_57' title="bbox 2075 2588 3768 2664">
     <span class='ocr_line' id='line_1_57' title="bbox 2075 2588 3768 2664; baseline 0.005 -22"><span class='ocrx_word' id='word_1_379' title='bbox 2075 2590 2187 2654; x_wconf 85' lang='lat' dir='ltr'>tes,</span> <span class='ocrx_word' id='word_1_380' title='bbox 2202 2588 2476 2644; x_wconf 88' lang='lat' dir='ltr'>Gothiam</span> <span class='ocrx_word' id='word_1_381' title='bbox 2499 2589 3122 2662; x_wconf 89' lang='lat' dir='ltr'>impetierunt,ibidem</span> <span class='ocrx_word' id='word_1_382' title='bbox 3139 2593 3480 2664; x_wconf 72' lang='lat' dir='ltr'>aprcedictis</span> <span class='ocrx_word' id='word_1_383' title='bbox 3495 2596 3622 2650; x_wconf 72' lang='lat' dir='ltr'>ltod</span> <span class='ocrx_word' id='word_1_384' title='bbox 3633 2595 3696 2650; x_wconf 88' lang='lat' dir='ltr'>ul</span> <span class='ocrx_word' id='word_1_385' title='bbox 3710 2597 3768 2650; x_wconf 81' lang='lat' dir='ltr'>fo</span> 
     </span>
    </p>
   </div>
   <div class='ocr_carea' id='block_1_58' title="bbox 2076 2676 3764 2751">
    <p class='ocr_par' dir='ltr' id='par_1_58' title="bbox 2076 2676 3764 2751">
     <span class='ocr_line' id='line_1_58' title="bbox 2076 2676 3764 2751; baseline 0.006 -21"><span class='ocrx_word' id='word_1_386' title='bbox 2076 2681 2133 2731; x_wconf 89' lang='lat' dir='ltr'>et</span> <span class='ocrx_word' id='word_1_387' title='bbox 2155 2676 2396 2749; x_wconf 85' lang='lat' dir='ltr'>Hugone</span> <span class='ocrx_word' id='word_1_388' title='bbox 2419 2679 2670 2733; x_wconf 89' lang='lat' dir='ltr'>subacti.</span> <span class='ocrx_word' id='word_1_389' title='bbox 2688 2678 2866 2734; x_wconf 89' lang='lat' dir='ltr'>Paulo</span> <span class='ocrx_word' id='word_1_390' title='bbox 2890 2680 3115 2751; x_wconf 89' lang='lat' dir='ltr'>post,id</span> <span class='ocrx_word' id='word_1_391' title='bbox 3141 2685 3230 2736; x_wconf 90' lang='lat' dir='ltr'>est</span> <span class='ocrx_word' id='word_1_392' title='bbox 3259 2698 3412 2738; x_wconf 90' lang='lat' dir='ltr'>anno</span> <span class='ocrx_word' id='word_1_393' title='bbox 3434 2683 3560 2751; x_wconf 80' lang='lat'>993,</span> <span class='ocrx_word' id='word_1_394' title='bbox 3600 2685 3764 2740; x_wconf 89' lang='lat' dir='ltr'>dum</span> 
     </span>
    </p>
   </div>
   <div class='ocr_carea' id='block_1_59' title="bbox 2076 2764 3763 2838">
    <p class='ocr_par' dir='ltr' id='par_1_59' title="bbox 2076 2764 3763 2838">
     <span class='ocr_line' id='line_1_59' title="bbox 2076 2764 3763 2838; baseline 0.005 -19"><span class='ocrx_word' id='word_1_395' title='bbox 2076 2764 2242 2836; x_wconf 87' lang='lat' dir='ltr'>Hugo</span> <span class='ocrx_word' id='word_1_396' title='bbox 2273 2783 2370 2822; x_wconf 86' lang='lat' dir='ltr'>rex</span> <span class='ocrx_word' id='word_1_397' title='bbox 2403 2765 2580 2822; x_wconf 76' lang='lat' dir='ltr'>Italia:</span> <span class='ocrx_word' id='word_1_398' title='bbox 2629 2767 2875 2823; x_wconf 81' lang='lat' dir='ltr'>Romam</span> <span class='ocrx_word' id='word_1_399' title='bbox 2915 2767 3164 2838; x_wconf 89' lang='lat' dir='ltr'>obsidet,</span> <span class='ocrx_word' id='word_1_400' title='bbox 3201 2769 3473 2826; x_wconf 88' lang='lat' dir='ltr'>Saraceni</span> <span class='ocrx_word' id='word_1_401' title='bbox 3506 2777 3763 2828; x_wconf 85' lang='lat' dir='ltr'>meatus</span> 
     </span>
    </p>
   </div>
   <div class='ocr_carea' id='block_1_60' title="bbox 2073 2852 3762 2932">
    <p class='ocr_par' dir='ltr' id='par_1_60' title="bbox 2073 2852 3762 2932">
     <span class='ocr_line' id='line_1_60' title="bbox 2073 2852 3762 2932; baseline 0.007 -26"><span class='ocrx_word' id='word_1_402' title='bbox 2073 2852 2308 2924; x_wconf 87' lang='lat' dir='ltr'>Alpium</span> <span class='ocrx_word' id='word_1_403' title='bbox 2335 2858 2834 2926; x_wconf 85' lang='lat' dir='ltr'>oceupant,atque</span> <span class='ocrx_word' id='word_1_404' title='bbox 2861 2855 3051 2912; x_wconf 87' lang='lat' dir='ltr'>vicina</span> <span class='ocrx_word' id='word_1_405' title='bbox 3081 2874 3328 2930; x_wconf 67' lang='lat' dir='ltr'>quisque</span> <span class='ocrx_word' id='word_1_406' title='bbox 3357 2858 3483 2916; x_wconf 90' lang='lat' dir='ltr'>loca</span> <span class='ocrx_word' id='word_1_407' title='bbox 3512 2861 3762 2932; x_wconf 68' lang='lat' dir='ltr'>deprae-</span> 
     </span>
    </p>
   </div>
   <div class='ocr_carea' id='block_1_61' title="bbox 2073 2940 3758 3020">
    <p class='ocr_par' dir='ltr' id='par_1_61' title="bbox 2073 2940 3758 3020">
     <span class='ocr_line' id='line_1_61' title="bbox 2073 2940 3758 3020; baseline 0.007 -26"><span class='ocrx_word' id='word_1_408' title='bbox 2073 2940 2309 2994; x_wconf 89' lang='lat' dir='ltr'>dantur.</span> <span class='ocrx_word' id='word_1_409' title='bbox 2345 2941 2584 2996; x_wconf 91' lang='lat' dir='ltr'>Biennio</span> <span class='ocrx_word' id='word_1_410' title='bbox 2617 2947 2870 3012; x_wconf 88' lang='lat' dir='ltr'>peracto,</span> <span class='ocrx_word' id='word_1_411' title='bbox 2897 2943 3156 3015; x_wconf 87' lang='lat' dir='ltr'>Hungari</span> <span class='ocrx_word' id='word_1_412' title='bbox 3189 2963 3294 3016; x_wconf 91' lang='lat' dir='ltr'>per</span> <span class='ocrx_word' id='word_1_413' title='bbox 3329 2948 3758 3020; x_wconf 85' lang='lat' dir='ltr'>Burgundiam</span> 
     </span>
    </p>
   </div>
   <div class='ocr_carea' id='block_1_62' title="bbox 2071 3027 3754 3099">
    <p class='ocr_par' dir='ltr' id='par_1_62' title="bbox 2071 3027 3754 3099">
     <span class='ocr_line' id='line_1_62' title="bbox 2071 3027 3754 3099; baseline 0.007 -18"><span class='ocrx_word' id='word_1_414' title='bbox 2071 3028 2292 3096; x_wconf 82' lang='lat' dir='ltr'>diﬂ&#39;usi,</span> <span class='ocrx_word' id='word_1_415' title='bbox 2324 3027 2553 3099; x_wconf 72' lang='lat' dir='ltr'>przedis,</span> <span class='ocrx_word' id='word_1_416' title='bbox 2576 3028 2860 3084; x_wconf 89' lang='lat' dir='ltr'>incendiis</span> <span class='ocrx_word' id='word_1_417' title='bbox 2883 3045 2950 3084; x_wconf 90' lang='lat' dir='ltr'>ac</span> <span class='ocrx_word' id='word_1_418' title='bbox 2980 3031 3240 3089; x_wconf 72' lang='lat' dir='ltr'>cmdibus</span> <span class='ocrx_word' id='word_1_419' title='bbox 3273 3035 3754 3092; x_wconf 88' lang='lat' dir='ltr'>debacchantur.</span> 
     </span>
    </p>
   </div>
   <div class='ocr_carea' id='block_1_63' title="bbox 2070 3115 3756 3185">
    <p class='ocr_par' dir='ltr' id='par_1_63' title="bbox 2070 3115 3756 3185">
     <span class='ocr_line' id='line_1_63' title="bbox 2070 3115 3756 3185; baseline 0.007 -15"><span class='ocrx_word' id='word_1_420' title='bbox 2070 3117 2180 3170; x_wconf 88' lang='lat' dir='ltr'>Tot</span> <span class='ocrx_word' id='word_1_421' title='bbox 2210 3120 2268 3170; x_wconf 94' lang='lat' dir='ltr'>et</span> <span class='ocrx_word' id='word_1_422' title='bbox 2297 3120 2418 3170; x_wconf 90' lang='lat' dir='ltr'>tam</span> <span class='ocrx_word' id='word_1_423' title='bbox 2451 3115 2782 3185; x_wconf 83' lang='lat' dir='ltr'>frequentes</span> <span class='ocrx_word' id='word_1_424' title='bbox 2826 3115 3022 3173; x_wconf 92' lang='lat' dir='ltr'>clades</span> <span class='ocrx_word' id='word_1_425' title='bbox 3073 3119 3316 3177; x_wconf 90' lang='lat' dir='ltr'>indubie</span> <span class='ocrx_word' id='word_1_426' title='bbox 3364 3125 3662 3181; x_wconf 86' lang='lat' dir='ltr'>Maiolum</span> <span class='ocrx_word' id='word_1_427' title='bbox 3692 3126 3756 3181; x_wconf 88' lang='lat' dir='ltr'>in</span> 
     </span>
    </p>
   </div>
   <div class='ocr_carea' id='block_1_64' title="bbox 2070 3201 3760 3278">
    <p class='ocr_par' dir='ltr' id='par_1_64' title="bbox 2070 3201 3760 3278">
     <span class='ocr_line' id='line_1_64' title="bbox 2070 3201 3760 3278; baseline 0.009 -22"><span class='ocrx_word' id='word_1_428' title='bbox 2070 3203 2275 3258; x_wconf 91' lang='lat' dir='ltr'>urbem</span> <span class='ocrx_word' id='word_1_429' title='bbox 2309 3201 2688 3258; x_wconf 89' lang='lat' dir='ltr'>Mastieonem</span> <span class='ocrx_word' id='word_1_430' title='bbox 2719 3205 3023 3275; x_wconf 75' lang='lat' dir='ltr'>perfugam</span> <span class='ocrx_word' id='word_1_431' title='bbox 3054 3215 3391 3278; x_wconf 86' lang='lat' dir='ltr'>coegerunt,</span> <span class='ocrx_word' id='word_1_432' title='bbox 3424 3213 3570 3269; x_wconf 89' lang='lat' dir='ltr'>dum</span> <span class='ocrx_word' id='word_1_433' title='bbox 3613 3215 3760 3270; x_wconf 89' lang='lat' dir='ltr'>Pro-</span> 
     </span>
    </p>
   </div>
   <div class='ocr_carea' id='block_1_65' title="bbox 303 3281 3755 3371">
    <p class='ocr_par' dir='ltr' id='par_1_65' title="bbox 303 3281 3755 3371">
     <span class='ocr_line' id='line_1_65' title="bbox 303 3281 3755 3371; baseline 0.002 -20"><span class='ocrx_word' id='word_1_434' title='bbox 303 3297 586 3354; x_wconf 86' lang='lat' dir='ltr'>rebellaro</span> <span class='ocrx_word' id='word_1_435' title='bbox 607 3281 1042 3371; x_wconf 79' lang='lat' dir='ltr'>molientem,in</span> <span class='ocrx_word' id='word_1_436' title='bbox 1059 3301 1418 3358; x_wconf 89' lang='lat' dir='ltr'>deditionem</span> <span class='ocrx_word' id='word_1_437' title='bbox 1443 3297 1956 3368; x_wconf 86' lang='lat' dir='ltr'>aceepisse,eoque</span> <span class='ocrx_word' id='word_1_438' title='bbox 1988 3281 2031 3348; x_wconf 87' lang='lat' dir='ltr'><strong>C</strong></span> <span class='ocrx_word' id='word_1_439' title='bbox 2066 3289 2276 3356; x_wconf 88' lang='lat' dir='ltr'>vincia,</span> <span class='ocrx_word' id='word_1_440' title='bbox 2310 3289 2367 3344; x_wconf 88' lang='lat' dir='ltr'>id</span> <span class='ocrx_word' id='word_1_441' title='bbox 2400 3295 2490 3345; x_wconf 90' lang='lat' dir='ltr'>est</span> <span class='ocrx_word' id='word_1_442' title='bbox 2521 3290 2712 3362; x_wconf 87' lang='lat' dir='ltr'>patria</span> <span class='ocrx_word' id='word_1_443' title='bbox 2743 3292 2891 3362; x_wconf 89' lang='lat' dir='ltr'>ejus,</span> <span class='ocrx_word' id='word_1_444' title='bbox 2913 3297 2998 3348; x_wconf 91' lang='lat' dir='ltr'>tot</span> <span class='ocrx_word' id='word_1_445' title='bbox 3027 3292 3294 3350; x_wconf 89' lang='lat' dir='ltr'>cladibus</span> <span class='ocrx_word' id='word_1_446' title='bbox 3327 3295 3755 3358; x_wconf 85' lang='lat' dir='ltr'>infestaretur.</span> 
     </span>
    </p>
   </div>
   <div class='ocr_carea' id='block_1_66' title="bbox 303 3381 1957 3446">
    <p class='ocr_par' dir='ltr' id='par_1_66' title="bbox 303 3381 1957 3446">
     <span class='ocr_line' id='line_1_66' title="bbox 303 3381 1957 3446; baseline -0.002 -5"><span class='ocrx_word' id='word_1_447' title='bbox 303 3386 456 3442; x_wconf 84' lang='lat' dir='ltr'>facto</span> <span class='ocrx_word' id='word_1_448' title='bbox 487 3388 838 3446; x_wconf 79' lang='lat' dir='ltr'>Provinciam</span> <span class='ocrx_word' id='word_1_449' title='bbox 863 3389 1146 3446; x_wconf 75' lang='lat' dir='ltr'>ordinasse</span> <span class='ocrx_word' id='word_1_450' title='bbox 1166 3391 1527 3446; x_wconf 87' lang='lat' dir='ltr'>memoratur</span> <span class='ocrx_word' id='word_1_451' title='bbox 1554 3383 1614 3438; x_wconf 89' lang='lat' dir='ltr'>in</span> <span class='ocrx_word' id='word_1_452' title='bbox 1631 3381 1957 3438; x_wconf 85' lang='lat' dir='ltr'>Annalibus</span> 
     </span>
    </p>
   </div>
   <div class='ocr_carea' id='block_1_67' title="bbox 303 3475 1038 3536">
    <p class='ocr_par' dir='ltr' id='par_1_67' title="bbox 303 3475 1038 3536">
     <span class='ocr_line' id='line_1_67' title="bbox 303 3475 1038 3536; baseline 0.003 -4"><span class='ocrx_word' id='word_1_453' title='bbox 303 3475 699 3536; x_wconf 90' lang='lat' dir='ltr'>Fuldensibus</span> <span class='ocrx_word' id='word_1_454' title='bbox 731 3496 884 3536; x_wconf 91' lang='lat' dir='ltr'>anno</span> <span class='ocrx_word' id='word_1_455' title='bbox 913 3481 1038 3534; x_wconf 79' lang='grc'>844.</span> 
     </span>
    </p>
   </div>
   <div class='ocr_carea' id='block_1_68' title="bbox 373 3605 1959 3688">
    <p class='ocr_par' dir='ltr' id='par_1_68' title="bbox 373 3605 1959 3688">
     <span class='ocr_line' id='line_1_68' title="bbox 373 3605 1959 3688; baseline -0.003 -22"><span class='ocrx_word' id='word_1_456' title='bbox 373 3611 458 3668; x_wconf 86' lang='grc'><strong>12.</strong></span> <span class='ocrx_word' id='word_1_457' title='bbox 486 3611 804 3688; x_wconf 85' lang='lat' dir='ltr'>Postquam</span> <span class='ocrx_word' id='word_1_458' title='bbox 821 3611 1067 3668; x_wconf 90' lang='lat' dir='ltr'>Maiolus</span> <span class='ocrx_word' id='word_1_459' title='bbox 1082 3609 1326 3683; x_wconf 86' lang='lat' dir='ltr'>integris</span> <span class='ocrx_word' id='word_1_460' title='bbox 1340 3605 1826 3677; x_wconf 87' lang='lat' dir='ltr'>intaminatisque</span> <span class='ocrx_word' id='word_1_461' title='bbox 1840 3621 1959 3661; x_wconf 87' lang='lat' dir='ltr'>mo-</span> 
     </span>
    </p>
   </div>
   <div class='ocr_carea' id='block_1_69' title="bbox 300 3695 1955 3773">
    <p class='ocr_par' dir='ltr' id='par_1_69' title="bbox 300 3695 1955 3773">
     <span class='ocr_line' id='line_1_69' title="bbox 300 3695 1955 3773; baseline -0.003 -20"><span class='ocrx_word' id='word_1_462' title='bbox 300 3697 465 3756; x_wconf 87' lang='lat' dir='ltr'>ribus</span> <span class='ocrx_word' id='word_1_463' title='bbox 497 3703 812 3773; x_wconf 88' lang='lat' dir='ltr'>pueritiam</span> <span class='ocrx_word' id='word_1_464' title='bbox 844 3700 901 3755; x_wconf 90' lang='lat' dir='ltr'>in</span> <span class='ocrx_word' id='word_1_465' title='bbox 933 3698 1124 3772; x_wconf 90' lang='lat' dir='ltr'>patria</span> <span class='ocrx_word' id='word_1_466' title='bbox 1145 3697 1452 3768; x_wconf 76' lang='lat' dir='ltr'>exegisset,</span> <span class='ocrx_word' id='word_1_467' title='bbox 1478 3710 1657 3748; x_wconf 80' lang='lat' dir='ltr'>«cum</span> <span class='ocrx_word' id='word_1_468' title='bbox 1680 3709 1814 3748; x_wconf 91' lang='lat' dir='ltr'>eum</span> <span class='ocrx_word' id='word_1_469' title='bbox 1828 3695 1955 3766; x_wconf 88' lang='lat' dir='ltr'>jam</span> 
     </span>
    </p>
   </div>
   <div class='ocr_carea' id='block_1_70' title="bbox 297 3782 1958 3855">
    <p class='ocr_par' dir='ltr' id='par_1_70' title="bbox 297 3782 1958 3855">
     <span class='ocr_line' id='line_1_70' title="bbox 297 3782 1958 3855; baseline -0.002 -11"><span class='ocrx_word' id='word_1_470' title='bbox 297 3786 414 3844; x_wconf 85' lang='lat' dir='ltr'>sibi</span> <span class='ocrx_word' id='word_1_471' title='bbox 461 3789 785 3848; x_wconf 87' lang='lat' dir='ltr'>vindicaret</span> <span class='ocrx_word' id='word_1_472' title='bbox 840 3784 1252 3852; x_wconf 88' lang='lat' dir='ltr'>adolescentia,</span> <span class='ocrx_word' id='word_1_473' title='bbox 1295 3782 1639 3855; x_wconf 87' lang='lat' dir='ltr'>parentibus</span> <span class='ocrx_word' id='word_1_474' title='bbox 1697 3782 1958 3840; x_wconf 89' lang='lat' dir='ltr'>humana</span> 
     </span>
    </p>
   </div>
   <div class='ocr_carea' id='block_1_71' title="bbox 297 3871 1956 3952">
    <p class='ocr_par' dir='ltr' id='par_1_71' title="bbox 297 3871 1956 3952">
     <span class='ocr_line' id='line_1_71' title="bbox 297 3871 1956 3952; baseline -0.004 -18"><span class='ocrx_word' id='word_1_475' title='bbox 297 3883 454 3935; x_wconf 83' lang='lat' dir='ltr'>sorte</span> <span class='ocrx_word' id='word_1_476' title='bbox 474 3879 784 3952; x_wconf 71' lang='lat' dir='ltr'>praeventis</span> <span class='ocrx_word' id='word_1_477' title='bbox 805 3877 903 3950; x_wconf 78' lang='lat' dir='ltr'>(ita</span> <span class='ocrx_word' id='word_1_478' title='bbox 921 3875 1114 3930; x_wconf 71' lang='lat' dir='ltr'>scribit</span> <span class='ocrx_word' id='word_1_479' title='bbox 1131 3872 1326 3944; x_wconf 81' lang='lat' dir='ltr'>Syrus)</span> <span class='ocrx_word' id='word_1_480' title='bbox 1353 3871 1702 3944; x_wconf 71' lang='lat' dir='ltr'>prmdiisque</span> <span class='ocrx_word' id='word_1_481' title='bbox 1741 3873 1956 3929; x_wconf 90' lang='lat' dir='ltr'>barba-</span> 
     </span>
    </p>
   </div>
   <div class='ocr_carea' id='block_1_72' title="bbox 298 3959 1956 4035">
    <p class='ocr_par' dir='ltr' id='par_1_72' title="bbox 298 3959 1956 4035">
     <span class='ocr_line' id='line_1_72' title="bbox 298 3959 1956 4035; baseline -0.003 -13"><span class='ocrx_word' id='word_1_482' title='bbox 298 3967 422 4024; x_wconf 88' lang='lat' dir='ltr'>rica</span> <span class='ocrx_word' id='word_1_483' title='bbox 448 3966 752 4026; x_wconf 87' lang='lat' dir='ltr'>invasione</span> <span class='ocrx_word' id='word_1_484' title='bbox 769 3966 827 4020; x_wconf 90' lang='lat' dir='ltr'>in</span> <span class='ocrx_word' id='word_1_485' title='bbox 853 3961 1234 4018; x_wconf 88' lang='lat' dir='ltr'>solitudinem</span> <span class='ocrx_word' id='word_1_486' title='bbox 1257 3959 1528 4029; x_wconf 86' lang='lat' dir='ltr'>redactis,</span> <span class='ocrx_word' id='word_1_487' title='bbox 1543 3960 1740 4017; x_wconf 88' lang='lat' dir='ltr'>divina</span> <span class='ocrx_word' id='word_1_488' title='bbox 1760 3963 1956 4035; x_wconf 87' lang='lat' dir='ltr'>dispo-</span> 
     </span>
    </p>
   </div>
   <div class='ocr_carea' id='block_1_73' title="bbox 298 4047 1956 4130">
    <p class='ocr_par' dir='ltr' id='par_1_73' title="bbox 298 4047 1956 4130">
     <span class='ocr_line' id='line_1_73' title="bbox 298 4047 1956 4130; baseline -0.001 -20"><span class='ocrx_word' id='word_1_489' title='bbox 298 4053 858 4130; x_wconf 77' lang='lat' dir='ltr'>nenteprovidentia</span> <span class='ocrx_word' id='word_1_490' title='bbox 881 4049 1074 4106; x_wconf 85' lang='lat' dir='ltr'>natale</span> <span class='ocrx_word' id='word_1_491' title='bbox 1096 4047 1290 4104; x_wconf 92' lang='lat' dir='ltr'>solum</span> <span class='ocrx_word' id='word_1_492' title='bbox 1313 4052 1548 4105; x_wconf 86' lang='lat' dir='ltr'>coactus</span> <span class='ocrx_word' id='word_1_493' title='bbox 1563 4054 1653 4106; x_wconf 89' lang='lat' dir='ltr'>est</span> <span class='ocrx_word' id='word_1_494' title='bbox 1671 4051 1956 4118; x_wconf 90' lang='lat' dir='ltr'>deserere,</span> 
     </span>
    </p>
   </div>
   <div class='ocr_carea' id='block_1_74' title="bbox 296 4135 1958 4216">
    <p class='ocr_par' dir='ltr' id='par_1_74' title="bbox 296 4135 1958 4216">
     <span class='ocr_line' id='line_1_74' title="bbox 296 4135 1958 4216; baseline -0.002 -16"><span class='ocrx_word' id='word_1_495' title='bbox 296 4157 366 4200; x_wconf 78' lang='lat' dir='ltr'>ac</span> <span class='ocrx_word' id='word_1_496' title='bbox 381 4137 734 4216; x_wconf 65' lang='lat' dir='ltr'>Burgundia</span> <span class='ocrx_word' id='word_1_497' title='bbox 749 4142 946 4213; x_wconf 90' lang='lat' dir='ltr'>partes</span> <span class='ocrx_word' id='word_1_498' title='bbox 964 4141 1233 4210; x_wconf 80' lang='lat' dir='ltr'>expetere</span> <span class='ocrx_word' id='word_1_499' title='bbox 1259 4153 1271 4192; x_wconf 92' lang='lat'><strong>:</strong></span> <span class='ocrx_word' id='word_1_500' title='bbox 1295 4135 1654 4210; x_wconf 87' lang='lat' dir='ltr'>veniensque</span> <span class='ocrx_word' id='word_1_501' title='bbox 1673 4139 1732 4194; x_wconf 91' lang='lat' dir='ltr'>in</span> <span class='ocrx_word' id='word_1_502' title='bbox 1751 4141 1958 4196; x_wconf 89' lang='lat' dir='ltr'>urbem</span> 
     </span>
    </p>
   </div>
   <div class='ocr_carea' id='block_1_75' title="bbox 293 4225 1958 4302">
    <p class='ocr_par' dir='ltr' id='par_1_75' title="bbox 293 4225 1958 4302">
     <span class='ocr_line' id='line_1_75' title="bbox 293 4225 1958 4302; baseline 0 -17"><span class='ocrx_word' id='word_1_503' title='bbox 293 4229 732 4302; x_wconf 80' lang='lat' dir='ltr'>Matiscensem,</span> <span class='ocrx_word' id='word_1_504' title='bbox 752 4232 1066 4299; x_wconf 90' lang='lat' dir='ltr'>susceptus</span> <span class='ocrx_word' id='word_1_505' title='bbox 1083 4230 1172 4282; x_wconf 90' lang='lat' dir='ltr'>est</span> <span class='ocrx_word' id='word_1_506' title='bbox 1188 4226 1268 4282; x_wconf 90' lang='lat' dir='ltr'>ibi</span> <span class='ocrx_word' id='word_1_507' title='bbox 1292 4227 1351 4281; x_wconf 90' lang='lat' dir='ltr'>in</span> <span class='ocrx_word' id='word_1_508' title='bbox 1370 4225 1624 4300; x_wconf 89' lang='lat' dir='ltr'>hospitio</span> <span class='ocrx_word' id='word_1_509' title='bbox 1646 4246 1680 4284; x_wconf 88' lang='lat' dir='ltr'>a</span> <span class='ocrx_word' id='word_1_510' title='bbox 1700 4230 1958 4300; x_wconf 88' lang='lat' dir='ltr'>quodam</span> 
     </span>
    </p>
   </div>
   <div class='ocr_carea' id='block_1_76' title="bbox 296 4313 1959 4392">
    <p class='ocr_par' dir='ltr' id='par_1_76' title="bbox 296 4313 1959 4392">
     <span class='ocr_line' id='line_1_76' title="bbox 296 4313 1959 4392; baseline -0.001 -18"><span class='ocrx_word' id='word_1_511' title='bbox 296 4334 407 4374; x_wconf 90' lang='lat' dir='ltr'>suo</span> <span class='ocrx_word' id='word_1_512' title='bbox 440 4319 794 4392; x_wconf 86' lang='lat' dir='ltr'>propinquo,</span> <span class='ocrx_word' id='word_1_513' title='bbox 829 4313 929 4387; x_wconf 91' lang='lat' dir='ltr'>qui</span> <span class='ocrx_word' id='word_1_514' title='bbox 980 4313 1132 4370; x_wconf 89' lang='lat' dir='ltr'>inter</span> <span class='ocrx_word' id='word_1_515' title='bbox 1181 4313 1438 4387; x_wconf 89' lang='lat' dir='ltr'>reliquos</span> <span class='ocrx_word' id='word_1_516' title='bbox 1485 4317 1754 4388; x_wconf 89' lang='lat' dir='ltr'>ejusdem</span> <span class='ocrx_word' id='word_1_517' title='bbox 1795 4317 1959 4374; x_wconf 91' lang='lat' dir='ltr'>urbis</span> 
     </span>
    </p>
   </div>
   <div class='ocr_carea' id='block_1_77' title="bbox 289 4403 1958 4478">
    <p class='ocr_par' dir='ltr' id='par_1_77' title="bbox 289 4403 1958 4478">
     <span class='ocr_line' id='line_1_77' title="bbox 289 4403 1958 4478; baseline -0.002 -13"><span class='ocrx_word' id='word_1_518' title='bbox 289 4421 566 4478; x_wconf 85' lang='lat' dir='ltr'>proceres</span> <span class='ocrx_word' id='word_1_519' title='bbox 582 4403 905 4462; x_wconf 89' lang='lat' dir='ltr'>nobilitatis</span> <span class='ocrx_word' id='word_1_520' title='bbox 927 4405 1172 4478; x_wconf 89' lang='lat' dir='ltr'>gerebat</span> <span class='ocrx_word' id='word_1_521' title='bbox 1193 4405 1393 4460; x_wconf 89' lang='lat' dir='ltr'>decus.</span> <span class='ocrx_word' id='word_1_522' title='bbox 1408 4403 1672 4477; x_wconf 86' lang='lat' dir='ltr'>Cumque</span> <span class='ocrx_word' id='word_1_523' title='bbox 1692 4405 1958 4478; x_wconf 89' lang='lat' dir='ltr'>aliquan-</span> 
     </span>
    </p>
   </div>
   <div class='ocr_carea' id='block_1_78' title="bbox 293 4491 1958 4566">
    <p class='ocr_par' dir='ltr' id='par_1_78' title="bbox 293 4491 1958 4566">
     <span class='ocr_line' id='line_1_78' title="bbox 293 4491 1958 4566; baseline 0.001 -17"><span class='ocrx_word' id='word_1_524' title='bbox 293 4493 399 4549; x_wconf 87' lang='lat' dir='ltr'>diu</span> <span class='ocrx_word' id='word_1_525' title='bbox 431 4495 490 4549; x_wconf 91' lang='lat' dir='ltr'>in</span> <span class='ocrx_word' id='word_1_526' title='bbox 521 4495 651 4566; x_wconf 88' lang='lat' dir='ltr'>ejus</span> <span class='ocrx_word' id='word_1_527' title='bbox 682 4498 1014 4550; x_wconf 89' lang='lat' dir='ltr'>moraretur</span> <span class='ocrx_word' id='word_1_528' title='bbox 1046 4491 1381 4560; x_wconf 89' lang='lat' dir='ltr'>diversorio,</span> <span class='ocrx_word' id='word_1_529' title='bbox 1405 4495 1534 4565; x_wconf 76' lang='lat' dir='ltr'>ejus</span> <span class='ocrx_word' id='word_1_530' title='bbox 1555 4493 1740 4551; x_wconf 85' lang='lat' dir='ltr'>fultus</span> <span class='ocrx_word' id='word_1_531' title='bbox 1772 4495 1958 4552; x_wconf 88' lang='lat' dir='ltr'>admi-</span> 
     </span>
    </p>
   </div>
   <div class='ocr_carea' id='block_1_79' title="bbox 295 4581 1956 4658">
    <p class='ocr_par' dir='ltr' id='par_1_79' title="bbox 295 4581 1956 4658">
     <span class='ocr_line' id='line_1_79' title="bbox 295 4581 1956 4658; baseline 0.002 -21"><span class='ocrx_word' id='word_1_532' title='bbox 295 4581 514 4651; x_wconf 89' lang='lat' dir='ltr'>niculo,</span> <span class='ocrx_word' id='word_1_533' title='bbox 549 4582 635 4638; x_wconf 92' lang='lat' dir='ltr'>uti</span> <span class='ocrx_word' id='word_1_534' title='bbox 683 4583 859 4655; x_wconf 86' lang='lat' dir='ltr'>coepit</span> <span class='ocrx_word' id='word_1_535' title='bbox 908 4583 1174 4654; x_wconf 87' lang='lat' dir='ltr'>ejusdem</span> <span class='ocrx_word' id='word_1_536' title='bbox 1215 4583 1470 4639; x_wconf 89' lang='lat' dir='ltr'>civitatis</span> <span class='ocrx_word' id='word_1_537' title='bbox 1517 4583 1814 4656; x_wconf 90' lang='lat' dir='ltr'>episcopo,</span> <span class='ocrx_word' id='word_1_538' title='bbox 1857 4586 1956 4658; x_wconf 90' lang='lat' dir='ltr'>qui</span> 
     </span>
    </p>
   </div>
   <div class='ocr_carea' id='block_1_80' title="bbox 285 4669 1956 4744">
    <p class='ocr_par' dir='ltr' id='par_1_80' title="bbox 285 4669 1956 4744">
     <span class='ocr_line' id='line_1_80' title="bbox 285 4669 1956 4744; baseline 0.002 -18"><span class='ocrx_word' id='word_1_539' title='bbox 285 4687 431 4726; x_wconf 81' lang='lat' dir='ltr'>eum</span> <span class='ocrx_word' id='word_1_540' title='bbox 463 4669 688 4727; x_wconf 89' lang='lat' dir='ltr'>liberali</span> <span class='ocrx_word' id='word_1_541' title='bbox 737 4689 983 4728; x_wconf 87' lang='lat' dir='ltr'>cernens</span> <span class='ocrx_word' id='word_1_542' title='bbox 1033 4672 1269 4744; x_wconf 87' lang='lat' dir='ltr'>ingenio</span> <span class='ocrx_word' id='word_1_543' title='bbox 1299 4671 1509 4740; x_wconf 88' lang='lat' dir='ltr'>valere,</span> <span class='ocrx_word' id='word_1_544' title='bbox 1543 4673 1956 4730; x_wconf 89' lang='lat' dir='ltr'>canonicorum</span> 
     </span>
    </p>
   </div>
   <div class='ocr_carea' id='block_1_81' title="bbox 297 4759 1956 4833">
    <p class='ocr_par' dir='ltr' id='par_1_81' title="bbox 297 4759 1956 4833">
     <span class='ocr_line' id='line_1_81' title="bbox 297 4759 1956 4833; baseline 0.003 -19"><span class='ocrx_word' id='word_1_545' title='bbox 297 4759 526 4815; x_wconf 88' lang='lat' dir='ltr'>studuit</span> <span class='ocrx_word' id='word_1_546' title='bbox 554 4760 798 4833; x_wconf 92' lang='lat' dir='ltr'>collegio</span> <span class='ocrx_word' id='word_1_547' title='bbox 829 4760 1132 4833; x_wconf 88' lang='lat' dir='ltr'>copulare;</span> <span class='ocrx_word' id='word_1_548' title='bbox 1167 4761 1263 4832; x_wconf 88' lang='lat' dir='ltr'>qui</span> <span class='ocrx_word' id='word_1_549' title='bbox 1295 4762 1472 4816; x_wconf 90' lang='lat' dir='ltr'>etiam</span> <span class='ocrx_word' id='word_1_550' title='bbox 1505 4779 1638 4817; x_wconf 89' lang='lat' dir='ltr'>eum</span> <span class='ocrx_word' id='word_1_551' title='bbox 1673 4764 1956 4819; x_wconf 88' lang='lat' dir='ltr'>secretius</span> 
     </span>
    </p>
   </div>
   <div class='ocr_carea' id='block_1_82' title="bbox 297 4848 1956 4924">
    <p class='ocr_par' dir='ltr' id='par_1_82' title="bbox 297 4848 1956 4924">
     <span class='ocr_line' id='line_1_82' title="bbox 297 4848 1956 4924; baseline 0.002 -20"><span class='ocrx_word' id='word_1_552' title='bbox 297 4864 535 4904; x_wconf 85' lang='lat' dir='ltr'>summa</span> <span class='ocrx_word' id='word_1_553' title='bbox 564 4848 914 4904; x_wconf 84' lang='lat' dir='ltr'>hortabatur</span> <span class='ocrx_word' id='word_1_554' title='bbox 936 4849 1238 4915; x_wconf 86' lang='lat' dir='ltr'>instantia,</span> <span class='ocrx_word' id='word_1_555' title='bbox 1255 4854 1318 4904; x_wconf 91' lang='lat' dir='ltr'>ut</span> <span class='ocrx_word' id='word_1_556' title='bbox 1340 4868 1401 4905; x_wconf 90' lang='lat' dir='ltr'>se</span> <span class='ocrx_word' id='word_1_557' title='bbox 1421 4850 1704 4924; x_wconf 85' lang='lat' dir='ltr'>virginem</span> <span class='ocrx_word' id='word_1_558' title='bbox 1729 4869 1956 4908; x_wconf 86' lang='lat' dir='ltr'>conser-</span> 
     </span>
    </p>
   </div>
   <div class='ocr_carea' id='block_1_83' title="bbox 293 4937 1950 5011">
    <p class='ocr_par' dir='ltr' id='par_1_83' title="bbox 293 4937 1950 5011">
     <span class='ocr_line' id='line_1_83' title="bbox 293 4937 1950 5011; baseline 0.002 -18"><span class='ocrx_word' id='word_1_559' title='bbox 293 4940 474 4993; x_wconf 85' lang='lat' dir='ltr'>varet.</span> <span class='ocrx_word' id='word_1_560' title='bbox 507 4958 536 4986; x_wconf 84' lang='lat'>»</span> <span class='ocrx_word' id='word_1_561' title='bbox 569 4937 981 4993; x_wconf 90' lang='lat' dir='ltr'>Matisconensi</span> <span class='ocrx_word' id='word_1_562' title='bbox 1014 4937 1282 4993; x_wconf 60' lang='lat' dir='ltr'>Ecclesia:</span> <span class='ocrx_word' id='word_1_563' title='bbox 1317 4943 1442 4994; x_wconf 89' lang='lat' dir='ltr'>tum</span> <span class='ocrx_word' id='word_1_564' title='bbox 1475 4945 1717 5011; x_wconf 59' lang='lat' dir='ltr'>proserat</span> <span class='ocrx_word' id='word_1_565' title='bbox 1747 4942 1950 5008; x_wconf 87' lang='lat' dir='ltr'>Bcrno,</span> 
     </span>
    </p>
   </div>
   <div class='ocr_carea' id='block_1_84' title="bbox 296 5023 1952 5098">
    <p class='ocr_par' dir='ltr' id='par_1_84' title="bbox 296 5023 1952 5098">
     <span class='ocr_line' id='line_1_84' title="bbox 296 5023 1952 5098; baseline 0.003 -17"><span class='ocrx_word' id='word_1_566' title='bbox 296 5025 469 5098; x_wconf 84' lang='lat' dir='ltr'>cujus</span> <span class='ocrx_word' id='word_1_567' title='bbox 499 5023 558 5080; x_wconf 89' lang='lat' dir='ltr'>in</span> <span class='ocrx_word' id='word_1_568' title='bbox 589 5025 1004 5081; x_wconf 88' lang='lat' dir='ltr'>Cluniacenses</span> <span class='ocrx_word' id='word_1_569' title='bbox 1038 5027 1502 5083; x_wconf 89' lang='lat' dir='ltr'>muniﬁcentiam</span> <span class='ocrx_word' id='word_1_570' title='bbox 1554 5029 1714 5084; x_wconf 89' lang='lat' dir='ltr'>varia</span> <span class='ocrx_word' id='word_1_571' title='bbox 1745 5047 1952 5086; x_wconf 92' lang='lat' dir='ltr'>monu-</span> 
     </span>
    </p>
   </div>
   <div class='ocr_carea' id='block_1_85' title="bbox 297 5117 952 5169">
    <p class='ocr_par' dir='ltr' id='par_1_85' title="bbox 297 5117 952 5169">
     <span class='ocr_line' id='line_1_85' title="bbox 297 5117 952 5169; baseline -0.002 -1"><span class='ocrx_word' id='word_1_572' title='bbox 297 5117 500 5169; x_wconf 86' lang='lat' dir='ltr'>menta</span> <span class='ocrx_word' id='word_1_573' title='bbox 528 5117 952 5169; x_wconf 88' lang='lat' dir='ltr'>contestantur.</span> 
     </span>
    </p>
   </div>
   <div class='ocr_carea' id='block_1_86' title="bbox 285 5229 1956 5308">
    <p class='ocr_par' dir='ltr' id='par_1_86' title="bbox 285 5229 1956 5308">
     <span class='ocr_line' id='line_1_86' title="bbox 285 5229 1956 5308; baseline 0.004 -24"><span class='ocrx_word' id='word_1_574' title='bbox 285 5243 294 5260; x_wconf 64' lang='grc' dir='ltr'><em>ί</em></span> <span class='ocrx_word' id='word_1_575' title='bbox 371 5229 458 5284; x_wconf 86' lang='grc'><strong>13.</strong></span> <span class='ocrx_word' id='word_1_576' title='bbox 493 5231 770 5296; x_wconf 69' lang='lat' dir='ltr'>Quisnam</span> <span class='ocrx_word' id='word_1_577' title='bbox 803 5245 936 5284; x_wconf 90' lang='lat' dir='ltr'>vero</span> <span class='ocrx_word' id='word_1_578' title='bbox 967 5229 1044 5284; x_wconf 90' lang='lat' dir='ltr'>sit</span> <span class='ocrx_word' id='word_1_579' title='bbox 1074 5229 1174 5285; x_wconf 88' lang='lat' dir='ltr'>illa</span> <span class='ocrx_word' id='word_1_580' title='bbox 1203 5231 1506 5299; x_wconf 89' lang='lat' dir='ltr'>clades,de</span> <span class='ocrx_word' id='word_1_581' title='bbox 1537 5250 1653 5304; x_wconf 90' lang='lat' dir='ltr'>qua</span> <span class='ocrx_word' id='word_1_582' title='bbox 1701 5234 1794 5290; x_wconf 92' lang='lat' dir='ltr'>hic</span> <span class='ocrx_word' id='word_1_583' title='bbox 1837 5237 1956 5308; x_wconf 89' lang='lat' dir='ltr'>agit</span> 
     </span>
    </p>
   </div>
   <div class='ocr_carea' id='block_1_87' title="bbox 281 5317 1954 5391">
    <p class='ocr_par' dir='ltr' id='par_1_87' title="bbox 281 5317 1954 5391">
     <span class='ocr_line' id='line_1_87' title="bbox 281 5317 1954 5391; baseline 0.004 -18"><span class='ocrx_word' id='word_1_584' title='bbox 281 5317 675 5390; x_wconf 79' lang='lat' dir='ltr'>-Syrus,haud</span> <span class='ocrx_word' id='word_1_585' title='bbox 705 5333 1128 5389; x_wconf 86' lang='lat' dir='ltr'>usquequaque</span> <span class='ocrx_word' id='word_1_586' title='bbox 1149 5318 1534 5391; x_wconf 87' lang='lat' dir='ltr'>exploratum.</span> <span class='ocrx_word' id='word_1_587' title='bbox 1553 5323 1677 5376; x_wconf 92' lang='lat' dir='ltr'>Duo</span> <span class='ocrx_word' id='word_1_588' title='bbox 1694 5321 1954 5380; x_wconf 90' lang='lat' dir='ltr'>hostium</span> 
     </span>
    </p>
   </div>
   <div class='ocr_carea' id='block_1_88' title="bbox 275 5405 1951 5478">
    <p class='ocr_par' dir='ltr' id='par_1_88' title="bbox 275 5405 1951 5478">
     <span class='ocr_line' id='line_1_88' title="bbox 275 5405 1951 5478; baseline 0.005 -19"><span class='ocrx_word' id='word_1_589' title='bbox 275 5420 512 5478; x_wconf 85' lang='lat' dir='ltr'>-genera</span> <span class='ocrx_word' id='word_1_590' title='bbox 542 5405 902 5460; x_wconf 89' lang='lat' dir='ltr'>Provinciam</span> <span class='ocrx_word' id='word_1_591' title='bbox 935 5421 1036 5476; x_wconf 89' lang='lat' dir='ltr'>per</span> <span class='ocrx_word' id='word_1_592' title='bbox 1067 5406 1120 5460; x_wconf 93' lang='lat' dir='ltr'>id</span> <span class='ocrx_word' id='word_1_593' title='bbox 1151 5410 1381 5478; x_wconf 88' lang='lat' dir='ltr'>tempus</span> <span class='ocrx_word' id='word_1_594' title='bbox 1405 5406 1951 5478; x_wconf 80' lang='lat' dir='ltr'>infcstarunt,Hun-</span> 
     </span>
    </p>
   </div>
   <div class='ocr_carea' id='block_1_89' title="bbox 273 5491 1950 5568">
    <p class='ocr_par' dir='ltr' id='par_1_89' title="bbox 273 5491 1950 5568">
     <span class='ocr_line' id='line_1_89' title="bbox 273 5491 1950 5568; baseline 0.004 -20"><span class='ocrx_word' id='word_1_595' title='bbox 273 5493 424 5565; x_wconf 70' lang='lat' dir='ltr'>gari</span> <span class='ocrx_word' id='word_1_596' title='bbox 455 5497 514 5548; x_wconf 89' lang='lat' dir='ltr'>et</span> <span class='ocrx_word' id='word_1_597' title='bbox 545 5493 840 5550; x_wconf 87' lang='lat' dir='ltr'>Saraceni.</span> <span class='ocrx_word' id='word_1_598' title='bbox 875 5491 941 5546; x_wconf 80' lang='lat' dir='ltr'>ili</span> <span class='ocrx_word' id='word_1_599' title='bbox 971 5493 1214 5563; x_wconf 87' lang='lat' dir='ltr'>piratico</span> <span class='ocrx_word' id='word_1_600' title='bbox 1247 5510 1406 5550; x_wconf 90' lang='lat' dir='ltr'>more</span> <span class='ocrx_word' id='word_1_601' title='bbox 1443 5508 1510 5550; x_wconf 85' lang='lat' dir='ltr'>ex</span> <span class='ocrx_word' id='word_1_602' title='bbox 1562 5497 1861 5568; x_wconf 86' lang='lat' dir='ltr'>Hispania,</span> <span class='ocrx_word' id='word_1_603' title='bbox 1893 5501 1950 5555; x_wconf 93' lang='lat' dir='ltr'>in</span> 
     </span>
    </p>
   </div>
   <div class='ocr_carea' id='block_1_90' title="bbox 273 5578 1950 5660">
    <p class='ocr_par' dir='ltr' id='par_1_90' title="bbox 273 5578 1950 5660">
     <span class='ocr_line' id='line_1_90' title="bbox 273 5578 1950 5660; baseline 0.005 -25"><span class='ocrx_word' id='word_1_604' title='bbox 273 5578 529 5636; x_wconf 87' lang='lat' dir='ltr'>-Italiam</span> <span class='ocrx_word' id='word_1_605' title='bbox 563 5582 708 5637; x_wconf 84' lang='lat' dir='ltr'>forte</span> <span class='ocrx_word' id='word_1_606' title='bbox 751 5579 946 5649; x_wconf 83' lang='lat' dir='ltr'>delati,</span> <span class='ocrx_word' id='word_1_607' title='bbox 985 5579 1358 5636; x_wconf 83' lang='lat' dir='ltr'>Fraxinetum</span> <span class='ocrx_word' id='word_1_608' title='bbox 1409 5599 1602 5638; x_wconf 90' lang='lat' dir='ltr'>arcem</span> <span class='ocrx_word' id='word_1_609' title='bbox 1651 5583 1722 5640; x_wconf 87' lang='lat' dir='ltr'>ad</span> <span class='ocrx_word' id='word_1_610' title='bbox 1776 5587 1950 5660; x_wconf 88' lang='lat' dir='ltr'>Alpes</span> 
     </span>
    </p>
   </div>
   <div class='ocr_carea' id='block_1_91' title="bbox 275 5665 1949 5749">
    <p class='ocr_par' dir='ltr' id='par_1_91' title="bbox 275 5665 1949 5749">
     <span class='ocr_line' id='line_1_91' title="bbox 275 5665 1949 5749; baseline 0.016 -39"><span class='ocrx_word' id='word_1_611' title='bbox 275 5665 494 5730; x_wconf 71' lang='lat' dir='ltr'>.Gotias</span> <span class='ocrx_word' id='word_1_612' title='bbox 542 5673 898 5746; x_wconf 82' lang='lat' dir='ltr'>occuparunt</span> <span class='ocrx_word' id='word_1_613' title='bbox 950 5684 1101 5725; x_wconf 88' lang='lat' dir='ltr'>anno</span> <span class='ocrx_word' id='word_1_614' title='bbox 1145 5669 1269 5736; x_wconf 81' lang='lat'>891,</span> <span class='ocrx_word' id='word_1_615' title='bbox 1306 5685 1551 5746; x_wconf 88' lang='lat' dir='ltr'>eamque</span> <span class='ocrx_word' id='word_1_616' title='bbox 1595 5689 1699 5749; x_wconf 89' lang='lat' dir='ltr'>per</span> <span class='ocrx_word' id='word_1_617' title='bbox 1731 5676 1949 5736; x_wconf 87' lang='lat' dir='ltr'>multos</span> 
     </span>
    </p>
   </div>
   <div class='ocr_carea' id='block_1_92' title="bbox 2142 3379 3752 3457">
    <p class='ocr_par' dir='ltr' id='par_1_92' title="bbox 2142 3379 3752 3457">
     <span class='ocr_line' id='line_1_92' title="bbox 2142 3379 3752 3457; baseline 0.01 -25"><span class='ocrx_word' id='word_1_618' title='bbox 2142 3379 2227 3432; x_wconf 83' lang='grc'>14.</span> <span class='ocrx_word' id='word_1_619' title='bbox 2251 3379 2477 3434; x_wconf 85' lang='lat' dir='ltr'>Interea</span> <span class='ocrx_word' id='word_1_620' title='bbox 2489 3379 3162 3450; x_wconf 89' lang='lat' dir='ltr'>temporisiscanonicus</span> <span class='ocrx_word' id='word_1_621' title='bbox 3177 3383 3497 3442; x_wconf 89' lang='lat' dir='ltr'>Mastieone</span> <span class='ocrx_word' id='word_1_622' title='bbox 3515 3389 3752 3457; x_wconf 81' lang='lat' dir='ltr'>factus,</span> 
     </span>
    </p>
   </div>
   <div class='ocr_carea' id='block_1_93' title="bbox 2071 3467 3753 3552">
    <p class='ocr_par' dir='ltr' id='par_1_93' title="bbox 2071 3467 3753 3552">
     <span class='ocr_line' id='line_1_93' title="bbox 2071 3467 3753 3552; baseline 0.009 -30"><span class='ocrx_word' id='word_1_623' title='bbox 2071 3467 2426 3540; x_wconf 86' lang='lat' dir='ltr'>Lugdunum</span> <span class='ocrx_word' id='word_1_624' title='bbox 2457 3467 2518 3523; x_wconf 89' lang='lat' dir='ltr'>in</span> <span class='ocrx_word' id='word_1_625' title='bbox 2541 3468 2774 3526; x_wconf 88' lang='lat' dir='ltr'>scholas</span> <span class='ocrx_word' id='word_1_626' title='bbox 2804 3469 2946 3538; x_wconf 90' lang='lat' dir='ltr'>abit,</span> <span class='ocrx_word' id='word_1_627' title='bbox 2961 3471 3062 3526; x_wconf 92' lang='lat' dir='ltr'>ubi</span> <span class='ocrx_word' id='word_1_628' title='bbox 3093 3473 3342 3529; x_wconf 89' lang='lat' dir='ltr'>Antonio</span> <span class='ocrx_word' id='word_1_629' title='bbox 3375 3485 3753 3552; x_wconf 71' lang='lat' dir='ltr'>prmceptore</span> 
     </span>
    </p>
   </div>
   <div class='ocr_carea' id='block_1_94' title="bbox 2067 3557 3752 3639">
    <p class='ocr_par' dir='ltr' id='par_1_94' title="bbox 2067 3557 3752 3639">
     <span class='ocr_line' id='line_1_94' title="bbox 2067 3557 3752 3639; baseline 0.007 -27"><span class='ocrx_word' id='word_1_630' title='bbox 2067 3557 2479 3639; x_wconf 75' lang='lat' dir='ltr'>usus,hpmine</span> <span class='ocrx_word' id='word_1_631' title='bbox 2496 3559 2556 3612; x_wconf 91' lang='lat' dir='ltr'>in</span> <span class='ocrx_word' id='word_1_632' title='bbox 2574 3557 2946 3632; x_wconf 87' lang='lat' dir='ltr'>philosophia</span> <span class='ocrx_word' id='word_1_633' title='bbox 2961 3561 3210 3629; x_wconf 90' lang='lat' dir='ltr'>erudito,</span> <span class='ocrx_word' id='word_1_634' title='bbox 3239 3585 3267 3611; x_wconf 86' lang='lat'><strong>«</strong></span> <span class='ocrx_word' id='word_1_635' title='bbox 3281 3565 3452 3635; x_wconf 85' lang='lat' dir='ltr'>cujus</span> <span class='ocrx_word' id='word_1_636' title='bbox 3472 3566 3752 3624; x_wconf 88' lang='lat' dir='ltr'>multum</span> 
     </span>
    </p>
   </div>
   <div class='ocr_carea' id='block_1_95' title="bbox 2067 3644 3749 3724">
    <p class='ocr_par' dir='ltr' id='par_1_95' title="bbox 2067 3644 3749 3724">
     <span class='ocr_line' id='line_1_95' title="bbox 2067 3644 3749 3724; baseline 0.007 -23"><span class='ocrx_word' id='word_1_637' title='bbox 2067 3644 2364 3702; x_wconf 89' lang='lat' dir='ltr'>convaluit</span> <span class='ocrx_word' id='word_1_638' title='bbox 2386 3645 2540 3719; x_wconf 75' lang='lat' dir='ltr'>(Syri</span> <span class='ocrx_word' id='word_1_639' title='bbox 2567 3647 2687 3704; x_wconf 65' lang='lat' dir='ltr'>lare</span> <span class='ocrx_word' id='word_1_640' title='bbox 2714 3649 2877 3704; x_wconf 79' lang='lat' dir='ltr'>verba</span> <span class='ocrx_word' id='word_1_641' title='bbox 2905 3655 3052 3717; x_wconf 68' lang='lat' dir='ltr'>sunt)</span> <span class='ocrx_word' id='word_1_642' title='bbox 3085 3667 3202 3706; x_wconf 91' lang='lat' dir='ltr'>non</span> <span class='ocrx_word' id='word_1_643' title='bbox 3235 3653 3412 3708; x_wconf 91' lang='lat' dir='ltr'>modo</span> <span class='ocrx_word' id='word_1_644' title='bbox 3442 3655 3749 3724; x_wconf 86' lang='lat' dir='ltr'>doctrina,</span> 
     </span>
    </p>
   </div>
   <div class='ocr_carea' id='block_1_96' title="bbox 2068 3736 3753 3812">
    <p class='ocr_par' dir='ltr' id='par_1_96' title="bbox 2068 3736 3753 3812">
     <span class='ocr_line' id='line_1_96' title="bbox 2068 3736 3753 3812; baseline 0.006 -22"><span class='ocrx_word' id='word_1_645' title='bbox 2068 3747 2271 3791; x_wconf 88' lang='lat' dir='ltr'>verum</span> <span class='ocrx_word' id='word_1_646' title='bbox 2303 3736 2568 3792; x_wconf 91' lang='lat' dir='ltr'>moribus</span> <span class='ocrx_word' id='word_1_647' title='bbox 2589 3741 2646 3792; x_wconf 90' lang='lat' dir='ltr'>et</span> <span class='ocrx_word' id='word_1_648' title='bbox 2674 3737 2860 3793; x_wconf 81' lang='lat' dir='ltr'>vita.»</span> <span class='ocrx_word' id='word_1_649' title='bbox 2898 3739 3275 3812; x_wconf 88' lang='lat' dir='ltr'>Lugdunensi</span> <span class='ocrx_word' id='word_1_650' title='bbox 3303 3743 3624 3802; x_wconf 72' lang='lat' dir='ltr'>academico</span> <span class='ocrx_word' id='word_1_651' title='bbox 3647 3763 3753 3800; x_wconf 88' lang='lat' dir='ltr'>an-</span> 
     </span>
    </p>
   </div>
   <div class='ocr_carea' id='block_1_97' title="bbox 2067 3823 3747 3897">
    <p class='ocr_par' dir='ltr' id='par_1_97' title="bbox 2067 3823 3747 3897">
     <span class='ocr_line' id='line_1_97' title="bbox 2067 3823 3747 3897; baseline 0.007 -20"><span class='ocrx_word' id='word_1_652' title='bbox 2067 3823 2402 3896; x_wconf 89' lang='lat' dir='ltr'>tiquitatem</span> <span class='ocrx_word' id='word_1_653' title='bbox 2453 3830 2605 3880; x_wconf 90' lang='lat' dir='ltr'>recte</span> <span class='ocrx_word' id='word_1_654' title='bbox 2654 3826 2861 3897; x_wconf 88' lang='lat' dir='ltr'>probat</span> <span class='ocrx_word' id='word_1_655' title='bbox 2907 3827 3150 3883; x_wconf 81' lang='lat' dir='ltr'>Herieus</span> <span class='ocrx_word' id='word_1_656' title='bbox 3197 3830 3747 3890; x_wconf 84' lang='lat' dir='ltr'>Antissiodorensis</span> 
     </span>
    </p>
   </div>
   <div class='ocr_carea' id='block_1_98' title="bbox 2069 3911 3742 3990">
    <p class='ocr_par' dir='ltr' id='par_1_98' title="bbox 2069 3911 3742 3990">
     <span class='ocr_line' id='line_1_98' title="bbox 2069 3911 3742 3990; baseline 0.005 -23"><span class='ocrx_word' id='word_1_657' title='bbox 2069 3911 2396 3968; x_wconf 90' lang='lat' dir='ltr'>monachus</span> <span class='ocrx_word' id='word_1_658' title='bbox 2426 3912 2486 3968; x_wconf 89' lang='lat' dir='ltr'>in</span> <span class='ocrx_word' id='word_1_659' title='bbox 2519 3912 2666 3969; x_wconf 92' lang='lat' dir='ltr'>libro</span> <span class='ocrx_word' id='word_1_660' title='bbox 2700 3915 2722 3970; x_wconf 92' lang='grc' dir='ltr'><strong>Ι</strong></span> <span class='ocrx_word' id='word_1_661' title='bbox 2753 3915 2826 3970; x_wconf 93' lang='lat' dir='ltr'>de</span> <span class='ocrx_word' id='word_1_662' title='bbox 2857 3915 3155 3973; x_wconf 87' lang='lat' dir='ltr'>Miraculis</span> <span class='ocrx_word' id='word_1_663' title='bbox 3205 3919 3266 3974; x_wconf 92' lang='lat' dir='ltr'>S.</span> <span class='ocrx_word' id='word_1_664' title='bbox 3301 3920 3598 3990; x_wconf 88' lang='lat' dir='ltr'>Germani,</span> <span class='ocrx_word' id='word_1_665' title='bbox 3639 3922 3742 3978; x_wconf 89' lang='lat' dir='ltr'>ubi</span> 
     </span>
    </p>
   </div>
   <div class='ocr_carea' id='block_1_99' title="bbox 2068 3999 3739 4080">
    <p class='ocr_par' dir='ltr' id='par_1_99' title="bbox 2068 3999 3739 4080">
     <span class='ocr_line' id='line_1_99' title="bbox 2068 3999 3739 4080; baseline 0.006 -26"><span class='ocrx_word' id='word_1_666' title='bbox 2068 3999 2306 4056; x_wconf 89' lang='lat' dir='ltr'>disserit</span> <span class='ocrx_word' id='word_1_667' title='bbox 2337 4001 2408 4056; x_wconf 90' lang='lat' dir='ltr'>de</span> <span class='ocrx_word' id='word_1_668' title='bbox 2437 4002 2803 4073; x_wconf 85' lang='lat' dir='ltr'>temporibus</span> <span class='ocrx_word' id='word_1_669' title='bbox 2833 4004 3154 4061; x_wconf 86' lang='lat' dir='ltr'>Constantii</span> <span class='ocrx_word' id='word_1_670' title='bbox 3205 4007 3642 4080; x_wconf 88' lang='lat' dir='ltr'>Lugdunensis,</span> <span class='ocrx_word' id='word_1_671' title='bbox 3682 4010 3739 4064; x_wconf 93' lang='lat' dir='ltr'>id</span> 
     </span>
    </p>
   </div>
   <div class='ocr_carea' id='block_1_100' title="bbox 2068 4089 3742 4171">
    <p class='ocr_par' dir='ltr' id='par_1_100' title="bbox 2068 4089 3742 4171">
     <span class='ocr_line' id='line_1_100' title="bbox 2068 4089 3742 4171; baseline 0.007 -27"><span class='ocrx_word' id='word_1_672' title='bbox 2068 4093 2158 4145; x_wconf 87' lang='lat' dir='ltr'>est</span> <span class='ocrx_word' id='word_1_673' title='bbox 2187 4089 2259 4144; x_wconf 90' lang='lat' dir='ltr'>de</span> <span class='ocrx_word' id='word_1_674' title='bbox 2289 4089 2504 4146; x_wconf 71' lang='lat' dir='ltr'>saeculo</span> <span class='ocrx_word' id='word_1_675' title='bbox 2535 4091 2761 4162; x_wconf 89' lang='lat' dir='ltr'>quinto.</span> <span class='ocrx_word' id='word_1_676' title='bbox 2798 4115 2826 4143; x_wconf 85' lang='lat'><strong>«</strong></span> <span class='ocrx_word' id='word_1_677' title='bbox 2857 4094 2960 4160; x_wconf 86' lang='lat' dir='ltr'>Ea,</span> <span class='ocrx_word' id='word_1_678' title='bbox 2980 4094 3192 4167; x_wconf 89' lang='lat' dir='ltr'>inquit,</span> <span class='ocrx_word' id='word_1_679' title='bbox 3213 4101 3564 4168; x_wconf 89' lang='lat' dir='ltr'>tempestate</span> <span class='ocrx_word' id='word_1_680' title='bbox 3587 4091 3742 4171; x_wconf 73' lang='lat' dir='ltr'>Eug-</span> 
     </span>
    </p>
   </div>
   <div class='ocr_carea' id='block_1_101' title="bbox 2069 4177 3736 4256">
    <p class='ocr_par' dir='ltr' id='par_1_101' title="bbox 2069 4177 3736 4256">
     <span class='ocr_line' id='line_1_101' title="bbox 2069 4177 3736 4256; baseline 0.007 -24"><span class='ocrx_word' id='word_1_681' title='bbox 2069 4177 2429 4234; x_wconf 89' lang='lat' dir='ltr'>dunensium</span> <span class='ocrx_word' id='word_1_682' title='bbox 2465 4179 2672 4234; x_wconf 89' lang='lat' dir='ltr'>civitas</span> <span class='ocrx_word' id='word_1_683' title='bbox 2701 4180 2892 4252; x_wconf 91' lang='lat' dir='ltr'>prima</span> <span class='ocrx_word' id='word_1_684' title='bbox 2931 4198 2998 4236; x_wconf 91' lang='lat' dir='ltr'>ac</span> <span class='ocrx_word' id='word_1_685' title='bbox 3046 4185 3339 4256; x_wconf 64' lang='lat' dir='ltr'>praecipua</span> <span class='ocrx_word' id='word_1_686' title='bbox 3385 4186 3736 4250; x_wconf 89' lang='lat' dir='ltr'>Galliarum.</span> 
     </span>
    </p>
   </div>
   <div class='ocr_carea' id='block_1_102' title="bbox 2070 4267 3736 4348">
    <p class='ocr_par' dir='ltr' id='par_1_102' title="bbox 2070 4267 3736 4348">
     <span class='ocr_line' id='line_1_102' title="bbox 2070 4267 3736 4348; baseline 0.006 -28"><span class='ocrx_word' id='word_1_687' title='bbox 2070 4267 2434 4338; x_wconf 85' lang='lat' dir='ltr'>professione</span> <span class='ocrx_word' id='word_1_688' title='bbox 2465 4284 2696 4340; x_wconf 88' lang='lat' dir='ltr'>quoque</span> <span class='ocrx_word' id='word_1_689' title='bbox 2729 4269 2987 4325; x_wconf 76' lang='lat' dir='ltr'>scientia:</span> <span class='ocrx_word' id='word_1_690' title='bbox 3037 4271 3370 4345; x_wconf 87' lang='lat' dir='ltr'>artiumque</span> <span class='ocrx_word' id='word_1_691' title='bbox 3417 4275 3736 4348; x_wconf 88' lang='lat' dir='ltr'>disciplina</span> 
     </span>
    </p>
   </div>
   <div class='ocr_carea' id='block_1_103' title="bbox 2069 4354 3734 4432">
    <p class='ocr_par' dir='ltr' id='par_1_103' title="bbox 2069 4354 3734 4432">
     <span class='ocr_line' id='line_1_103' title="bbox 2069 4354 3734 4432; baseline 0.007 -24"><span class='ocrx_word' id='word_1_692' title='bbox 2069 4354 2224 4409; x_wconf 88' lang='lat' dir='ltr'>inter</span> <span class='ocrx_word' id='word_1_693' title='bbox 2253 4372 2458 4411; x_wconf 91' lang='lat' dir='ltr'>omnes</span> <span class='ocrx_word' id='word_1_694' title='bbox 2489 4355 2774 4412; x_wconf 86' lang='lat' dir='ltr'>extulerat</span> <span class='ocrx_word' id='word_1_695' title='bbox 2795 4361 2990 4430; x_wconf 90' lang='lat' dir='ltr'>caput.</span> <span class='ocrx_word' id='word_1_696' title='bbox 3011 4358 3273 4432; x_wconf 88' lang='lat' dir='ltr'>Ibi,quas</span> <span class='ocrx_word' id='word_1_697' title='bbox 3296 4362 3734 4431; x_wconf 84' lang='lat' dir='ltr'>dicunt,libera—</span> 
     </span>
    </p>
   </div>
   <div class='ocr_carea' id='block_1_104' title="bbox 2067 4441 3732 4521">
    <p class='ocr_par' dir='ltr' id='par_1_104' title="bbox 2067 4441 3732 4521">
     <span class='ocr_line' id='line_1_104' title="bbox 2067 4441 3732 4521; baseline 0.005 -24"><span class='ocrx_word' id='word_1_698' title='bbox 2067 4441 2213 4498; x_wconf 92' lang='lat' dir='ltr'>lium</span> <span class='ocrx_word' id='word_1_699' title='bbox 2248 4442 2696 4516; x_wconf 90' lang='lat' dir='ltr'>disciplinarum</span> <span class='ocrx_word' id='word_1_700' title='bbox 2723 4445 2952 4518; x_wconf 89' lang='lat' dir='ltr'>peritia,</span> <span class='ocrx_word' id='word_1_701' title='bbox 2971 4464 3234 4521; x_wconf 89' lang='lat' dir='ltr'>quasque</span> <span class='ocrx_word' id='word_1_702' title='bbox 3255 4451 3456 4506; x_wconf 89' lang='lat' dir='ltr'>ordine</span> <span class='ocrx_word' id='word_1_703' title='bbox 3497 4467 3732 4508; x_wconf 87' lang='lat' dir='ltr'>currere</span> 
     </span>
    </p>
   </div>
   <div class='ocr_carea' id='block_1_105' title="bbox 2068 4531 3726 4610">
    <p class='ocr_par' dir='ltr' id='par_1_105' title="bbox 2068 4531 3726 4610">
     <span class='ocr_line' id='line_1_105' title="bbox 2068 4531 3726 4610; baseline 0.004 -22"><span class='ocrx_word' id='word_1_704' title='bbox 2068 4531 2178 4588; x_wconf 91' lang='lat' dir='ltr'>hoc</span> <span class='ocrx_word' id='word_1_705' title='bbox 2209 4536 2471 4604; x_wconf 89' lang='lat' dir='ltr'>tempore</span> <span class='ocrx_word' id='word_1_706' title='bbox 2505 4533 2703 4589; x_wconf 82' lang='lat' dir='ltr'>fabula</span> <span class='ocrx_word' id='word_1_707' title='bbox 2732 4539 2964 4590; x_wconf 87' lang='lat' dir='ltr'>tantum</span> <span class='ocrx_word' id='word_1_708' title='bbox 2989 4541 3096 4605; x_wconf 91' lang='lat' dir='ltr'>est,</span> <span class='ocrx_word' id='word_1_709' title='bbox 3112 4554 3178 4593; x_wconf 92' lang='lat' dir='ltr'>eo</span> <span class='ocrx_word' id='word_1_710' title='bbox 3205 4555 3392 4610; x_wconf 88' lang='lat' dir='ltr'>usque</span> <span class='ocrx_word' id='word_1_711' title='bbox 3413 4541 3726 4607; x_wconf 88' lang='lat' dir='ltr'>convaluit,</span> 
     </span>
    </p>
   </div>
   <div class='ocr_carea' id='block_1_106' title="bbox 1990 4622 3732 4716">
    <p class='ocr_par' dir='ltr' id='par_1_106' title="bbox 1990 4622 3732 4716">
     <span class='ocr_line' id='line_1_106' title="bbox 1990 4622 3732 4716; baseline 0.005 -42"><span class='ocrx_word' id='word_1_712' title='bbox 1990 4653 2034 4716; x_wconf 82' lang='lat' dir='ltr'>D</span> <span class='ocrx_word' id='word_1_713' title='bbox 2070 4625 2134 4675; x_wconf 89' lang='lat' dir='ltr'>ut</span> <span class='ocrx_word' id='word_1_714' title='bbox 2165 4625 2453 4716; x_wconf 83' lang='lat' dir='ltr'>quantum</span> <span class='ocrx_word' id='word_1_715' title='bbox 2479 4622 2550 4676; x_wconf 88' lang='lat' dir='ltr'>ad</span> <span class='ocrx_word' id='word_1_716' title='bbox 2574 4622 2806 4716; x_wconf 85' lang='lat' dir='ltr'>scholas</span> <span class='ocrx_word' id='word_1_717' title='bbox 2823 4624 3127 4716; x_wconf 76' lang='lat' dir='ltr'>publicum</span> <span class='ocrx_word' id='word_1_718' title='bbox 3151 4627 3545 4699; x_wconf 88' lang='lat' dir='ltr'>appellaretur</span> <span class='ocrx_word' id='word_1_719' title='bbox 3563 4630 3732 4685; x_wconf 87' lang='lat' dir='ltr'>citra-</span> 
     </span>
    </p>
   </div>
   <div class='ocr_carea' id='block_1_107' title="bbox 2068 4709 3727 4786">
    <p class='ocr_par' dir='ltr' id='par_1_107' title="bbox 2068 4709 3727 4786">
     <span class='ocr_line' id='line_1_107' title="bbox 2068 4709 3727 4786; baseline 0.004 -22"><span class='ocrx_word' id='word_1_720' title='bbox 2068 4709 2277 4764; x_wconf 89' lang='lat' dir='ltr'>marini</span> <span class='ocrx_word' id='word_1_721' title='bbox 2292 4710 2452 4764; x_wconf 85' lang='lat' dir='ltr'>orbis</span> <span class='ocrx_word' id='word_1_722' title='bbox 2464 4712 2938 4782; x_wconf 66' lang='lat' dir='ltr'>gymnasiumdﬂt</span> <span class='ocrx_word' id='word_1_723' title='bbox 2955 4719 3019 4768; x_wconf 90' lang='lat' dir='ltr'>ut</span> <span class='ocrx_word' id='word_1_724' title='bbox 3034 4713 3255 4786; x_wconf 87' lang='lat' dir='ltr'>aliquid</span> <span class='ocrx_word' id='word_1_725' title='bbox 3269 4715 3512 4772; x_wconf 87' lang='lat' dir='ltr'>rationis</span> <span class='ocrx_word' id='word_1_726' title='bbox 3525 4720 3727 4773; x_wconf 85' lang='lat' dir='ltr'>all&#39;erre</span> 
     </span>
    </p>
   </div>
   <div class='ocr_carea' id='block_1_108' title="bbox 2062 4797 3726 4878">
    <p class='ocr_par' dir='ltr' id='par_1_108' title="bbox 2062 4797 3726 4878">
     <span class='ocr_line' id='line_1_108' title="bbox 2062 4797 3726 4878; baseline 0.005 -27"><span class='ocrx_word' id='word_1_727' title='bbox 2062 4797 2363 4864; x_wconf 60' lang='lat' dir='ltr'>videar,eo</span> <span class='ocrx_word' id='word_1_728' title='bbox 2404 4799 2459 4852; x_wconf 90' lang='lat' dir='ltr'>id</span> <span class='ocrx_word' id='word_1_729' title='bbox 2496 4805 2844 4871; x_wconf 81' lang='lat' dir='ltr'>argumento</span> <span class='ocrx_word' id='word_1_730' title='bbox 2877 4802 3232 4875; x_wconf 88' lang='lat' dir='ltr'>colligimus,</span> <span class='ocrx_word' id='word_1_731' title='bbox 3267 4807 3420 4877; x_wconf 89' lang='lat' dir='ltr'>quod</span> <span class='ocrx_word' id='word_1_732' title='bbox 3457 4805 3726 4878; x_wconf 87' lang='lat' dir='ltr'>quisquis</span> 
     </span>
    </p>
   </div>
   <div class='ocr_carea' id='block_1_109' title="bbox 2065 4886 3722 4962">
    <p class='ocr_par' dir='ltr' id='par_1_109' title="bbox 2065 4886 3722 4962">
     <span class='ocr_line' id='line_1_109' title="bbox 2065 4886 3722 4962; baseline 0.003 -20"><span class='ocrx_word' id='word_1_733' title='bbox 2065 4886 2281 4942; x_wconf 88' lang='lat' dir='ltr'>artium</span> <span class='ocrx_word' id='word_1_734' title='bbox 2313 4887 2776 4958; x_wconf 87' lang='lat' dir='ltr'>proﬁtendarum</span> <span class='ocrx_word' id='word_1_735' title='bbox 2820 4892 3151 4947; x_wconf 89' lang='lat' dir='ltr'>afﬁceretur</span> <span class='ocrx_word' id='word_1_736' title='bbox 3199 4894 3413 4962; x_wconf 89' lang='lat' dir='ltr'>studio,</span> <span class='ocrx_word' id='word_1_737' title='bbox 3433 4913 3545 4949; x_wconf 88' lang='lat' dir='ltr'>non</span> <span class='ocrx_word' id='word_1_738' title='bbox 3592 4898 3722 4950; x_wconf 88' lang='lat' dir='ltr'>ante</span> 
     </span>
    </p>
   </div>
   <div class='ocr_carea' id='block_1_110' title="bbox 2064 4974 3721 5055">
    <p class='ocr_par' dir='ltr' id='par_1_110' title="bbox 2064 4974 3721 5055">
     <span class='ocr_line' id='line_1_110' title="bbox 2064 4974 3721 5055; baseline 0.004 -27"><span class='ocrx_word' id='word_1_739' title='bbox 2064 4974 2342 5045; x_wconf 90' lang='lat' dir='ltr'>professis</span> <span class='ocrx_word' id='word_1_740' title='bbox 2387 4974 2625 5030; x_wconf 90' lang='lat' dir='ltr'>inscribi</span> <span class='ocrx_word' id='word_1_741' title='bbox 2658 4979 3207 5051; x_wconf 88' lang='lat' dir='ltr'>merebatur,quam</span> <span class='ocrx_word' id='word_1_742' title='bbox 3239 4981 3375 5036; x_wconf 88' lang='lat' dir='ltr'>hinc</span> <span class='ocrx_word' id='word_1_743' title='bbox 3429 4982 3721 5055; x_wconf 86' lang='lat' dir='ltr'>explorata</span> 
     </span>
    </p>
   </div>
   <div class='ocr_carea' id='block_1_111' title="bbox 2063 5062 3716 5143">
    <p class='ocr_par' dir='ltr' id='par_1_111' title="bbox 2063 5062 3716 5143">
     <span class='ocr_line' id='line_1_111' title="bbox 2063 5062 3716 5143; baseline 0.004 -25"><span class='ocrx_word' id='word_1_744' title='bbox 2063 5062 2369 5135; x_wconf 90' lang='lat' dir='ltr'>diligentia</span> <span class='ocrx_word' id='word_1_745' title='bbox 2399 5065 2768 5121; x_wconf 89' lang='lat' dir='ltr'>examinatus</span> <span class='ocrx_word' id='word_1_746' title='bbox 2823 5067 3144 5138; x_wconf 87' lang='lat' dir='ltr'>abiret,ubi</span> <span class='ocrx_word' id='word_1_747' title='bbox 3192 5072 3568 5143; x_wconf 80' lang='lat' dir='ltr'>professorum</span> <span class='ocrx_word' id='word_1_748' title='bbox 3621 5087 3716 5126; x_wconf 92' lang='lat' dir='ltr'>no-</span> 
     </span>
    </p>
   </div>
   <div class='ocr_carea' id='block_1_112' title="bbox 2063 5151 3715 5232">
    <p class='ocr_par' dir='ltr' id='par_1_112' title="bbox 2063 5151 3715 5232">
     <span class='ocr_line' id='line_1_112' title="bbox 2063 5151 3715 5232; baseline 0.005 -26"><span class='ocrx_word' id='word_1_749' title='bbox 2063 5151 2220 5206; x_wconf 88' lang='lat' dir='ltr'>mine</span> <span class='ocrx_word' id='word_1_750' title='bbox 2243 5169 2340 5208; x_wconf 91' lang='lat' dir='ltr'>eos</span> <span class='ocrx_word' id='word_1_751' title='bbox 2365 5153 2639 5227; x_wconf 90' lang='lat' dir='ltr'>intelligit</span> <span class='ocrx_word' id='word_1_752' title='bbox 2661 5157 2899 5227; x_wconf 84' lang='lat' dir='ltr'>gradus,</span> <span class='ocrx_word' id='word_1_753' title='bbox 2917 5159 3072 5230; x_wconf 90' lang='lat' dir='ltr'>quod</span> <span class='ocrx_word' id='word_1_754' title='bbox 3099 5159 3420 5232; x_wconf 90' lang='lat' dir='ltr'>magisterii</span> <span class='ocrx_word' id='word_1_755' title='bbox 3443 5165 3498 5215; x_wconf 90' lang='lat' dir='ltr'>et</span> <span class='ocrx_word' id='word_1_756' title='bbox 3519 5162 3715 5217; x_wconf 82' lang='lat' dir='ltr'>docto-</span> 
     </span>
    </p>
   </div>
   <div class='ocr_carea' id='block_1_113' title="bbox 2066 5239 3712 5321">
    <p class='ocr_par' dir='ltr' id='par_1_113' title="bbox 2066 5239 3712 5321">
     <span class='ocr_line' id='line_1_113' title="bbox 2066 5239 3712 5321; baseline 0.006 -29"><span class='ocrx_word' id='word_1_757' title='bbox 2066 5239 2147 5295; x_wconf 88' lang='lat' dir='ltr'>ris</span> <span class='ocrx_word' id='word_1_758' title='bbox 2176 5240 2412 5296; x_wconf 90' lang='lat' dir='ltr'>nomine</span> <span class='ocrx_word' id='word_1_759' title='bbox 2444 5257 2775 5298; x_wconf 90' lang='lat' dir='ltr'>censemus.</span> <span class='ocrx_word' id='word_1_760' title='bbox 2803 5245 2882 5298; x_wconf 85' lang='lat' dir='ltr'>Ex</span> <span class='ocrx_word' id='word_1_761' title='bbox 2931 5262 3132 5302; x_wconf 91' lang='lat' dir='ltr'>eorum</span> <span class='ocrx_word' id='word_1_762' title='bbox 3167 5264 3411 5304; x_wconf 80' lang='lat' dir='ltr'>numero</span> <span class='ocrx_word' id='word_1_763' title='bbox 3441 5253 3564 5304; x_wconf 88' lang='lat' dir='ltr'>erat</span> <span class='ocrx_word' id='word_1_764' title='bbox 3590 5263 3712 5321; x_wconf 88' lang='lat' dir='ltr'>pro-</span> 
     </span>
    </p>
   </div>
   <div class='ocr_carea' id='block_1_114' title="bbox 2065 5329 3714 5408">
    <p class='ocr_par' dir='ltr' id='par_1_114' title="bbox 2065 5329 3714 5408">
     <span class='ocr_line' id='line_1_114' title="bbox 2065 5329 3714 5408; baseline 0.005 -27"><span class='ocrx_word' id='word_1_765' title='bbox 2065 5329 2303 5384; x_wconf 90' lang='lat' dir='ltr'>cedente</span> <span class='ocrx_word' id='word_1_766' title='bbox 2353 5329 2564 5385; x_wconf 75' lang='lat' dir='ltr'>szrculo</span> <span class='ocrx_word' id='word_1_767' title='bbox 2596 5348 2630 5384; x_wconf 90' lang='lat' dir='ltr'>x</span> <span class='ocrx_word' id='word_1_768' title='bbox 2668 5332 2980 5400; x_wconf 87' lang='lat' dir='ltr'>Antonius,</span> <span class='ocrx_word' id='word_1_769' title='bbox 3013 5351 3168 5406; x_wconf 81' lang='lat' dir='ltr'>quem</span> <span class='ocrx_word' id='word_1_770' title='bbox 3216 5338 3390 5392; x_wconf 80' lang='lat' dir='ltr'>virtus</span> <span class='ocrx_word' id='word_1_771' title='bbox 3431 5346 3484 5392; x_wconf 78' lang='lat' dir='ltr'>ct</span> <span class='ocrx_word' id='word_1_772' title='bbox 3529 5337 3714 5408; x_wconf 67' lang='lat' dir='ltr'>religio</span> 
     </span>
    </p>
   </div>
   <div class='ocr_carea' id='block_1_115' title="bbox 2065 5416 3713 5498">
    <p class='ocr_par' dir='ltr' id='par_1_115' title="bbox 2065 5416 3713 5498">
     <span class='ocr_line' id='line_1_115' title="bbox 2065 5416 3713 5498; baseline 0.005 -29"><span class='ocrx_word' id='word_1_773' title='bbox 2065 5416 2270 5472; x_wconf 68' lang='lat' dir='ltr'>insulae</span> <span class='ocrx_word' id='word_1_774' title='bbox 2295 5418 2656 5474; x_wconf 82' lang='lat' dir='ltr'>Barbarcnsis</span> <span class='ocrx_word' id='word_1_775' title='bbox 2682 5423 3007 5492; x_wconf 67' lang='lat' dir='ltr'>prw/‘ercrat</span> <span class='ocrx_word' id='word_1_776' title='bbox 3033 5425 3289 5491; x_wconf 76' lang='lat' dir='ltr'>cwnobio,</span> <span class='ocrx_word' id='word_1_777' title='bbox 3305 5442 3374 5480; x_wconf 85' lang='lat' dir='ltr'>ex</span> <span class='ocrx_word' id='word_1_778' title='bbox 3406 5426 3568 5498; x_wconf 67' lang='lat' dir='ltr'>Syro.</span> <span class='ocrx_word' id='word_1_779' title='bbox 3591 5427 3713 5480; x_wconf 82' lang='lat' dir='ltr'>Erat</span> 
     </span>
    </p>
   </div>
   <div class='ocr_carea' id='block_1_116' title="bbox 2063 5503 3708 5586">
    <p class='ocr_par' dir='ltr' id='par_1_116' title="bbox 2063 5503 3708 5586">
     <span class='ocr_line' id='line_1_116' title="bbox 2063 5503 3708 5586; baseline 0.005 -28"><span class='ocrx_word' id='word_1_780' title='bbox 2063 5503 2158 5560; x_wconf 89' lang='lat' dir='ltr'>hic</span> <span class='ocrx_word' id='word_1_781' title='bbox 2179 5503 2344 5560; x_wconf 92' lang='lat' dir='ltr'>locus</span> <span class='ocrx_word' id='word_1_782' title='bbox 2365 5507 2422 5560; x_wconf 92' lang='lat' dir='ltr'>in</span> <span class='ocrx_word' id='word_1_783' title='bbox 2444 5508 2770 5563; x_wconf 89' lang='lat' dir='ltr'>meditullio</span> <span class='ocrx_word' id='word_1_784' title='bbox 2791 5511 2989 5566; x_wconf 85' lang='lat' dir='ltr'>Araris</span> <span class='ocrx_word' id='word_1_785' title='bbox 3013 5529 3190 5584; x_wconf 90' lang='lat' dir='ltr'>supra</span> <span class='ocrx_word' id='word_1_786' title='bbox 3223 5515 3600 5586; x_wconf 87' lang='lat' dir='ltr'>Lugdunum,</span> <span class='ocrx_word' id='word_1_787' title='bbox 3621 5529 3708 5568; x_wconf 89' lang='lat' dir='ltr'>ce-</span> 
     </span>
    </p>
   </div>
   <div class='ocr_carea' id='block_1_117' title="bbox 2060 5591 3708 5675">
    <p class='ocr_par' dir='ltr' id='par_1_117' title="bbox 2060 5591 3708 5675">
     <span class='ocr_line' id='line_1_117' title="bbox 2060 5591 3708 5675; baseline 0.005 -29"><span class='ocrx_word' id='word_1_788' title='bbox 2060 5591 2240 5650; x_wconf 88' lang='lat' dir='ltr'>lebris</span> <span class='ocrx_word' id='word_1_789' title='bbox 2265 5595 2565 5665; x_wconf 90' lang='lat' dir='ltr'>quondam</span> <span class='ocrx_word' id='word_1_790' title='bbox 2589 5597 2814 5653; x_wconf 90' lang='lat' dir='ltr'>ordinis</span> <span class='ocrx_word' id='word_1_791' title='bbox 2833 5599 3016 5654; x_wconf 88' lang='lat' dir='ltr'>nostri</span> <span class='ocrx_word' id='word_1_792' title='bbox 3050 5601 3305 5670; x_wconf 76' lang='lat' dir='ltr'>abbatis,</span> <span class='ocrx_word' id='word_1_793' title='bbox 3328 5620 3517 5675; x_wconf 86' lang='lat' dir='ltr'>nuper</span> <span class='ocrx_word' id='word_1_794' title='bbox 3538 5617 3708 5658; x_wconf 75' lang='lat' dir='ltr'>szeru-</span> 
     </span>
    </p>
   </div>
   <div class='ocr_carea' id='block_1_118' title="bbox 2058 5679 3708 5760">
    <p class='ocr_par' dir='ltr' id='par_1_118' title="bbox 2058 5679 3708 5760">
     <span class='ocr_line' id='line_1_118' title="bbox 2058 5679 3708 5760; baseline 0.006 -23"><span class='ocrx_word' id='word_1_795' title='bbox 2058 5679 2165 5738; x_wconf 90' lang='lat' dir='ltr'>lari</span> <span class='ocrx_word' id='word_1_796' title='bbox 2195 5685 2352 5739; x_wconf 91' lang='lat' dir='ltr'>veste</span> <span class='ocrx_word' id='word_1_797' title='bbox 2383 5683 2601 5740; x_wconf 88' lang='lat' dir='ltr'>donata</span> <span class='ocrx_word' id='word_1_798' title='bbox 2628 5701 2640 5739; x_wconf 92' lang='lat'>:</span> <span class='ocrx_word' id='word_1_799' title='bbox 2677 5685 2734 5740; x_wconf 90' lang='lat' dir='ltr'>in</span> <span class='ocrx_word' id='word_1_800' title='bbox 2763 5687 2939 5760; x_wconf 89' lang='lat' dir='ltr'>cujus</span> <span class='ocrx_word' id='word_1_801' title='bbox 2971 5688 3268 5747; x_wconf 88' lang='lat' dir='ltr'>indicibus</span> <span class='ocrx_word' id='word_1_802' title='bbox 3301 5691 3584 5749; x_wconf 86' lang='lat' dir='ltr'>abbatum</span> <span class='ocrx_word' id='word_1_803' title='bbox 3614 5705 3708 5749; x_wconf 85' lang='lat' dir='ltr'>nu-</span> 
     </span>
    </p>
   </div>
  </div>
