3906 6360
128 434 249 500 ’ΤΠ¹

1398 431 1748 496 ELOGIUM
1795 434 2302 501 HISTORICUM.

3444 448 3559 508 718

132 589 294 628 mero
328 571 720 627 ascribendus
751 576 839 625 est
875 572 1183 637 Antonius,
1220 588 1352 623 cum
1387 570 1442 623 id
1491 572 1671 640 Syrus
1700 568 1792 621 (li-
1824 569 1875 633 Α
1912 569 2155 625 tionsem
2189 574 2520 641 (lerfrcdus,
2547 576 2718 646 cujus
2741 577 3107 632 decessorem
3141 579 3373 650 penitus
3405 597 3561 652 pers-

133 666 287 716 serte
320 664 709 716 contestatur.

204 752 290 805 15.
326 751 369 804 E
425 750 640 804 studiis
690 764 957 804 reversus
1011 747 1280 812 Maiolus,
1319 770 1345 796 υ
1399 764 1500 817 per
1551 751 1793 800 cunctos

129 841 351 912 gradus
400 840 805 894 conscendens
837 837 1284 902 ecclesiasticos,
1315 853 1449 889 eum
1485 835 1790 889 levitarum

130 929 421 1001 potiretur
449 928 663 993 officio,
684 928 756 981 ad
779 926 1042 995 eiusdem
1070 942 1255 996 usque
1283 942 1497 987 arcem,
1524 924 1791 977 doctrina

130 1019 185 1071 id
216 1017 504 1087 exigente,
541 1017 614 1070 ah
646 1017 848 1069 eodem
882 1021 969 1069 est
999 1015 1354 1067 sublimatus
1387 1014 1788 1083 suprascripto

129 1107 480 1179 pontiﬁce,»
520 1106 572 1159 id
622 1110 713 1159 est
762 1106 831 1159 ad
882 1104 1357 1158 arri:i'dim'onatus
1403 1105 1665 1172 (if/ieiuni,
1705 1102 1784 1154 uti

128 1195 250 1266 Syri
275 1196 455 1249 verba
485 1194 735 1265 explicat
766 1193 950 1247 tldilo.
980 1195 1055 1247 Ida
1088 1193 1143 1245 in
1178 1193 1459 1261 dignitate
1492 1209 1679 1245 mores
1712 1193 1783 1245 ad

127 1284 403 1337 doctrinm
427 1285 671 1337 formam
693 1282 1426 1353 compono-nulliristinnis
1445 1281 1779 1339 virtutibus,

129 1373 378 1427 maxime
412 1372 469 1426 in
506 1389 829 1443 pauperum
854 1371 1134 1423 eharitate
1156 1370 1427 1423 exrellnit
1453 1386 1464 1421 :
1491 1370 1642 1439 quod
1672 1369 1778 1439 ipsi

126 1462 389 1515 omnium
415 1460 913 1514 existimationem
946 1458 1544 1530 comparmitNei-um
1576 1458 1624 1512 is
1657 1458 1780 1511 lau—

126 1552 225 1604 des
257 1549 492 1621 fugiens
514 1566 581 1603 ac
604 1547 944 1620 popularem
974 1547 1317 1613 tumultum,
1344 1546 1658 1601 identidem
1685 1564 1777 1600 se-

125 1640 361 1693 cedebat
386 1662 414 1688 ‹‹
437 1637 500 1692 in
531 1637 1106 1709 oratoriolum,quod
1147 1636 1273 1707 ipse
1308 1636 1774 1702 reaediticaverat,

120 1728 297 1782 sancti
325 1726 655 1791 Michaelis,
675 1731 839 1781 trans
859 1726 1144 1789 Ararim,»
1162 1726 1260 1779 ubi
1281 1748 1308 1773 ‹‹
1330 1725 1387 1780 in
1410 1725 1775 1779 orationibus

119 1815 585 1887 pervigil,divino
601 1814 969 1869 famulamini
990 1813 1771 1885 manciparcturattentius.»

1906 663 2138 728 pectum
2171 678 2286 716 non
2319 661 2525 717 habeo.

1906 763 2001 818 IlI.
2037 765 2224 821 Maioli
2250 772 2527 825 conversio
2556 770 2627 825 ad
2660 773 2825 826 vitam
2852 774 3227 829 monasticam.
3252 774 3553 832 Abbatialis

2621 843 2825 899 electio.
3036 846 3041 851 ’

1972 927 2085 979 16·.
2102 929 2391 998 Aymardo
2416 931 2622 984 abbate
2648 931 2895 986 Maiolus
2918 932 3260 989 Cluniacum
3286 935 3550 1007 frequen-

1898 1017 1986 1065 ter
2015 1017 2396 1079 accedebat}
2426 1024 2480 1071 et
2512 1037 2645 1073 cum
2682 1020 2957 1075 fratribus
2991 1023 3263 1093 frequens
3292 1023 3547 1079 habebat

1898 1102 2251 1173 eolioquium
2302 1112 2357 1159 et
2400 1108 2660 1177 Spiritale
2706 1110 3175 1178 contubernium,
3205 1134 3225 1160 ι
3264 1115 3544 1168 referente

1897 1191 2157 1255 ()dilnne,
2187 1195 2402 1264 quibus
2435 1196 2488 1249 in
2522 1198 2671 1251 votis
2702 1202 2824 1251 erat
2850 1222 2875 1246 ‹‹
2900 1204 2963 1252 ut
2991 1216 3123 1254 eum
3160 1206 3397 1271 possent
3431 1201 3542 1256 sibi

1896 1282 2197 1350 acquirere
2241 1286 2497 1351 fratrem,
2533 1303 2707 1355 quem
2760 1289 3131 1356 postmodum
3181 1296 3544 1345 mererentur

1895 1367 2108 1422 habere
2141 1376 2197 1423 et
2232 1377 2474 1441 putrem.
2504 1377 2563 1426 In
2601 1374 2777 1444 hujus
2808 1392 2938 1427 vero
2969 1376 3363 1431 conversionis
3384 1379 3544 1433 obsc-

1892 1457 2031 1527 quio
2083 1460 2338 1514 multum
2378 1461 2563 1515 valuit
2606 1463 2952 1517 venerabilis
3001 1464 3106 1517 viri
3166 1464 3542 1520 Hildebranni

1890 1546 2081 1599 dulcis
2094 1547 2402 1603 collocatio
2420 1554 2475 1603 et
2493 1550 2773 1621 spiritalis
2790 1552 3223 1623 suggestio.Hic
3240 1569 3373 1607 cum
3393 1559 3547 1608 esset

1888 1651 1954 1689 ex
1988 1636 2282 1706 prioribus
2322 1638 2807 1693 (lluniacensibus
2837 1645 2895 1694 et
2924 1640 3230 1696 monachis
3277 1643 3543 1712 ejusdem

1888 1725 2228 1779 monasterii
2263 1727 2633 1798 prazpositus,
2657 1727 2745 1782 bis
2770 1728 3048 1783 invitatus
3068 1734 3157 1784 est
3187 1734 3251 1784 ut
3280 1730 3542 1787 ofﬁcium

1886 1814 2131 1868 abbatia:
2183 1816 2525 1887 susciperet,
2562 1817 2661 1871 sed
2706 1816 2923 1883 noluit;
2958 1818 3096 1889 quia
3127 1834 3361 1889 semper
3406 1819 3540 1890 plus

118 1906 250 1960 Inde
271 1905 330 1961 in
354 1904 609 1961 aliorum
637 1907 962 1977 profectum
989 1921 1048 1957 se
1075 1904 1411 1969 extendens,
1438 1921 1504 1957 ex
1527 1905 1771 1959 diversis
1801 1938 1848 2002 Β
1883 1903 2116 1957 obedire
2149 1920 2326 1974 quam
2378 1904 2707 1975 prmcipere,
2741 1910 2799 1961 et
2831 1906 3018 1977 magis
3065 1907 3307 1961 subesse
3356 1923 3534 1979 quam

115 1995 180 2049 ad
197 2012 256 2049 se
276 1995 546 2066 partibus
564 1994 807 2049 clericos
823 1995 1229 2048 convenientes
1246 1996 1414 2063 gratis
1434 1994 1766 2065 libmterquc

115 2084 597 2139 erudiebat.Tum
626 2083 882 2137 hominis
915 2085 1068 2137 fama
1092 2099 1563 2153 quaquaversum
1588 2082 1759 2136 dilfu-

110 2189 223 2238 sa,«
240 2172 692 2227 Vesontionensi
717 2170 1154 2242 archiepiscopo
1171 2172 1322 2224 viam
1344 2172 1621 2225 univcrsm
1643 2188 1762 2225 car-

112 2261 193 2314 nis
215 2262 503 2333 ingresso,
521 2266 639 2316 tam
665 2262 850 2332 ipsius
871 2266 1032 2315 terra:
1058 2260 1359 2331 principis,
1379 2278 1555 2331 quam
1580 2260 1757 2315 totius

111 2348 230 2404 cleri
253 2367 548 2405 consensu
575 2354 632 2405 et
665 2349 885 2421 populi,
913 2350 983 2404 ad
1015 2349 1145 2418 ejus
1175 2349 1404 2404 culmen
1440 2349 1759 2421 suscipien-

110 2438 237 2493 dum
268 2438 652 2510 pontiﬁcatus
676 2440 882 2493 beatus
905 2437 1152 2492 Maiolus
1180 2437 1495 2508 impulsus,
1521 2460 1547 2487 ››
1575 2438 1755 2493 haud-

114 2543 391 2599 quaquam
425 2527 718 2582 assentire
740 2526 956 2581 voluit:
983 2527 1247 2597 quinimo
1270 2543 1335 2579 eo
1359 2526 1545 2596 magis
1570 2528 1639 2581 ad
1664 2528 1757 2581 dc-

116 2614 432 2670 clinandam
456 2620 612 2687 (qua:
646 2614 934 2686 fugientes
976 2614 1140 2686 sequi
1182 2614 1347 2683 solet)
1381 2614 1627 2686 gloriam
1662 2632 1753 2669 ar-

117 2702 324 2759 dentior
353 2705 569 2772 factus,
595 2705 666 2759 de
700 2702 911 2759 sazculo
944 2704 1218 2775 fugiendo
1250 2703 1452 2758 sedulo
1499 2704 1755 2775 cogitare

117 2792 287 2864 cmpit.
320 2795 430 2848 Sed
464 2797 535 2848 ut
567 2792 900 2849 accuratius
942 2797 1196 2864 tempus,
1230 2809 1345 2864 quo
1388 2793 1444 2846 id
1486 2793 1750 2864 contigit,

119 2879 443 2953 investigare
465 2882 664 2948 liceat,
686 2881 956 2953 quaedam
991 2881 1184 2935 Maioli
1208 2887 1332 2935 tum
1357 2882 1751 2937 archidiaconi

117 2968 246 3024 facta
265 2971 353 3025 hic
370 2970 1032 3040 commcmorarcjuvat.
1050 2971 1110 3025 In
1136 2970 1228 3024 his
1250 2969 1533 3040 reperitur
1550 2971 1752 3024 charta

117 3060 516 3132 qmedam,qua
540 3081 567 3109 «
590 3059 876 3114 Achertus
916 3059 1004 3113 vir
1043 3058 1327 3129 prazcelsaz
1368 3058 1692 3113 nobilitatis
1721 3082 1747 3108 η

116 3161 143 3198 a
167 3146 525 3220 Maymboldo
558 3165 659 3203 seu
692 3147 1004 3202 Mainbodo
1031 3148 1303 3219 episcopo
1334 3146 1746 3202 Matisconensi

116 3234 287 3305 (quem
321 3236 592 3292 nonnulli
641 3235 1021 3306 Maguboldum
1072 3236 1349 3291 mendose
1393 3238 1623 3307 vocant)
1656 3254 1746 3290 ec-

1879 2008 2126 2063 ιιιιδξρμεο
2175 1991 2431 2046 voluit.»
2461 1993 2618 2048 lianc
2668 2010 2800 2048 vero
2862 1994 3057 2049 Maioli
3097 1995 3531 2051 conversionem

1874 2097 1985 2134 non
2020 2080 2218 2134 solum
2257 2081 2314 2134 in
2339 2081 2802 2137 Hildebrannum
2836 2082 3108 2153 priorem,
3133 2084 3233 2138 sed
3260 2084 3436 2139 etiam
3470 2085 3529 2139 in

1868 2170 2143 2240 Aymardi
2183 2194 2202 2218 «
2244 2170 2517 2223 meritum
2552 2171 2847 2242 patientim
2880 2176 2935 2226 et
2965 2172 3294 2228 innocentis
3326 2174 3477 2238 vitm,
3498 2196 3525 2222 ι)

1869 2258 1940 2312 ob
1974 2274 2150 2328 quam
2182 2282 2208 2307 ι(
2242 2263 2403 2312 tanto
2435 2258 2653 2327 talique
2685 2276 2719 2313 a
2748 2259 2978 2315 Christo
3010 2261 3235 2316 ditatus
3263 2266 3353 2317 est
3391 2279 3521 2317 mu-

1869 2362 2023 2412 nere,
2051 2352 2115 2401 ut
2145 2348 2273 2418 ejus
2306 2350 2565 2418 tempore
2588 2348 2659 2401 ad
2684 2364 2943 2402 amorem
2968 2349 3274 2405 monastici
3298 2350 3522 2406 ordinis

1866 2440 2072 2489 auctor
2110 2440 2322 2490 nostrm
2373 2435 2581 2490 salutis
2633 2436 2869 2492 beatum
2916 2437 3196 2493 Maiolum
3245 2438 3533 2511 dignatus.

1866 2522 1943 2576 sit
1973 2540 2285 2579 accersere.
2314 2546 2340 2573 ››

1938 2613 2027 2665 17.
2064 2612 2385 2667 Monachus
2411 2614 2617 2679 factus,
2643 2635 2670 2662 ‹‹
2696 2614 2978 2685 singulari
3002 2633 3117 2687 pra:
3139 2617 3361 2671 cazteris
3382 2633 3523 2688 pras-

1865 2700 2161 2755 eminebat
2199 2700 2431 2768 virtute,
2459 2723 2487 2751 »
2522 2703 2602 2756 ait
2636 2703 2815 2774 Syrus
2850 2720 2862 2756 :
2895 2721 3148 2775 eumque
3190 2707 3519 2776 Aymardus

1867 2810 1893 2838 ‹‹
1920 2787 2280 2843 bibliotheca:
2305 2792 3138 2863 prmliciens,apocrisiariatus
3159 2793 3417 2847 officium
3441 2793 3519 2848 ei-

1861 2877 1993 2931 dem
2028 2876 2336 2946 injunxit,»
2364 2878 2434 2931 de
2466 2884 2673 2933 caetero
2696 2897 2729 2933 a
2748 2879 2974 2951 Virgilii
3003 2879 3368 2952 aliorumque
3390 2898 3517 2953 pro-

1860 2966 2131 3019 fanorum
2161 2971 2465 3021 auctorum
2498 2965 2745 3022 lectione
2769 2968 3092 3037 abstinens,
3115 2968 3377 3041 aliosque
3399 2972 3515 3026 fra-

1858 3058 1977 3108 tres
2000 3053 2072 3108 ab
2094 3071 2160 3108 ea
2182 3056 2541 3110 deterrens.«
2561 3056 3018 3127 Aprocrisiarius
3034 3064 3123 3113 est
3137 3058 3237 3129 qui
3261 3059 3517 3114 custodit

1858 3143 2116 3197 ecclesia:
2150 3142 2513 3210 thesaurum,
2539 3150 2595 3199 et
2625 3144 2686 3199 in
2718 3147 2888 3218 cujus
2920 3163 3098 3201 manu
3120 3150 3209 3201 est
3228 3146 3515 3221 quidquid

1860 3247 1893 3285 a
1924 3231 2305 3302 popularibus
2330 3233 2402 3287 ad
2435 3232 2642 3288 altaria
2664 3234 2958 3289 otfertur.»
2984 3234 3292 3291 Udalricus
3315 3242 3519 3292 auctor

116 3301 515 3397 degiagquoad
538 3325 774 3389 γίνεται,
799 3325 1025 3379 obtinet
1050 3325 1105 3377 in
1130 3325 1310 3379 fundo
1339 3343 1456 3379 sum
1485 3325 1744 3396 proprie-
1778 3301 1822 3368 C
1862 3319 1921 3373 in
1952 3318 2054 3373 lib.
2088 3337 2151 3374 ιιι
2202 3320 2712 3376 Consuetudinum
2744 3323 3217 3380 (lluniacensium
3264 3342 3391 3397 cap.
3428 3328 3514 3381 12.

116 3412 251 3480 tatis,
274 3415 370 3486 qui
400 3415 624 3469 dicitur
668 3412 977 3469 Scociasus
1008 3414 1374 3485 (Eseumlles),
1401 3414 1499 3467 ubi
1532 3414 1747 3486 princi-

115 3500 241 3569 palis
271 3503 519 3559 ecclesia
548 3506 638 3557 est
669 3503 727 3556 in
761 3503 978 3557 honore
1010 3503 1195 3557 sancti
1220 3503 1481 3568 Androm,
1510 3503 1751 3573 insuper

115 3589 311 3659 capella
350 3591 542 3647 sancti
591 3591 857 3657 Joannis,
891 3595 949 3645 et
998 3590 1181 3645 altera
1230 3591 1414 3645 sancti
1467 3592 1745 3646 Marcelli.

117 3676 314 3739 Quibus
343 3679 562 3736 litteris
590 3696 766 3734 manu
796 3679 1032 3751 propria
1053 3678 1435 3734 subscribunt
1459 3680 1751 3751 Maymbo-

118 3763 211 3821 dus
228 3768 557 3841 episcopus,
577 3769 699 3823 Ado
722 3768 1179 3840 abba,(dignitas
1202 3768 1458 3823 ecclesia}
1483 3770 1748 3824 Matisco-

120 3856 311 3928 nensis)
333 3862 387 3912 et
410 3856 679 3930 Mayolus
701 3856 1167 3923 archidiaconus,
1193 3874 1347 3911 anno
1370 3858 1538 3912 tertio
1565 3858 1746 3912 Ludo-

117 3941 209 3996 vici
229 3945 619 4016 regis,Christi
640 3947 767 4001 939.
786 3947 925 4001 Item
946 3963 1100 4000 anno
1121 3947 1387 4017 ejusdem
1413 3948 1565 4018 regis
1588 3952 1747 4002 sexto

118 4027 249 4086 idem
268 4034 639 4090 Maimbodus
659 4057 685 4083 υ
706 4034 884 4089 nobili
910 4034 1031 4088 viro
1058 4034 1322 4089 Achardo
1342 4058 1367 4083 ››
1389 4039 1604 4089 terram
1628 4054 1745 4089 sua:

118 4118 363 4190 CCCICSItB,
392 4145 419 4173 ‹‹
448 4124 629 4179 sitam
663 4123 721 4178 in
756 4139 906 4196 pago
940 4123 1209 4189 Forcnse,
1236 4146 1264 4171 υ
1288 4122 1476 4179 locat:
1502 4125 1748 4195 ejusque

119 4207 183 4259 rei
212 4209 600 4270 instrumento
622 4212 774 4267 inter
793 4212 939 4269 alios
962 4229 1203 4267 manum
1229 4229 1295 4267 ac
1318 4213 1553 4283 signum
1576 4230 1749 4285 appo—

120 4294 189 4348 nit
216 4297 463 4372 Mayolua
514 4301 942 4357 archidiaconus
981 4305 1114 4356 ante
1144 4301 1403 4356 Adonem
1451 4301 1744 4356 abbatem.

121 4381 295 4457 Itaque
312 4391 380 4444 ad
405 4391 461 4446 id
483 4407 674 4461 usque
694 4395 926 4462 tempus
943 4390 1395 4445 archidiaconus
1418 4408 1543 4445 esse
1563 4408 1750 4462 perse-

121 4477 307 4532 veravit
341 4480 610 4547 Maiolus,
635 4497 843 4551 nempe
883 4480 953 4533 ad
998 4495 1219 4534 annum
1272 4478 1546 4533 Ludovici
1596 4480 1749 4551 regis

124 4568 348 4633 sextum,
371 4570 468 4640 qui
514 4568 732 4623 Christi
767 4585 961 4623 annus
988 4569 1095 4621 942
1125 4572 1268 4634 erat,
1306 4567 1577 4638 idemque
1628 4570 1748 4640 pri-

1859 3408 1944 3461 Ad
1978 3408 2130 3462 idem
2158 3408 2414 3463 ofticium
2450 3410 2805 3481 pertinuisse
2834 3412 3084 3481 videtur,
3110 3417 3176 3468 ut
3206 3414 3255 3468 si
3288 3430 3404 3485 qua
3424 3431 3520 3470 ne-

1861 3496 2019 3567 gotia
2042 3496 2194 3551 foras
2217 3498 2589 3567 exsequenda
2609 3505 2794 3567 erant,
2820 3516 3021 3554 eorum
3044 3501 3233 3571 gratia
3254 3501 3515 3556 mittere-

1860 3590 1959 3639 tur
1978 3583 2415 3655 apocrisiarius,
2433 3590 2497 3639 ut
2516 3587 2669 3656 apud
2694 3587 3009 3641 Romanos.
3027 3587 3275 3643 Maiolus
3296 3589 3515 3661 quippe

1860 3672 2175 3742 aliquando
2199 3675 2419 3727 missus
2443 3678 2531 3728 est
2564 3674 2807 3728 Romam
2833 3677 2904 3729 ab
2929 3676 3219 3747 Aymardo
3251 3678 3512 3748 negotio-

1859 3779 1990 3816 rum
2022 3778 2228 3829 causa;
2264 3779 2447 3833 eoque
2480 3763 2539 3815 in
2570 3762 2777 3818 itinere
2804 3763 3102 3835 Yporedia:
3124 3766 3330 3833 (Yvrée)
3360 3770 3512 3837 (qua:

1859 3852 2000 3906 urbs
2032 3856 2121 3905 est
2151 3850 2498 3921 episcopalis
2531 3851 2640 3905 sub
2671 3850 3109 3924 archiepiscopo
3141 3852 3515 3924 Taurinensi)

1860 3938 2194 3995 Heldricum
2238 3938 2592 3995 monachum
2618 3944 2994 4011 aegrotantem
3027 3941 3177 3997 sacri
3218 3941 3328 3997 olei
3370 3959 3512 3998 unc-

1858 4028 2015 4083 tione
2045 4032 2237 4083 sanat.
2268 4029 2479 4082 Fuerat
2510 4028 2559 4083 is
2584 4051 2611 4078 ‹‹
2634 4029 2932 4100 quondam
2965 4029 3024 4084 in
3048 4030 3214 4085 Italia
3241 4030 3393 4086 inter
3414 4049 3516 4087 ca:-

1858 4121 2013 4171 teros
2036 4117 2325 4187 palatinos
2347 4118 2708 4173 honorabilis
2725 4136 2772 4185 ;››
2799 4118 2899 4190 qui
2915 4141 2941 4167 ‹‹
2963 4118 3124 4173 uxori
3142 4136 3277 4174 cum
3302 4137 3518 4193 magna

1860 4222 2054 4260 rerum
2086 4205 2393 4278 temporali
2430 4206 2598 4278 copia
2627 4207 3073 4277 abrenuntians,
3107 4208 3369 4280 deposito
3399 4210 3520 4264 cin-

1858 4293 1995 4367 gulo
2029 4294 2375 4349 Cluniacum
2425 4313 2487 4349 se
2539 4297 2867 4363 conferens,
2907 4296 3061 4351 beati
3112 4297 3404 4352 Benedicti
3453 4315 3516 4353 se

1860 4382 2127 4437 subdidit
2157 4384 2526 4454 proposito,»
2551 4385 2868 4454 etquidem
2902 4383 3093 4438 Maioli
3115 4385 3273 4440 fama
3295 4385 3517 4456 impul-

1861 4488 1984 4538 sus,
2022 4476 2085 4526 ut
2124 4472 2304 4525 tradit
2346 4472 2527 4542 Syrus
2569 4471 2627 4525 in
2672 4472 2772 4527 lib.
2797 4489 2858 4526 ιι.
2882 4474 2968 4526 An
2998 4471 3049 4526 is
3079 4472 3156 4526 sit
3185 4472 3509 4539 Heldricus,

1861 4561 1961 4632 qui
1995 4560 2183 4615 sancti
2205 4560 2475 4616 Germani
2504 4562 2659 4631 apud
2680 4562 3151 4616 Autissiodorum
3176 4562 3358 4617 abbas
3381 4563 3521 4630 fuit,

124 4663 237 4705 inus
263 4658 529 4727 Aymardi
583 4657 813 4712 abbatis
858 4656 1262 4711 Cluniacensis
1313 4662 1443 4727 post
1498 4663 1745 4712 mortem

1930 4649 2107 4704 ferias
2130 4649 2549 4721 cxpendemus.
2577 4651 2853 4705 Unctionis
2882 4657 3283 4705 sacramentum
3312 4650 3515 4722 appel-

126 4734 335 4798 Odonis.

186 4829 261 4883 16.
282 4854 306 4877 u
332 4834 471 4889 Cum
524 4835 818 4906 ejusmodi
874 4835 1138 4889 moribus
1190 4833 1429 4904 polleret
1482 4835 1752 4911 Maiolus,

131 4910 538 4979 Vesontioncnsi
585 4923 1024 4995 archiepisc0po
1052 4922 1203 4976 viam
1246 4924 1529 4977 universa:
1561 4931 1753 4983 carnis

130 4999 384 5079 ingresso,
417 5018 538 5068 tam
574 5014 760 5084 ipsius
791 5018 956 5067 terra:
1010 5012 1294 5083 principis
1346 5030 1522 5083 quam
1575 5017 1756 5072 totius

131 5090 244 5148 Cleri
273 5115 553 5158 consensu
587 5107 644 5157 et
674 5100 895 5174 pepuli,
920 5102 993 5156 ad
1026 5102 1154 5171 ejus
1177 5100 1407 5155 culmen
1434 5103 1755 5174 suscipien-

132 5178 250 5238 dum
274 5191 642 5257 pontificatus
664 5189 1213 5261 impellitur.»Quod
1238 5189 1362 5260 ipse
1386 5207 1500 5262 pra:
1524 5194 1753 5248 modes—

132 5266 199 5323 tia
214 5282 534 5334 constanter
556 5279 863 5335 recusavit.
881 5279 941 5334 Id
966 5295 1000 5333 ο.
1020 5279 1163 5349 Syro
1182 5284 1239 5332 et
1259 5278 1518 5349 Nalgodo
1541 5298 1756 5337 memo-

134 5356 214 5411 ria:
235 5366 513 5432 proditum
550 5374 657 5436 est,
684 5385 789 5423 nec
828 5367 1046 5422 mirum
1086 5368 1132 5421 si
1178 5369 1640 5437 printer-missum
1682 5372 1755 5425 ab

135 5440 467 5525 0dilone,qui
490 5457 667 5511 etiam
702 5457 773 5510 de
811 5460 1080 5511 recusata
1118 5456 1335 5509 summi
1380 5458 1755 5526 pontiﬁcatus

138 5530 387 5603 dignitate
435 5544 616 5599 siluit.
641 5545 864 5615 Quippe
902 5543 1001 5614 qui
1044 5542 1238 5597 Maioli
1280 5543 1449 5599 breve
1498 5544 1753 5616 elogium

140 5624 308 5688 potius
328 5635 676 5689 excurrendo
698 5632 1002 5688 adornavit
1020 5649 1195 5703 quam
1214 5632 1393 5687 vitam
1418 5634 1754 5691 accuratam

141 5720 459 5790 composuit.
484 5722 673 5779 Maioli
702 5721 827 5778 loco
858 5719 1078 5777 electus
1106 5725 1194 5777 est
1224 5721 1282 5776 in
1315 5722 1512 5777 sedem
1542 5722 1755 5782 Veson-

1864 4740 1943 4795 lat
1976 4738 2272 4809 Nalgodus
2322 4754 2454 4792 eum
2508 4738 2708 4805 ritum,
2734 4755 2849 4809 quo
2891 4738 3195 4795 lleldricus
3235 4756 3268 4794 a
3306 4740 3516 4796 Maiolo

1868 4834 2110 4881 sanatus
2142 4831 2248 4881 est.
2276 4827 2396 4880 Huc
2430 4832 2697 4896 spectant
2727 4844 2793 4881 ea
2824 4845 2949 4899 qua:
2991 4827 3249 4884 diximus
3281 4829 3338 4883 in
3371 4847 3516 4901 prm-

1870 4917 2082 4970 fatione
2115 4915 2309 4969 saeculi
2345 4916 2515 4986 primi
2545 4916 2616 4969 de
2646 4917 2935 4986 ejusmodi
2969 4917 3366 4974 unctionibus.

1941 5007 2023 5059 18.
2054 5004 2396 5057 Praedictum
2429 5004 2903 5075 apocrisiariatus
2925 5007 3183 5060 officium
3215 5006 3353 5062 item
3386 5025 3519 5079 pro-

1870 5097 2011 5150 bant
2029 5094 2142 5148 alia
2159 5094 2427 5164 quaadam
2453 5094 2705 5165 negotia,
2730 5112 2981 5165 quorum
3007 5102 3312 5153 exsecutor
3336 5098 3523 5154 Maio-

1869 5185 1961 5238 lus
1984 5182 2307 5237 monachus
2332 5181 2457 5236 t'uit.
2475 5182 2621 5237 Nam
2639 5200 2792 5237 anno
2814 5185 2870 5237 11
2896 5184 3169 5239 Ludovici
3187 5186 3342 5258 regis
3361 5208 3388 5236 ‹‹
3409 5186 3525 5242 I-Iil-

1867 5272 2203 5327 debrendus
2227 5275 2284 5325 et
2317 5269 2565 5325 Moiolus
2591 5270 2946 5342 placitarunt
2967 5295 2994 5321 ››
3018 5290 3216 5329 coram
3250 5274 3522 5331 Leotaldo

1866 5362 2105 5427 comite,
2129 5361 2404 5416 Walterio
2433 5361 2796 5427 vicecomite,
2824 5361 3073 5435 aliisque
3104 5363 3314 5419 horum
3343 5364 3521 5435 ﬁdeli-

1869 5452 1965 5505 bus
1999 5450 2160 5521 (alibi
2187 5452 2451 5521 primates
2483 5450 2799 5523 appellant)
2832 5469 2935 5523 pro
2967 5452 3316 5523 qoibusdam
3350 5455 3522 5509 terris

1866 5540 2143 5595 Cluniaco
2167 5540 2338 5606 datis,
2365 5556 2492 5610 qua:
2517 5557 2551 5595 a
2572 5540 2872 5595 nonnullis
2894 5541 3349 5612 occupabantur.
3378 5541 3520 5597 Item

1868 5646 2022 5684 anno
2044 5629 2299 5684 secundo
2326 5628 2580 5683 Lotharii
2605 5629 2757 5702 regis
2784 5652 2809 5677 ί(
2833 5629 3237 5685 Eldebrandus
3261 5632 3317 5683 et
3338 5628 3518 5684 Maio-

1865 5723 1959 5777 lus
1992 5717 2264 5779 monachi
2295 5717 2640 5776 Clunienses
2663 5740 2690 5772 ››
2717 5718 3037 5776 mittuntur
3066 5717 3138 5773 ab
3169 5715 3378 5775 abbate
3409 5716 3526 5799 Eys-
