3906 6352
343 416 463 478 719

1467 419 1529 479 S.
1579 414 1850 478 MAIOLI
1899 407 2237 475 ABBATIS
2283 410 2641 478 CLUNIAC.

3650 416 3761 479 720

344 552 548 607 mardo
581 551 651 605 ad
687 549 1089 605 Maimbodum
1123 550 1467 623 episcopum
1500 550 2001 606 Matisconensum
2030 546 2087 612 Λ
2185 547 2276 603 20.
2312 548 2418 603 Per
2466 549 2525 604 id
2573 551 2908 606 communis
2951 550 3481 608 administrationis
3519 556 3758 624 tempus,

344 639 405 696 in
438 639 659 712 synodo
690 637 1057 706 existentem,
1085 639 1326 710 petituri
1356 639 1429 694 ab
1455 655 1521 694 eo
1544 638 1806 693 decimas
1834 634 2010 691 eccleo

346 726 570 785 siarum
603 726 791 782 sancti
821 727 1063 782 Andreaa
1085 726 1145 782 in
1178 728 1468 794 Evranda,
1494 730 1551 782 et
1574 724 1762 782 sancti
1792 724 2006 780 Boniti.

345 816 477 872 Haac
508 814 737 888 aliaque
768 815 923 870 facta
944 815 1210 888 apprime
1237 817 1648 871 demonstrant
1670 814 2012 870 Cluniacen-

346 921 471 961 sem
505 904 907 977 praepositum,
943 904 1137 969 qualis
1178 910 1301 961 erat
1345 905 1800 971 Hildebrannus,
1836 908 2009 975 atque

347 992 798 1067 apocrisiarium
820 1009 1023 1049 curam
1045 993 1300 1067 gessisse
1325 995 1396 1051 de
1421 992 1846 1066 temporalibus
1869 1009 2011 1047 cau-

352 1084 456 1137 sis.
480 1082 700 1137 Deinde
730 1082 1039 1137 collatione
1062 1083 1217 1138 facta
1240 1084 1451 1155 prioris
1477 1082 1648 1138 istius
1670 1081 1827 1145 facti,
1856 1082 2010 1152 quod

354 1189 507 1229 anno
541 1174 599 1227 11
638 1171 913 1227 Ludovici
939 1173 1093 1244 regis
1125 1190 1160 1226 a
1191 1172 1403 1227 Maiolo
1428 1174 1555 1243 jam
1588 1171 1883 1234 monacho
1906 1187 2011 1241 ge-

350 1266 511 1317 stum
534 1265 785 1329 est,cum
815 1260 930 1315 alio
954 1259 1263 1333 superiori,
1282 1260 1375 1315 cui
1401 1259 1556 1315 idem
1582 1264 1707 1315 tum
1731 1258 2014 1315 archidia-

349 1367 536 1409 conus
556 1367 711 1407 anno
732 1354 894 1404 sexto
917 1347 1110 1420 ipsius
1133 1348 1408 1406 Ludovici
1434 1347 1806 1421 subscripsit,
1832 1347 2012 1403 mani-

353 1440 500 1496 feste
520 1438 856 1513 colligimus
878 1437 1159 1494 Maiolum
1179 1437 1390 1494 saeculo
1413 1438 1690 1493 nuntium
1712 1437 2015 1493 remisisse

354 1545 510 1587 anno
535 1528 784 1601 septimo
804 1527 892 1583 vel
916 1532 1116 1584 octavo
1146 1528 1310 1601 regni
1343 1527 1639 1596 Ludovici,
1660 1528 1724 1583 id
1751 1533 1839 1584 est
1862 1544 2015 1584 anno

352 1619 461 1674 943
488 1616 577 1674 vel
606 1617 970 1689 insequente.

394 1724 486 1780 ιν.
520 1723 771 1797 Ejusdem
799 1724 992 1797 electio
1016 1725 1077 1797 in
1106 1722 1351 1797 abbatem
1382 1723 1813 1779 Cluniaccnscm.
1843 1727 1978 1778 Acta

905 1794 1005 1851 sub
1027 1796 1144 1867 ejus
1177 1796 1463 1865 regimine.

2119 634 2461 693 alterutrius
2492 638 2721 695 abbatis
2743 640 2980 695 nomine
3006 639 3411 696 instrumenta
3439 640 3674 713 publica
3694 641 3765 696 in-

2120 723 2337 796 signita
2364 730 2549 793 erant,
2583 727 2782 800 qualia
2829 728 2890 783 in
2924 728 3112 801 elogio
3159 729 3435 802 Aymardi
3471 730 3763 786 observem

2119 810 2272 868 licet.
2298 814 2399 869 His
2430 817 2581 872 addo
2621 817 2678 871 in
2713 834 2971 890 przesens
3020 818 3285 889 chartam
3333 818 3649 891 Girbergze,
3679 835 3764 874 ec-

2120 902 2357 959 clesiam
2390 906 2577 961 sancti
2613 906 2877 962 Mauricii
2912 908 2969 962 in
3001 907 3283 963 comitatu
3314 907 3683 963 Cabilonensi
3714 907 3763 962 in

2117 991 2255 1047 villa
2286 994 2528 1067 Breugis
2560 999 2616 1051 et
2644 995 2781 1051 villa
2824 995 3027 1052 Canna
3072 998 3465 1066 concedentis,
3491 997 3647 1052 sicut
3674 998 3765 1052 Ar-

2121 1082 2342 1136 dradus
2375 1083 2688 1155 episcopus
2713 1084 2925 1153 tenuit,
2949 1103 3103 1140 anno
3125 1085 3294 1139 tertio
3320 1085 3579 1140 Lotharii
3604 1086 3764 1157 regis.

2120 1170 2284 1225 Addo
2315 1171 2491 1225 etiam
2525 1172 2789 1228 chartam
2825 1174 3131 1229 Gauzberti
3170 1175 3504 1244 cujusdam,
3529 1175 3627 1245 qui
3661 1173 3768 1228 alo-

2121 1259 2265 1314 dum
2296 1276 2499 1329 suum,
2527 1282 2549 1311 ι
2577 1261 2671 1317 cui
2692 1266 2918 1317 vetusto
2938 1263 3220 1318 vocabulo
3254 1264 3461 1319 Latina
3482 1262 3769 1318 rusticitas

2124 1348 2409 1404 Petrafixa
2440 1366 2649 1405 nomen
2681 1350 2915 1419 indidit,
2941 1350 3120 1407 situm
3169 1351 3228 1406 in
3268 1350 3553 1407 suburbio
3588 1351 3769 1407 Briva-

2124 1437 2297 1505 tensi,
2318 1437 2645 1511 Heymardo
2679 1439 2940 1507 abbati,»
2977 1456 3044 1495 ac
3084 1439 3390 1496 monachis
3417 1439 3769 1496 Celsinianaa

2123 1524 2539 1599 incolentibus,
2594 1533 2880 1601 perpetuo
2933 1529 3069 1601 jure
3120 1530 3280 1585 dedit
3312 1551 3340 1580 «
3372 1546 3475 1601 pro
3528 1527 3771 1585 remedio

2125 1614 2333 1671 anima:
2356 1634 2474 1673 sua:
2496 1621 2552 1673 et
2574 1612 2824 1675 senioris
2843 1618 2934 1674 sui
2962 1618 3265 1674 Bertrandi
3289 1636 3354 1675 ac
3377 1618 3656 1692 Stephani
3679 1616 3772 1673 filii

2124 1705 2273 1775 ejus.
2295 1727 2315 1754 υ
2341 1707 2550 1761 Actum
2581 1711 2672 1762 est
2701 1706 2812 1762 hoc
2844 1706 2999 1778 apud
3021 1704 3385 1762 Celsinianas
3408 1728 3433 1755 α
3464 1721 3666 1762 mense
3685 1704 3774 1761 Ja-

2125 1794 2354 1861 nuario,
2378 1810 2532 1850 anno
2557 1800 2764 1866 quarto
2794 1799 3074 1867 regnante
3097 1794 3373 1850 Lothario
3407 1809 3560 1867 rege,
3588 1796 3660 1849 ab
3688 1793 3776 1850 In-

432 1887 524 1984 19ἰ
552 1886 752 1956 Neque
882 1884 1142 1983 .obscure
1190 1883 1415 1984 indicat
1458 1888 1710 1984 tempus,
1743 1900 1858 1984 quo
1904 1887 2014 1956 Ay-
2047 1919 2095 1984 Β
2127 1883 2464 1939 carnatione
2496 1884 2727 1941 Domini
2767 1885 2893 1940 953.
2921 1908 2947 1935 n
2983 1884 3199 1940 Eodem
3233 1901 3386 1940 anno
3437 1901 3639 1940 mense
3685 1884 3781 1940 De-

360 1975 604 2032 mardus
627 1989 760 2029 eum
784 1973 896 2029 sibi
919 1989 1319 2029 successorem
1343 1972 1561 2045 allegit.
1589 1973 1837 2029 Maiolus
1861 1973 2019 2028 enim
2048 1972 2094 1984 "
2129 1974 2347 2029 cembri
2376 1997 2397 2024 ι
2424 1973 2671 2030 Maiolus
2707 1974 2889 2031 abbas
2917 1997 2944 2025 ››
2972 1975 3261 2046 quasdam
3295 1978 3480 2030 terras
3529 1974 3589 2030 in
3638 1988 3779 2045 pago

354 2067 482 2138 jam
505 2064 639 2120 inde
661 2064 732 2119 ab
756 2079 908 2118 anno
931 2063 997 2117 13
1021 2061 1297 2118 Ludovici
1324 2061 1505 2117 abbas
1528 2062 1719 2118 dictus
1740 2066 1848 2131 est,
1865 2067 1930 2117 ut
1950 2079 2018 2117 ex

363 2152 721 2225 quibusdam
744 2149 1157 2207 instrumentis
1176 2148 1238 2204 in
1262 2148 1450 2222 elogio
1470 2148 1746 2222 Aymardi
1766 2149 2018 2205 ostendi-

363 2259 518 2298 mus.
533 2240 709 2313 Atqui
737 2262 765 2290 «ι
789 2243 949 2297 sexto
967 2256 1123 2295 anno
1144 2240 1231 2311 (ut
1253 2238 1455 2307 fertur)
1477 2237 1872 2295 conversionis
1897 2254 2015 2294 sure

363 2348 397 2387 α
428 2328 641 2387 saeculo
668 2350 696 2380 η
719 2329 996 2402 Aymardi
1024 2328 1311 2385 vicarium
1342 2344 1409 2383 ac
1440 2343 1841 2384 successorem
1872 2326 2018 2383 desi-

362 2424 609 2493 gnatum
640 2418 822 2474 fuisse
851 2416 1017 2473 Odilo
1061 2417 1262 2472 tradit.
1296 2416 1498 2488 Itaque
1530 2417 1580 2471 si
1612 2416 1685 2472 ab
1715 2432 1870 2471 anno
1902 2416 2014 2471 Lu-

2129 2063 2565 2133 Matisconensi,
2591 2065 2649 2119 in
2671 2063 2809 2119 villa
2829 2064 3141 2120 Materiaco
3165 2063 3413 2135 aliisque
3439 2063 3584 2119 emit
3606 2086 3633 2113 ι(
3658 2075 3780 2135 pre-

2126 2153 2207 2209 tio
2226 2154 2330 2208 400
2356 2153 2735 2210 solidorum.»
2764 2154 3007 2210 Biennio
3030 2158 3161 2226 post
3180 2152 3511 2209 Adalradus
3534 2170 3627 2208 res
3649 2166 3780 2207 suas

2126 2243 2185 2298 in
2217 2242 2355 2299 villa
2389 2265 2417 2294 ‹‹
2448 2244 2519 2299 de
2568 2242 2878 2311 Pcrsczeel,
2906 2264 2934 2293 »
2958 2242 3174 2299 vicaria
3221 2240 3556 2309 Ycionensi,
3610 2240 3785 2296 tradit

2130 2352 2158 2381 (ι
2190 2332 2546 2402 sanctuario,
2578 2333 2736 2405 quod
2782 2332 3002 2388 dicitur
3043 2330 3428 2400 Celsinanias,
3468 2330 3784 2388 instituens

2125 2417 2385 2476 hearedes
2418 2419 2761 2487 monachos,
2794 2419 3012 2476 ibidem
3044 2419 3161 2476 Deo
3204 2422 3373 2474 nocte
3421 2434 3487 2474 ac
3536 2418 3633 2474 die
3664 2434 3781 2473 ser-

361 2509 550 2565 dovici
581 2507 752 2565 tertio
786 2506 1011 2562 decimo
1033 2504 1306 2563 detrahas
1338 2522 1525 2561 annos
1548 2522 1667 2573 sex,
1692 2505 2017 2560 remanebit
2123 2506 2592 2580 vientes,quibus
2607 2509 2946 2563 moderatur
2962 2524 3231 2565 reverens
3249 2505 3781 2579 paternitasdomni

360 2615 554 2655 annus
575 2597 881 2669 septimus,
906 2612 1083 2667 quem
1112 2593 1306 2650 Maioli
1329 2594 1702 2650 conversione
1725 2592 2013 2649 illustrem

360 2687 544 2744 fuisse
574 2686 817 2759 proinde
850 2684 1188 2740 existimare
1218 2681 1373 2739 licet.
1406 2685 1478 2739 At
1507 2699 1623 2754 quo
1653 2681 1852 2738 minus
1883 2682 2016 2754 ejus

358 2776 702 2833 electionem
726 2775 837 2831 sub
860 2773 1151 2830 Ludovico
1182 2772 1602 2827 Transmarino
1634 2788 2009 2844 reponamus,

358 2866 505 2921 illud
536 2866 769 2921 obstare
799 2863 1046 2929 videtur,
1081 2861 1236 2932 quod
1279 2877 1433 2916 anno
1463 2860 1722 2916 secundo
1754 2860 2011 2917 Lotharii

2126 2596 2321 2653 Maioli
2354 2599 2630 2672 prazcipui
2664 2599 2870 2671 patris.
2906 2598 3052 2655 Data
3099 2597 3159 2652 in
3206 2612 3407 2652 mense
3447 2594 3780 2662 Februario,

2127 2688 2188 2742 11
2224 2688 2317 2743 die
2349 2689 2537 2762 ipsius
2569 2687 2790 2744 mensis
2820 2704 2975 2744 anno
3015 2686 3334 2744 Dominicze
3364 2683 3786 2740 incarnationis

2122 2777 2247 2847 960,
2284 2794 2438 2833 anno
2469 2782 2667 2833 autem
2700 2776 2930 2847 imperii
2955 2774 3212 2831 Lotharii
3238 2774 3393 2846 regis
3416 2773 3783 2844 Francigena:

2119 2881 2180 2921 xv
2209 2866 2515 2938 (legendum
2552 2869 2633 2932 vx)
2676 2865 2945 2920 secunda!
2995 2863 3368 2936 Olympiadis.
3405 2884 3432 2913 ››
3466 2865 3636 2917 Anno
3686 2879 3785 2916 su-

359 2956 537 3028 regie,
563 2952 839 3011 LUdOViCi
873 2951 977 3006 ﬁlii
1013 2967 1078 3005 ac
1109 2948 1487 3016 διιοοοεεονῖεγ
1512 2965 1627 3021 quo
1651 2966 1804 3005 anno
1838 2949 2015 3005 Maio-
2121 2955 2345 3026 periore
2374 2954 2684 3010 Lotharius
2725 2971 2843 3021 rex,
2872 2953 3206 3025 postulante
3237 2953 3532 3024 Gerberga
3580 2951 3784 3023 regina

358 3043 453 3099 lus
483 3058 619 3098 cum
652 3040 1046 3098 Hildebrando
1085 3037 1159 3092 ad
1210 3036 1529 3093 Maimbodi
1582 3037 1872 3109 synodum
1908 3054 2011 3109 pro

359 3130 606 3187 decimis
629 3128 905 3186 Evrandae
933 3131 990 3180 et
1020 3124 1206 3179 sancti
1230 3123 1418 3178 Boniti
1443 3124 1663 3180 missus
1690 3129 1797 3191 est,
1824 3124 2009 3195 ipsius

357 3234 573 3275 nomen
616 3216 676 3270 in
726 3214 931 3270 charta
977 3212 1342 3268 Eldebrando
1392 3211 2008 3286 postponitur,,neque

356 3306 543 3374 abbas,
591 3304 693 3361 sed
752 3307 983 3358 tantum
1038 3300 1337 3356 monachus
1394 3282 1739 3372 appellatur.
1790 3282 2003 3358 Verum
2035 3282 2083 3349 Co

358 3397 567 3469 praeter
593 3410 663 3450 ea
682 3409 822 3465 qua:
850 3391 921 3447 ad
955 3390 1118 3463 prius
1148 3388 1294 3445 illud
1331 3388 1699 3462 probandum
1731 3391 1789 3446 in
1822 3390 2008 3465 elogio

355 3482 630 3556 Aymardi
664 3481 921 3537 adducta
950 3483 1111 3543 sunt,
1137 3477 1391 3533 occurrit
1421 3481 1479 3533 et
1510 3476 1669 3533 aliud
1704 3495 2010 3551 argumen-

355 3578 485 3628 tum
514 3586 584 3627 ex
614 3568 826 3625 litteris
846 3566 1179 3624 donationis
1212 3566 1517 3639 Maytrami
1548 3568 1880 3638 cujusdam,
1905 3570 2007 3642 qui

358 3683 386 3711 κ
417 3660 489 3717 ad
521 3660 716 3716 locum
757 3657 1120 3714 Cclsinianas
1152 3660 1209 3711 et
1239 3656 1454 3711 domno
1488 3656 1698 3712 Maiolo
1746 3658 1942 3714 abbati
1977 3682 2004 3709 n

353 3749 513 3806 dedit
525 3748 722 3805 villam
741 3747 811 3803 de
828 3746 1082 3802 Becedas
1104 3767 1131 3795 ‹‹
1150 3760 1352 3800 mense
1377 3745 1714 3813 Februario,
1729 3752 2008 3819 regnante

356 3838 647 3896 Ludovico
678 3852 812 3908 rege
852 3836 1267 3892 Francorum.»
1295 3833 1457 3891 Unde
1498 3850 1866 3907 consequens
1895 3842 2004 3905 est,

354 3926 634 3985 Maiolum
665 3929 945 3998 regnante
967 3922 1256 3981 Ludovico
1275 3924 1402 3996 jam
1424 3924 1697 3980 abbatem
1724 3926 2003 3982 audiisse.

351 4019 427 4074 At
447 4015 727 4089 quoniam
758 4013 1085 4087 Aymardus
1117 4029 1233 4069 non
1264 4013 1347 4068 ita
1376 4012 1635 4085 regimen
1668 4013 1725 4069 in
1758 4031 1892 4072 eum
1926 4033 2008 4073 re-

344 4106 588 4177 jeccrat,
613 4107 680 4160 ut
699 4101 909 4175 primis
937 4100 1107 4157 annis
1128 4099 1275 4156 nihil
1296 4101 1536 4159 omnino
1565 4104 1832 4175 gesserit,
1861 4110 1925 4161 ut
1943 4104 2003 4162 in

351 4193 539 4267 elogio
580 4191 855 4266 Aymardi
906 4208 941 4247 a
988 4190 1157 4247 nobis
1205 4190 1428 4247 dictum
1478 4195 1585 4261 est,
1638 4193 1902 4267 contigit,
1939 4201 2006 4251 ut

353 4280 621 4351 Maiolus,
646 4278 746 4354 qui
768 4279 965 4353 potius
982 4279 1287 4352 coadjutor
1304 4280 1672 4350 censebatur,
1687 4280 2003 4354 aliquando

349 4372 516 4428 abbas
547 4389 581 4428 a
618 4369 1000 4427 sazcularibus
1047 4370 1106 4423 in
1155 4368 1407 4441 publicis
1438 4369 1871 4443 instrumentis,
1896 4372 2002 4428 ali-

348 4462 582 4535 quando
609 4460 908 4517 monachus
939 4458 1351 4531 aqpellaretur,
1378 4459 1631 4517 maxime
1662 4461 1720 4517 in
1754 4461 2002 4532 iisactis

347 4568 474 4623 quae
508 4554 747 4607 curante
776 4550 1067 4623 Aymardo
1108 4548 1365 4622 gerebat.
1397 4548 1457 4603 ld
1501 4549 1743 4606 innuere
1773 4552 2004 4608 videtur

2122 3048 2310 3099 matre
2360 3061 2487 3113 sua,
2520 3042 2947 3099 monasterium
2979 3041 3167 3097 sancti
3213 3040 3465 3096 Amandi
3499 3040 3559 3095 in
3590 3038 3780 3095 comi-

2120 3135 2245 3186 tatu
2292 3130 2614 3185 Trahesino
2647 3130 3006 3201 (Nantuense
3042 3132 3276 3196 vocant)
3308 3128 3466 3199 quod
3493 3150 3521 3178 ‹‹
3555 3127 3781 3199 absque

2119 3217 2445 3272 rectoribus
2492 3214 2669 3271 veluti
2717 3215 2775 3270 in
2825 3212 3312 3270 inhabitabilibus
3353 3213 3498 3269 locis
3530 3237 3557 3265 ››
3596 3215 3782 3271 situm

2119 3309 2261 3373 erat,
2297 3303 2570 3360 Cluniaco
2602 3303 2865 3375 subjicit,
2890 3325 2917 3351 ‹‹
2950 3306 3012 3357 ut
3043 3300 3102 3356 in
3135 3305 3425 3373 quantum
3457 3301 3618 3356 Deus
3653 3314 3788 3374 supl

2120 3393 2462 3466 peditaverit
2482 3392 2819 3460 consilium,
2839 3391 2979 3446 illud
3004 3393 3381 3446 construatur
3403 3387 3462 3442 in
3485 3387 3785 3445 habitabi-

2117 3483 2275 3539 libus
2325 3482 2489 3538 locis.
2535 3482 2747 3538 Datum
2798 3499 2855 3536 ιχ
2903 3479 3030 3537 Kal.
3064 3478 3337 3535 Decemb.
3371 3494 3527 3533 anno
3575 3479 3616 3533 5
3670 3480 3781 3534 La-

2118 3572 2292 3628 tharii
2352 3572 2527 3644 regis,
2589 3571 2795 3626 indict.
2847 3572 2900 3637 3,
2952 3569 3012 3623 in
3071 3567 3406 3623 Divionensi
3468 3565 3716 3638 palatio.
3751 3590 3777 3617 ιο

2119 3663 2231 3717 Sed
2280 3662 2388 3717 hoc
2439 3661 2563 3717 loco
2596 3661 2654 3715 in
2688 3660 3036 3715 memoriam
3087 3657 3413 3712 revocanda
3459 3662 3548 3711 est
3598 3673 3780 3729 supc-

2118 3751 2240 3805 rius
2272 3751 2427 3807 edita
2458 3749 2760 3823 prmstaria
2792 3747 2985 3804 Maioli
3020 3746 3254 3802 abbatis
3285 3746 3343 3800 in
3378 3744 3636 3818 gratiam
3668 3748 3778 3801 Ar-

2118 3839 2262 3897 nulli
2306 3840 2540 3897 Atensis
2589 3838 2845 3910 episcopi
2894 3838 2965 3893 de
3012 3834 3370 3907 quibusdam
3421 3834 3599 3890 rebus
3653 3834 3776 3890 suis

2118 3928 2502 3985 hmreditariis
2535 3929 2593 3983 in
2629 3925 2930 3983 Provincia
2961 3925 3115 3990 sitis,
3149 3925 3302 3980 facta
3335 3938 3488 3978 anno
3515 3924 3590 3979 23
3622 3924 3773 3979 Con-

2118 4018 2242 4074 radi
2275 4018 2450 4091 regis,
2485 4016 2585 4090 qui
2616 4033 2806 4072 annus
2841 4014 3058 4071 Christi
3104 4029 3257 4070 anno
3286 4012 3392 4068 960
3431 4013 3771 4083 respondet.

2116 4106 2258 4164 Dein
2309 4123 2462 4163 anno
2510 4106 2617 4162 962
2672 4104 2976 4161 Albericus
3027 4118 3242 4170 comes,
3278 4099 3537 4158 Leotaldi
3588 4100 3768 4168 filius,

2116 4196 2324 4254 Maiolo
2370 4195 2567 4252 abbati
2597 4200 2654 4253 et
2686 4192 2991 4253 monachis
3047 4193 3175 4264 ejus
3235 4188 3425 4246 multa
3472 4190 3657 4246 donat
3711 4188 3769 4244 in

2114 4301 2261 4358 pago
2293 4284 2707 4343 Matisconensi
2746 4305 2774 4335 ‹‹
2803 4299 2956 4340 anno
2985 4284 3019 4337 8
3049 4278 3308 4338 Lotharii
3353 4278 3527 4351 regis.
3553 4300 3581 4328 »
3622 4278 3766 4333 Prac-

2113 4381 2271 4431 tcrea
2287 4393 2438 4431 anno
2451 4375 2678 4430 decimo
2697 4374 2963 4445 ejusdem
2980 4370 3336 4427 Amblardus
3355 4368 3767 4441 Lugdunensis

2112 4461 2370 4534 pontifex
2414 4461 2683 4534 ipsismet
2735 4459 2943 4515 Maiolo
2994 4463 3051 4514 et
3099 4457 3379 4513 fratribus
3428 4456 3531 4511 dat
3580 4455 3767 4511 eccle-

2111 4552 2260 4605 siam
2295 4556 2511 4606 sancta:
2544 4549 2737 4605 Maria:
2768 4549 2839 4605 de
2869 4546 3287 4605 Cantumerula
3319 4569 3347 4596 ‹‹
3382 4546 3439 4601 in
3472 4561 3624 4618 pago
3657 4548 3765 4600 Ar-

345 4640 671 4696 Chronicon
705 4636 1223 4704 Malleacense,ubi
1260 4636 1508 4692 Maiolus
1531 4623 1766 4708 dicitur,
1796 4662 1822 4688 ιι
1848 4657 1999 4695 anno
2031 4655 2077 4718 Π
2108 4641 2340 4696 vernico
2365 4662 2390 4689 ››
2426 4644 2482 4695 et
2510 4639 2568 4694 in
2598 4638 2813 4693 vicaria
2858 4636 3242 4704 Randerensi,
3275 4642 3331 4691 ct
3364 4635 3597 4690 vineam
3630 4650 3762 4688 cum

342 4729 470 4796 961,
504 4733 665 4783 sexto
696 4744 849 4783 anno
874 4725 1261 4782 ordinationis
1292 4743 1409 4780 sum
1433 4727 1764 4799 suscepisse
1792 4746 1996 4785 curam

344 4814 747 4870 Cluniacensis
776 4815 1045 4881 cmnobii,
1067 4838 1086 4862 ιι
1114 4814 1171 4868 id
1205 4819 1294 4870 est
1325 4815 1617 4887 integrum
1651 4817 1908 4889 regimen
1933 4819 1993 4874 in

343 4920 405 4959 se
436 4903 765 4975 suscepisse
796 4920 950 4957 anno
981 4908 1142 4958 sexto
1165 4919 1198 4957 a
1219 4919 1328 4957 sua
1348 4902 1647 4969 electione,
1670 4907 1904 4962 tametsi
1928 4923 1994 4962 ex

342 4992 517 5046 dictis
550 4992 864 5047 dicendum
894 4996 1049 5047 esset
1087 5008 1245 5045 anno
1286 4994 1370 5046 l2.
1396 4993 1535 5063 Ejus
1568 5011 1739 5065 porro
1770 4994 1994 5053 litteras

341 5079 641 5136 electionis
670 5080 728 5135 in
761 5081 947 5151 ipsius
977 5077 1251 5151 Aymardi
1283 5079 1470 5150 elogio
1502 5081 1834 5151 retulimus,
1859 5102 1995 5156 qua-

341 5185 473 5224 rum
505 5170 900 5242 fragmentum
940 5168 1118 5222 etiam
1166 5168 1347 5239 Syrus
1400 5169 1603 5235 refert;
1658 5171 1994 5246 ibidemque

336 5274 406 5313 ex
428 5262 602 5313 Hetro
623 5258 891 5312 Damiani
926 5256 1146 5310 factum
1176 5256 1403 5328 insigne
1427 5258 1760 5327 retulimus,
1784 5262 1841 5316 in
1877 5281 1991 5336 quo

336 5345 530 5402 Maioli
561 5345 859 5401 modestia:
890 5344 1190 5416 egregium
1222 5344 1518 5414 specimen
1551 5354 1809 5418 apparet.
1843 5352 1988 5408 Nam

330 5434 403 5490 ab
425 5434 714 5506 Aymardo
737 5432 1024 5505 privatam
1050 5432 1246 5485 sedem
1276 5437 1534 5501 repetere
1548 5436 1779 5504 jussus,
1796 5454 1991 5495 assen-

334 5522 411 5578 sit
434 5540 546 5578 non
570 5526 828 5593 gravate,
851 5520 1125 5589 idemque
1156 5519 1385 5575 abbatis
1412 5522 1751 5580 cathedram
1773 5528 1986 5596 (incre-

332 5612 457 5683 pito
489 5629 592 5684 per
618 5609 979 5683 Aymardum
1010 5607 1377 5678 cellario,qui
1402 5608 1459 5663 in
1497 5610 1690 5682 ipsum
1720 5617 1986 5686 petulan-

329 5705 422 5781 ter
450 5700 683 5758 locutus
716 5700 922 5773 fuerat)
943 5698 1145 5753 eadem
1179 5696 1454 5755 facilitate
1484 5704 1733 5773 repetiit.

2108 4729 2254 4786 silva
2280 4730 2433 4801 apud
2456 4728 2800 4793 Vetreriam,
2821 4750 2848 4777 «
2871 4733 2928 4783 et
2964 4728 3021 4781 in
3062 4744 3210 4798 pago
3232 4726 3715 4780 Claromontense
3734 4744 3758 4770 ››

2106 4819 2301 4874 villam
2331 4818 2671 4873 Luxiacum.
2697 4816 2838 4887 Ejus
2868 4805 3084 4871 litteris
3112 4814 3495 4871 subscribunt
3522 4812 3762 4884 Stepha-

2106 4926 2218 4965 nus
2239 4908 2548 4980 episcopus
2572 4908 2960 4961 Arvernorum
2983 4910 3040 4959 et
3065 4905 3377 4959 Rotbertus
3403 4902 3587 4956 abbas
3608 4916 3758 4956 anno

2108 5000 2169 5053 11
2202 4997 2343 5053 Loth
2352 4996 2479 5051 arii.
2495 4995 2723 5051 Maiolus
2745 4995 2975 5050 humilis
2990 4994 3155 5049 abbas
3171 5001 3221 5048 ct
3240 4990 3581 5063 llcynmrdus
3596 4990 3759 5045 abbas

2105 5086 2486 5143 subscribunt
2504 5083 2739 5139 cuidam
2763 5082 3336 5155 praestarize,duohus
3361 5079 3549 5135 levitis
3572 5080 3756 5143 factm,

2104 5177 2173 5234 de
2204 5176 2381 5232 rebus
2405 5174 2533 5231 sitis
2558 5174 2613 5229 in
2639 5190 2788 5245 pago
2810 5171 3202 5229 Cabilonensi.
3226 5170 3310 5225 Ab
3333 5186 3399 5224 eo
3421 5185 3575 5223 anno
3600 5167 3759 5222 nulla

2103 5266 2353 5323 ulterius
2383 5262 2599 5318 mentio
2628 5266 2718 5318 est
2745 5261 3016 5336 Aymardi
3051 5260 3303 5326 abbatis,
3330 5258 3430 5313 sed
3455 5256 3656 5311 omnia
3677 5255 3758 5310 in-

2102 5358 2431 5411 strumenta
2452 5350 2643 5407 solum
2664 5349 2942 5405 Maiolum
2961 5349 3234 5405 abbatem
3260 5347 3758 5419 prmferuntﬂuze-

2103 5443 2236 5498 dam
2270 5455 2731 5497 commemorare
2762 5456 2948 5510 opera:
2982 5438 3236 5510 pretium
3272 5440 3432 5509 puto.

2168 5534 2259 5588 21.
2287 5532 2348 5586 In
2373 5526 2743 5585 Cluniacensi
2784 5527 3019 5584 archivo
3059 5526 3438 5583 inveniuntur
3471 5522 3639 5595 plura
3670 5520 3754 5574 di-

2100 5621 2359 5695 plomata
2381 5620 2658 5674 Ottonum
2684 5617 3129 5688 imperatorum.
3150 5616 3341 5672 Unum
3365 5617 3453 5668 est
3473 5610 3753 5684 placitum

2099 5715 2303 5769 datum
2331 5733 2351 5760 α
2390 5710 2449 5765 in
2481 5706 2710 5763 civitate
2738 5705 2935 5779 Papia,
2960 5708 3018 5761 in
3051 5706 3347 5763 caminata
3374 5700 3510 5760 sala
3542 5702 3754 5761 domus
