3906 6352
155 400 257 461 721

1394 404 1745 465 ELOGIUM
1793 405 2301 470 HISTORICUM.

3441 408 3558 473 722

156 532 442 592 Lictefredi
470 534 802 591 Ticinensis
833 533 1112 608 episcopi,
1145 542 1275 608 post
1307 538 1586 608 capitium
1618 538 1795 593 eccle-
1822 540 1877 607 Α
1907 538 2129 605 lans,ut
2160 558 2262 613 pro
2295 542 2471 597 insita
2503 559 2610 597 sua
2643 542 2897 598 bonitate
2917 540 3300 598 Amblardum
3326 542 3557 603 fidelem

156 624 243 680 sim
273 624 451 679 sancti
476 623 608 696 Cyri
630 624 1003 689 confessoris,
1021 625 1119 679 ubi
1140 626 1267 696 ejus
1286 643 1498 698 corpus
1518 632 1788 683 sanctum

155 711 399 785 quiescit,
434 712 724 767 residente
757 713 993 768 Otberto
1027 714 1361 769 marchione
1391 716 1602 771 comite
1628 716 1791 788 pala-

153 803 231 869 tii,
254 808 312 857 ut
332 800 628 872 justitiam
661 802 812 856 inter
836 800 1103 856 homines
1122 802 1477 859 discerneret
1498 821 1632 859 cum
1657 805 1786 859 aliis

145 891 446 963 judieibus.
469 913 497 939 ››
515 891 600 946 Ad
625 892 797 961 cujus
821 892 1243 963 prmsentiam‘u
1268 893 1521 947 domnus
1538 893 1788 949 Maiolus

150 979 531 1035 Cluniacensis
558 980 741 1035 abbas
771 980 946 1047 venit,
980 985 1037 1035 et
1070 982 1639 1052 reprmsentavitduo
1664 1001 1785 1037 mo-

152 1069 354 1125 nimina
387 1092 413 1119 ››
450 1088 552 1125 seu
585 1068 1001 1137 instrumenta,
1027 1089 1209 1125 unum
1239 1074 1472 1127 nomine
1504 1074 1783 1129 Ottonum

149 1160 551 1229 imperatorum
585 1182 614 1210 «
645 1160 848 1215 datum
883 1161 949 1214 16
977 1160 1116 1215 Julii
1152 1180 1305 1215 anno
1335 1164 1371 1213 ὃ
1405 1164 1563 1231 regni
1599 1163 1657 1217 in
1685 1163 1789 1218 Ita-

148 1247 218 1303 lia
245 1270 293 1318 ιι,
324 1248 648 1315 continens,
684 1249 977 1320 quomodo
1010 1249 1318 1305 Gaidulfus
1349 1251 1506 1305 lilius
1530 1252 1788 1322 Petriju-

146 1336 280 1392 dicis
303 1338 586 1409 quasdam
618 1342 803 1392 terras
833 1338 1089 1403 emisset,
1112 1338 1207 1392 ubi
1234 1344 1358 1393 erat
1379 1362 1402 1387 ‹‹
1424 1340 1646 1410 capella
1670 1358 1786 1397 una

146 1425 198 1480 in
228 1426 436 1481 honore
467 1431 679 1481 sancta":
714 1427 907 1481 Maria:
942 1428 1113 1498 juxta
1164 1428 1401 1498 Papiam
1453 1448 1555 1483 seu
1606 1430 1782 1486 etiam

146 1516 313 1571 sancti
348 1514 667 1579 Michaelis,
694 1532 909 1587 easque
942 1532 1076 1571 cum
1101 1516 1322 1587 capella
1353 1518 1561 1572 Maiolo
1586 1519 1781 1573 abbati

143 1603 402 1671 dedisset,
433 1608 498 1658 ut
521 1604 794 1659 monachi
836 1606 944 1659 sub
996 1621 1201 1659 norma
1252 1606 1437 1660 sancti
1488 1608 1777 1661 Benedicti

141 1691 380 1747 viventes
412 1693 490 1747 ibi
514 1694 572 1747 in
608 1699 954 1765 perpetuum
989 1694 1321 1750 habitarent
1343 1700 1399 1750 et
1424 1700 1655 1750 orarent
1680 1714 1780 1768 pro

142 1780 325 1835 anima
354 1780 615 1836 Liutardi
647 1781 891 1837 Cumani
923 1783 1180 1855 episcopi
1202 1802 1214 1838 :
1236 1806 1263 1832 νο
1292 1784 1406 1839 alia
1426 1783 1562 1838 item
1598 1786 1780 1839 moni-

140 1872 279 1924 mina
309 1870 689 1924 donationum
714 1869 938 1942 aliquot
961 1870 1149 1927 eidem
1174 1873 1460 1928 factarum
1485 1890 1497 1940 ;
1525 1874 1778 1945 postula-
1812 1907 1858 1975 Β

137 1958 320 2030 vitque
338 1962 619 2013 utcontra
648 1957 945 2014 invasores
967 1960 1077 2014 sibi
1102 1962 1779 2028 confirmarentur.Quod

144 2052 193 2101 et
219 2048 543 2118 prmstitum
574 2053 664 2102 est
692 2052 952 2120 tempore
985 2050 1147 2120 regni
1175 2071 1203 2099 «
1224 2050 1477 2105 duorum
1499 2052 1779 2107 Ottonum

140 2135 309 2206 patris
338 2140 395 2190 et
430 2135 533 2190 filii
568 2152 720 2190 anno
751 2137 786 2190 6
818 2138 977 2209 regni
1014 2137 1198 2192 Italici
1232 2139 1460 2194 Ottonis
1500 2139 1779 2209 junioris,

139 2224 323 2279 indict.
360 2225 427 2279 10
458 2246 511 2292 ››,
545 2224 670 2295 lege
704 2224 909 2281 Ottonis
938 2228 1187 2297 majoris,
1214 2229 1520 2299 etjunioris
1549 2245 1694 2284 anno
1727 2230 1777 2283 1.

138 2311 255 2367 llaec
282 2311 427 2367 cella
459 2316 661 2384 postea
686 2313 745 2368 8.
772 2312 967 2368 Maioli
990 2314 1146 2369 dicta
1168 2320 1276 2370 est.
1294 2315 1452 2371 Idem
1476 2316 1576 2389 qui
1602 2334 1780 2389 supra

139 2396 365 2457 Otbertus
391 2401 641 2457 marchio
679 2410 730 2458 et
771 2418 944 2458 comes
987 2403 1189 2475 palatii
1237 2406 1591 2461 monasterio
1642 2407 1781 2477 quod

137 2488 350 2561 Clugnes
385 2490 616 2558 dicitur,
650 2491 829 2546 donat
879 2508 1245 2565 quaecunque
1298 2493 1552 2549 habebat
1601 2512 1781 2568 super

135 2577 360 2634 fluvium
393 2578 536 2634 Padi
567 2578 721 2635 infra
751 2585 1012 2636 castrum
1061 2580 1420 2653 Vicopiculo,
1456 2586 1589 2651 etc.,
1623 2600 1777 2640 anno

138 2667 369 2723 senioris
421 2666 653 2723 Ottonis
700 2668 785 2735 lO,
815 2668 1081 2725 Junioris
1114 2671 1165 2725 4.
1198 2670 1313 2726 ind.
1355 2671 1435 2725 Ili.
1474 2669 1685 2727 Prmter
1714 2689 1782 2728 ea

138 2756 349 2812 invenio
378 2756 615 2812 Ottonis
648 2757 819 2829 primi
844 2757 1101 2829 diploma
1125 2758 1560 2831 duplex,unum
1583 2761 1641 2815 in
1666 2778 1780 2833 quo

135 2842 245 2899 haec
272 2844 587 2918 leguntur:
618 2868 639 2893 α
678 2844 1013 2918 Recipimus
1035 2847 1334 2903 Oddonem
1368 2848 1636 2904 abbatem
1670 2851 1781 2905 sub

138 2936 305 2989 nostri
341 2934 591 2991 tuitione
619 2935 1000 2991 mundiburdi
1034 2954 1166 2991 cum
1199 2937 1433 2993 abbatia
1462 2940 1649 2994 sancti
1686 2941 1783 2995 Sa-

141 3020 269 3091 bini,
296 3024 349 3079 in
382 3023 512 3079 loco
538 3023 639 3096 qui
660 3023 875 3079 dicitur
896 3026 1185 3081 Tuscana.
1212 3050 1233 3073 »
1261 3026 1472 3082 Datum
1495 3028 1781 3084 81d.Julii

140 3125 277 3167 anno
326 3112 444 3168 Inc.
496 3112 628 3180 969,
679 3112 905 3168 Ottonis
935 3115 988 3180 8,
1028 3138 1052 3164 «ι
1084 3114 1289 3169 indict.
1326 3117 1411 3170 12.
1459 3119 1668 3172 Actum
1721 3117 1781 3173 in

140 3196 319 3256 Plista.
353 3222 381 3251 η
418 3201 563 3268 Quis
594 3202 670 3256 sit
700 3202 823 3258 Odo
856 3203 965 3257 iste
997 3204 1197 3271 abbas,
1233 3205 1459 3275 quodve
1498 3206 1625 3276 ejus
1658 3222 1780 3261 mo-

1899 647 2072 685 suum
2106 632 2176 685 ad
2222 632 2655 688 restitutionem
2704 631 3130 688 Celsinianensi
3178 634 3442 689 cmnobio
3472 635 3558 691 fa-

1899 719 2165 774 ciendam
2199 720 2804 793 compellat,Adonem
2838 720 3014 776 etiam
3064 721 3552 780 Matisconensem

1899 808 2225 863 antistitem
2257 811 2606 877 obtestatus,
2643 810 2699 863 in
2734 810 2889 864 hunc
2922 812 3160 864 modum
3190 827 3201 865 :
3230 811 3392 866 «Res
3413 828 3553 884 quo-

1897 914 2010 967 que
2043 898 2220 967 exigit
2251 903 2314 953 ut
2343 900 2445 954 tibi
2480 900 2676 970 aliqua
2706 900 3179 965 dicamus,frater
3206 899 3550 957 charissime

1898 990 1956 1040 et
1988 988 2236 1042 amando
2275 990 2487 1042 domne
2536 990 2657 1043 Ado
2706 991 2995 1060 episcopo,
3025 1005 3198 1059 quem
3250 989 3383 1045 licet
3433 1007 3547 1046 non

1895 1074 2311 1142 viderimus,ex
2343 1077 2577 1132 nomine
2616 1077 2885 1132 novimus
2934 1077 2993 1131 in
3046 1079 3203 1132 omni
3256 1078 3546 1150 spirituali

1896 1164 2174 1218 bonitate.
2210 1166 2615 1235 Ettlagitamus
2663 1166 2859 1237 itaque
2908 1165 3394 1235 benignissimam
3434 1172 3547 1222 tua:

1896 1254 2264 1324 paternitatis
2294 1253 2754 1319 dulcedinem,ut
2784 1272 2898 1325 quo
2928 1254 3168 1309 vicinior
3187 1272 3314 1310 esse
3334 1255 3547 1314 videris

1896 1342 2117 1413 przefati
2149 1342 2486 1397 monasterii
2520 1342 2827 1409 SCl]OltD,(‘0
2862 1348 2964 1396 tua
2994 1344 3273 1413 protectio
3314 1361 3416 1415 pro
3446 1357 3546 1400 tuo

1895 1447 2066 1501 posse
2086 1430 2328 1485 celerior
2350 1432 2593 1485 fratrum
2619 1431 3065 1487 necessitatibus
3083 1433 3473 1505 occun‘rat,qui
3496 1438 3551 1490 te

1892 1536 1958 1573 ex
1992 1520 2315 1573 abundanti
2349 1520 2634 1574 charitate
2657 1519 3004 1591 diligunt,ct
3020 1518 3176 1575 ulnis
3198 1520 3378 1575 totius
3398 1539 3553 1578 amo-

1892 1608 1973 1663 ris
2007 1608 2398 1679 pert’ectisime
2446 1607 2716 1663 ambiunt
2762 1614 2821 1663 et
2870 1607 3141 1679 amplecti
3194 1608 3548 1666 desiderant.

1890 1697 2173 1762 Quocirca
2201 1696 2533 1751 Cluniensis
2566 1697 2905 1752 monasterii
2932 1713 3164 1768 semper
3188 1703 3313 1754 esto
3334 1705 3553 1770 protec-

1890 1790 1999 1850 tor,
2031 1786 2185 1840 sicut
2215 1785 2276 1839 B.
2312 1786 2461 1840 Petri
2514 1802 2575 1839 es
2627 1785 2816 1840 fidelis
2866 1790 3112 1841 amator.
3149 1809 3176 1835 »
3213 1787 3342 1842 Haec
3388 1788 3549 1844 bulla

1889 1879 2046 1928 caret
2077 1873 2231 1928 notis
2264 1872 2557 1927 chronicis
2590 1872 2649 1927 in
2682 1871 2936 1927 Bullario
2973 1871 3364 1928 Cluniacensi.

1960 1963 2050 2016 23.
2084 1964 2249 2016 Anno
2280 1963 2354 2015 20
2385 1961 2642 2015 Lotharii
2673 1960 2827 2031 regis
2851 1960 3152 2015 Albericus
3195 1978 3392 2017 comes
3419 1961 3546 2017 Ma-

1891 2050 2241 2106 tisconensis
2271 2055 2329 2105 et
2360 2049 2766 2105 Ermentrudis
2791 2049 2920 2120 ejus
2950 2050 3163 2119 conjux
3200 2049 3545 2105 Cluniacen-

1889 2140 2054 2195 sibus
2068 2139 2177 2193 sub
2194 2137 2406 2194 Maiolo
2419 2139 2560 2193 dant
2578 2137 2763 2194 multa
2781 2137 2997 2209 prmdia
3016 2137 3074 2192 in
3097 2137 3237 2193 villa
3255 2138 3546 2210 Aponiaco

1890 2227 2172 2301 (Apogny).
2206 2230 2373 2283 Anno
2402 2243 2537 2283 vero
2566 2226 2905 2294 978,indict.
2937 2226 2993 2293 6,
3030 2226 3302 2298 Lugduni
3347 2242 3543 2282 coram

1890 2317 2089 2390 pepuli
2104 2316 2485 2372 multitudine
2508 2315 2863 2371 Amblardus
2876 2315 3185 2388 episcopus
3200 2315 3548 2388 Lugdunen-

1891 2405 1974 2462 sis
1995 2429 2021 2457 υ
2046 2405 2207 2461 dedit
2240 2421 2331 2461 res
2364 2421 2503 2459 suas
2534 2404 2591 2459 in
2616 2419 2766 2476 pago
2787 2403 3097 2458 Arvernico
3120 2403 3398 2460 fratribus
3419 2403 3549 2459 Clu-

1892 2494 2112 2550 niensis
2144 2491 2504 2558 monasterii,
2540 2496 2606 2547 ut
2634 2490 2842 2547 cellam
2896 2490 3256 2546 mditicarent
3302 2490 3362 2547 in
3410 2488 3548 2547 villa

1891 2582 2121 2638 Nisiaco
2152 2582 2338 2653 (Nizy)
2369 2579 2427 2635 in
2460 2595 2598 2652 agro
2631 2580 2985 2651 Tyernense,
3023 2578 3082 2632 in
3109 2578 3325 2634 vicaria
3362 2579 3547 2635 Dora-

1890 2670 2189 2738 tense,hoc
2213 2672 2303 2724 est
2318 2667 2515 2723 villam
2540 2667 3495 2736 Genretam,Montembriosonem,
3514 2690 3543 2719 γι

1890 2765 2000 2815 etc.
2038 2758 2313 2830 Legimus
2345 2756 2610 2828 ejusdem
2642 2754 2943 2810 Amblardi
2984 2755 3093 2810 hac
3125 2755 3195 2809 de
3226 2771 3285 2810 re
3315 2753 3543 2811 instru-

1890 2853 2178 2915 mentum,
2213 2847 2271 2901 in
2304 2860 2419 2917 quo
2452 2846 2532 2901 ait
2563 2862 2623 2901 se
2653 2844 2773 2900 hzec
2806 2843 2921 2898 Deo
2946 2847 3003 2898 et
3027 2844 3245 2899 sanctis
3267 2842 3546 2917 apostolis

1893 2937 2056 2992 Petro
2088 2940 2144 2990 et
2177 2933 2354 2989 Paulo
2385 2934 2621 3000 donare,
2652 2954 2673 2983 ι
2710 2937 3003 3004 quatenus
3026 2931 3296 2986 monachi
3318 2929 3545 2988 Clunia-

1891 3025 2082 3080 censis
2113 3023 2221 3078 loci
2254 3024 2312 3077 in
2343 3021 2572 3078 Nisiaco
2604 3020 2810 3076 cellam
2846 3021 2962 3075 Deo
2994 3019 3247 3075 dicatam
3281 3019 3392 3076 sibi
3416 3037 3548 3077 con-

1893 3118 2186 3170 struerent
2217 3114 2275 3167 in
2306 3112 2527 3167 honore
2561 3110 2713 3165 beati
2748 3110 2898 3165 Petri
2933 3109 3214 3183 principis
3254 3108 3545 3182 apostolo-

1895 3220 2048 3273 rum,
2064 3202 2174 3258 sub
2187 3199 2388 3274 regula
2400 3200 2583 3255 sancti
2601 3196 2895 3254 Benedicti
2919 3198 3341 3254 monachorum
3364 3198 3547 3271 patris

139 3290 604 3357 nasterium,non
623 3274 1778 3363 capio.Fortasseidinltaliasitumerat.
1808 3274 1856 3341 (ἶ
1896 3293 2011 3347 Deo
2060 3290 2413 3357 militantes;
2460 3289 2838 3361 prmcipitque
2893 3287 3262 3343 vadiatoribus
3311 3287 3456 3355 suis,
3488 3286 3547 3343 id

138 3376 284 3432 Idem
314 3378 452 3433 Otto
488 3378 560 3432 ad
595 3395 795 3450 preces
827 3381 1095 3453 conjugis
1127 3398 1246 3435 suae
1269 3382 1563 3437 Adeleidis
1586 3400 1783 3439 mona-

138 3463 301 3517 sterio
333 3464 524 3519 sancti
558 3464 708 3520 Petri
732 3466 1029 3522 Ticinensi
1062 3468 1326 3523 concedit
1366 3468 1617 3533 vineam,
1654 3487 1780 3541 qua:

139 3546 240 3603 fuit
268 3551 584 3621 cujusdam
613 3552 933 3625 presbyteri
964 3554 1035 3609 de
1064 3554 1301 3609 cardine
1327 3554 1659 3611 Ticinencis
1690 3573 1780 3611 cc-

141 3636 338 3705 clesicc,
373 3643 431 3695 et
466 3640 537 3694 ad
560 3640 662 3710 jus
696 3642 857 3711 rcgni
891 3643 983 3697 sui
1018 3647 1160 3697 tunc
1191 3643 1630 3715 pertinebat.Ad
1662 3644 1782 3699 hinc

142 3746 166 3773 ιι
192 3741 340 3782 anno
371 3731 537 3783 sexto
567 3730 952 3801 regnantibus
982 3730 1041 3785 in
1077 3731 1243 3786 Italia
1270 3732 1479 3787 Ottone
1497 3737 1553 3788 et
1576 3733 1784 3789 Ottone

139 3811 267 3881 filio,
299 3837 328 3865 η
365 3815 768 3887 Ingelbaudus
800 3817 1062 3889 quidam,
1099 3818 1256 3874 filius
1286 3821 1785 3891 Ansegisi,vivens

141 3900 244 3972 lege
270 3902 477 3975 Saliga,
504 3904 686 3959 donat
715 3907 983 3978 qumdam
1008 3908 1224 3979 prredia
1243 3907 1301 3962 in
1326 3908 1607 3964 comitatu
1619 3910 1788 3964 Vien-

139 3992 292 4046 nensi
328 4015 357 4041 ‹‹
390 3994 463 4048 ad
496 3994 922 4050 monasterium
945 3994 1310 4063 Cluniacum,
1337 4013 1439 4068 per
1459 3997 1782 4064 cultellum,

141 4077 419 4135 festucam
470 4082 773 4147 nodatam,
810 4099 913 4155 per
958 4089 1312 4139 vuantonem
1362 4091 1418 4140 et
1466 4103 1785 4142 vuasonem

140 4169 295 4222 terrm
324 4169 382 4225 in
414 4186 631 4225 manus
663 4171 863 4226 domni
895 4172 1090 4228 Maioli
1122 4174 1370 4228 abbatis.
1414 4198 1433 4222 κ

203 4259 290 4311 22.
322 4260 492 4313 Anno
519 4259 589 4313 36
617 4258 865 4315 Conradi
899 4261 1050 4332 regis
1084 4261 1332 4315 Maiolus
1365 4262 1546 4317 abbas
1576 4262 1635 4317 in
1660 4279 1788 4335 pre-

143 4346 349 4403 cariam
385 4348 674 4404 nonnulla
704 4350 884 4404 tradit
905 4350 1134 4422 Hugoni
1159 4350 1275 4405 filio
1303 4352 1789 4407 Lamberticomi-

142 4433 232 4499 tis,
264 4435 323 4490 in
346 4436 473 4492 bene
494 4438 689 4493 verba.
708 4461 733 4488 ‹‹
750 4439 963 4493 Notum
988 4439 1064 4493 sit
1084 4440 1358 4493 omnibus
1376 4439 1525 4493 sacri
1545 4441 1789 4496 coenobii

143 4522 540 4581 Cluniacensis
569 4526 882 4583 abbatibus
914 4532 1090 4598 atque
1122 4527 1425 4583 monachis
1458 4530 1792 4600 quibusque

1890 3386 1978 3437 est
2006 3380 2339 3435 testamenti
2365 3376 2917 3433 suiexsecutoribus
2941 3376 3417 3461 (elccmosynarios
3447 3375 3546 3432 alii

1892 3468 2229 3541 appellant),
2263 3472 2328 3521 ut
2359 3466 2621 3521 chartam
2663 3466 2733 3519 de
2784 3464 2895 3519 hac
2946 3465 3259 3520 donatione
3308 3464 3546 3521 faciant.

1892 3558 2051 3625 Quod
2084 3557 2325 3629 quidem
2357 3554 2633 3610 continuo
2667 3557 2948 3624 pra-stant
2982 3576 3009 3601 ‹‹
3031 3553 3291 3608 Andreas
3321 3569 3545 3625 priapo-

1893 3648 2065 3713 situs,
2089 3643 2357 3700 Ornadus
2380 3643 2659 3707 dcc-anus,
2684 3641 3105 3696 Gundramnus
3144 3640 3347 3708 abbas,
3380 3639 3547 3712 Hugo

1895 3735 2076 3791 abbas
2108 3732 2421 3804 (digni'atcs
2468 3730 2725 3784 Ecclesdr
2775 3728 3193 3799 Lugdunensis),
3226 3727 3548 3800 Augendus

1895 3820 2230 3888 canonicus,
2266 3818 2596 3890 Stephanus
2627 3817 2929 3884 diaconus,
2961 3816 3164 3871 Pontio
3204 3816 3545 3886 canonicus,

1895 3916 1952 3968 et
1990 3911 2156 3983 Ilugo
2202 3908 2408 3963 laicus.
2445 3930 2471 3957 ››
2506 3905 2721 3962 Nisiaci
2778 3905 3065 3961 hactenus
3116 3909 3204 3961 est
3252 3905 3547 3978 prioratus

1896 3997 2316 4056 Cluniacensis.

1966 4089 2056 4143 24.
2093 4086 2443 4142 Benedictus
2488 4102 2638 4157 papa
2664 4083 2766 4139 VII
2803 4108 2827 4133 α
2858 4084 3253 4139 ordinandum
3303 4081 3548 4137 tradidit

1901 4178 2201 4235 Lirinense
2233 4173 2655 4231 monasterium
2683 4172 2893 4229 Maiolo
2911 4172 3107 4228 abbati
3123 4170 3548 4240 Cluniacensi,»

1900 4273 1966 4324 ut
1995 4266 2135 4338 legit
2164 4269 2362 4321 noster
2383 4262 2797 4334 Stephanotius
2822 4262 2879 4316 in
2902 4260 3215 4316 Tabulario
3238 4257 3549 4314 Lirinensi.

1899 4359 2102 4414 Exstat
2134 4356 2262 4426 ejus
2296 4351 2374 4406 rei
2399 4350 2765 4423 pontificium
2790 4348 3050 4420 diploma
3071 4348 3128 4402 in
3152 4345 3405 4401 Bullario
3428 4344 3555 4401 Clu-

1901 4441 2186 4509 niacensi,
2217 4442 2419 4496 datum
2444 4461 2470 4488 «
2489 4455 2642 4494 anno
2665 4438 2696 4492 4
2713 4438 3089 4509 pontificatus
3110 4434 3403 4491 Benedicti
3426 4432 3549 4499 VII,

1903 4531 2134 4605 imperii
2167 4527 2399 4585 Ottonis
2431 4544 2583 4581 anno
2617 4527 2702 4592 11,
2737 4542 2938 4580 mense
2987 4524 3160 4591 Maio,
3194 4522 3397 4577 indict.
3431 4521 3485 4576 6.
3521 4543 3548 4571 η

145 4610 371 4681 futuris,
404 4615 564 4685 quod
598 4632 703 4686 ego
736 4605 915 4670 frater
947 4615 1196 4671 Maiolus
1223 4616 1483 4687 praedicti
1516 4618 1785 4684 ccnnobii,
1819 4635 1867 4700 D
1899 4626 1961 4681 In
1994 4637 2061 4677 ea
2089 4617 2250 4675 bulla
2280 4618 2346 4671 fit
2375 4615 2595 4670 mentio
2630 4614 2806 4670 etiam
2855 4613 2927 4668 de
2973 4612 3182 4667 Arluco
3213 4610 3293 4700 (S_.
3326 4610 3555 4665 Etienne

144 4696 271 4755 licet
298 4702 604 4775 indignus,
641 4704 845 4771 abbas,
879 4721 997 4759 una
1025 4720 1159 4759 cum
1194 4719 1483 4759 consensu
1516 4705 1787 4774 fratrum,

144 4804 229 4842 res
251 4790 408 4859 juris
441 4792 628 4846 nostri
661 4792 892 4848 cuidam
926 4792 1108 4847 nobili
1140 4793 1262 4847 viro
1295 4793 1792 4864 Hugoni,Almodi

144 4876 265 4946 ejus
297 4879 487 4947 uxori,
520 4883 578 4935 et
607 4880 903 4951 Stephano
935 4897 1137 4937 eorum
1170 4880 1310 4949 filio,
1335 4885 1509 4952 atque
1530 4882 1794 4952 ejusdem

144 4965 528 5039 primogenito
552 4991 579 5017 ››
608 4970 726 5039 (nos
756 4970 916 5026 hodie
943 4970 1013 5026 ad
1034 4979 1139 5026 tres
1157 4972 1294 5026 vitas
1314 4969 1634 5042 diceremus)
1652 4971 1795 5025 «vil-

147 5050 257 5109 lam
295 5056 715 5113 Ambariacum
767 5060 1168 5126 concedimus,
1203 5080 1231 5108 »
1263 5062 1373 5113 etc.
1408 5058 1801 5115 Subscribunt

152 5163 172 5189 ι
196 5142 445 5199 Maiolus
478 5145 851 5203 humillimus
873 5146 1363 5216 abbas,Vivianus
1383 5146 1803 5218 prior,Ermen-

147 5228 338 5288 fredus
371 5234 705 5306 episcopus,
742 5236 1133 5303 Balduinus»,
1159 5235 1368 5291 deinde
1400 5235 1496 5290 alii
1529 5237 1800 5293 monachi

146 5334 386 5376 numero
417 5323 654 5379 25.Hazc
675 5341 829 5380 anno
847 5325 1088 5380 973.Per
1110 5325 1265 5378 idem
1289 5329 1525 5394 tempus
1545 5324 1802 5381 Joannes

148 5423 292 5480 papa
321 5410 450 5465 XIII
484 5414 907 5469 monasterium
940 5414 1272 5479 Cluniense,
1311 5434 1339 5462 «
1359 5412 1454 5467 cui
1485 5414 1801 5485 sapienter,

149 5493 420 5566 inquit,et
451 5498 616 5555 beate
637 5507 844 5574 praeest
862 5502 930 5557 ch
940 5502 1250 5559 arissimus
1265 5500 1421 5555 filius
1436 5507 1634 5557 noster
1644 5503 1806 5557 dom-

150 5598 254 5638 nus
288 5585 539 5642 Maiolus
572 5590 772 5655 abbas,
813 5614 834 5638 ι»
872 5591 1248 5647 commendat
1277 5588 1568 5660 episcopis
1590 5591 1803 5647 Gallia-

149 5674 675 5746 rum,Stephanum
704 5682 1124 5736 Arvernensem
1156 5678 1498 5750 episcopum
1548 5679 1805 5752 compel-

1899 4708 2137 4779 d‘Arluc)
2168 4702 2543 4769 monasterio,
2569 4703 2741 4757 modo
2773 4702 3072 4757 dsetructo
3096 4715 3109 4753 :
3135 4698 3289 4771 quod
3314 4700 3555 4753 sanctus

1903 4802 2232 4859 Honoratus
2290 4811 2393 4866 pro
2443 4790 2989 4847 sanctimonialibus
3046 4789 3451 4844 construxerat
3495 4783 3557 4840 in

1905 4893 2101 4947 monte
2132 4899 2465 4958 perammno
2498 4881 2569 4936 ad
2601 4880 2768 4935 littus
2801 4879 2983 4933 maris
3015 4882 3071 4933 et
3092 4877 3164 4932 ad
3186 4875 3375 4949 ripam
3396 4873 3559 4930 ﬂuvii

1907 4978 2131 5048 Siagnze
2165 4975 2243 5042 (ta
2272 4969 2512 5041 Siagne),
2548 4968 2646 5023 ubi
2678 4965 3027 5040 Angarisma
3067 4968 3311 5038 praeerat
3356 4966 3559 5019 sancto

1906 5063 2136 5137 Aigulfo
2168 5060 2398 5117 abbate.
2432 5057 2543 5113 Sed
2575 5056 2824 5129 insignis
2851 5059 2941 5110 est
2959 5072 3075 5127 pra:
3105 5053 3328 5109 caeteris
3358 5051 3564 5107 charta

1911 5151 2139 5211 Rodulf‘l
2171 5146 2575 5205 Cabilonensis
2605 5145 2887 5217 episcopi,
2910 5144 2970 5199 in
2991 5161 3108 5217 qua
3134 5165 3162 5193 ‹‹
3183 5145 3375 5215 Agens
3397 5154 3567 5195 cano-

1911 5242 2080 5297 nicus
2097 5236 2240 5293 adiit
2256 5240 2490 5299 nostras,
2503 5231 3141 5304 inquit,munificentia:
3164 5229 3563 5295 serenitatem,

1912 5346 2148 5399 rogans,
2180 5330 2245 5381 ut
2271 5321 2686 5378 Cluniensibus
2717 5321 3022 5376 monachis
3044 5325 3101 5375 et
3120 5321 3334 5375 domno
3356 5314 3567 5372 Maiolo

1914 5417 2109 5474 abbati
2142 5416 2385 5471 domum
2417 5428 2551 5467 cum
2583 5428 2718 5467 area
2738 5412 2908 5482 juxta
2938 5427 3139 5466 muros
3170 5407 3334 5464 urbis
3353 5422 3424 5462 ex
3449 5419 3570 5459 una

1914 5512 2101 5580 parte,
2132 5522 2200 5560 ex
2229 5503 2345 5559 alia
2365 5503 2537 5573 juxta
2566 5499 2824 5555 claustra
2853 5500 3271 5557 canonicorum
3303 5510 3439 5551 cum
3470 5508 3567 5547 ca-

1914 5596 2091 5652 nonia
2122 5609 2298 5665 quam
2330 5593 2401 5646 ab
2444 5590 2680 5645 ineunte
2728 5594 2895 5645 aetate
2937 5589 3290 5651 obtinuerat,
3321 5585 3567 5636 interna-

1915 5684 2049 5739 liter
2076 5683 2256 5737 daret.
2293 5702 2321 5731 η
2356 5679 2520 5743 Quod
2553 5678 2636 5733 ait
2664 5694 2726 5733 se
2756 5678 2908 5731 ultro
2934 5677 3118 5730 facere
3155 5689 3225 5727 ex
3273 5681 3565 5725 consensu
