3906 6368
347 374 470 441 Ἱ23

1478 377 1543 438 S.
1579 374 1856 438 MAIOLI
1899 370 2234 434 ABllATIS
2279 371 2639 434 CLUNIAC.

3668 373 3791 434 724

347 506 690 564 clericorum
723 524 988 575 suorum,
1017 530 1044 559 «
1069 508 1321 566 maxime
1346 525 1481 563 cum
1503 508 1647 563 tanti
1672 507 1777 562 viri
1801 506 1995 562 Maioli
2026 505 2081 572 Α
2110 510 2207 560 tus
2237 509 2295 559 et
2326 523 2470 560 uxor
2500 523 2630 560 mea
2654 505 3015 561 Falectrudis
3040 506 3329 562 donamus
3346 506 3568 579 aliquid
3592 507 3675 562 de
3698 524 3793 561 res

346 597 593 670 gloriam
625 598 697 653 ab
731 598 856 668 ipso
888 597 1133 652 Domino
1165 602 1492 651 mutuatum
1518 602 1575 651 et
1596 613 1737 651 aure
1762 596 2000 667 percipi-

348 685 792 752 mus,ctintuitu
808 687 1024 757 proprii
1045 686 1285 741 luminis
1307 686 1446 740 nihil
1468 687 1523 739 in
1543 687 1671 756 ejus
1692 684 2001 739 dilectione

346 774 719 830 conniventes
753 775 1012 845 quotidie
1046 775 1453 847 perspicimus.
1482 775 1581 830 llle
1604 774 1758 829 enim
1789 779 1853 828 ut.
1874 791 2000 828 vere

349 867 439 917 est
467 862 787 919 Galliarum
812 865 993 932 jubar
1023 866 1093 919 ad
1121 870 1351 935 tempus
1372 864 1883 931 exortum,nostris
1906 882 2005 918 sa:-

346 950 497 1007 culis
529 952 966 1019 admirandum,
1001 958 1076 1019 et,
1096 952 1139 1007 si
1163 954 1314 1025 potis
1335 958 1444 1020 est,
1469 952 1745 1008 omnibus
1774 951 2002 1005 imitan-

348 1039 513 1095 dum.
534 1063 560 1089 ››
597 1044 717 1106 Quo
738 1041 924 1113 elogio
946 1042 1303 1099 lnculentius
1328 1041 1471 1097 nihil
1504 1042 1692 1097 atferri
1726 1045 1912 1112 potest
1935 1041 2005 1095 de

350 1128 589 1184 homine
622 1130 845 1185 vivente
880 1148 892 1185 :
930 1148 1116 1202 neque
1152 1130 1331 1185 ullam
1365 1130 1594 1185 invenio
1626 1135 1760 1185 ante
1783 1129 1837 1183 id
1867 1135 2007 1183 tem-

352 1234 464 1289 pus
477 1219 675 1273 datam
690 1219 1174 1274 (lluniacensibus
1188 1221 1763 1291 prmbendaiii(quani
1778 1218 2004 1288 vocant)

351 1307 765 1362 canonicorum
789 1326 803 1374 ;
836 1307 1033 1379 plures
1066 1314 1265 1379 postea
1284 1309 1394 1363 sub
1418 1308 1659 1363 Odilone
1685 1312 1741 1362 et
1767 1308 2004 1378 tlugone

351 1394 686 1451 abbatibus.
721 1397 1114 1452 Subseribunt
1145 1396 1239 1451 isti
1272 1398 1483 1452 cbarta:
1524 1401 1656 1468 post
1687 1395 2005 1451 Rodull'um

356 1504 385 1533 ‹‹
414 1483 650 1541 Adalais
678 1484 1001 1553 comitissa,
1037 1486 1203 1559 Hugo
1234 1486 1393 1541 filius
1442 1488 1591 1557 ejus,
1627 1486 1943 1541 ltotbertus
1974 1507 2001 1534 n

349 1569 694 1640 vicccomcs,
728 1589 861 1627 cum
894 1573 1212 1639 canonicis,
1246 1592 1397 1629 anno
1425 1576 1494 1628 26
1528 1573 1785 1628 Lotharii
1828 1574 2003 1645 regis.

422 1688 511 1741 25.
544 1688 710 1742 Anno
740 1688 809 1742 34
838 1688 1094 1743 Lotharii
1127 1689 1301 1759 regis,
1336 1689 1390 1743 id
1426 1693 1513 1743 est
1544 1706 1697 1743 anno
1726 1689 2008 1754 980,Gau-

352 1774 552 1830 fredus
583 1792 777 1830 comes
808 1780 984 1847 atque
1015 1793 1159 1831 uxor
1188 1778 1317 1848 ejus
1346 1777 1637 1832 Adeleidis
1682 1778 1903 1832 donant
1932 1779 2006 1832 ad

2112 599 2344 648 nostras
2376 595 2641 665 proprias
2691 595 2828 662 Deo,
2864 600 2920 649 et
2952 597 3009 650 S.
3048 594 3340 661 Marcello,
3375 602 3431 650 et
3464 596 3792 651 monachis

2113 684 2262 749 istis,
2300 684 2354 737 id
2388 691 2475 738 est
2506 685 2727 737 ()Joino
2760 690 2935 755 atque
2974 685 3273 750 Duranno,
3305 689 3361 740 et
3392 687 3465 740 ad
3509 685 3653 740 illos
3689 685 3792 757 qui

2114 774 2183 827 ad
2218 774 2410 828 locum
2445 774 2504 827 Β.
2544 773 2796 827 Mareelli
2832 774 3111 839 venerint,
3138 778 3194 827 et
3217 773 3297 827 ibi
3320 774 3375 827 in
3409 793 3593 829 unum
3628 793 3792 830 com-

2114 862 2515 916 muniterhabi
2530 863 2795 929 taverint,
2813 881 2915 934 pro
2929 862 3186 917 remedio
3201 865 3534 919 animarum
3552 871 3796 919 nostra-

2114 969 2268 1015 rum,
2303 956 2360 1005 et
2394 970 2495 1022 pro
2528 950 2663 1005 tiliis
2696 951 2912 1005 nostris
2932 953 3217 1007 Adcmaro
3240 957 3414 1024 atque
3438 955 3790 1021 Lamberto,

2114 1045 2255 1095 etut
2286 1039 2530 1094 ecclesia
2556 1041 2614 1093 B.
2636 1039 2885 1095 Marcelli
2916 1040 3794 1109 retuditicetur,tnonasterium-

2116 1147 2227 1201 que
2262 1129 2337 1183 ibi
2374 1128 2638 1194 t'aciatur,
2675 1128 2935 1200 nullique
2955 1129 3080 1184 loco
3104 1130 3232 1201 ipsa
3252 1131 3499 1187 ecclesia
3524 1150 3636 1187 nec
3664 1133 3792 1205 ipse

2116 1218 2280 1272 locus
2313 1218 2618 1287 subjectus
2670 1218 2767 1285 sit,
2803 1218 2915 1272 nisi
2969 1220 3041 1273 ad
3070 1221 3128 1274 ὃ.
3165 1220 3397 1275 Petrum
3448 1220 3788 1292 principem

2116 1306 2514 1377 apostolorum
2542 1323 2554 1360 :
2588 1308 2867 1377 omnique
2899 1312 3159 1379 tempore
3190 1309 3262 1363 ad
3298 1309 3543 1364 Romam
3581 1327 3791 1365 mona-

2116 1395 2208 1449 chi
2242 1394 2454 1449 ibidem
2490 1395 2707 1465 pariter
2738 1396 3071 1451 habitantes
3101 1398 3172 1452 ad
3222 1397 3496 1469 quintum
3548 1417 3786 1453 annum

2116 1486 2377 1557 quinque
2409 1486 2627 1540 solidos
2663 1486 2719 1540 in
2752 1503 2994 1541 censum
3024 1488 3591 1543 redrlant.Abbatem
3622 1489 3787 1543 enim

2118 1575 2176 1629 in
2212 1575 2403 1629 locum
2439 1576 2497 1630 B.
2530 1575 2807 1642 Marcelli,
2842 1594 2968 1647 quae
3000 1576 3216 1631 dicitur
3248 1577 3640 1641 Fcllinis.non
3679 1579 3789 1633 ha-

2117 1666 2251 1720 beat
2282 1666 2380 1737 qui
2414 1664 2676 1736 regulam
2707 1666 2765 1720 S.
2801 1666 3099 1720 Benedicti
3124 1684 3239 1721 non
3267 1671 3553 1733 teneat,et
3577 1686 3796 1723 secun-

2118 1755 2259 1809 dum
2292 1772 2421 1808 eam
2456 1771 2570 1808 non
2594 1754 2778 1821 vivat;
2801 1753 3069 1825 nullique
3092 1755 3363 1810 monachi
3385 1756 3465 1811 ibi
3490 1757 3795 1823 habitent,

348 1862 545 1919 locum
576 1842 943 1929 Cluniacum,
976 1866 1076 1920 ubi
1112 1866 1358 1921 Maiolus
1389 1871 1515 1921 erat
1536 1867 1845 1933 abhas,rcs
1868 1884 2007 1922 suas
2041 1877 2090 1943 Β
2255 1844 2580 1943 ξΤίξίθξίξθίηι
2606 1847 2662 1896 et
2684 1859 3060 1943 CﬁlmPuiwm
3084 1844 3260 1943 νίίίηξ)
3285 1845 3432 1943 hanc
3454 1863 3570 1900 “0n
3598 1850 3806 1900 (δαείω

352 1954 499 2009 sitas
530 1954 587 2008 in
621 1971 769 2025 pago
801 1954 1192 2021 Cabilonensi,
1218 1954 1277 2009 in
1312 1956 1425 2010 fine
1453 1954 2016 2021 Jemulaeensi,villa

356 2044 657 2099 Fusciaco.
682 2044 1075 2099 Subscribunt
1099 2065 1126 2093 «
1146 2044 1474 2099 Gaufredus
1499 2043 2014 2108 comes,Adeleidis

354 2134 485 2203 ejus
513 2150 673 2201 uvor,
707 2138 765 2189 et
796 2134 959 2207 Hugo
991 2132 1149 2188 ﬁlius
1180 2133 1328 2204 ejus,
1365 2150 1575 2201 nempe
1621 2132 1916 2187 Adeleidis
1947 2150 2015 2188 ex

356 2223 667 2279 Lamberto
694 2224 928 2288 comite,
957 2221 1136 2294 priori
1168 2223 1296 2293 ejus
1327 2222 1769 2293 eonjuge.Anno
1797 2221 2013 2276 26'Lo—

354 2310 733 2378 tharii,Wido
746 2310 1396 2367 vicecomesArvernicae
1412 2310 1662 2366 civitatis
1675 2311 2017 2365 etAusenda

356 2401 489 2473 ejus
510 2401 722 2471 eonjux
744 2422 771 2449 n
798 2401 939 2455 dant
959 2398 1263 2455 ecclesiam
1288 2404 1501 2455 sancta:
1528 2399 1719 2453 Marize
1742 2400 1811 2454 de
1839 2398 2016 2453 Bello-

364 2492 565 2545 monte
593 2488 652 2544 in
684 2505 831 2561 pago
863 2487 1226 2543 Gabilonensi
1252 2488 1363 2543 sub
1391 2486 1599 2542 Maiolo
1619 2487 1756 2542 item
1782 2487 2012 2542 abbate.

433 2606 523 2659 26.
556 2606 720 2659 Anno
748 2604 846 2658 981
885 2602 1020 2658 Milo
1042 2602 1351 2675 episc0pus
1374 2601 1819 2658 Matisconensis
1842 2603 2017 2658 eccle-

363 2692 515 2747 siam
546 2691 735 2747 sancti
766 2690 1038 2746 Germani
1072 2690 1129 2743 in
1160 2689 1298 2743 villa
1349 2690 1567 2755 Rofeio,
1601 2694 1659 2745 et
1710 2689 2014 2745 ecclesiam

363 2785 579 2837 sancta:
639 2779 834 2834 Mariae
886 2779 945 2834 in
1002 2777 1141 2833 villa
1194 2778 1454 2833 Pcdrono
1512 2778 1569 2833 in
1632 2780 1851 2851 synodo
1910 2797 2019 2834 sua

364 2869 576 2926 Maiolo
633 2868 830 2924 abbati
885 2868 1131 2940 ejusque
1190 2866 1496 2922 monachis
1561 2867 1825 2922 concedit
1880 2885 2014 2923 cum

362 2957 609 3013 decimis
638 2962 695 3012 et
724 2955 999 3012 omnibus
1040 2956 1111 3009 ad
1160 2972 1259 3010 cas
1310 2955 1758 3027 pertinentibus,
1796 2979 1821 3005 ‹‹
1856 2957 2015 3012 salvo

361 3045 597 3102 servitio
656 3043 941 3118 synodali,
994 3044 1212 3114 paratis
1269 3047 1327 3097 et
1374 3043 1639 3116 eulogiis.
1677 3066 1703 3094 »
1747 3046 1912 3098 Anno
1944 3048 2015 3099 28

362 3132 620 3190 Lotharii
652 3132 826 3207 regis,
863 3132 1210 3186 Lambertus
1256 3147 1451 3186 comes
1499 3136 1555 3186 et
1604 3131 1833 3186 Adcleis
1884 3133 2013 3199 ejus

360 3239 506 3278 uxor
547 3222 690 3276 dant
736 3219 1013 3275 Cluniaco
1069 3217 1373 3273 ecclesiam
1425 3219 1611 3273 sancti
1666 3220 1897 3275 Martini
1940 3221 2010 3276 de
2043 3242 2085 3308 ρ

358 3310 599 3383 Ingheto
644 3309 704 3364 in
756 3324 903 3380 pago
951 3307 1491 3379 Augustodunensi.
1527 3308 1807 3364 Praetereo
1858 3310 2009 3365 mul-

358 3402 449 3455 tas
479 3398 624 3454 alias
671 3396 967 3463 ecclesias,
1003 3413 1152 3467 quas
1202 3400 1327 3451 tum
1392 3397 1724 3453 Burcardus
1775 3400 2008 3471 Lugdu-

358 3487 560 3544 nensis
628 3486 1103 3558 archiepiscopus
1171 3501 1305 3539 cum
1375 3503 1664 3541 consensu
1730 3490 2011 3560 pra‘positi

354 3584 406 3633 et
432 3576 641 3632 abbatis
692 3576 955 3646 Hugonis,
989 3577 1116 3627 tum
1169 3573 1458 3629 Roclenus
1508 3574 1681 3629 homo
1731 3575 1915 3631 laicus
1949 3578 2005 3632 in

353 3665 587 3722 dimcesi
623 3662 999 3736 Lugdunensi
1034 3666 1315 3734 regnante
1342 3663 1605 3719 Conrado
1636 3664 1707 3717 ab
1741 3683 1893 3719 anno
1926 3684 2009 3721 re-

351 3755 449 3827 gni
484 3756 611 3825 ejus
642 3752 943 3825 trigesimo
971 3752 1043 3805 ad
1066 3752 1582 3823 quadragesimum
1607 3754 1775 3823 ;:tum
1799 3755 2007 3810 Walte-

352 3844 477 3898 rius
509 3841 817 3897 lEduensis
849 3840 1161 3911 episcopus
1200 3858 1352 3895 anno
1396 3842 1467 3895 29
1518 3842 1771 3896 Lotharii
1829 3844 2002 3915 regis,

351 3931 567 4003 aliique
598 3928 1083 3985 Cluniacensibus
1130 3929 1434 3985 monachis
1481 3930 1856 3985 contulerunt
1887 3950 1899 3987 :
1937 3950 2005 3988 ex

349 4020 568 4092 quibus
598 4017 913 4073 Walterius
932 4016 1093 4071 dedit
1112 4015 1416 4072 ecclesiam
1442 4018 1510 4071 de
1539 4019 2000 4087 Montemelardi,

347 4112 406 4163 et
434 4105 742 4161 ecclesiam
776 4109 991 4159 sancta:
1026 4104 1219 4158 Marize
1253 4104 1310 4158 in
1344 4105 1481 4160 villa
1511 4106 1785 4174 Vallis,et
1815 4109 2001 4165 eccle-

348 4195 495 4251 siam
529 4192 716 4250 sancti
743 4191 1016 4249 Germani
1051 4192 1107 4246 in
1139 4191 1275 4247 villa
1307 4194 1597 4262 Tirinaco,
1625 4218 1651 4245 ‹‹
1677 4196 1773 4250 ubi
1801 4199 2003 4269 pracdi-

345 4283 422 4341 cti
456 4281 747 4351 monachi,
784 4281 997 4354 inquit,
1031 4281 1089 4335 in
1121 4281 1450 4338 obedientia
1500 4284 1761 4356 quotidie
1813 4288 1998 4343 assis-

341 4375 494 4429 tunt.
526 4393 554 4422 ιι

411 4482 501 4535 27.
534 4481 699 4535 Anno
730 4480 801 4534 30
832 4477 1088 4533 Lotharii
1122 4479 1293 4550 regis,
1321 4478 1376 4533 id
1400 4485 1489 4534 est
1509 4498 1661 4536 anno
1684 4482 1807 4551 934,
1826 4484 1999 4541 Maio-

340 4570 434 4625 lus
463 4568 866 4624 Ctuniaccnsis
897 4572 954 4622 ct
982 4566 1269 4639 Valorgus
1321 4568 1699 4626 Luxoviensis
1749 4574 1993 4629 abbates

335 4657 536 4729 aliqua
562 4656 714 4713 inter
742 4674 871 4712 sese
900 4660 1267 4711 commutant
1297 4654 1355 4710 in
1379 4657 1530 4713 villis
1556 4658 1911 4718 Salustriaco
1935 4668 1992 4719 et

337 4744 589 4800 Dauaico
620 4745 753 4816 pagi
788 4744 1238 4799 Matisconensis
1272 4762 1285 4800 :
1323 4744 1421 4800 ubi
1453 4752 1625 4802 antea
1657 4749 1986 4821 Aymardus

333 4831 517 4888 abbas
530 4848 663 4888 cum
678 4832 940 4889 Guidone
962 4832 1170 4888 abbate
1192 4833 1331 4889 item
1355 4835 1698 4891 Luxoviensi
1718 4840 1985 4909 quaedam

335 4924 787 4991 permutavcrat.
824 4921 1039 4975 Eodem
1087 4939 1241 4977 anno
1288 4924 1486 4995 Aynus
1538 4925 1985 4983 Matisconensis

332 5007 781 5063 archidiaconus
809 5008 1084 5064 Cluniaco
1117 5011 1218 5065 dat
1248 5011 1444 5066 vineas
1469 5013 1611 5068 sitas
1636 5014 1693 5068 in
1717 5034 1863 5087 pago
1888 5020 1988 5073 Ca-

332 5094 643 5162 biloncnsi,
684 5095 822 5149 villa
872 5097 1148 5152 Fusciaco
1181 5115 1194 5152 :
1230 5102 1580 5156 contirmant
1612 5126 1631 5151 α
1672 5103 1983 5160 Botdnlfus

330 5183 660 5255 cpiscopus,
722 5183 1075 5240 Cauzfredus
1134 5204 1353 5253 comes,
1403 5194 1459 5243 et
1516 5190 1746 5247 Adcleis
1804 5196 1983 5257 comi-

328 5269 494 5327 tisse.
528 5292 556 5320 »

397 5377 488 5430 28.
521 5378 686 5430 Anno
703 5378 811 5431 985
832 5377 1177 5434 Lambertus
1200 5398 1395 5435 comes
1418 5383 1849 5441 Valentinensis
1875 5394 1982 5443 tra-

327 5463 411 5517 dit
442 5463 633 5518 locum
668 5465 739 5519 ad
772 5468 1230 5521 construendum
1267 5472 1687 5525 monasterium
1724 5474 1779 5527 in
1805 5476 1980 5531 hono-

326 5567 449 5606 rem
481 5551 667 5607 sancti
701 5551 976 5606 Marcelli.
1013 5553 1237 5608 Litterze
1269 5556 1377 5610 hac
1410 5558 1479 5612 de
1511 5574 1569 5611 re
1601 5561 1869 5616 confecta:
1894 5564 1977 5619 sic

326 5637 541 5695 habent
564 5639 802 5713 prologo
821 5645 875 5694 et
894 5639 1446 5697 nonnullisomissis
1474 5663 1485 5699 ς
1516 5670 1541 5696 ‹‹
1568 5648 1683 5719 Ego
1712 5650 1978 5706 Lamber-

2126 1930 2360 1985 dierint.
2398 1930 2457 1986 Si
2490 1930 2647 1985 enim
2679 1930 2894 2003 aliquis
2934 1931 3109 1987 homo
3142 1937 3243 1987 aut
3290 1933 3487 2006 aliqua
3536 1951 3801 2005 persona

2124 2024 2361 2091 propter
2390 2037 2626 2083 aurum,
2651 2018 2737 2075 vel
2772 2025 3008 2091 propter
3036 2026 3367 2092 argentum,
3401 2027 3504 2077 aut
3554 2026 3803 2094 prepter

2124 2107 2384 2179 aliquam
2419 2108 2757 2163 facultatem
2792 2109 3063 2163 abbatem
3098 2109 3156 2164 in
3190 2109 3382 2165 locum
3426 2112 3488 2165 B.
3527 2110 3799 2166 Marcelli

2127 2196 2357 2251 mittere
2388 2196 2667 2265 voluerit;
2702 2214 2907 2253 omnes
2940 2199 3127 2254 sancti
3161 2200 3282 2254 sint
3312 2199 3362 2255 ei
3395 2200 3710 2268 contrarii,
3747 2204 3803 2255 et

2126 2285 2189 2340 B.
2226 2284 2573 2341 Benedictus
2604 2304 2738 2340 cum
2769 2303 2943 2358 grege
2974 2289 3398 2343 monachorum
3445 2306 3799 2344 suorum....

2127 2374 2277 2429 Sunt
2307 2392 2442 2447 ergo
2475 2375 2612 2445 ipsa:
2647 2393 2738 2429 res
2772 2377 2895 2429 sita:
2928 2376 2987 2430 in
3020 2376 3300 2431 comitatu
3346 2376 3800 2443 Valentinense,

2126 2462 2235 2518 hoc
2277 2468 2366 2518 cst
2414 2481 2584 2518 mons
2632 2482 2758 2536 qua:
2810 2464 3140 2537 appellatur
3183 2464 3477 2531 Alavinea,
3508 2466 3561 2521 ei
3624 2484 3799 2521 mons

2127 2568 2254 2623 qua:
2301 2556 2539 2606 vocatur
2587 2552 2989 2608 Medialuna...
3023 2553 3342 2621 Donamus,
3374 2554 3797 2626 donatumque

2127 2641 2187 2695 in
2211 2646 2558 2712 perpetuum
2581 2659 2708 2695 esse
2730 2640 3002 2697 volumus
3024 2642 3080 2696 in
3107 2642 3384 2697 alimonia
3408 2647 3465 2697 et
3487 2642 3793 2715 stipendio

2127 2730 2575 2794 monachorum,
2608 2735 2666 2783 et
2698 2730 3067 2799 susceptione
3099 2729 3423 2801 hospitum,
3447 2736 3503 2785 et
3528 2730 3791 2803 peregri-

2127 2836 2335 2874 norum
2370 2822 2426 2873 et
2456 2817 2873 2888 orphanurum,
2900 2817 3101 2888 injam
3124 2817 3277 2872 dicto
3301 2818 3427 2873 loco
3450 2820 3562 2873 sub
3589 2819 3791 2892 regula

2116 2908 2245 2978 jam
2270 2906 2409 2961 dicti
2434 2906 2619 2977 patris
2653 2904 2948 2959 Benedicti
2981 2905 3380 2972 servientium,
3400 2926 3502 2979 pro
3527 2909 3789 2964 remedio

2125 2995 2333 3050 anima:
2368 3010 2527 3059 meae,
2546 3011 2648 3047 nec
2669 3010 2782 3047 non
2805 2996 2863 3046 et
2880 3011 2984 3065 pro
3008 2994 3264 3049 remedio
3284 2996 3467 3067 patris
3491 2999 3609 3053 mei
3639 3000 3789 3054 Gun-

2125 3083 2295 3148 tardi,
2330 3086 2388 3137 et
2415 3099 2515 3152 pro
2555 3085 2740 3135 matre
2790 3098 2921 3136 mea
2968 3083 3388 3153 Ermengarde,
3424 3108 3450 3134 ››
3486 3092 3601 3141 etc.
3639 3088 3785 3142 Sub-

2125 3171 2328 3227 seribit
2358 3171 2509 3225 inter
2538 3169 2682 3225 alios
2716 3170 3044 3226 ltichardus
3077 3172 3237 3227 filius
3272 3174 3591 3231 Lamberti.
3630 3178 3784 3231 llanc

2125 3261 2498 3316 donationem
2532 3261 2842 3314 confirmat
2873 3261 3176 3316 Conradus
3206 3280 3303 3317 rex
3335 3280 3488 3318 anno
3521 3266 3594 3319 1ιῦ
3623 3264 3782 3337 regni

2122 3349 2234 3405 sui.
2263 3350 2588 3403 Ademarus
2613 3365 2809 3403 comes
2841 3354 2897 3403 et
2927 3367 3070 3403 uxor
3101 3350 3230 3421 ejus
3262 3352 3521 3407 Rotetdis
3546 3353 3778 3409 Odiloni

2120 3439 2315 3494 abbati
2341 3438 2548 3492 iterum
2565 3456 2696 3492 eum
2714 3438 3036 3508 prioratum
3052 3438 3605 3499 restitueruntanno
3622 3444 3774 3497 1035.

2119 3529 2200 3584 De
2231 3545 2297 3582 co
2340 3527 2597 3598 prioratu
2649 3526 2777 3581 vide
2831 3526 3245 3583 bibliothecam
3304 3529 3772 3595 Cluniaeensem,

2119 3617 2227 3672 col.
2264 3618 2420 3670 1727.

2187 3708 2277 3760 29.
2310 3707 2475 3760 Anno
2505 3706 2631 3772 98G,
2660 3704 2760 3775 qui
2792 3704 2953 3760 obitu
2984 3706 3239 3762 Lotharii
3292 3708 3651 3763 Francorum
3688 3724 3769 3762 re-

2115 3793 2208 3865 gis
2240 3793 2515 3864 przeditus
2546 3798 2652 3860 est,
2689 3794 2898 3849 Maiolo
2932 3818 2959 3843 ‹‹
2993 3796 3238 3866 ejusque
3270 3797 3577 3853 monachis
3603 3799 3772 3852 datur

2113 3882 2281 3937 vinea
2311 3883 2467 3953 apud
2500 3881 2713 3953 Noglas
2746 3883 2941 3938 villam
2975 3876 3106 3956 pagi
3143 3884 3769 3953 Matisconensis,anno

2117 3972 2304 4042 primo
2341 3970 2613 4025 Ludovici
2647 3971 2820 4043 regis,
2852 3994 2878 4020 »
2914 3972 3014 4043 qui
3048 3972 3302 4028 Lotharii
3349 3974 3506 4030 filius
3540 3993 3609 4031 ac
3642 3991 3767 4031 suc-

2113 4076 2312 4114 cessor
2342 4058 2470 4114 fuit.
2505 4060 2584 4115 De
2616 4061 2820 4115 eodem
2856 4060 3145 4117 Ludovico
3176 4080 3310 4133 rege
3332 4062 3769 4136 interpretanda

2112 4154 2202 4203 cst
2232 4148 2460 4215 charta,
2488 4166 2606 4220 qua
2637 4150 2956 4204 canonicus
2988 4149 3229 4223 quidam
3258 4151 3589 4207 Aniciensis
3619 4152 3763 4207 mdes

2111 4255 2250 4293 suas
2284 4238 2415 4309 igne
2443 4244 2844 4309 consumptas,
2879 4238 3032 4293 infra
3063 4239 3319 4296 claustra
3349 4242 3760 4296 canonicorum

2110 4326 2254 4382 sitas
2288 4326 2567 4395 restituit,
2596 4327 2891 4399 donatque
2933 4328 3141 4383 Maiolo
3173 4333 3231 4383 et
3254 4328 3754 4391 Cluniacensibus,

2111 4438 2138 4465 ‹‹
2169 4433 2323 4471 anno
2349 4433 2463 4487 quo
2497 4415 2827 4471 Ludovicus
2860 4434 2957 4472 rex
2988 4416 3046 4471 in
3078 4417 3470 4473 adolescentia
3502 4420 3677 4474 vitam
3702 4418 3755 4472 ti-

2106 4505 2270 4559 nivit.
2305 4506 2517 4559 Datum
2550 4505 2758 4575 quinta
2788 4506 2931 4560 feria
2962 4523 3024 4561 n1
3053 4506 3135 4561 Id.
3168 4507 3436 4578 Augusti.
3466 4529 3493 4557 ››
3530 4508 3594 4563 In
3625 4524 3753 4579 quo-

2025 4613 2069 4676 D
2104 4594 2239 4648 dam
2275 4594 2429 4648 brevi
2480 4592 2753 4648 Chronico
2806 4611 3008 4665 regum
3060 4596 3334 4663 Francus,
3368 4596 3523 4667 quod
3578 4612 3747 4652 manu

2099 4686 2398 4736 exaratum
2427 4681 2676 4737 habetur
2696 4682 2755 4737 in
2781 4682 3133 4738 bibliotheca
3163 4684 3396 4739 Patrum
3422 4684 3747 4741 Carmelita-

2098 4786 2229 4825 rum
2259 4770 2792 4825 Cantoenncnsium
2825 4772 2977 4843 apud
3012 4771 3623 4840 Clarummontem,de
3653 4790 3742 4844 po-

2097 4860 2331 4913 stremis
2364 4860 2634 4914 secunda:-
2652 4860 2857 4931 stirpis
2876 4860 3165 4916 Francicze
3183 4860 3419 4933 regibus
3435 4877 3745 4933 eorumque

2097 4947 2268 5001 annis
2301 4947 2459 5017 regni
2494 4946 2577 5002 ita
2606 4947 2824 5019 legitur
2856 4965 2868 5003 :
2896 4958 2934 4997 ἱ(
2968 4948 3339 5004 Chlotharius
3380 4951 3470 5010 31.
3506 4949 3742 5006 Ludovi-

2095 5051 2200 5090 cus
2235 5037 2282 5102 1,
2318 5035 2559 5091 Carolus
2602 5037 2781 5092 frater
2823 5038 2951 5108 ejus
2979 5040 3013 5091 6
3044 5038 3369 5106 mensibus,
3404 5039 3570 5110 Hugo
3616 5040 3743 5095 alie-

2098 5141 2210 5178 nus
2239 5126 2292 5177 9.
2328 5147 2354 5173 ››
2391 5126 2494 5179 llic
2527 5125 2683 5181 filius
2714 5126 2975 5197 llugonis
3006 5126 3238 5182 comitis
3268 5150 3295 5177 ‹‹
3322 5128 3741 5183 Parisiensiscx

2096 5212 2339 5268 Hawide
2373 5232 2568 5270 sorore
2597 5215 2842 5269 Othonis
2873 5215 3049 5287 ccepit
3082 5233 3325 5287 regnare
3356 5235 3509 5273 anno
3557 5214 3739 5273 Domi-

2095 5301 2153 5356 ni
2185 5304 2312 5365 ‘J‘o’7.
2345 5308 2399 5357 et
2432 5320 2678 5375 regnum
2713 5304 3035 5375 usurpavit.
3069 5326 3097 5354 »
3130 5306 3199 5359 Et
3229 5304 3287 5360 in
3318 5305 3432 5360 alio
3467 5323 3479 5359 :
3508 5330 3535 5355 «ι
3562 5306 3736 5361 Ludo-

2090 5390 2254 5446 vicus
2296 5392 2728 5448 Ultramarinus
2777 5393 2980 5463 genuit
3030 5393 3407 5461 Lotharium;
3442 5394 3738 5449 Lotharius

2091 5481 2294 5549 genuit
2328 5482 2705 5545 Ludovirum,
2728 5482 2826 5553 qui
2852 5483 3043 5537 adhuc
3066 5501 3209 5554 puer
3232 5483 3569 5537 Blanchiam
3594 5480 3733 5553 cepit

2090 5567 2147 5621 in
2183 5586 2442 5635 uxorem,
2475 5570 2533 5624 in
2567 5588 2682 5641 quo
2715 5571 2891 5625 etiam
2943 5589 3107 5643 reges
3157 5574 3229 5626 de
3284 5572 3507 5626 familia
3556 5569 3728 5627 Caroli

2087 5655 2281 5727 Magni
2314 5658 2671 5713 defecerunt.
2708 5659 2854 5714 lluic
2884 5678 3113 5733 quoque
3145 5679 3213 5716 ex
3234 5661 3347 5717 alia
3372 5661 3594 5716 familia
3619 5675 3729 5716 suc-
