3906 6352
146 386 274 450 ’125

1424 383 1773 450 ELUGIUM
1820 383 2327 451 HISTORICUM.

3462 382 3583 450 726

146 524 341 579 cessit
374 522 536 590 I‘lugo
570 520 627 576 in
665 538 930 592 regnum,
964 520 1226 591 Hugonis
1260 520 1452 589 Magni
1506 520 1683 586 filius,
1720 518 1811 574 cui
1846 517 1899 583 Α
1930 518 2000 572 de
2034 519 2321 592 Bellejoco
2355 524 2642 594 quasdam
2675 522 3035 578 obedientias
3068 521 3445 578 commendat
3472 521 3582 578 sub

151 612 451 669 successit.
480 611 795 666 Rotbertus
823 611 980 665 filius
1003 612 1130 681 ejus
1157 611 1210 664 in
1248 610 1597 681 regnodluie
1623 615 1816 663 autem

149 700 447 757 successit
480 700 637 753 ﬁlius
670 700 796 769 ejus
827 700 1118 763 Ainricus,
1154 700 1249 770 qui
1288 700 1458 752 modo
1492 700 1605 753 Deo
1639 702 1822 769 prete-

150 795 349 861 gente,
389 793 563 860 prout
592 793 805 861 potest,
839 806 1083 858 regnum
1140 787 1391 843 Franciae
1444 788 1751 857 gubernat.
1794 809 1813 832 η

149 881 283 935 Haec
313 897 385 933 ex
414 881 612 933 nostro
645 877 1025 947 Stephanotio
1057 877 1411 947 accepimus.
1438 876 1652 929 Charta
1674 893 1820 945 qua:-

152 969 315 1034 dam,
372 984 618 1021 numero
676 968 783 1020 3'26
842 966 899 1020 in
961 965 1262 1020 Chartario
1318 965 1531 1027 Maioli,
1585 968 1821 1019 notatur

156 1081 181 1106 «ι
218 1074 379 1112 anno
412 1058 448 1109 5
476 1056 741 1125 IIugonis
774 1056 948 1125 regis,
983 1054 1185 1109 Carolo
1216 1060 1377 1108 truso
1412 1055 1466 1107 in
1504 1070 1753 1120 carcere,
1793 1076 1811 1098 υ

153 1144 252 1216 qui
289 1142 571 1198 Ludovici
608 1147 855 1213 patruus
886 1147 1027 1205 erat,
1062 1143 1177 1196 dux
1220 1142 1627 1209 lmtlniringriae.

222 1233 495 1286 30.Anno
525 1232 632 1283 988
662 1230 870 1285 Maielo
903 1235 959 1285 et
989 1231 1480 1284 tiluniaeensilms
1504 1250 1535 1283 a
1560 1230 1813 1300 (plantam

152 1320 637 1387 clerico,nomine
669 1319 1172 1383 Riehardo,datur
1203 1320 1447 1373 ecclesia
1480 1320 1660 1374 sancti
1697 1322 1815 1373 An-

153 1411 303 1464 dreae
340 1434 367 1457 α
405 1408 462 1461 in
497 1425 645 1480 pago
676 1408 928 1479 Vapinse
962 1408 1046 1473 (de
1077 1409 1229 1478 ϐιῳ),
1263 1433 1289 1457 ››
1322 1427 1454 1463 eum
1505 1410 1633 1480 ipsa
1680 1409 1816 1463 villa

154 1496 428 1563 Rosanis,
465 1500 655 1551 castro
689 1496 1083 1561 Risone,villis
1119 1496 1811 1561 Sorbaria,t}enima,etc.

154 1591 282 1641 tum
315 1585 375 1640 in
414 1608 440 1635 «
475 1586 756 1640 comitatu
790 1585 1035 1639 Vasinse
1070 1586 1154 1655 (de
1190 1586 1585 1653 l'm'son),inl'ra
1616 1586 1811 1640 termi-

153 1692 258 1729 nos
290 1697 317 1724 ››
354 1673 536 1728 castri
570 1673 920 1728 Malancenan
954 1692 1051 1728 sex
1084 1675 1296 1741 mansi,
1321 1676 1602 1728 medietas
1636 1676 1811 1728 castri

155 1764 411 1827 Minson,
446 1766 581 1827 etc.,
617 1767 683 1816 ut
734 1763 833 1831 ibi,
867 1762 924 1817 id
971 1768 1058 1817 est
1108 1763 1165 1816 in
1223 1764 1496 1835 pranlicta
1545 1762 1809 1828 ecclesia,

155 1875 181 1903 «ι
216 1856 503 1925 perpetuo
535 1852 751 1923 degant
773 1852 1066 1905 monachi.
1108 1875 1128 1899 ιι

221 1944 310 1997 31.
346 1942 672 2011 Hucusque
704 1957 795 1995 res
829 1945 969 1994 actae
1003 1941 1111 1995 sub
1147 1941 1357 1995 Maiele
1408 1940 1530 1996 sele
1584 1941 1813 2006 abbate,

153 2032 249 2104 qui
278 2048 436 2086 anno
471 2029 897 2085 9910dilonem
924 2029 1032 2083 sibi
1054 2030 1534 2084 substituendum
1552 2030 1809 2096 curavit;

156 2125 305 2175 unde
351 2119 635 2190 pleraque
684 2123 813 2172 aeta
864 2118 1095 2173 0diloni
1130 2119 1235 2173 soli
1272 2119 1525 2190 ascripta
1557 2123 1719 2184 sunt,
1752 2123 1815 2174 ut

155 2210 416 2265 dicemus
451 2208 509 2263 in
543 2207 809 2279 sequenti
842 2207 1031 2279 capite
1063 2210 1114 2262 8.
1151 2208 1261 2262 Sed
1295 2209 1643 2280 priusquam
1676 2207 1813 2262 hinc

157 2297 410 2364 discedo,
460 2296 842 2351 memoranda
899 2300 1038 2351 sunt
1093 2296 1320 2367 reliqua
1367 2301 1496 2351 acta
1538 2298 1654 2351 duo
1712 2314 1814 2367 per

156 2384 433 2442 Maiolum
457 2383 913 2453 abbatem,notis
936 2384 1228 2440 chronicis
1250 2386 1810 2455 destituta,quorum

158 2489 336 2527 unum
367 2475 459 2528 est
489 2473 562 2526 de
602 2472 978 2527 concessione
1023 2473 1271 2528 ccenobii
1318 2473 1507 2528 sancti
1553 2472 1812 2527 Marcelli

159 2563 305 2634 apud
338 2560 706 2628 Cabilonem,
735 2562 804 2615 de
836 2578 951 2633 qua
982 2561 1064 2616 sic
1095 2562 1298 2617 charta
1329 2561 1595 2617 Tetbaldi
1630 2562 1809 2617 comi-

160 2649 230 2704 tis
260 2648 688 2714 Cabilonensis,
724 2664 791 2702 ex
822 2648 1113 2703 chartario
1146 2650 1203 2702 S.
1240 2646 1496 2703 Marcelli
1529 2652 1584 2702 et
1614 2666 1683 2702 ex
1713 2647 1807 2702 Bi-

162 2737 441 2794 bliotheca
475 2737 868 2805 Cluniacensi,
902 2737 1009 2793 col.
1042 2738 1167 2792 314.
1203 2739 1319 2809 Ego
1350 2737 1407 2791 in
1442 2737 1542 2791 Dei
1575 2735 1809 2791 nomine

162 2826 476 2882 Tetbaldus
510 2844 705 2881 comes
723 2826 1195 2882 Cabilonensium
1228 2827 1504 2881 omnibus
1524 2825 1658 2879 filiis
1682 2843 1810 2879 san-

167 2918 259 2969 ctae
279 2914 554 2971 Ecclesiae
578 2915 634 2969 in
661 2916 907 2970 Domino
929 2915 1200 2970 salutem.
1216 2915 1421 2969 Audivi
1441 2933 1473 2969 a
1491 2915 1806 2986 praedeces-

168 3002 386 3059 soribus
419 3004 572 3058 meis
605 3008 663 3059 et
688 3003 893 3057 vicinis
925 3003 1184 3075 antiquis
1214 3003 1353 3057 viris
1387 3004 1540 3075 quod
1576 3002 1811 3057 nobilis-

166 3091 338 3147 simus
363 3111 563 3149 comes
595 3093 942 3159 Gaufredus,
962 3093 1060 3164 qui
1095 3097 1225 3164 post
1256 3099 1501 3148 mortem
1529 3096 1807 3164 praestan-

164 3180 361 3237 tissimi
398 3186 455 3237 et
493 3180 982 3237 Christianissimi
1011 3183 1242 3237 comitis
1259 3183 1346 3237 avi
1382 3182 1492 3236 mei
1516 3180 1808 3236 Lamberli

167 3271 373 3341 accepit
401 3272 534 3341 ejus
565 3271 875 3342 conjugem
900 3271 1087 3325 aviam
1107 3288 1295 3325 meam
1324 3270 1701 3325 Aalheleidam
1721 3287 1809 3325 co-
1839 3248 1881 3315 α

168 3358 466 3427 mitissam,
492 3360 745 3415 accessit
777 3360 848 3414 ad
880 3361 1059 3415 beatae
1094 3360 1513 3415 recordationis
1537 3360 1806 3414 abbatem

170 3446 453 3515 Maiolum,
488 3452 547 3504 et
578 3449 1011 3503 commendavit
1042 3448 1123 3503 illi
1154 3448 1575 3503 monasterium
1616 3448 1674 3502 in
1708 3466 1811 3503 su-

169 3532 361 3591 burbio
390 3536 871 3592 Cabilonensium
904 3536 1155 3592 civitatis
1186 3556 1219 3591 a
1248 3538 1611 3592 Guntramno
1643 3537 1807 3591 nobi-

171 3619 381 3679 lissimo
413 3631 469 3680 et
507 3624 783 3696 religioso
833 3642 967 3697 rege
1015 3626 1325 3697 magniﬁce
1377 3628 1805 3691 constructum,

174 3708 261 3761 ubi
294 3710 609 3782 requiescit
640 3728 851 3783 corpus
887 3713 949 3766 B.
984 3711 1238 3767 Marcelli
1292 3712 1589 3782 martyris,
1622 3728 1687 3766 eo
1718 3716 1807 3766 te-

174 3813 318 3865 nore,
348 3805 413 3854 ut
456 3799 800 3871 religionem
848 3800 1156 3855 monastici
1207 3801 1452 3867 ordinis,
1488 3818 1614 3871 quae
1664 3818 1810 3872 pene

172 3882 242 3938 ibi
271 3887 482 3943 abolita
517 3889 729 3955 fuerat,
768 3890 1131 3955 refermaret,
1163 3894 1221 3943 et
1256 3893 1468 3943 terram
1499 3894 1556 3943 et
1588 3907 1810 3960 posses-

174 3972 351 4029 siones
377 3978 448 4031 ad
479 3977 681 4049 ipsum
715 3976 907 4031 locum
940 3978 1298 4049 pertinentes
1329 3979 1633 4046 excoleret,
1658 3983 1715 4033 et
1745 3984 1811 4033 ut

174 4059 284 4131 ipse
312 4069 365 4118 et
395 4083 767 4121 successores
798 4067 927 4135 ejus
957 4066 1371 4122 Cluniaeenses
1413 4068 1653 4121 abbates
1687 4085 1809 4122 m0-

177 4153 479 4208 naslerium
531 4154 949 4226 perpetualiter
986 4154 1270 4210 haberent
1318 4160 1373 4211 et
1420 4156 1806 4227 possiderent.

178 4235 325 4293 Hunc
339 4246 535 4298 autem
558 4243 1127 4298 commendationem
1150 4244 1269 4300 sive
1287 4246 1659 4299 denalionem
1682 4246 1812 4300 fecit

179 4329 535 4396 supradictus
569 4348 765 4386 comes
797 4332 1125 4387 Gaufredus
1158 4334 1372 4388 domno
1416 4333 1625 4389 Maiolo
1674 4352 1809 4389 cum

162 4416 402 4497 consilio
428 4419 701 4492 conjugis
724 4438 841 4475 suae
866 4420 1157 4476 Adeleidis
1179 4427 1234 4477 et
1253 4422 1352 4476 lilii
1381 4424 1508 4494 ejus
1527 4422 1807 4495 Hugonis,

182 4503 304 4556 tunc
334 4505 545 4575 clerici,
568 4512 771 4579 postea
801 4508 1077 4581 episcopi,
1107 4511 1419 4581 aaljuvante
1451 4515 1507 4566 et
1536 4511 1811 4567 laudante

1931 607 2037 663 hoc
2071 610 2261 665 titulo:
2289 636 2307 659 α
2347 612 2561 666 Notitia
2591 610 3325 682 eommendationis,quam
3351 627 3585 667 venera-

1931 698 2065 752 bilis
2100 701 2391 754 memoriae
2425 701 2670 756 Maiolus
2704 701 2834 757 fecit
2869 701 3184 755 Humbcrto
3205 701 3274 755 de
3295 699 3582 770 Bcllojoco

1930 788 1998 841 de
2031 787 2121 841 his
2153 788 2519 854 obedientiis,
2552 790 2774 861 Algoia,
2810 789 2963 843 Pola.
3000 787 3304 855 Scotiolas,
3333 788 3581 860 Arpaja-

1930 876 2103 942 co,ita
2135 878 2363 931 dicens:
2399 878 2756 932 Commendo
2792 879 2895 931 tibi
2929 878 3034 930 has
3066 876 3581 947 supranominatas

1930 966 2292 1019 obedientias
2346 967 2415 1020 ad
2469 966 2920 1022 custodiendum
2971 983 3036 1019 ac
3087 965 3517 1020 defendendum
3548 982 3583 1020 a

1932 1052 2104 1106 malis
2134 1059 2189 1107 et
2222 1054 2505 1127 perversis
2538 1054 2961 1119 hominibusﬁn
2998 1053 3121 1108 loco
3162 1053 3580 1109 satisfactionis

1885 1149 1889 1152 ’
1929 1145 1985 1195 et
2017 1143 2447 1197 emendatiimis
2480 1161 2581 1214 pro
2607 1143 2932 1197 innumeris
2965 1142 3290 1214 malisque}
3324 1141 3581 1197 nobisfe—

1930 1230 2195 1301 cisti,pro
2229 1231 2443 1301 quibus
2476 1236 2530 1285 te
2558 1232 3063 1285 excommunicare
3096 1230 3417 1285 debeamus
3452 1247 3464 1286 :
3498 1230 3581 1285 ita

1929 1323 2217 1384 tamen,ut
2249 1320 2604 1389 pauperibus
2640 1320 2854 1373 nostris
2888 1320 3094 1372 reddas
3127 1335 3252 1389 quae
3284 1321 3344 1372 tu
3376 1318 3461 1373 eis
3493 1322 3578 1372 tu-

1924 1406 2068 1461 listi.
2108 1408 2275 1462 Facie
2304 1413 2497 1461 autem
2533 1407 2679 1461 hanc
2713 1406 3280 1461 commendationem
3313 1404 3438 1469 tibi,
3463 1422 3579 1460 non

1926 1500 1990 1550 ut
2022 1496 2276 1566 aliquem
2313 1513 2553 1551 censum
2591 1513 2693 1566 per
2719 1494 3201 1550 consuetudinem
3226 1493 3490 1565 requiras
3521 1494 3579 1548 in

1925 1584 2017 1639 his
2070 1584 2456 1651 ebedientiis;
2505 1585 2657 1656 quod
2711 1601 2845 1638 eum
2892 1600 3128 1639 summa
3176 1582 3478 1654 diligentia
3524 1587 3582 1638 et

1925 1672 2434 1727 animadversione
2496 1672 2781 1726 interdico
2830 1676 2888 1725 et
2946 1669 3411 1737 excommunico,
3464 1670 3578 1725 nisi

1925 1765 2154 1814 tantum
2190 1761 2236 1814 si
2272 1760 2585 1815 transitum
2638 1759 2917 1813 habueris
2961 1759 3132 1829 juxta
3182 1757 3578 1813 obedientiam

1843 1887 1892 1950 Β
1922 1865 2058 1903 cum
2088 1849 2123 1901 6
2153 1853 2253 1903 aut
2290 1850 2354 1902 10
2382 1847 2694 1913 militibus,
2727 1852 2783 1902 et
2814 1846 3138 1901 monachus
3173 1849 3491 1917 spontanee
3521 1849 3577 1901 te

1927 1936 2635 2002 admenuerit,reficias,et
2668 1939 2799 2007 post
2830 1933 3201 1989 refectionem
3234 1933 3386 1988 viam
3410 1937 3573 1988 tuam

1925 2031 2259 2092 teneas,nec
2292 2040 2614 2096 prmsumas
2649 2023 2725 2078 ibi
2752 2020 3307 2093 jacere.S.Alberici
3341 2021 3575 2079 comitis

1925 2116 2024 2186 qui
2053 2114 2204 2169 hanc
2237 2112 2504 2168 notitiam
2536 2112 2814 2167 laudavit.
2850 2134 2876 2161 η
2913 2111 3020 2167 Ubi
3054 2110 3215 2165 vides
3256 2110 3577 2168 obcdimtz'a:

1922 2203 2271 2258 vocabulum
2295 2204 2420 2273 jam
2456 2206 2761 2274 sumptum
2794 2200 3005 2256 sacculo
3027 2218 3061 2254 χ
3095 2217 3197 2271 pro
3248 2199 3576 2254 ministerio

1924 2309 2023 2347 seu
2085 2292 2253 2357 cella,
2298 2291 2390 2345 cui
2451 2309 2607 2345 unus
2664 2290 2933 2361 pluresve
2990 2288 3263 2343 monachi
3322 2288 3575 2360 praefecti

1922 2385 2109 2437 erant.
2146 2381 2867 2453 llaetenusinstrumenta
2898 2378 3194 2449 praecipua
3224 2377 3335 2432 sub
3366 2375 3577 2433 Maiolo

1922 2471 2077 2525 facta
2111 2469 2577 2541 retulimus,quae
2613 2468 2811 2523 omnia
2845 2485 2960 2521 non
2984 2465 3192 2521 Maielo
3224 2464 3465 2536 ipsi,sed
3487 2464 3575 2520 vel

1923 2558 2282 2613 monasterio
2328 2557 2720 2623 Cluniacensi,
2757 2556 2848 2611 cui
2900 2554 3149 2609 Maiolus
3191 2557 3455 2625 praeerat,
3488 2553 3576 2609 vel

1922 2647 2250 2712 monachis,
2284 2645 2371 2700 vel
2406 2651 2560 2701 certe
2592 2645 2651 2699 in
2686 2662 2897 2699 manus
2931 2642 3124 2697 Maioli
3155 2642 3385 2697 abbatis
3424 2641 3577 2696 facta

1920 2736 2217 2802 dicuntur,
2253 2734 2338 2789 uti
2369 2739 2424 2789 ct
2455 2733 2670 2806 quaevis
2714 2732 2837 2787 aliw
2889 2731 3234 2786 donationes
3285 2733 3578 2784 monaste-

1920 2823 2021 2878 riis
2082 2825 2286 2877 t'actm:
2350 2840 2464 2893 quo
2526 2822 2714 2893 magis
2773 2820 2972 2874 mirari
3041 2819 3199 2873 subit
3258 2816 3574 2885 nonnullos

1919 2912 2209 2979 homines,
2246 2911 2386 2982 quia
2417 2910 2615 2966 abbati
2648 2927 2761 2963 non
2795 2907 3101 2963 monachis
3146 2905 3439 2978 quaslibet
3471 2906 3573 2961 d0-

1920 3001 2185 3055 nationes
2245 3002 2425 3055 factas
2482 2999 2665 3054 fuisse
2719 2998 2939 3052 audent
2997 2997 3309 3061 affirmare,
3372 2997 3577 3050 contra

1919 3094 2138 3145 certam
2171 3095 2227 3145 et
2257 3088 2616 3161 exploratam
2648 3092 2907 3141 veterum
2932 3085 3326 3139 traditionem.
3356 3083 3574 3140 Omnes

1920 3180 2132 3235 chartae
2165 3180 2274 3234 sub
2310 3176 2518 3233 Maiolo
2550 3176 2795 3231 conditae
2828 3178 2967 3229 sunt
2993 3190 3237 3228 numero
3268 3171 3393 3226 859.

2160 3268 2228 3321 V.
2254 3267 2575 3322 Monasteria
2603 3282 2702 3337 per
2731 3265 2988 3319 Maiolum
3018 3265 3330 3334 reformata.

1991 3361 2080 3415 33.
2100 3359 2413 3429 Postquam
2444 3354 2636 3409 varias
2685 3354 3029 3409 donationes
3078 3352 3356 3407 Cluniaco
3388 3352 3571 3407 factas

1922 3446 2254 3513 retulimus,
2290 3460 2446 3498 nunc
2496 3443 2567 3496 de
2614 3441 2836 3496 eaztcris
2882 3441 3010 3511 ejus
3061 3440 3231 3495 factis
3280 3439 3575 3511 agendum

1918 3540 2008 3590 est
2041 3551 2053 3588 :
2086 3552 2200 3605 quo
2235 3534 2290 3586 in
2324 3549 2531 3604 genere
2565 3530 2750 3584 multa
2781 3530 2851 3583 de
2883 3531 3010 3599 ejus
3039 3528 3356 3582 virtutibus
3394 3525 3576 3581 tradit

1920 3626 2120 3695 Syrus,
2154 3640 2282 3693 qua:
2314 3621 2422 3675 hoc
2454 3619 2578 3673 loco
2611 3622 2866 3689 repetere
2918 3634 3031 3670 non
3058 3617 3246 3686 juvat.
3280 3614 3574 3669 Nonnulla

1920 3711 2188 3767 retulisse
2240 3708 2514 3774 sufliciat,
2564 3724 2691 3777 quae
2740 3704 3132 3759 illustratione
3183 3703 3468 3774 indigent.
3502 3703 3572 3758 In

1921 3799 2126 3872 primis
2156 3796 2671 3853 commemoranda
2699 3793 2857 3847 venit
2886 3794 3012 3863 ejus
3037 3790 3404 3847 familiaritas
3434 3808 3571 3846 cum

1920 3890 2127 3944 Ottone
2146 3888 2355 3957 Magno
2388 3902 2489 3938 seu
2510 3882 2696 3955 primo
2729 3883 2973 3953 ejusque
2992 3880 3109 3935 tilio
3137 3880 3344 3935 Ottone
3369 3896 3574 3935 secun-

1920 3979 2014 4043 do,
2049 3981 2105 4031 et
2134 3993 2267 4030 eum
2315 3971 2630 4027 Adheleide
2659 3973 2922 4043 Augusta
2971 3968 3183 4041 prioris
3215 3986 3410 4037 uxore,
3445 3986 3572 4041 quae

1920 4083 2053 4121 eum
2088 4065 2159 4119 ad
2192 4062 2616 4118 restituendam
2649 4060 2707 4114 in
2741 4058 2942 4113 multis
2994 4057 3365 4113 monasteriis
3398 4074 3574 4130 regu-

1921 4154 2103 4210 larem
2135 4151 2511 4223 disciplinam
2546 4148 2832 4203 adhibuit.
2868 4149 2946 4202 De
2979 4148 3189 4202 Ottone
3212 4147 3422 4219 Magno
3452 4146 3575 4201 haec

1922 4246 2102 4316 Syrus
2132 4240 2426 4296 memoriae
2460 4237 2717 4310 prodidit
2761 4237 2818 4290 in
2854 4237 2957 4291 lib.
2992 4254 3071 4291 11:
3120 4237 3369 4307 Magnus
3418 4235 3573 4303 Otto,

1923 4332 2023 4405 qui
2055 4336 2192 4386 tunc
2226 4328 2509 4400 temporis
2544 4326 2970 4398 rempublicam
3010 4325 3395 4397 gubernabat,
3427 4323 3575 4378 tanti

1921 4422 2028 4477 viri
2078 4421 2292 4475 virtute
2342 4415 2730 4490 plurimorum
2782 4414 3061 4469 relatione
3093 4416 3410 4483 comperta,
3444 4412 3575 4481 ejus

1922 4508 2294 4584 praesentiam
2327 4504 2630 4560 ardentius
2661 4501 2951 4573 cupiebat.
2989 4501 3092 4555 Hic
3123 4498 3276 4555 enim
3306 4498 3413 4566 vir,
3438 4498 3577 4553 licet

183 4590 406 4649 Henrico
455 4597 626 4652 duce.
680 4598 885 4653 Postea
931 4616 1063 4653 vero
1114 4594 1391 4671 regnante
1435 4599 1812 4656 serenissima
1842 4614 1890 4680 D
1922 4596 2211 4670 imperiali
2244 4595 2532 4668 potiretur
2560 4591 2815 4663 fastigio,
2850 4606 3067 4662 magna
3098 4592 3294 4643 tamen
3335 4591 3460 4643 erat
3489 4586 3574 4642 illi

185 4691 300 4749 rege
330 4681 600 4741 Rotberto
628 4686 953 4742 avunculus
977 4705 1142 4743 meus
1164 4689 1595 4761 domnusHugo
1615 4707 1811 4745 comes

184 4767 235 4816 et
274 4768 599 4843 episcopus,
634 4779 918 4844 praesente
964 4775 1092 4847 ipso
1143 4793 1277 4849 rege
1324 4781 1381 4831 et
1412 4778 1726 4833 comitibus
1756 4784 1813 4834 et

184 4850 448 4928 episcopis
478 4859 652 4916 istius
684 4862 906 4934 patriae,
941 4864 1281 4919 monasterii
1315 4865 1535 4920 donum
1569 4866 1813 4922 tradidit

187 4936 378 5000 domno
410 4947 641 5015 0diloni
674 4952 893 5018 abbati,
937 4953 1262 5008 successori
1315 4954 1542 5010 abbatis
1593 4954 1809 5023 Maioli,

188 5030 245 5079 ut
273 5028 385 5100 ipse
406 5037 541 5106 jure
573 5040 960 5096 antecesseris
991 5042 1083 5096 sui
1106 5041 1301 5097 locum
1320 5042 1814 5110 haberet,teneret

190 5128 247 5167 ac
274 5123 730 5202 possideret.Ego
763 5147 894 5185 vero
926 5130 1116 5203 gratia
1144 5131 1243 5185 Dei
1276 5148 1471 5187 comes
1494 5133 1812 5190 Tetbaldus

190 5206 325 5291 quod
356 5216 748 5273 antecessores
781 5220 892 5274 mei
929 5224 986 5275 et
1028 5226 1299 5291 parentes
1352 5221 1468 5276 Deo
1514 5226 1569 5276 et
1612 5229 1813 5279 sancto

194 5284 335 5377 i’etro
364 5304 419 5353 ct
447 5301 571 5359 loco
601 5305 969 5363 Cluniacensi
1020 5284 1327 5375 dederunt,
1362 5309 1557 5377 laudo,
1590 5311 1719 5366 volo
1759 5317 1816 5366 et

193 5374 360 5447 ﬁl‘mO,
391 5393 447 5442 et
496 5394 660 5448 uxori
708 5412 850 5450 meae
902 5400 957 5451 et
988 5396 1135 5452 meis
1184 5396 1457 5452 fidelibus
1487 5397 1725 5455 laudare
1757 5406 1815 5455 et

193 5460 401 5527 ﬁrmare
430 5477 595 5547 facio,
630 5487 740 5538 etc.
771 5483 1018 5555 Signum
1051 5483 1314 5538 Tetbaldi
1349 5485 1599 5551 comitis,
1636 5486 1693 5541 S.
1720 5488 1816 5541 Er-

196 5560 496 5643 mcntrudis
527 5569 653 5639 ejus
686 5572 974 5643 conjugis,
1005 5576 1112 5627 cic-

254 5639 333 5696 3‘2.
362 5648 481 5707 Alia
511 5656 712 5714 charta
740 5639 831 5714 est
860 5639 1055 5715 Maioli
1088 5661 1465 5734 abbatis,qua
1494 5662 1814 5719 Humberto

1922 4690 2076 4744 circa
2104 4682 2461 4741 monasteria
2489 4680 2748 4747 devotio;
2784 4678 2919 4750 quia
2949 4692 3322 4749 nequaquam
3355 4692 3417 4731 se
3449 4673 3575 4731 fcli-

1922 4779 2065 4834 citer
2097 4773 2411 4847 imperium
2444 4770 2720 4843 sperabat
2752 4773 2970 4835 tenere,
3004 4766 3117 4821 nisi
3161 4781 3399 4821 summo
3433 4764 3578 4838 Regi

1923 4866 2183 4922 studeret
2215 4878 2330 4917 non
2362 4857 2690 4931 displicere.
2725 4857 2795 4911 Et
2825 4855 2953 4910 ideo
2987 4854 3201 4926 saepius
3224 4852 3577 4925 ingemisce-

1923 4956 2040 5021 bat,
2074 4954 2216 5007 dum
2247 4948 2345 5022 qui
2381 4964 2484 5019 per
2512 4943 2812 5016 religionis
2843 4942 3112 4999 habitum
3145 4942 3261 4998 Deo
3292 4959 3353 4998 se
3397 4942 3574 4997 devo-

1920 5045 2145 5107 verant,
2177 5034 2439 5094 saeculari
2471 5034 2726 5089 intentos
2760 5032 2992 5105 negotio
3040 5031 3124 5086 ire
3177 5048 3281 5103 per
3328 5030 3580 5102 abrupta

1922 5130 2214 5188 cernebat.
2244 5127 2315 5183 Et
2349 5124 2520 5179 infra.
2554 5121 2699 5177 Huic
2732 5123 2990 5192 eonjunx
3019 5119 3293 5176 Adheleis
3342 5119 3581 5175 inhaere-

1924 5222 2044 5289 bat,
2075 5236 2201 5290 quae
2232 5216 2348 5271 Deo
2380 5210 2653 5268 amabilis
2704 5214 2762 5265 et
2810 5210 3090 5265 omnibus
3135 5207 3463 5282 diligibilis,
3494 5206 3581 5263 ita

1924 5308 2103 5382 regali
2158 5302 2544 5377 copulabatur
2596 5304 2745 5366 toro,
2778 5303 2843 5353 ut
2875 5302 3131 5353 mentem
3163 5302 3384 5353 castam
3417 5296 3578 5352 omni

1925 5395 2191 5455 custodia
2232 5392 2373 5465 Regi
2424 5392 2682 5446 servaret
2736 5404 3013 5459 superno.
3049 5409 3076 5436 ››
3139 5384 3352 5442 Subdit
3396 5386 3578 5456 Syrus
3657 5396 3661 5403 ‘

1926 5486 2202 5544 Maiolum
2236 5481 2464 5537 venisse
2497 5478 2555 5532 in
2589 5476 2900 5531 amborum
2948 5475 3214 5531 notitiam
3255 5471 3576 5545 prmsertim

1925 5594 1993 5632 ex
2027 5575 2213 5630 relatu
2246 5567 2498 5626 Ileldrici
2549 5566 2701 5620 inter
2745 5565 3036 5636 palatinos
3084 5559 3378 5634 praecipui.
3416 5558 3575 5613 Unde

1926 5668 2146 5725 factum
2201 5666 2308 5728 est,
2344 5663 2408 5712 ut
2458 5657 2592 5712 Otto
2645 5653 2924 5710 Maiolum
2959 5653 3299 5707 accerseret.
3334 5670 3354 5695 α
3391 5648 3572 5711 Quem
