3906 6356
113 423 242 485 729

1391 423 1738 485 ELOGIUM
1788 421 2271 486 HISTOBICUM
2284 468 2299 485 .

3432 421 3554 484 730

120 557 411 616 abbatem
465 555 696 614 institui
755 554 996 622 cu‘ravit,
1031 559 1098 612 ut
1129 554 1274 612 alias
1306 555 1590 611 dicemus.
1627 555 1786 611 Idem
1817 555 1872 624 Α
1901 554 2143 629 pellensi
2167 556 2434 614 dieecesis
2457 558 2928 629 Parisiensis,sed
2959 560 3032 616 de
3063 559 3176 617 alio
3207 559 3554 632 cognomine

121 649 344 705 asserit
395 646 882 720 ebronographus
931 645 1358 711 Mallcacensis,
1391 645 1488 717 qui
1522 645 1792 700 Guitber-

115 743 248 794 tum
263 738 531 810 primum
554 736 795 810 Majoris
818 735 1158 790 monasterii
1181 735 1452 790 abbatem
1467 739 1599 806 post
1619 734 1795 790 Maio-

117 825 246 883 lum
286 831 462 882 vocat
504 826 576 882 ad
621 844 759 881 ann.
801 825 906 880 994
937 824 1172 894 (Cnasm
1218 832 1345 879 tom.
1377 825 1452 888 Il,
1482 841 1608 894 pag.
1643 824 1790 892 836).

117 917 201 972 Ad
257 915 738 971 reformationem
784 915 937 970 hanc
969 913 1222 986 pertinet
1253 911 1516 968 Gcrberti
1547 909 1795 984 epistola

121 1006 324 1061 abbati
352 1003 595 1077 Majoris
618 1003 961 1059 monasterii
985 1001 1291 1074 scripta,in
1312 1020 1428 1074 qua
1443 1001 1564 1056 ha3c
1582 1002 1790 1056 verba:

126 1119 152 1146 «ι
183 1099 394 1150 Servat
427 1099 638 1150 natura
667 1093 840 1161 vices,
877 1098 1145 1164 terraque
1177 1093 1478 1159 bona,non
1513 1109 1620 1146 suo
1645 1089 1796 1160 judi-

125 1186 214 1241 cio
245 1185 351 1239 diu
378 1183 718 1250 infecunda,
755 1183 926 1238 ﬂores
958 1183 1306 1253 fructusque
1345 1180 1617 1253 parturit.
1652 1181 1796 1235 Ecce

124 1273 281 1329 enim
306 1273 465 1328 beati
491 1271 726 1328 Martini
750 1269 959 1326 cellula
977 1269 1399 1325 monachorum
1422 1269 1806 1341 agminajam.

127 1363 356 1418 dudum
391 1365 662 1416 emortua
693 1359 1024 1426 resuscitat,
1079 1357 1313 1414 Martini
1361 1357 1548 1412 virtus
1579 1357 1636 1412 in
1671 1357 1794 1412 suis

127 1451 441 1524 discipulis
473 1449 917 1523 dignoscitur.E
949 1449 1166 1521 quibus
1197 1448 1379 1502 beata:
1411 1447 1796 1502 conversatio-

130 1541 222 1598 nis
249 1540 589 1609 alumnum,
622 1543 906 1612 tanquam
963 1536 1260 1610 exemplar
1291 1537 1417 1591 vitae
1451 1541 1507 1590 et
1539 1553 1793 1604 morum,

127 1630 427 1703 accepisse
450 1628 720 1684 Osulfum
745 1627 1092 1700 gaudemus.
1119 1649 1145 1675 »
1173 1626 1300 1681 Haec
1323 1623 1568 1696 epistola
1590 1625 1648 1680 in
1673 1625 1792 1679 edi-

130 1719 206 1776 tis
247 1719 408 1775 hunc
458 1717 700 1774 titulum
763 1716 993 1789 praefert
1026 1733 1039 1770 :
1076 1715 1360 1771 Adalbcrto
1391 1713 1794 1786 archiepiscopo

129 1809 312 1864 abbati
380 1807 604 1881 Majoris
679 1807 1020 1862 monasterii.
1083 1805 1193 1860 Sed
1253 1802 1569 1874 legendum
1629 1807 1791 1875 puto,

134 1895 396 1953 Adalbero
424 1894 890 1967 archiepiscopus,
926 1897 991 1948 ut
1019 1893 1140 1948 limo
1189 1891 1435 1964 cpistola
1467 1889 1686 1964 scripta
1717 1890 1794 1947 sit
1827 1931 1849 1967 ι

135 2003 168 2040 a
188 1985 473 2042 Gerberto
495 1984 556 2038 in
586 2000 837 2056 persona
856 1978 1235 2038 Adalberonis
1260 1981 1575 2036 Remorum
1601 1980 1794 2036 archi-

137 2074 415 2148 episcopi,
453 2073 537 2128 uti
570 2077 628 2128 et
657 2071 782 2128 alim
814 2071 1104 2144 quaedam.

205 2162 444 2220 38.Veni
453 2179 486 2218 o
499 2162 572 2218 ad
586 2161 1096 2218 Antissiodorcnse
1111 2160 1297 2214 sancti
1311 2158 1586 2214 Germani
1601 2176 1798 2214 mona-

140 2247 401 2319 sterium,
435 2247 510 2305 de
539 2265 654 2322 quo
687 2247 807 2303 haec
838 2247 1092 2320 legimus
1121 2248 1180 2302 in
1210 2247 1457 2302 historia
1493 2249 1796 2320 episcopo-

135 2339 264 2394 rum
295 2336 905 2395 Antissiodorensium
931 2336 1122 2410 capite
1144 2337 1212 2391 47
1243 2336 1302 2392 in
1333 2337 1634 2393 Ileriberto
1675 2337 1794 2410 epi-

143 2447 309 2502 seopo
341 2427 438 2484 his
467 2424 663 2482 verbis
699 2441 712 2480 :
750 2448 778 2476 (ι
810 2425 998 2495 Hujus
1058 2442 1194 2498 ergo
1245 2425 1624 2498 pontificatus
1655 2430 1799 2481 tem-

147 2533 296 2586 pore,
330 2516 450 2570 dux
500 2513 809 2569 IIeinricus
837 2513 968 2583 ejus
1001 2513 1197 2580 frater,
1217 2518 1283 2568 ut
1314 2517 1439 2568 erat
1470 2514 1652 2570 totius
1677 2515 1805 2570 reli-

145 2603 430 2676 giositatis
505 2605 754 2668 amator,
816 2601 1241 2657 monasterium
1311 2602 1466 2657 beati
1529 2603 1804 2658 Germani

149 2693 356 2748 domno
387 2690 606 2748 Maiolo
651 2689 950 2746 commisit
1003 2689 1222 2758 abbati,
1257 2690 1509 2762 qualiter
1537 2689 1806 2746 videlicet

151 2779 429 2856 regularis
461 2797 684 2836 norma:
719 2779 1016 2834 tramitem
1050 2778 1194 2836 inibi
1225 2779 1628 2845 constitueret,
1653 2781 1806 2836 sicut

155 2889 250 2944 per
277 2871 463 2926 multa
497 2869 625 2925 loca
653 2873 774 2924 tam
806 2868 866 2923 in
897 2867 1066 2924 Italia
1095 2885 1274 2942 quam
1309 2869 1368 2924 in
1401 2867 1588 2924 Gallia
1607 2868 1810 2939 digno-

156 2960 418 3016 scebatur
475 2959 689 3014 fecisse
747 2957 1195 3013 monachorum.
1231 2958 1428 3030 Longo
1486 2957 1642 3013 enim
1679 2959 1804 3030 jam

162 3051 446 3104 transacto
479 3051 766 3118 tempore,
799 3045 962 3100 locus
1007 3044 1225 3100 ibidem
1275 3045 1496 3118 absque
1534 3046 1744 3102 abbate
1775 3064 1810 3101 a

162 3136 481 3208 prmpositis
524 3135 855 3206 regebatur.
889 3133 997 3200 Qui
1054 3138 1354 3207 gratanter
1409 3133 1574 3190 illum
1630 3134 1812 3191 susci-

165 3228 340 3298 piens,
358 3225 616 3300 regulari
649 3225 1012 3282 districtione
1035 3241 1278 3296 qumque
1310 3230 1599 3296 repererat
1621 3225 1806 3292 devia,
1853 3287 1859 3300 __

1903 645 2168 702 dimcesis
2201 647 2589 721 Lingonensis
2617 649 3059 721 intelligendum
3089 654 3198 720 est,
3234 649 3332 706 ubi
3363 649 3556 706 hacte-

1904 751 2017 791 nus
2075 740 2263 791 exstat
2319 737 2612 808 prioratus
2670 738 2943 810 prmdicto
3000 743 3202 796 sancto
3262 741 3552 797 Germano

1903 824 2399 895 subjectus.Mitto
2431 826 2545 882 alia
2575 826 2762 882 multa
2792 845 2920 900 qua:
2948 829 3007 884 in
3031 830 3155 900 jam
3189 829 3344 886 dicta
3374 829 3552 886 histo-

1903 912 1989 967 ria
2019 913 2295 969 abbatum
2327 915 2512 970 sancti
2554 916 2825 971 Germani
2858 919 2928 972 de
2959 917 3224 974 Heldrieo
3255 918 3548 992 leguntur,

1903 1001 2076 1071 cujus
2097 1004 2292 1058 obitus
2319 1009 2448 1074 post
2478 1023 2662 1060 annos
2692 1006 2924 1060 circiter
2939 1009 3004 1060 21
3040 1008 3343 1079 regiminis
3365 1006 3549 1063 conti-

1904 1089 2060 1161 gisse
2110 1091 2324 1148 dicitur
2357 1111 2448 1149 xxx
2477 1095 2744 1150 Kalendas
2770 1097 3048 1152 Januarii.
3079 1097 3133 1152 Is
3164 1097 3392 1152 videtur
3420 1096 3550 1152 Hel-

1905 1178 2104 1234 dricus
2135 1199 2168 1235 a
2213 1183 2354 1252 Syro
2413 1181 2687 1238 laudatus
2716 1183 2774 1238 in
2807 1185 3105 1256 sequentis
3137 1185 3278 1241 Vitae
3309 1185 3458 1242 libro
3488 1203 3549 1254 II,

1904 1269 2057 1339 apud
2086 1269 2356 1324 Ottonem
2389 1271 2666 1343 Magnum
2702 1295 2728 1321 «ι
2763 1271 2820 1326 in
2852 1272 3041 1328 laicali
3074 1273 3331 1346 potentia
3359 1274 3556 1347 princi-

1905 1373 2078 1428 puus,
2116 1358 2214 1430 qui
2240 1360 2536 1430 quondam
2562 1361 2619 1414 in
2645 1359 2813 1416 Italia
2835 1361 2986 1416 inter
3002 1366 3236 1417 cmteros
3266 1362 3554 1434 palatinos

1906 1446 2128 1500 exstitit
2162 1446 2524 1504 honorabilis
2557 1465 2570 1502 :
2606 1450 2706 1521 qui
2759 1448 2919 1505 uxori
2953 1467 3086 1506 cum
3118 1467 3332 1524 magna
3362 1469 3555 1508 rerum

1905 1534 2074 1605 copia
2104 1535 2552 1604 abmnuutians,
2587 1538 2850 1610 deposito
2906 1539 3142 1612 cingulo
3191 1539 3466 1598 Cluniaco
3497 1559 3559 1598 se

1904 1623 2233 1691 conferens,
2266 1625 2418 1680 beati
2466 1626 2760 1682 Benedicti
2792 1644 2852 1682 se
2885 1627 3148 1684 subdidit
3177 1631 3494 1702 proposito.
3527 1653 3556 1684 »

1905 1711 1967 1766 In
2001 1712 2283 1784 prmdicta
2313 1715 2498 1770 sancti
2531 1713 2803 1771 Germani
2837 1716 3116 1772 abbatum
3148 1717 3396 1775 historia
3425 1719 3560 1794 legi-

1904 1804 2023 1871 tur,
2058 1801 2396 1858 Heldricum
2421 1819 2486 1858 eo
2517 1808 2799 1876 tempore,
2825 1823 2940 1878 quo
2972 1806 3286 1864 Botbertus
3316 1825 3414 1864 rex
3439 1809 3556 1865 An-

1905 1889 2284 1946 tissiodorum
2312 1892 2704 1964 expugnabat,
2739 1910 2873 1949 cum
2904 1893 3146 1951 Odilone
3189 1895 3558 1954 Cluniacensi

1907 1979 2117 2035 abbate
2151 1997 2212 2034 se
2241 1979 2615 2036 transtulisse
2641 2003 2667 2030 ‹‹
2691 1982 2764 2038 ad
2796 1981 2955 2038 aliud
2989 1983 3410 2040 monasterium
3439 2003 3558 2040 suae

1906 2069 2113 2124 ditioni
2151 2069 2643 2142 subditum,quod
2666 2070 2988 2126 Beomaum
3012 2072 3380 2146 (Reomaens)
3400 2090 3563 2129 voca-

1907 2162 2046 2214 tur:
2084 2182 2106 2210 »
2144 2159 2300 2230 quod
2360 2159 2786 2214 monasterium
2831 2155 3042 2216 Maiolo
3071 2159 3267 2217 abbati
3298 2161 3564 2234 paruisse

1906 2247 2074 2302 docet
2130 2246 2377 2303 historia
2437 2247 2840 2318 Rcomaensis,
2875 2247 3117 2306 Roverio
3171 2255 3428 2318 auctore,
3463 2251 3564 2308 sed

1907 2353 2021 2391 non
2075 2336 2156 2391 ita
2205 2339 2270 2391 ut
2316 2335 2592 2392 Cluniaco
2637 2337 2938 2409 subjectum
2967 2341 3121 2395 esset
3148 2357 3216 2396 eo
3248 2335 3420 2397 modo
3450 2357 3566 2418 quo

1913 2429 2114 2498 postea
2145 2424 2254 2480 sub
2287 2425 2530 2498 Ilugone
2560 2425 2682 2482 haec
2715 2427 3001 2498 subjectio
3035 2445 3097 2484 se
3124 2426 3352 2485 habuit.

1983 2514 2072 2568 39.
2108 2513 2266 2568 Idem
2302 2515 2360 2568 in
2395 2512 2729 2570 Divionensi
2791 2516 2978 2570 sancti
3010 2516 3254 2590 Benigni
3285 2519 3568 2574 ascetorio

1915 2601 2164 2657 Maiolus
2224 2601 2564 2674 praestitisse
2616 2595 2956 2674 perhibetur
2983 2605 3042 2659 in
3076 2605 3350 2663 chronico
3400 2608 3566 2664 Beni-

1913 2688 2351 2762 gniano.Bruno
2373 2690 2666 2763 siquidem
2691 2691 3079 2764 Lingoncnsis
3105 2694 3355 2750 antistes
3371 2695 3566 2752 locum

1914 2779 1971 2834 in
1999 2779 2210 2834 melius
2249 2781 2563 2836 reformare
2592 2779 2814 2848 volens,
2841 2780 3117 2836 Maiolum
3150 2783 3296 2838 adiit
3326 2783 3454 2856 ejus
3486 2785 3568 2840 rei

1915 2867 2103 2940 gratia
2131 2884 2144 2923 :
2182 2891 2210 2918 (ι
2242 2867 2424 2940 Cujus
2455 2869 2728 2941 precibus
2757 2869 2940 2924 ﬂexus
2989 2871 3341 2928 reverendus
3385 2873 3570 2930 abbas

1917 2955 2167 3012 Maiolus
2225 2956 2386 3012 dedit
2434 2955 2483 3012 ei
2517 2956 2852 3012 duodecim‘
2883 2958 3202 3014 monachos
3257 2959 3570 3034 disciplina

1917 3047 2132 3101 sancta:
2165 3043 2463 3118 religionis
2503 3045 2840 3113 instructos,
2872 3046 3070 3102 divina
3098 3051 3158 3102 et
3185 3048 3448 3105 humana
3477 3067 3570 3105 sa-

1919 3133 2137 3206 pientia
2157 3133 2691 3203 doetos,nobilitate
2713 3135 2934 3190 carnali
2955 3135 3160 3194 claros.
3178 3137 3280 3193 His
3301 3139 3572 3195 abbatem

1920 3223 2178 3295 praefecit
2236 3223 2597 3280 Willelmum
2651 3223 2908 3293 nomine,
2942 3230 2999 3281 et
3027 3230 3254 3299 patrem
3297 3228 3573 3300 spiritua-

165 3316 229 3370 ad
257 3298 518 3391 unguem
571 3315 839 3371 correxit.
875 3313 1256 3370 Postmodum
1288 3331 1421 3370 vero
1448 3313 1537 3368 vir
1566 3319 1806 3370 sanctus
1837 3298 1880 3367 C
1918 3312 2034 3368 lem
2068 3313 2181 3368 sibi
2213 3312 2592 3386 poscentibus
2625 3312 2762 3369 filiis
2791 3315 2981 3387 petiit.
3006 3298 3048 3367 a
3070 3317 3180 3373 Sed
3214 3317 3285 3373 de
3309 3298 3376 3374 eo
3405 3315 3577 3392 plura

165 3420 225 3459 ac
243 3403 590 3462 venerabilis
613 3401 868 3458 Maiolus
888 3403 1145 3476 praefecit
1166 3401 1384 3458 ibidem
1405 3403 1595 3458 virum
1628 3403 1808 3459 hono-

167 3493 394 3550 rabilem
425 3492 768 3550 Heldricum
793 3491 1197 3564 abbatem,qui
1226 3495 1283 3546 et
1307 3491 1431 3564 ipse
1464 3493 1808 3564 praedictum

166 3579 345 3638 locum
367 3583 438 3638 ad
463 3579 752 3653 regularis
777 3580 927 3635 beati
950 3580 1246 3636 Benedicti
1265 3579 1520 3636 tramitis
1538 3581 1812 3636 informa-

165 3669 238 3724 vit
268 3670 494 3728 callem.
541 3673 724 3738 Quem
757 3670 1069 3742 praedictus
1100 3671 1432 3743 episcopus,
1468 3689 1574 3727 nec
1607 3688 1721 3727 non
1753 3677 1812 3728 et

168 3755 331 3816 frater
348 3763 478 3833 ejus
501 3760 624 3816 dux
646 3759 930 3815 Henricus
953 3758 1137 3814 nimio
1177 3776 1312 3814 cum
1337 3759 1461 3815 suis
1483 3759 1812 3816 dilexerunt

169 3863 423 3905 amore.»
459 3848 557 3905 Sic
607 3845 830 3920 legitur
886 3845 946 3900 in
999 3850 1156 3902 tome
1186 3847 1209 3902 Ι
1242 3845 1611 3902 Bibliotheca:
1657 3847 1810 3902 Lab-

168 3929 370 4006 beanaa,
393 3939 493 3993 ubi
515 3937 657 3992 item
683 3935 840 3990 edita
856 3939 946 3990 est
965 3935 1214 3991 historia
1229 3935 1300 3991 de
1316 3934 1508 3993 Gestis
1529 3935 1810 3992 abbatum

168 4027 340 4081 sancti
398 4024 676 4084 Germani
734 4025 1286 4094 Antissiodorensis,
1321 4024 1380 4080 in
1412 4026 1584 4098 cujus
1623 4024 1812 4098 capite

169 4111 342 4183 primo
365 4115 485 4171 haec
519 4113 712 4170 fusius
742 4115 1114 4182 referuntur;
1139 4117 1314 4186 atque
1348 4113 1600 4170 Heldrici
1633 4115 1809 4170 abba-

171 4201 237 4257 tis
253 4203 463 4262 ibidem
481 4202 778 4260 institutio
792 4202 946 4259 facta
965 4203 1181 4258 dicitur
1195 4226 1222 4252 ‹‹
1237 4220 1390 4258 anno
1403 4203 1633 4259 Domini
1647 4203 1807 4260 989.»

172 4290 267 4355 Qui
290 4293 594 4349 Heldricus
629 4315 656 4342 «
689 4296 924 4364 propter
981 4309 1150 4348 suam
1185 4289 1557 4349 sanctitatem
1588 4298 1646 4350 et
1677 4292 1809 4350 reli-

173 4378 346 4450 gionis
374 4383 662 4440 fervorem
712 4381 918 4437 multis
947 4379 1245 4437 nobilibus
1277 4381 1491 4437 charus
1523 4380 1699 4438 fuerit
1730 4400 1744 4438 :
1784 4405 1804 4431 η

176 4465 226 4521 in
255 4472 417 4543 cuius
447 4469 696 4545 gratiam
734 4492 762 4520 «
792 4467 1142 4527 venerabilis
1169 4470 1285 4526 Deo
1347 4470 1526 4542 digna
1575 4471 1813 4528 ducissa

175 4553 491 4629 Gersendis,
521 4559 820 4632 saepedicti
851 4558 1019 4615 ducis
1041 4553 1315 4632 (IIcnrici)
1339 4576 1482 4614 uxor
1501 4577 1534 4616 a
1552 4559 1672 4615 viro
1693 4577 1810 4615 suo

1918 3401 1978 3458 in
2009 3401 2190 3474 hujus
2217 3402 2350 3458 Vita
2381 3402 2438 3457 in
2471 3401 2682 3458 saeculo
2713 3404 3005 3474 sequenti.

1993 3493 2081 3547 40.
2104 3493 2384 3563 Ejusdem
2408 3492 2624 3564 negotii
2658 3509 2837 3548 causa
2858 3493 3234 3551 Fiscamnum
3257 3496 3576 3553 arcessitus

1919 3584 2009 3635 est
2032 3597 2066 3634 a
2089 3579 2380 3636 Ilicbardo
2402 3581 2900 3636 Nortmannorum
2933 3581 3083 3638 duce
3115 3581 3384 3652 Maiolus,
3419 3589 3485 3640 ut
3515 3585 3575 3641 in

1919 3667 2113 3724 locum
2136 3667 2552 3723 canonieorum
2584 3667 2904 3724 monachos
2936 3667 3090 3724 istuc
3121 3669 3476 3728 restitueret.
3512 3673 3574 3730 Id

1919 3775 2053 3813 vero
2083 3757 2320 3830 aggredi
2348 3755 2535 3812 noluit
2552 3757 2642 3811 vir
2660 3761 2924 3824 sanctus,
2955 3757 3015 3812 ni
3038 3757 3368 3815 Richardus
3390 3760 3572 3818 tribu-

1921 3851 2071 3914 tum,
2099 3845 2294 3918 «quod
2324 3845 2676 3918 pasnagium
2701 3844 2956 3902 dicitur»
2977 3846 3134 3918 (Save.
3159 3865 3202 3904 ιι
3223 3849 3418 3906 Bcncd.
3443 3867 3572 3922 pag.

1919 3937 2068 4005 975),
2104 3933 2361 3990 subditis
2417 3933 2541 3990 suis
2581 3934 2864 3991 relaxaret
2895 3951 2908 3990 :
2941 3937 3092 4008 quod
3125 3953 3261 3992 eum
3293 3938 3427 3994 duci
3459 3957 3574 3996 non

1921 4025 2362 4099 placuisset,res
2383 4023 2455 4080 ad
2477 4022 2754 4080 Willelmi
2779 4023 3010 4081 abbatis
3031 4042 3166 4082 mox
3187 4025 3407 4084 laudati
3428 4032 3574 4084 tem-

1921 4133 2032 4188 pus
2065 4113 2246 4170 dilata
2277 4116 2383 4169 est.

1995 4203 2082 4258 41.
2117 4202 2228 4258 Sed
2253 4201 2502 4258 illustris
2525 4203 2583 4258 in
2607 4203 2814 4275 primis
2837 4202 2941 4259 fuit
2965 4205 3302 4262 reformatio
3331 4207 3578 4263 camebii

1922 4292 2108 4348 sancti
2157 4289 2345 4348 Mauri
2398 4292 2764 4347 Fossatensis
2813 4309 2993 4364 prope
3035 4293 3309 4361 Parisios,
3341 4294 3454 4352 late
3486 4297 3580 4352 de-

1922 4381 2140 4454 scripta
2160 4381 2220 4434 in
2240 4381 2398 4435 Actis
2423 4380 2742 4436 Burchardi
2777 4381 3030 4448 comitis,
3063 4400 3241 4454 quam
3272 4383 3332 4439 in
3364 4383 3576 4441 smeulo

1920 4468 2184 4543 proximo
2218 4470 2555 4524 referemus.
2577 4468 2660 4524 Ibi
2691 4467 2908 4542 quippe
2935 4459 3154 4542 legitur
3181 4471 3353 4528 istius
3383 4488 3574 4529 emno-

1921 4559 2000 4613 bii
2035 4562 2252 4614 statum
2276 4557 2628 4629 Magenardo
2660 4557 2871 4612 abbate
2900 4573 2967 4612 eo
2998 4557 3338 4631 prolapsum
3371 4559 3572 4630 fuisse,

178 4645 344 4714 petiit,
374 4654 431 4704 et
459 4646 718 4706 obtinuit
763 4647 1186 4704 monasterium
1229 4648 1414 4704 sancti
1449 4647 1806 4722 Leodegarii,
1839 4671 1887 4736 Ι)
1922 4651 1987 4702 ut
2017 4647 2197 4736 abbas
2220 4644 2354 4736 ipse
2403 4643 2639 4736 nobili-sp
2667 4644 2929 4736 quidem,
2959 4647 3060 4701 sed
3085 4647 3219 4736 ivitm
3249 4646 3572 4736 solutioris,

177 4735 316 4802 quod
362 4732 674 4810 Campellis
723 4735 956 4806 dicitur,
993 4736 1180 4793 eidem
1219 4737 1532 4804 committi,
1568 4754 1811 4810 sperans
1839 4732 1875 4736 ”
1923 4759 1950 4786 ‹‹
1981 4735 2264 4808 depositis
2294 4732 2739 4790 monachalibus
2768 4732 3151 4807 indumentis,
3184 4735 3574 4808 pretiosarum

176 4815 305 4876 illud
336 4841 436 4896 per
461 4843 597 4882 eum
630 4826 703 4882 ad
734 4825 1023 4898 regularis
1049 4827 1180 4882 vitae
1211 4839 1479 4882 normam
1511 4843 1684 4898 posse
1717 4843 1808 4882 re-
1921 4823 2163 4898 pellium
2209 4821 2568 4897 tegumentis
2625 4827 3022 4893 exornaretur,
3057 4823 3576 4900 calamantumque

179 4905 316 4966 duci.
347 4911 500 4970 Idem
561 4915 717 4973 enim
777 4915 1202 4972 monasterium
1235 4931 1268 4970 a
1297 4913 1462 4971 bonaa
1515 4915 1807 4971 memorias
1918 4913 2208 4986 Optimum
2231 4929 2334 4984 pro
2357 4911 2572 4984 capitio
2591 4911 2804 4967 humili
2827 4911 3001 4984 capiti
3035 4913 3438 4986 imponeret;»
3473 4917 3572 4990 qui

180 4993 500 5059 Theodrada
545 5003 642 5075 (αι.
673 5002 1104 5078 Theogradam)
1132 5002 1336 5077 regina
1391 5001 1635 5076 (scilicet
1689 5001 1811 5059 ﬁlia
1919 5003 2067 5058 ritus
2115 5005 2174 5057 et
2221 4999 2282 5056 in
2341 4999 2473 5056 aliis
2533 5001 2909 5058 monasteriis
2963 5001 3278 5060 Gallicanis
3303 5003 3366 5060 in
3397 5021 3573 5062 usum

182 5078 348 5142 Caroli
370 5088 469 5159 M.;
494 5109 630 5148 nam
675 5091 828 5150 ﬁlias
867 5109 1072 5166 regum
1109 5092 1339 5166 reginas
1365 5092 1478 5148 dici
1503 5109 1632 5148 mos
1661 5094 1806 5161 erat)
1915 5090 2158 5146 venerit.
2192 5089 2567 5146 Burchardus
2623 5088 2734 5146 loci
2791 5091 3188 5148 conditionem
3235 5093 3570 5165 miseratus,

182 5177 548 5236 restauratum
606 5180 813 5249 fuerat,
847 5185 905 5236 et
927 5182 1254 5237 monastico
1286 5178 1478 5236 ordini
1506 5180 1806 5252 mancipa-
1913 5179 2093 5237 Adice
2112 5179 2397 5234 monacho
2420 5177 2736 5251 instigante
2757 5197 2954 5252 regem
2977 5181 3281 5254 Hugonem
3305 5183 3575 5257 interpel-

182 5259 331 5332 lum;
361 5269 458 5324 sed
508 5271 633 5342 jam
695 5271 950 5343 peccatis
1010 5270 1378 5344 exigentibus
1425 5287 1459 5326 a
1490 5269 1806 5342 plusquam
1913 5269 2072 5338 lavit,
2109 5274 2174 5324 ut
2207 5267 2320 5324 sibi
2355 5269 2726 5325 restituendae
2749 5269 2892 5326 inibi
2925 5270 3247 5343 disciplina:
3276 5273 3574 5344 provincia

185 5345 543 5412 ducentorum
593 5377 882 5416 annorum
916 5359 1107 5432 spatio
1139 5358 1213 5414 ab
1243 5357 1424 5430 hujus
1454 5358 1640 5414 sancti
1672 5375 1805 5430 pro-
1916 5359 2717 5416 committeretur.Annuente
2741 5375 2875 5433 rege
2897 5360 3274 5418 Burchardus
3295 5361 3367 5416 ad
3391 5361 3570 5417 Maio-

187 5437 336 5504 positi
365 5441 584 5502 lumine
617 5448 882 5505 funditus
904 5449 1281 5504 exstinctum.
1311 5469 1338 5498 ››
1366 5447 1568 5502 Exstat
1599 5445 1706 5503 hac
1735 5445 1807 5502 de
1917 5448 2037 5504 lum
2052 5446 2430 5520 perrexit,qui
2452 5447 2688 5503 tandem
2707 5449 3568 5522 aegreacquiescens,«acceptis

187 5536 236 5610 te
253 5524 496 5600 diploma
533 5533 791 5592 Botberti
835 5537 988 5610 regis
1019 5537 1077 5591 in
1101 5535 1204 5592 lib.
1239 5555 1293 5592 νι
1317 5537 1396 5592 De
1419 5535 1499 5591 Re
1521 5535 1805 5607 diploma-
1915 5537 2721 5610 perfectioribussuicmnobii
2746 5537 3563 5607 fratribus,»isthucaccessit.

185 5608 304 5680 “ea,
331 5633 456 5692 pag.
487 5624 610 5692 578,
643 5626 741 5681 ubi
793 5608 1140 5698 corrigenda
1187 5626 1409 5681 notatio
1443 5627 1514 5681 de
1543 5625 1806 5681 cmnobio
1917 5608 2310 5682 Solutioribus
2344 5627 2648 5682 monachis
2673 5627 2809 5683 data
2823 5628 3056 5699 optione
3085 5626 3169 5682 vel
3202 5642 3334 5682 cum
3369 5625 3561 5680 Maioli

188 5704 352 5758 Sancti
382 5707 710 5784 Leodegarii
743 5714 1132 5787 Campellensi
1169 5733 1180 5770 :
1217 5713 1374 5787 quod
1406 5731 1519 5770 non
1555 5713 1626 5770 de
1645 5714 1810 5771 Cam-
1916 5715 2224 5786 discipulis
2273 5717 2704 5784 commanendi,
2739 5716 2788 5772 si
2839 5715 3180 5792 regulariter
3233 5712 3561 5780 conversari
