3906 6402
360 389 475 450 731
1481 388 1545 449 S.

1595 388 1871 449 MAIOLI
1914 386 2245 448 ABBATiS
2292 386 2648 448 CLUNIAC.

3704 385 3788 444 732

356 522 611 587 vellent;
647 522 735 575 sin
769 520 986 586 minus,
1020 520 1269 575 abeundi
1321 537 1438 591 quo
1486 519 1715 586 vellent,
1752 520 2011 591 plerique
2041 519 2093 586 A
2126 520 2459 590 pcrdircxit
2481 519 2875 591 (qumrebatur
2895 518 3051 574 enim
3084 519 3217 590 ejus
3247 517 3561 574 sententia
3587 517 3659 571 de
3682 534 3787 588 pra.

357 615 475 668 vias
533 611 709 667 cordis
757 611 972 681 proprii
1020 609 1461 679 protelegeruut,
1514 609 1757 679 ipseque
1835 610 2017 663 abbas

359 701 767 773 Magcuardus,
809 724 827 746 α
868 698 1083 753 nobilis
1117 698 1407 769 progenie,
1445 722 1470 745 ››
1505 699 1763 768 quippe»
1801 716 1866 751 ex
1890 717 2019 751 san-

352 790 640 859 guinitate
698 787 974 841 Ausoaldi
1038 785 1292 839 divitis»
1359 786 1501 840 civis
1564 786 1829 849 l’arisiui,
1898 810 1918 834 α
1957 786 2013 839 in

353 875 681 931 coenobium
700 876 886 929 sancti
907 875 1275 945 Mam-Lquod
1292 873 1722 928 Glaunafolinui
1743 875 2011 939 dicitur,»

352 970 492 1020 tunc
528 965 854 1019 l’ossateusi
890 964 1248 1033 subjectum,
1284 986 1309 1010 ‹‹
1347 962 1729 1017 transmissus
1754 968 1861 1017 est.
1888 988 1910 1010 n
1948 966 2017 1016 At

351 1059 592 1109 sanctus
626 1052 873 1107 Maiolus
899 1053 1238 1123 prardicturu
1264 1052 1453 1105 locum
1485 1076 1508 1099 υ
1535 1070 1665 1105 cum
1690 1051 1812 1105 suis
1837 1053 2015 1105 susei-

352 1143 523 1214 piens
584 1142 909 1207 umuachis,
958 1141 1386 1195 (llr-‘tl'lclimutlu
1449 1140 1736 1210 regularis
1792 1140 2015 1193 ordinis

349 1230 613 1285 districto
645 1231 954 1284 observare
986 1230 1179 1299 eo‘pit.
1214 1253 1240 1277 ››
1279 1231 1419 1297 Ejus
1472 1235 1673 1298 rogatu
1726 1230 1889 1297 llugo
1920 1247 2015 1282 rex

351 1320 409 1373 in
442 1319 785 1374 alimoniam
820 1320 1065 1372 fratrum
1101 1319 1390 1371 concessit
1420 1317 1619 1371 villam
1657 1318 2011 1383 Mausiuucs,

347 1408 485 1463 dato
527 1407 871 1479 diplomato,
907 1407 1060 1478 quod
1101 1410 1291 1460 exstat
1324 1407 1378 1459 in
1417 1405 1519 1459 lib.
1546 1424 1597 1460 v1
1624 1406 1701 1461 De
1726 1406 1804 1460 lle
1827 1405 2012 1476 diplo-

349 1497 588 1560 matica,
620 1513 753 1569 pag.
785 1496 911 1562 576,
950 1518 975 1542 ‹‹
1012 1513 1086 1549 xu
1125 1494 1246 1548 Kal.
1277 1494 1439 1561 Julii,
1477 1494 1679 1548 indict.
1716 1498 1770 1561 2,
1798 1512 1950 1549 anno
1980 1498 2013 1548 2

347 1590 631 1657 regnante
694 1586 935 1657 Ilugonc
990 1601 1142 1654 rege,
1174 1610 1191 1630 υ
1229 1584 1286 1638 id
1333 1590 1422 1639 est
1456 1602 1608 1638 anno
1638 1583 1851 1637 Christi
1885 1584 2009 1649 969,

350 1692 465 1731 non
492 1675 943 1747 praecedente,ut
965 1674 1086 1728 Odo
1110 1672 1436 1728 monachus
1457 1672 1515 1727 in
1540 1672 1672 1726 Vita
1690 1672 2009 1727 Burchardi

345 1763 600 1830 comitis,
666 1762 884 1834 aliique
943 1761 1097 1817 male
1149 1761 1513 1833 interpretati
1573 1764 1731 1816 sunt.
1793 1761 2009 1816 Verum

342 1851 595 1909 Maiolus
617 1850 960 1906 Cluniacum
979 1850 1204 1922 regredi
1229 1851 1689 1917 eoactus,locum
1713 1850 2011 1906 commisit

345 1966 366 1991 σι
403 1942 638 1997 cuidam
702 1939 972 2012 religioso
1031 1940 1174 2006 viro,
1222 1940 1457 1994 nomine
1518 1939 1791 2004 Teutoni,
1825 1957 1998 2010 quem

338 2029 615 2086 Cluniaco
648 2047 850 2084 secum
880 2028 1220 2083 adduxerat.
1258 2051 1284 2078 ››
1327 2028 1569 2099 Hugonc
1602 2046 1735 2098 rege
1770 2032 2000 2083 mortuo

339 2136 475 2174 cum
498 2116 747 2173 Maiolus
770 2134 836 2172 eo
860 2116 1065 2172 reverti
1095 2120 1492 2184 cunctaretur,
1527 2117 1841 2171 Rotbertus
1873 2118 2001 2187 ejus

335 2207 495 2263 filius
529 2228 556 2256 «
588 2205 835 2262 consilio
866 2209 923 2259 et
950 2204 1187 2260 hortatu
1247 2205 1480 2260 comitis
1527 2205 1717 2260 eidem
1751 2205 2000 2260 Teutoni
2037 2195 2041 2198 ’

337 2297 560 2352 donum
601 2294 848 2351 abbatize
883 2294 1072 2348 isdem
1113 2312 1209 2349 rex
1252 2294 1431 2359 dedit,
1454 2311 1706 2365 cumque
1728 2295 1999 2349 abbatem

336 2386 610 2441 ordinare
641 2384 936 2456 praecepit.
972 2384 1133 2448 Quod
1175 2400 1309 2437 cum
1344 2385 1414 2438 ad
1450 2401 1623 2438 aures
1653 2383 1996 2438 Cluniacen-

340 2474 497 2530 sium
532 2473 911 2546 pervenisset,
946 2471 1111 2527 valde
1170 2470 1370 2527 tristes
1427 2473 1613 2527 effecti
1672 2477 1830 2539 sunt,
1866 2473 2005 2544 quia

340 2562 657 2635 cupiebant
704 2560 818 2617 sibi
864 2561 1060 2633 ipsum
1094 2561 1286 2616 locum
1322 2561 1378 2615 in
1412 2560 1620 2616 cellam
1655 2562 1936 2631 redigere.
1972 2585 1998 2613 ››

338 2654 413 2708 At
435 2653 757 2707 Teutoncm
782 2648 873 2721 (de
893 2667 1006 2721 quo
1032 2649 1200 2721 plura
1224 2649 1490 2715 inferius)
1516 2654 1758 2705 curante
1792 2650 2002 2705 Maiolo

340 2741 611 2797 abbatem
639 2737 718 2793 ibi
741 2737 1080 2793 institutum
1108 2739 1473 2810 puto.l\'eque
1498 2738 1653 2793 enim
1677 2740 1817 2793 dum
1847 2741 2001 2811 apud

339 2829 755 2886 Cluniacenscs
788 2827 1019 2899 vigebat
1042 2845 1169 2882 mos
1194 2826 1287 2881 ille
1310 2827 1575 2882 abbatias
1609 2828 1907 2899 redigendi
1944 2828 2001 2882 in

340 2918 518 2975 cellas
536 2935 548 2971 ί
566 2918 666 2972 sed
689 2916 1000 2972 coabbates
1017 2915 1479 2971 instituebantur
1502 2917 1611 2969 sub
1636 2916 2003 2971 Cluniacensi

342 3007 576 3070 abbate,
602 3009 989 3076 praeterquam
1014 3004 1072 3059 in
1098 3004 1427 3060 minoribus
1452 3005 1846 3073 monasteriis,
1876 3024 2003 3077 quce

340 3099 484 3150 tunc
505 3115 531 3142 ‹‹
549 3091 1009 3159 abbatize,cella3,
1027 3096 1084 3147 et
1105 3092 1501 3160 obedientiaz,»
1529 3110 1684 3148 nunc
1711 3094 2003 3165 prioratus

344 3181 737 3255 appellantur.
772 3181 884 3236 Sed
946 3180 1054 3235 hac
1104 3182 1175 3236 de
1223 3198 1282 3236 re
1333 3182 1523 3237 fusius
1566 3182 1623 3236 in
1668 3184 2003 3254 praafatione

2130 608 2321 663 latura
2352 610 2534 680 patris
2558 608 2755 675 vestri)
2790 608 2939 663 inter
2969 613 3175 662 mulera
3206 608 3293 663 sic
3326 608 3474 663 dicit
3513 624 3526 661 :
3568 607 3786 661 Pcrmm

2129 698 2367 768 quidem
2402 697 2563 751 vobis
2601 697 2726 767 jam
2779 696 2921 751 olim
2965 696 3170 751 infami
3204 697 3667 752 conversatione
3697 704 3787 749 erat

2130 788 2377 849 famosa,
2410 809 2436 834 η
2471 791 2579 839 etc.
2616 786 2795 855 Cujus
2820 785 2995 839 fuerit
3028 784 3145 839 lure
3169 785 3447 856 epistola,
3481 784 3706 847 Maioli,
3736 803 3787 837 an

2126 874 2360 944 Egberti
2384 880 2549 941 (nam
2576 879 2818 945 uterque
2842 873 3147 928 consultus
3173 875 3408 941 fuerat),
3434 873 3577 927 inde
3606 892 3713 926 non
3741 872 3789 925 lio

2129 969 2286 1035 quet.
2324 963 2585 1019 Gerberti
2630 963 2877 1035 epistola
2908 966 2977 1016 88
3013 963 3231 1033 scripta
3263 967 3355 1017 est
3394 986 3413 1009 α
3454 981 3527 1016 ex
3568 980 3789 1032 persona

2124 1053 2507 1107 Adalberouis
2548 1052 2967 1123 archiepiscopi
2990 1052 3185 1105 abbati
3210 1051 3425 1105 Maiolo
3452 1050 3787 1105 Cluniacen-

2126 1142 2228 1207 si,»
2248 1160 2314 1195 ex
2337 1159 2453 1211 qua
2476 1141 2745 1211 Colligere
2768 1139 3123 1205 licet,l\laioli
3155 1158 3285 1193 eam
3311 1139 3639 1210 epistolam
3664 1156 3787 1199 esse,

2125 1233 2294 1300 cujus
2354 1232 2528 1284 verba
2590 1231 2644 1283 in
2706 1229 2955 1300 epistola
2986 1232 3057 1282 95
3089 1231 3452 1283 referuntur.
3524 1228 3787 1282 Maiolum

2124 1320 2339 1391 quippe
2391 1320 2585 1389 arguit
2634 1317 2944 1384 Adalbero,
2975 1319 3129 1388 quod
3167 1318 3223 1371 in
3260 1317 3371 1371 hac
3419 1334 3616 1371 causa
3645 1314 3789 1371 aliter

2124 1409 2340 1464 scribat
2373 1427 2548 1479 quam
2592 1427 2651 1462 se
2674 1412 2858 1478 gerat.
2887 1430 2913 1455 (ι
2940 1406 3223 1462 Praeclara
3254 1406 3529 1477 quidem,
3571 1405 3679 1472 ait,
3711 1423 3788 1459 ex-

2124 1496 2377 1551 hortatio
2396 1501 2585 1549 vestra
2604 1495 2658 1549 in
2682 1512 3050 1567 pervaserem
3069 1514 3081 1561 ;
3098 1495 3201 1550 sed
3220 1512 3353 1549 cum
3375 1495 3678 1566 scriptum
3703 1500 3788 1549 su:

2122 1588 2255 1650 Qum
2281 1584 2453 1656 υωμίι
2473 1586 2646 1640 Jesus
2668 1586 2856 1639 facere
2878 1588 2935 1638 et
2958 1585 3185 1650 docere,
3220 1602 3327 1638 cur
3356 1583 3605 1639 diversa
3630 1584 3793 1654 impc-

2122 1675 2228 1742 ria,
2263 1676 2493 1729 diversa
2543 1673 2671 1728 coeli
2721 1673 2960 1728 climata
3018 1673 3406 1745 praetenditis,
3438 1676 3507 1727 ut
3543 1672 3598 1727 ei
3633 1688 3791 1745 quem

2121 1780 2285 1818 reum
2309 1760 2764 1830 statuistis,aliis
2780 1780 2893 1816 non
2923 1761 3515 1817 communicantibus
3539 1777 3793 1816 commu-

2039 1886 2087 1950 Β
2122 1852 2329 1907 nieetis
2350 1852 2377 1905 ‘l
2409 1850 2794 1907 Detestamini
2847 1868 2982 1923 ergo
3016 1868 3414 1923 pervasorem,
3445 1850 3679 1905 sentiat
3708 1866 3794 1904 vos

2116 1941 2227 1995 sibi
2281 1958 2396 1995 non
2433 1941 2639 2007 favere,
2673 1958 2789 1994 non
2823 1939 2936 1994 sibi
2969 1940 3431 2005 communicare,
3465 1957 3539 1993 ac
3569 1956 3679 2011 per
3705 1956 3792 1993 vos

2112 2048 2226 2083 non
2260 2029 2451 2083 solum
2487 2045 2753 2099 quosque
2797 2027 3105 2101 religiosos
3162 2028 3342 2084 vestri
3403 2028 3666 2095 ordinis,
3703 2029 3791 2082 sed

2110 2119 2308 2185 etiam,
2335 2118 2384 2172 si
2416 2117 2539 2172 fieri
2574 2122 2787 2189 potest,
2826 2118 3073 2172 Romani
3115 2116 3416 2189 pontiﬁcis
3450 2134 3514 2173 se
3551 2117 3794 2173 maledi-

2111 2208 2219 2262 ctis
2244 2207 2493 2277 urgeri.»
2521 2207 2630 2261 Sed
2656 2211 2712 2261 et
2735 2205 2850 2260 alia
2877 2205 3067 2278 ipsius
3099 2205 3368 2261 Gerberti
3400 2207 3473 2261 ad
3509 2205 3793 2262 Maiolum

2111 2295 2359 2367 epistola
2377 2298 2448 2349 70
2469 2296 2671 2351 eodem
2696 2294 2902 2350 tendit.
2935 2317 2954 2345 ι
2982 2294 3105 2352 Etsi
3130 2294 3397 2366 vigilanti
3434 2312 3586 2350 cura
3620 2311 3793 2366 super

2110 2388 2301 2439 vestro
2326 2400 2498 2455 grege
2526 2383 2793 2454 occupati
2817 2382 2981 2450 estis,
3018 2383 3420 2455 propensioris
3460 2388 3555 2438 est
3586 2387 3785 2438 tamen

2114 2473 2436 2540 charitatis,
2471 2472 2519 2527 si
2554 2471 2725 2527 alieni
2759 2471 2953 2543 gregis
2978 2471 3248 2543 contagio
3309 2471 3618 2527 interdum
3674 2488 3787 2525 me-

2113 2562 2354 2617 demini.
2392 2561 2777 2615 Floriacensis
2837 2560 3080 2615 cumobii
3123 2564 3364 2632 prepter
3393 2560 3783 2616 reverentiam

2114 2650 2601 2724 patrisllcnedicti
2618 2667 2919 2705 summum
2942 2650 3138 2705 locum
3154 2667 3331 2721 penes
3353 2650 3704 2714 monachos,
3730 2655 3788 2703 ut

2114 2740 2301 2806 aiunt,
2335 2756 2609 2810 pervasor
2658 2738 2982 2810 occupavit.
3019 2739 3079 2793 Si
3112 2756 3218 2793 vos
3270 2738 3502 2803 tacetis,
3539 2739 3679 2809 quis
3710 2737 3787 2792 lo-

2114 2828 2379 2900 quetur?
2402 2827 2511 2882 hoc
2545 2828 2885 2893 incorrecto,
2913 2827 3047 2899 quis
3080 2828 3386 2898 improbus
3417 2827 3645 2883 similia
3675 2844 3783 2880 non

2119 2916 2417 2990 sperabit?
2450 2917 2567 2971 Nos
2598 2917 2836 2987 quidem
2871 2916 2991 2970 Ι]ωο
3022 2915 3143 2971 zelo
3178 2917 3358 2970 divini
3389 2916 3617 2971 amoris
3648 2916 3785 2970 diei-

2114 3011 2335 3073 mus,et
2366 3010 2431 3060 ut
2462 3010 2660 3060 nostro
2684 3005 3025 3074 cxaminc,si
3051 3007 3272 3077 probus
3294 3005 3742 3076 cst,recipiatur
3767 3022 3779 3069 ;

2113 3096 2161 3149 si
2182 3094 2781 3165 improbus,0mnium
2810 3094 3089 3148 abbatum
3123 3111 3188 3148 ac
3219 3092 3533 3148 monastici
3557 3091 3781 3147 ordinis

2115 3183 2389 3238 societate
2420 3183 2493 3237 ad
2543 3200 2774 3254 pomum
2834 3200 2952 3237 sua:
3013 3181 3413 3237 damnationis
3472 3182 3777 3253 privetur:

342 3272 569 3327 dictum
593 3276 703 3325 est.
738 3270 800 3325 In
824 3270 1150 3340 majoribus
1192 3288 1321 3325 vero
1362 3271 1642 3327 ccenobiis
1683 3272 1783 3326 ubi
1816 3273 2004 3330 vivere
2032 3253 2074 3319 Ο
2116 3274 2270 3345 quod
2292 3273 2456 3327 vobis
2479 3278 2692 3339 ratum,
2726 3271 2936 3326 litteris
2962 3270 3170 3327 vestris
3188 3269 3357 3327 nobis
3376 3271 3474 3325 {iet
3494 3270 3780 3341 acceptis-

342 3361 598 3417 desierat
628 3359 699 3427 is,
734 3375 905 3430 quem
942 3358 1035 3413 sui
1070 3359 1195 3414 loco
1226 3360 1408 3415 abbas
1443 3359 1843 3416 Cluniacensis
1874 3366 2000 3417 tum

342 3449 701 3515 instituerat,
738 3448 965 3502 redibat
996 3448 1068 3502 ad
1102 3448 1421 3504 monachos
1451 3450 1579 3521 ejus
1612 3450 1854 3505 emnobii
1878 3462 2003 3523 pro-

341 3539 539 3612 prium
567 3537 840 3592 abbatem
875 3536 1124 3608 eligendi
1162 3537 1428 3593 facultas.

414 3629 502 3682 42.
525 3625 665 3681 Tale
699 3628 823 3680 erat
864 3625 1225 3681 Floriaccnse
1259 3628 1706 3691 monasterium,
1742 3630 1893 3700 quod
1928 3630 2002 3683 ab

338 3716 539 3773 Odone
582 3715 795 3769 abbate
846 3715 918 3769 ad
962 3715 1298 3787 regularum
1356 3718 1536 3771 vitam
1598 3718 1998 3785 reformatum,

339 3806 544 3876 postea
572 3801 763 3856 varias
790 3801 993 3856 turbas
1032 3802 1314 3857 sustinuit
1347 3804 1401 3858 in
1429 3804 1695 3875 eligendo
1721 3810 1849 3876 post
1870 3805 2001 3877 Oyl-

337 3890 495 3947 boldi
529 3892 616 3958 (ut
645 3893 809 3961 puto)
834 3894 1083 3944 mortem
1121 3891 1351 3946 abbate.
1382 3892 1527 3946 Nam
1554 3910 1687 3947 cum
1712 3894 2001 3964 superbus

338 3980 580 4053 quidam
615 3978 941 4033 monachus
974 3995 1075 4049 per
1125 3980 1437 4034 factionem
1489 3980 1754 4035 intrusus
1796 3981 2002 4037 fuisset

338 4070 399 4124 in
423 4069 551 4138 ejus
572 4066 682 4120 loci
707 4065 1085 4136 rcgimen,pii
1119 4067 1337 4138 quique
1370 4069 1455 4123 uti
1491 4087 1593 4140 pro
1619 4070 1792 4125 domo
1815 4071 1911 4125 Dei
1939 4089 2000 4126 se

338 4157 764 4228 opposuerunt,
797 4154 855 4207 in
908 4154 1116 4225 primis
1176 4156 1513 4224 Gerbcrtus,
1576 4160 1746 4229 cujus
1802 4159 2000 4231 plures

339 4246 450 4301 hac
479 4244 549 4298 de
581 4259 640 4297 re
690 4241 948 4314 epistolce
984 4247 1254 4307 ,exslant.
1290 4244 1416 4300 Una
1473 4251 1561 4301 cst
1621 4248 2000 4319 nonagesima

339 4332 549 4407 quinta
606 4331 675 4385 ad
739 4331 951 4386 fratres
1012 4331 1407 4389 Floriacenscs
1461 4350 1527 4388 ex
1589 4352 1837 4405 persona
1897 4337 2000 4393 Rc-

339 4421 632 4479 mensium
667 4420 968 4476 abbatum.
1012 4443 1037 4469 ‹‹
1073 4420 1198 4476 Non
1232 4421 1547 4488 immerito,
1581 4422 1875 4495 inquiunt,
1893 4443 1999 4481 nos

338 4512 517 4568 unius
550 4508 779 4583 collegii
812 4525 939 4565 esse
974 4511 1338 4582 profitemur,
1374 4511 1475 4583 qui
1504 4517 1697 4567 vestra
1726 4513 1998 4569 felicitate

337 4600 642 4673 erigimur,
676 4602 867 4654 vestro
919 4600 1238 4656 infortunio
1282 4601 1459 4656 etiam
1501 4601 1772 4673 opinione
1803 4602 2000 4657 claris-
2028 4628 2075 4693 Β

340 4689 627 4745 simorum
687 4686 994 4743 hominum
1053 4688 1459 4744 humiliamur.
1495 4689 1655 4745 lianc
1689 4690 1996 4747 sanctissi-

338 4792 498 4830 mam
512 4774 850 4831 societatem
866 4777 1379 4850 castissimamque
1394 4778 1711 4834 amicitiam
1728 4797 2004 4850 quorum-

339 4864 475 4918 dam
498 4863 676 4917 fmdat
688 4864 931 4921 ambitio
954 4865 1562 4936 lasciva,detestabilis
1586 4868 1998 4935 audacia,dum

339 4969 444 5025 per
465 4941 781 5006 factionem
801 4952 851 5007 is
870 4954 1035 5010 vobis
1068 4956 1385 5027 praeficitur
1406 4961 1589 5027 pater,
1622 4975 1796 5030 quem
1819 4958 1996 5014 veris-

339 5039 472 5092 simi
498 5055 613 5092 non
642 5043 905 5095 metuant
926 5043 1208 5099 damnare
1232 5044 1460 5101 Patres:
1486 5051 1541 5101 et
1564 5049 1855 5118 quomodo
1882 5067 2000 5104 una

340 5131 430 5182 est
458 5125 719 5181 Ecclesia
748 5128 1055 5196 catholica,
1090 5137 1557 5204 cunctorumquc
1590 5134 1851 5190 ﬁdelium
1881 5155 1999 5193 una

342 5214 650 5277 societas,a
670 5217 975 5273 sententiis
997 5237 1198 5273 eorum
1224 5238 1334 5273 non
1360 5221 1587 5276 deviare
1609 5223 1993 5293 decrevimus,

341 5304 441 5376 qui
466 5303 523 5356 in
549 5300 806 5356 Ecclesia
828 5303 1077 5369 Domini,
1112 5307 1271 5362 velut
1308 5308 1646 5362 clarissima!
1670 5310 1871 5377 stcllzr,
1908 5330 1994 5366 re-

342 5390 542 5445 lucent
563 5390 622 5441 in
644 5393 955 5459 perpetuas
977 5394 1348 5448 mternitates.
1374 5397 1455 5448 An
1488 5413 1603 5449 non
1628 5396 1997 5456 lucidissima

341 5481 432 5534 est
452 5475 621 5532 stella
645 5479 995 5532 reverendus
1019 5486 1183 5549 pater
1204 5482 1451 5536 Maiolus
1472 5482 1500 5535 ‘?
1521 5500 1592 5536 an
1620 5500 1732 5537 non
1766 5487 1994 5555 prmful-

342 5567 545 5639 gidum
570 5562 736 5617 sidus
758 5569 922 5635 pater
942 5566 1450 5635 Egberdus?Alter
1471 5570 1529 5622 in
1552 5571 1797 5640 epistola
1819 5592 1994 5646 quam

343 5652 496 5730 patri
520 5655 718 5708 nostro
739 5653 1049 5707 venerabili
1072 5654 1419 5710 Adalberoni
1445 5656 1880 5733 archiepiscopo
1896 5683 1996 5720 nu-

2112 3360 2353 3417 simum.
2396 3384 2415 3408 »
2454 3362 2533 3415 Ex
2562 3360 2671 3415 hac
2705 3359 2952 3432 cpistola
2980 3358 3390 3432 intelligimus,
3417 3359 3574 3430 quod
3607 3375 3780 3430 supe-

2113 3450 2237 3505 rius
2271 3449 2632 3516 dicebamus,
2670 3448 3035 3503 Floriacense
3082 3446 3509 3502 monasterium
3564 3444 3779 3502 Maiolo

2113 3539 2295 3594 fuisse
2308 3535 3777 3608 alimigrcgis,acproiudeCluniacohaudquaquam

2114 3628 2467 3697 subjectum,
2501 3625 2735 3681 tametsi
2787 3644 2890 3697 per
2939 3631 3209 3680 sanctum
3270 3626 3556 3690 Odoncm,
3591 3623 3693 3696 qui
3725 3628 3780 3678 et

2114 3715 2329 3771 ibidem
2366 3714 2547 3769 abbas
2582 3714 2711 3779 fuit,
2734 3714 2804 3768 ad
2839 3713 3165 3785 regularem
3197 3713 3375 3767 vitam
3409 3713 3775 3767 restitutum.
3801 3773 3813 3782 .

2184 3806 2271 3859 43.
2308 3802 2448 3869 Quis
2473 3803 2644 3857 fuerit
2673 3803 2961 3873 Egbertus
2994 3821 3094 3856 seu
3126 3803 3422 3857 Ebrardus
3455 3802 3641 3856 abbas
3660 3800 3776 3867 ille,

2112 3894 2184 3947 ad
2203 3910 2378 3963 quem
2411 3892 2747 3957 Gerbertus,
2770 3896 3048 3963 tanquam
3074 3892 3145 3945 ad
3178 3891 3429 3945 alterum
3464 3889 3779 3945 nionastici

2111 3982 2334 4036 ordinis
2352 3981 2835 4045 sidus,deeodem
2858 3985 3207 4051 argumento
3241 3980 3464 4048 scribit,
3484 3997 3601 4033 non
3634 3978 3777 4034 satis

2111 4070 2465 4142 explicatum
2499 4075 2607 4124 est.
2637 4070 2780 4123 Tres
2804 4070 2874 4123 ad
2904 4086 3037 4124 cum
3072 4069 3336 4123 Gerberti
3367 4069 3648 4140 leguntur
3665 4067 3782 4139 epi-

2111 4159 2292 4225 stolae,
2316 4175 2524 4230 nempe
2550 4159 2612 4212 81
2664 4162 2721 4211 et
2750 4160 2820 4211 89
2850 4163 3051 4212 contra
3082 4157 3412 4212 invasorcm
3444 4156 3779 4211 Floriaccn-

2111 4266 2256 4315 sem,
2290 4252 2345 4302 et
2380 4248 2443 4301 44
2476 4248 2544 4302 de
2576 4264 2635 4300 re
2667 4246 2970 4301 litteraria.
3008 4246 3139 4300 ΙΙωο
3182 4245 3265 4299 ita
3310 4245 3597 4316 inscripta
3639 4251 3729 4299 est
3760 4261 3772 4297 ε

2110 4338 2333 4407 Egberto
2363 4337 2549 4392 abbati
2585 4337 2894 4391 Turoncnsi
2918 4353 2930 4401 ;
2952 4334 3078 4389 alite
3098 4335 3361 4406 Egbcrdo,
3382 4340 3439 4389 et
3466 4335 3537 4390 ad
3557 4332 3777 4402 margi-

2109 4442 2243 4481 nem
2304 4424 2421 4481 alia
2476 4430 2564 4479 est
2620 4424 2876 4496 ascripta
2935 4422 3127 4490 lectio,
3164 4423 3402 4479 Evrardo
3431 4431 3483 4479 et
3510 4422 3773 4477 Ebrardo.

2109 4514 2347 4586 Scripta:
2371 4518 2511 4568 sunt
2542 4513 2628 4567 hac
2661 4511 2945 4584 epistolae,
2966 4517 3031 4566 ut
3059 4529 3194 4565 mox
3220 4512 3513 4577 dicemus,
3547 4511 3659 4565 sub
3679 4527 3778 4565 an-

2110 4620 2251 4657 num
2269 4604 2397 4668 987,
2417 4619 2532 4674 quo
2550 4606 2814 4673 tempore
2831 4600 3143 4656 Bernerius
3176 4599 3383 4671 Majori
3415 4598 3775 4653 monasterio

2110 4696 2375 4764 praeerat,
2420 4690 2605 4747 sancti
2664 4689 2886 4746 Juliani
2945 4688 3208 4744 ccenobio
3265 4687 3561 4757 Evrardus,
3596 4704 3774 4758 quem

2110 4780 2303 4852 ipsum
2339 4796 2467 4835 esse
2495 4783 2657 4851 puto,
2688 4778 2781 4833 cui
2814 4778 2935 4833 ista:
2965 4776 3221 4849 epistola:
3250 4776 3481 4831 directa:
3514 4780 3675 4830 sunt.
3711 4775 3775 4830 In

2108 4868 2344 4925 laudem
2369 4870 2497 4939 ejus
2525 4868 2641 4923 fere
2657 4873 2778 4923 tota
2795 4873 2882 4923 est
2908 4866 3152 4938 epistola
3181 4866 3283 4921 89:
3323 4888 3349 4914 ‹‹
3370 4868 3503 4931 Quae
3539 4880 3772 4919 morum

2109 4958 2367 5030 gravitas
2392 4955 2736 5024 vobisinsit,
2758 4972 2936 5027 quam
2970 4955 3197 5026 integer
3229 4955 3352 5009 vitae
3384 4958 3571 5019 actus,
3592 4968 3773 5025 quam

2110 5063 2323 5119 purum
2343 5044 2664 5116 eloquium,
2686 5043 2890 5100 litterm
2918 5049 3121 5099 vestrm
3141 5041 3335 5115 palam
3358 5043 3639 5097 fecerunt.
3662 5042 3773 5097 Ita-

2108 5152 2222 5207 que
2242 5134 2502 5190 studium
2524 5133 2757 5205 pietatis
2788 5150 2852 5189 ac
2888 5131 3212 5187 severitatis
3230 5135 3433 5186 vestrae
3453 5129 3635 5185 movit
3667 5148 3775 5187 nos

2106 5223 2189 5278 ire
2220 5223 2277 5277 in
2308 5228 2559 5277 vestram
2612 5221 2985 5287 sententiam,
3020 5220 3222 5292 virque
3261 5219 3357 5274 ille.
3387 5219 3504 5274 Deo
3536 5217 3771 5290 plenus,

2107 5313 2179 5367 ad
2205 5328 2379 5383 quem
2413 5310 2662 5365 multam
2718 5311 2892 5364 fidem
2939 5310 3245 5364 habemus.
3277 5308 3773 5363 Submovebimus

2108 5418 2243 5473 ergo
2262 5400 2428 5455 illum
2448 5400 2734 5471 perfidum
2751 5417 2784 5455 a
2798 5399 3071 5454 societate.
3086 5401 3772 5468 nostra,nostrorumque

2098 5489 2323 5561 judicio
2361 5492 2656 5542 tantorum
2692 5489 2930 5542 Patrum
2967 5505 2978 5541 :
3018 5487 3183 5557 isque
3215 5486 3384 5541 nobis
3442 5484 3772 5540 habebatur

2106 5577 2315 5641 hostis,
2351 5576 2451 5646 qui
2488 5576 2543 5629 in
2578 5577 2929 5631 sententiam
2961 5574 3257 5630 revcreudi
3283 5573 3464 5646 patris
3488 5573 3686 5627 Maioli
3717 5580 3771 5628 et

2107 5664 2331 5721 colendi
2356 5663 2539 5736 patris
2559 5665 2807 5737 Egberdi
2831 5666 3017 5720 dicere
3043 5681 3156 5718 non
3173 5663 3418 5718 dicenda
3431 5661 3765 5716 attentabit.
