3906 6356
141 429 259 492 737

1398 425 1747 490 ELOGIUM
1795 421 2306 488 IllSTORlCUM.

3442 432 3563 493 738

135 562 428 630 electione,
462 562 565 617 sed
595 561 775 618 etiam
805 567 1028 618 veteres
1059 560 1295 628 chartm,
1316 577 1442 633 qua:-
1483 558 1789 616 Odilonem
1820 560 1874 624 Α
1907 558 2016 613 bus
2046 558 2232 630 ipsius
2264 560 2601 616 monasterii
2629 562 2701 616 ad
2735 563 3056 635 regendum
3090 562 3313 619 nullam
3350 563 3564 620 habeat

138 651 400 707 abbatem
415 651 730 722 prteferunt
746 657 879 707 ante
896 652 1122 706 obitum
1136 650 1328 706 Maioli
1341 691 1353 704 .
1370 648 1683 706 Electionis
1715 648 1798 701 in-

136 743 524 795 strumentum
540 739 764 794 editum
781 745 871 794 est
885 739 942 794 in
958 739 1112 811 Spici
1125 739 1255 810 legii
1272 742 1427 793 tomo
1441 737 1512 792 Vl
1529 753 1656 808 pag.
1669 738 1795 801 425,

137 827 336 884 iisdem
351 831 702 898 conceptum
717 827 910 882 verbis
922 832 1100 899 atque
1113 827 1315 881 charta
1327 827 1396 881 de
1413 826 1423 878 i
1435 823 1798 897 psiusMaioli

78 927 91 935 ‘
137 915 428 981 electione,
448 932 628 988 quam
651 934 718 972 su
733 917 933 988 perius
955 934 1062 972 suo
1085 915 1210 971 loco
1230 913 1798 987 repraiasentavimus-

139 1007 494 1076 Quapropter
514 1010 812 1076 postrema
833 1009 1064 1060 tantum
1094 1005 1289 1071 verba,
1316 1022 1442 1075 qna‘
1463 1003 1518 1056 in
1538 1001 1803 1057 Odilonis

141 1095 528 1148 instrumento
551 1092 854 1148 electionis
883 1093 1188 1163 leguntur,
1214 1110 1332 1147 una
1352 1090 1798 1162 cumsubscrip-

141 1181 392 1237 tionibus
421 1183 631 1236 referre
655 1183 912 1236 sullieiat
939 1201 951 1237 :
980 1206 1004 1231 ‹‹
1024 1182 1211 1253 llujus
1245 1199 1378 1235 vero
1411 1179 1710 1234 electionis
1742 1184 1800 1232 et

140 1269 521 1327 ordinationis
544 1271 674 1341 ejus
695 1269 912 1324 seriem
939 1287 1043 1341 per
1057 1269 1390 1324 consultum
1415 1273 1502 1337 (ut
1520 1268 1800 1339 diximus)

141 1359 730 1432 primatum,comitis
753 1359 1026 1426 etiam,et
1055 1358 1316 1414 advocati
1352 1358 1534 1412 nostri
1568 1355 1800 1412 llenrici

141 1449 435 1516 ducis,nec
458 1464 572 1503 non
598 1453 654 1502 et
675 1447 1147 1515 Ottonis,litteris
1165 1447 1381 1502 sanciri
1402 1445 1797 1519 prmcipimus,

142 1542 308 1610 atque
339 1535 686 1608 regulariter
707 1534 1060 1591 celebratam
1085 1535 1516 1590 ordinationem
1552 1534 1611 1590 in
1642 1533 1802 1588 Chri-

142 1623 214 1680 sti
234 1625 470 1682 nomine
492 1625 996 1692 confirmavimus,
1011 1629 1068 1679 et
1090 1641 1123 1679 a
1141 1623 1410 1679 Patribus
1432 1640 1497 1678 ac
1519 1623 1800 1678 fratribus

143 1711 374 1779 nostris,
387 1713 627 1787 scriptis
649 1714 982 1768 confirmari
1009 1712 1224 1785 precati
1251 1729 1480 1767 sumus.
1509 1715 1648 1766 Acta
1669 1711 1800 1766 Clu-

143 1801 408 1858 niacense
441 1803 705 1858 emnobio
729 1801 978 1858 feliciter
997 1818 1190 1857 amen.
1207 1803 1324 1872 Ego
1347 1800 1597 1856 Maiolns
1621 1801 1803 1855 abbas

145 1891 272 1947 huic
301 1891 570 1947 electioni
605 1907 917 1947 assensum
941 1891 1160 1962 prmbui
1194 1895 1250 1945 et
1282 1890 1478 1956 subs;
1514 1889 1800 1944 Rodult‘us

145 1997 237 2036 rex
260 1982 463 2048 subs.;
499 1980 876 2036 Burchardns
923 1978 1400 2050 archiepiscopus
1425 1979 1800 2049 (Lugdunen-

147 2068 243 2141 sis)
263 2069 466 2134 subs.;
497 2068 662 2140 llngo
693 2069 1005 2140 episcopus
1039 2066 1391 2122 Genevensis
1419 2067 1582 2122 subs.
1607 2085 1620 2132 ;
1649 2070 1802 2138 Ayn-

147 2159 298 2214 ricus
317 2158 634 2231 episcopus
663 2156 1056 2213 Lausanensis
1081 2157 1278 2222 subs.;
1305 2156 1469 2227 Hugo
1493 2155 1804 2226 episcopus

147 2247 675 2318 (Matisconensis);
707 2247 890 2303 Tento
923 2245 1105 2302 abbas
1160 2244 1572 2317 (Fossatensis)
1595 2243 1758 2298 subs.
1785 2259 1800 2308 ;

150 2335 492 2392 Rich‘fredns
542 2335 760 2404 abbas;
790 2333 1206 2390 Ermenfredus
1256 2333 1605 2405 episcopus;
1661 2333 1803 2388 Bur—

150 2422 395 2479 cbardus
430 2439 658 2490 comes;
694 2423 1044 2478 Lambortus
1075 2439 1301 2489 comes;
1335 2420 1686 2476 Adalbertus
1718 2437 1807 2475 co-

149 2528 293 2579 mes;
329 2511 650 2567 Leotaldus
681 2511 1192 2583 archiepiscopus;
1225 2509 1546 2566 Walterius
1577 2508 1806 2581 episco-

151 2617 252 2672 pus
285 2601 680 2673 (zEduensis);
714 2601 878 2673 Hugo
910 2601 1092 2656 abbas
1118 2618 1131 2668 ;
1163 2599 1351 2672 Wago
1375 2599 1592 2666 abbas;
1627 2599 1809 2654 Theo-

151 2689 350 2746 baldus
371 2689 594 2758 abbas;
627 2689 1074 2744 Warembertus
1105 2689 1318 2756 abbas;
1351 2687 1687 2744 Willelmus
1703 2687 1806 2743 ab-

154 2777 280 2846 bas;
311 2777 568 2834 Maiolns
616 2777 999 2850 praepositus:
1047 2776 1359 2834 Walterius
1414 2775 1804 2848 prmpositus;

155 2867 509 2931 Gundulfns,
530 2865 731 2933 David,
763 2865 1068 2938 Aynricus,
1103 2865 1486 2932 Sendelenus,
1515 2887 1540 2914 »ι
1575 2869 1630 2918 et
1670 2880 1805 2918 cum

156 2955 234 3010 eis
264 2953 540 3011 monachi
572 2960 808 3010 centum
843 2955 1217 3028 septuaginta
1247 2959 1492 3028 septem.

218 3044 301 3101 49.
339 3043 656 3101 Mirabitur
676 3043 922 3098 fortasse
943 3059 1257 3110 nonnemo,
1282 3059 1388 3098 cur
1417 3046 1500 3096 tot
1531 3040 1805 3096 ecclesia-

156 3132 280 3188 stici
311 3151 380 3190 ac
411 3131 728 3189 szeculares
756 3131 864 3188 viri
914 3131 1050 3188 huic
1100 3131 1367 3188 electioni
1413 3131 1806 3196 interfuerint,

152 3218 261 3278 imo
281 3221 463 3277 etiam
485 3220 756 3276 electioni
771 3220 1290 3292 0donis,Aymardi
1307 3225 1366 3275 et
1386 3219 1574 3291 ipsius
1588 3219 1805 3275 Maioli.

1833 1935 1881 2000 B

1907 651 2276 718 potestatem.
2303 671 2330 697 ι»
2367 649 2452 704 Ita
2484 665 2742 721 persmpo
2787 649 3020 718 accidit,
3056 656 3122 706 ut
3169 656 3298 707 acta
3329 651 3567 724 publica

1907 735 2142 789 nomine
2174 736 2386 807 prioris
2417 736 2650 792 abbatis
2681 738 3104 807 conderentur;
3127 738 3444 812 aliquando
3475 743 3563 797 ta-

1908 839 2040 877 men
2073 823 2429 894 posterioris,
2465 829 2530 880 ut
2562 826 2620 881 in
2651 827 2924 898 Aymardi
2954 826 3142 900 elogio
3183 827 3562 884 advertimus.

1975 913 2066 966 51.
2100 915 2223 978 Quo
2269 919 2528 986 tempore
2578 914 2841 970 Odilonis
2891 915 3098 972 electio
3148 915 3436 972 celebrata
3460 917 3559 984 sit,

1911 1017 2022 1055 non
2057 1002 2330 1072 exprimit
2360 1003 2632 1074 superius
2655 1005 3116 1061 instrumentum
3145 1023 3158 1060 :
3185 1007 3288 1061 sed
3309 1023 3376 1061 ex
3394 1006 3561 1061 char-

1867 1153 1870 1158 _
1905 1091 1986 1146 tis
2015 1091 2144 1160 ejus
2168 1091 2402 1146 nomine
2433 1092 2734 1163 inscriptis
2769 1109 2896 1147 eam
2930 1111 3086 1148 anno
3114 1093 3212 1146 991
3248 1093 3565 1166 contigisse

1909 1177 2314 1248 intelligimus.
2337 1179 2535 1250 Itaque
2567 1185 2702 1234 ante
2733 1198 2868 1236 eum
2900 1199 3123 1236 annum
3151 1199 3216 1238 ac
3245 1183 3567 1238 conversio-

1910 1284 2042 1322 nem
2072 1267 2252 1334 venit,
2286 1269 2517 1322 tametsi
2570 1268 2698 1340 ipso
2747 1286 2901 1324 anno
2947 1288 3078 1325 eam
3130 1275 3371 1342 reponat
3401 1272 3566 1343 Hugo

1911 1354 2367 1412 Flaviniacensis
2401 1355 2458 1410 in
2491 1357 2796 1424 Chronico,
2831 1358 2932 1429 qui
2963 1360 3092 1428 ejus
3139 1359 3564 1416 ordinatiOnem

1909 1443 2157 1503 remittit
2178 1443 2235 1497 in
2262 1461 2482 1499 annum
2509 1445 2638 1513 994,
2662 1447 2744 1500 uti
2778 1452 2835 1501 et
2863 1446 3192 1502 Chronicon
3223 1447 3568 1503 Cluniacen-

1909 1549 1993 1598 se,
2028 1548 2240 1604 nempe
2271 1538 2404 1604 post
2435 1533 2662 1589 obitum
2697 1533 2913 1590 Maioli.
2941 1535 3006 1590 In
3038 1535 3251 1608 primis
3279 1535 3572 1592 censenda

1909 1625 1998 1674 est
2029 1619 2235 1675 charta
2276 1621 2581 1675 Humberti
2606 1621 2864 1693 episcopi
2886 1623 3434 1695 Gratianopolitaui,
3469 1621 3570 1695 qui

1910 1708 2278 1764 Cluniacensi
2331 1709 2616 1776 ccenobio,
2655 1731 2682 1759 ‹‹
2705 1709 2830 1777 ubi,
2861 1709 3079 1782 inquit,
3100 1711 3356 1768 domnus
3403 1709 3572 1768 Odilo

1910 1797 2093 1852 abbas
2124 1801 2351 1869 praeest,
2387 1821 2414 1862 ε»
2452 1797 2824 1854 medietatem
2857 1800 3034 1854 castri
3075 1801 3148 1854 de
3193 1799 3405 1857 Ursilia
3433 1816 3570 1856 cum

1912 1891 2033 1942 toto
2083 1887 2268 1957 bnrgo
2311 1891 2486 1958 atque
2535 1885 2780 1942 ecclesia
2829 1891 3048 1943 saneta:
3089 1887 3303 1956 Maria),
3337 1886 3572 1960 aliaque

1912 1975 2158 2045 largitur
2181 1997 2208 2024 «
2243 1992 2396 2030 anno
2425 1976 2854 2032 Incarnationis
2873 1975 3182 2046 991,tertio
3227 1975 3458 2032 Rodulfl
3488 1993 3573 2034 re-

1911 2064 2030 2134 gis;
2065 2086 2092 2112 ››
2128 2063 2221 2117 cui
2245 2063 2458 2118 charta:
2481 2064 2866 2125 subscribunt
2897 2087 2926 2115 «
2960 2064 3346 2138 Fredebnrgis
3386 2070 3574 2130 mater

1911 2150 2250 2221 ejus,Wigo
2282 2151 2460 2206 frater
2501 2152 2652 2224 ejus,
2685 2157 2743 2207 et
2773 2153 3132 2208 Humbertus
3163 2153 3472 2226 episcopus
3501 2154 3575 2210 de

1912 2238 2396 2312 Valentia,ncpos
2413 2241 2562 2312 ejus.
2587 2263 2615 2291 »
2648 2240 2900 2299 Aliunde
2930 2257 3076 2300 anno
3105 2241 3141 2296 6
3169 2243 3411 2314 Hugonis
3433 2244 3574 2314 regis

1916 2327 2164 2385 Maiolus
2197 2328 2380 2388 abbas
2410 2329 2663 2402 acquirit
2693 2345 2797 2402 per
2826 2331 3351 2389 commutationem
3403 2349 3573 2404 quas-

1915 2417 2051 2472 dam
2085 2416 2360 2474 ecclesias
2381 2417 2440 2474 in
2464 2418 2746 2474 comitatu
2773 2419 3316 2493 Augustodunensi.
3333 2415 3580 2476 Abbati's

1916 2521 2130 2560 nomen
2164 2505 2320 2560 haud
2344 2505 2619 2578 exprimit
2637 2507 2843 2562 eodem
2866 2525 3020 2562 anno
3038 2508 3176 2563 data
3203 2507 3406 2563 charta
3427 2507 3579 2565 Wal-

1915 2593 2046 2649 terii
2079 2594 2391 2650 .Eduensis
2411 2595 2690 2667 episcopi,
2705 2595 3010 2668 largientis
3033 2617 3061 2646 «
3082 2594 3452 2652 Cluniacensi
3471 2613 3578 2652 ece-

1916 2683 2111 2750 nobio,
2145 2683 2388 2754 speciali
2421 2682 2533 2738 sibi
2581 2701 2697 2756 prae
2741 2682 2964 2739 caeteris
3008 2699 3208 2740 amore
3236 2685 3573 2756 conjuncto,

1917 2771 2015 2828 ubi
2050 2771 2228 2842 pollet
2260 2771 2484 2844 religio,
2506 2794 2534 2821 ιι
2562 2771 2850 2844 quidquid
2881 2773 2953 2828 ad
2980 2790 3042 2829 se
3072 2771 3160 2828 vel
3193 2773 3268 2828 ad
3286 2758 3575 2830 archidia-

1919 2877 2098 2916 conos
2131 2859 2457 2932 pertinebat
2478 2861 2537 2915 in
2568 2860 2830 2917 ecclesiis
2859 2878 2979 2916 suze
3009 2860 3276 2917 ditecesis
3297 2861 3575 2918 Cluniaco

1919 2949 2240 3017 attributis,
2275 2949 2530 3020 exceptis
2573 2949 2956 3022 synodalibus
3003 2948 3273 3021 eulogiis.
3305 2949 3574 3005 Subscri-

1920 3037 2067 3092 bunt
2098 3036 2392 3092 Elinardus
2423 3037 2608 3106 abbas,
2645 3041 2703 3093 et
2735 3041 2867 3110 post
2897 3038 3240 3111 praepositos
3277 3042 3335 3094 et
3375 3041 3576 3096 canto-

1917 3142 2042 3182 rem
2081 3127 2348 3198 Expertus
2393 3125 2580 3194 abbas,
2633 3127 2740 3197 Ugo
2793 3126 2981 3196 abbas,
3029 3127 3176 3182 forte
3224 3126 3575 3199 dignitates;

1924 3215 2136 3271 deinde
2171 3215 2661 3288 archipresbyteri
2693 3220 2750 3271 et
2778 3215 3067 3272 canonici.
3089 3218 3257 3273 Anno
3285 3215 3576 3288 sequenti,

157 3309 361 3366 Verum
413 3327 549 3366 mos
599 3309 697 3366 ille
746 3309 1103 3382 quibusdam
1157 3309 1214 3364 in
1264 3308 1408 3365 locis
1457 3309 1716 3364 obtinuit
1746 3309 1805 3364 in
1838 3305 1882 3370 C
1921 3303 1979 3360 id
2013 3310 2102 3359 est
2134 3305 2386 3376 septimo
2417 3304 2680 3376 Hugonis
2713 3305 2890 3377 regis,
2921 3304 3217 3360 invenitur
3263 3304 3485 3370 charta,
3519 3305 3578 3359 in

152 3396 423 3455 electione
459 3399 1064 3470 abbatum,tluxitque
1095 3415 1163 3453 ex
1185 3399 1244 3454 S.
1281 3397 1576 3454 Benedicti
1609 3397 1813 3470 regula

154 3486 207 3542 in
237 3489 481 3560 cap.64,
503 3487 606 3543 ubi
637 3487 709 3542 de
737 3487 1064 3542 ordinando
1105 3487 1317 3542 abbate
1353 3503 1554 3560 agens,
1586 3487 1811 3542 vicinos

150 3575 474 3650 episcopos,
508 3575 774 3644 abbates,
793 3580 850 3632 et
879 3575 1244 3631 Christianos
1293 3575 1352 3630 in
1402 3574 1810 3632 testimonium

152 3664 402 3720 admittit
432 3668 644 3720 contra
663 3663 1008 3720 electionem
1029 3663 1224 3719 vitiosi
1248 3664 1500 3718 abbatis.
1516 3663 1588 3720 Ut
1610 3668 1808 3720 autem

152 3750 206 3806 hi
233 3757 336 3810 aut
356 3753 441 3810 illi
465 3756 948 3821 convocarentur,
967 3752 1023 3807 id
1042 3757 1168 3808 erat
1191 3752 1249 3807 in
1267 3751 1612 3825 eligentium
1647 3758 1808 3824 pote-

151 3846 312 3911 state,
345 3841 668 3915 aliquando
701 3841 876 3898 stiam
908 3859 944 3896 a
965 3841 1380 3897 fundatoribus
1419 3841 1554 3912 jure
1603 3841 1808 3898 induc-

152 3934 294 3986 tum.
327 3931 422 3988 Sic
453 3930 773 4003 Gregorius
805 3947 956 4004 papa
975 3928 1446 4002 VII,postnlante
1493 3928 1811 3985 Adelheide

151 4019 470 4088 Comitissa,
493 4019 690 4076 sanxit
719 4023 892 4092 atque
914 4019 1242 4086 constituit,
1260 4023 1326 4074 ut
1347 4017 1615 4076 electioni
1639 4019 1812 4075 abba-

151 4107 221 4163 tis
265 4108 450 4167 beataz
503 4107 699 4164 Maria:
748 4108 820 4164 de
869 4106 1137 4164 Pinarolo
1185 4107 1538 4164 interessent
1568 4107 1811 4164 abbates

154 4195 641 4266 Fruetuariensis,
659 4195 1071 4266 Bremetcnsis,
1087 4197 1148 4252 S.
1173 4194 1460 4252 Solutoris
1487 4197 1810 4254 Taurinen-

151 4285 545 4354 sis,Clnsinus
578 4289 636 4342 et
665 4284 765 4341 alii
797 4302 1002 4342 casum
1038 4283 1294 4358 partium
1335 4283 1618 4356 religiosi,
1652 4274 1817 4358 apud

151 4373 588 4432 Guichenonem
629 4374 688 4430 in
720 4379 879 4429 temo
911 4374 933 4429 Ι
964 4375 1036 4429 de
1087 4373 1456 4446 principibus
1504 4373 1810 4430 Sabaudias

152 4477 278 4536 pag.
295 4463 496 4520 l7.Sic
509 4462 574 4518 i'n
599 4461 866 4534 eligendo
893 4462 1102 4518 abbate
1127 4461 1429 4518 Lezatensi
1453 4461 1646 4521 locum
1669 4461 1809 4519 olim

152 4547 440 4608 habebant
472 4550 702 4607 nobiles
733 4555 898 4607 terra:
929 4550 1056 4620 viri,
1093 4555 1158 4606 ut
1187 4555 1418 4607 constat
1448 4567 1516 4606 ex
1564 4552 1811 4607 vetustis

153 4641 574 4696 monumentis.

214 4731 303 4784 50.
329 4731 506 4797 Quod
538 4746 672 4786 vero
694 4728 1107 4786 Cluniaeenses
1138 4730 1378 4786 abbates
1410 4730 1520 4785 sibi
1573 4747 1804 4786 succes-

153 4832 334 4874 sorem
356 4819 577 4892 eligere
599 4818 887 4890 principio
905 4818 1060 4874 soliti
1083 4823 1242 4886 sunt,
1260 4819 1394 4874 inde
1413 4817 1808 4890 proculdubio

152 4921 255 4961 usu
283 4909 468 4974 venit,
484 4912 552 4962 ut
573 4905 680 4962 hoc
705 4911 871 4979 pacto
889 4905 1178 4962 extraneis
1201 4907 1536 4962 intrudendi
1578 4908 1807 4964 abbatis

149 4993 236 5048 via
267 4995 747 5066 praecluderetur.
781 4994 1014 5050 Electus
1047 5000 1244 5050 autem
1276 4995 1480 5066 abbas,
1502 5001 1566 5051 ut
1597 4996 1657 5050 in
1709 5013 1806 5050 su-

151 5083 476 5154 perioribus
493 5085 802 5140 observatu
814 5101 892 5152 m,
910 5083 993 5140 ita
1011 5084 1382 5156 coadjntores
1398 5085 1550 5140 vicos
1575 5085 1804 5156 agebat,

152 5175 214 5225 ut
241 5188 306 5227 ea
327 5177 564 5229 tantum
600 5179 831 5229 curaret
871 5190 1001 5245 quae
1041 5173 1154 5228 sibi
1179 5190 1212 5228 a
1251 5174 1568 5246 superstite
1597 5173 1808 5229 abbate

153 5257 682 5318 demandabantur.
715 5262 802 5318 Ita
831 5262 1048 5334 quippe
1063 5270 1337 5318 sanxerat
1366 5262 1679 5319 concilium
1708 5261 1810 5318 Ca-

153 5344 448 5407 bilonense
469 5351 583 5406 sub
607 5367 830 5405 annum
850 5352 958 5406 650
989 5351 1049 5405 in
1074 5368 1200 5422 cap.
1239 5352 1308 5407 12
1340 5368 1352 5406 :
1393 5374 1422 5402 «
1452 5351 1526 5407 Ut
1557 5351 1674 5406 duo
1706 5351 1806 5406 ab-

152 5433 309 5494 bates
338 5439 400 5494 in
433 5456 555 5496 uno
588 5439 946 5515 monasterio
979 5433 1108 5496 esse
1135 5457 1251 5497 non
1299 5440 1570 5508 debeant,
1596 5455 1666 5495 ne
1697 5439 1806 5494 sub

153 5525 385 5584 obtentu
417 5529 728 5600 potestatis
760 5527 1036 5584 simultas
1055 5528 1208 5584 inter
1228 5529 1548 5586 monachos
1570 5533 1628 5586 et
1647 5545 1814 5584 scan-

152 5611 278 5670 dala
306 5617 1118 5689 generentur.Vernmtamen
1142 5618 1190 5672 si
1218 5617 1465 5689 quilibet
1497 5619 1679 5674 abbas
1697 5617 1808 5672 sibi

153 5699 381 5778 elegerit
412 5706 980 5780 successorem,ipse
1009 5707 1111 5779 qui
1143 5705 1398 5782 eligitur,
1419 5708 1490 5765 de
1513 5707 1810 5765 facultati-

1921 3410 2040 3464 qua
2070 3393 2403 3448 Bernardue
2433 3393 2522 3448 vir
2551 3392 2767 3450 nobilis
2789 3410 2988 3450 servos
3009 3393 3235 3466 aliquot
3265 3392 3582 3450 manumit-

1919 3481 1992 3536 tit
2025 3503 2053 3532 «
2083 3481 2157 3537 ad
2180 3498 2380 3554 preces
2403 3481 2631 3536 Viviani
2655 3481 2948 3554 praepositi
2976 3480 3312 3538 Cluniensis
3331 3481 3580 3538 emnobii

1919 3574 1979 3625 et
2008 3569 2450 3637 monachorum,
2473 3592 2494 3618 ιο
2530 3573 2588 3624 et
2619 3568 2836 3625 dicitur
2865 3590 2893 3619 κ
2913 3568 3258 3642 werpivisse
3278 3569 3578 3642 querelam

1919 3658 2082 3714 illam
2113 3659 2394 3714 adversus
2416 3657 2638 3714 dictum
2669 3657 2838 3714 Cluni
2876 3655 3202 3726 locum,cui
3225 3657 3480 3715 domnus
3509 3674 3577 3714 ac

1921 3747 2433 3804 reverentissimus
2449 3750 2615 3819 pater
2637 3745 2802 3804 Odilo
2823 3745 3314 3819 praeestjussione
3336 3745 3579 3802 sanctis-

1921 3837 2055 3896 simi
2089 3837 2239 3910 patri
2273 3834 2489 3894 Maioli.
2514 3857 2542 3886 ››
2578 3835 2721 3892 Item
2756 3858 2784 3886 ‹‹
2817 3851 2968 3891 anno
2998 3837 3034 3890 7
3063 3835 3327 3909 Hugonis
3357 3834 3512 3908 regis
3543 3857 3574 3886 ι)

1921 3925 2130 3982 Maiolo
2153 3925 2352 3982 abbati
2379 3925 2719 3984 conceditur
2747 3923 2994 3982 ecclesia
3031 3924 3218 3982 sancti
3267 3923 3576 3990 Desiderii,

1920 4016 2241 4088 eodemque
2271 4031 2424 4072 anno
2465 4013 2705 4088 quidam
2737 4013 3018 4072 Beraldus
3063 4011 3313 4072 clericus
3343 4011 3574 4070 Clunia-

1919 4094 2220 4172 censibus,
2243 4125 2270 4154 α
2291 4104 2390 4160 ubi
2416 4103 2666 4161 Maiolus
2689 4108 2779 4160 est
2799 4103 3002 4172 abbas,
3027 4125 3054 4153 υ
3081 4101 3182 4159 dat
3202 4102 3576 4158 medietatem

1921 4193 2077 4250 silva:
2093 4193 2318 4251 Adrolt.
2334 4193 2463 4250 Haec
2483 4198 2782 4266 postrema
2803 4197 2944 4249 sunt
2966 4197 3097 4248 acta
3124 4189 3319 4248 Maioli
3342 4190 3580 4248 nomine

1919 4281 2204 4356 insignita
2233 4299 2385 4339 anno
2415 4282 2679 4356 Hugonis
2709 4281 2862 4356 regis
2907 4282 3174 4354 septimo,
3191 4280 3492 4338 desinente
3515 4279 3578 4337 in

1920 4388 2141 4428 annum
2206 4370 2420 4426 Christi
2485 4371 2613 4443 994,
2662 4371 2764 4442 qui
2824 4369 3019 4426 Maioli
3076 4369 3205 4424 vitae
3261 4385 3574 4441 supremus

1925 4461 2053 4518 fuit.

1988 4550 2078 4604 52.
2109 4548 2236 4604 {Inc
2264 4551 2490 4620 spectat
2520 4547 2578 4602 id
2610 4547 2763 4619 quod
2791 4546 2863 4602 de
2895 4543 3104 4602 Maiolo
3134 4544 3316 4618 Syrus
3345 4543 3572 4613 scribit,

1838 4677 1888 4742 Β
1921 4654 2128 4709 nempe
2159 4654 2294 4692 eum
2331 4660 2358 4686 «
2387 4636 2622 4692 biennio
2656 4635 2999 4708 priusquam
3032 4633 3235 4688 obiret.
3273 4650 3308 4688 a
3337 4631 3572 4706 publico

1917 4725 2152 4799 penitus
2173 4725 2549 4792 abstinuisse,
2565 4729 2740 4796 atque
2769 4723 2827 4778 in
2853 4720 3209 4779 monasterio
3231 4727 3333 4777 aut
3352 4722 3412 4777 in
3435 4737 3575 4794 qua-

1917 4817 2052 4872 dam
2085 4813 2294 4870 cellula
2323 4832 2384 4871 se
2414 4813 2798 4883 continuisse,
2821 4816 2884 4868 ut
2907 4811 2986 4867 ibi
3009 4815 3112 4867 aut
3144 4810 3355 4866 fratres
3372 4809 3572 4867 solerti

1916 4901 2110 4958 studio
2130 4900 2527 4974 corrigeret,et
2543 4901 2615 4955 ad
2643 4899 2882 4955 meliora
2903 4903 3146 4971 paterna
3175 4897 3576 4955 admonitione

1916 4990 2274 5062 proveheret,
2308 4993 2411 5044 aut
2441 4987 2657 5060 smpius
2689 4987 2929 5043 remotis
2961 4987 3240 5042 omnibus
3271 4986 3433 5043 solus
3462 4981 3572 5042 soli

1917 5079 2032 5134 Deo
2058 5077 2383 5144 inhaereret,
2418 5081 2592 5148 atque
2624 5076 2912 5148 frequenti
2943 5074 3330 5131 alternatione
3361 5079 3463 5131 aut
3491 5074 3573 5132 le-

1917 5166 2116 5234 ctioni,
2151 5170 2254 5221 ant
2282 5163 2530 5220 orationi
2561 5169 2814 5222 vacaret.
2847 5188 2875 5216 ››
2909 5165 3014 5220 Per
3045 5163 3104 5219 id
3135 5168 3369 5238 tempus
3389 5165 3574 5222 conti-

1917 5257 2002 5332 git
2025 5257 2081 5312 id
2110 5256 2266 5328 qnod
2293 5257 2364 5310 de
2389 5272 2455 5311 eo
2477 5255 2652 5311 refert
2671 5254 2972 5311 Widricus
2993 5254 3181 5311 abbas
3201 5253 3496 5311 Tnllensis
3513 5255 3574 5310 in

1915 5345 2076 5402 Actis
2106 5345 2292 5400 sancti
2327 5344 2564 5400 Gerardi
2597 5343 2996 5417 episcopi,qni
3019 5359 3156 5398 cum
3179 5360 3332 5398 anno
3366 5343 3574 5400 eodem

1917 5451 2035 5507 quo
2069 5432 2410 5502 Maiolus,et
2441 5432 2679 5506 quidem
2706 5431 2922 5505 Aprilis
2942 5433 3014 5488 23
3042 5431 3136 5488 die
3155 5430 3416 5500 obiisset,
3434 5454 3462 5482 α
3483 5448 3576 5487 ea-

1918 5525 2050 5580 dem
2081 5526 2429 5595 tempestatc
2462 5523 2668 5578 beatus
2701 5521 2950 5578 Maiolus
2971 5521 3248 5576 Cluniaco
3271 5521 3491 5587 aderat,
3515 5525 3574 5576 et

1919 5614 1979 5668 in
2011 5612 2156 5668 hora
2177 5629 2293 5686 qua
2316 5612 2682 5668 venerandus
2715 5616 2918 5684 pastor
2947 5610 3157 5667 saeculo
3187 5608 3565 5676 eximebatur,

1919 5721 1954 5764 a
1982 5702 2264 5762 fratribus
2293 5701 2490 5760 divino
2511 5700 2751 5776 impleto
2773 5700 2964 5760 ofﬁcio
2983 5705 3218 5774 tempus
3238 5695 3568 5764 refectioni;
