  <div class='ocr_page' id='page_1' title='image "/cluster/home/n/w/nwhite01/storage/ocr_20150623/136-137/uc1.31175019686917/1051.png"; bbox 0 0 3906 6360; ppageno 0'>
   <div class='ocr_carea' id='block_1_1' title="bbox 324 413 447 484">
    <p class='ocr_par' dir='ltr' id='par_1_1' title="bbox 324 413 447 484">
     <span class='ocr_line' id='line_1_1' title="bbox 324 413 447 484; baseline -0.008 -1"><span class='ocrx_word' id='word_1_1' title='bbox 324 413 447 484; x_wconf 79' lang='lat'>739</span> 
     </span>
    </p>
   </div>
   <div class='ocr_carea' id='block_1_2' title="bbox 1451 412 2625 478">
    <p class='ocr_par' dir='ltr' id='par_1_2' title="bbox 1451 412 2625 478">
     <span class='ocr_line' id='line_1_2' title="bbox 1451 412 2625 478; baseline -0.003 0"><span class='ocrx_word' id='word_1_2' title='bbox 1451 418 1517 478; x_wconf 89' lang='lat' dir='ltr'>S.</span> <span class='ocrx_word' id='word_1_3' title='bbox 1566 413 1840 478; x_wconf 77' lang='lat' dir='ltr'>MAIOLI</span> <span class='ocrx_word' id='word_1_4' title='bbox 1888 412 2222 476; x_wconf 81' lang='lat' dir='ltr'>ABBATIS</span> <span class='ocrx_word' id='word_1_5' title='bbox 2269 414 2625 476; x_wconf 62' lang='lat' dir='ltr'>CLENIAC.</span> 
     </span>
    </p>
   </div>
   <div class='ocr_carea' id='block_1_3' title="bbox 3640 414 3759 474">
    <p class='ocr_par' dir='ltr' id='par_1_3' title="bbox 3640 414 3759 474">
     <span class='ocr_line' id='line_1_3' title="bbox 3640 414 3759 474; baseline 0.008 -1"><span class='ocrx_word' id='word_1_6' title='bbox 3640 417 3678 473; x_wconf 87' lang='lat'><strong>7</strong></span> <span class='ocrx_word' id='word_1_7' title='bbox 3683 414 3759 474; x_wconf 67' lang='grc'>40</span> 
     </span>
    </p>
   </div>
   <div class='ocr_carea' id='block_1_4' title="bbox 322 548 3762 625">
    <p class='ocr_par' dir='ltr' id='par_1_4' title="bbox 322 548 3762 625">
     <span class='ocr_line' id='line_1_4' title="bbox 322 548 3762 625; baseline -0.002 -15"><span class='ocrx_word' id='word_1_8' title='bbox 322 556 652 621; x_wconf 79' lang='lat' dir='ltr'>advenerat,</span> <span class='ocrx_word' id='word_1_9' title='bbox 688 552 929 625; x_wconf 88' lang='lat' dir='ltr'>ipseque</span> <span class='ocrx_word' id='word_1_10' title='bbox 970 550 1216 607; x_wconf 87' lang='lat' dir='ltr'>Maiolus</span> <span class='ocrx_word' id='word_1_11' title='bbox 1278 552 1348 605; x_wconf 86' lang='lat' dir='ltr'>ad</span> <span class='ocrx_word' id='word_1_12' title='bbox 1394 566 1560 605; x_wconf 82' lang='lat' dir='ltr'>esum</span> <span class='ocrx_word' id='word_1_13' title='bbox 1606 549 1976 604; x_wconf 89' lang='lat' dir='ltr'>convocando</span> <span class='ocrx_word' id='word_1_14' title='bbox 2007 550 2062 615; x_wconf 77' lang='grc' dir='ltr'><strong>Α</strong></span> <span class='ocrx_word' id='word_1_15' title='bbox 2093 553 2299 602; x_wconf 91' lang='lat' dir='ltr'>rantur</span> <span class='ocrx_word' id='word_1_16' title='bbox 2328 564 2341 602; x_wconf 92' lang='lat'>:</span> <span class='ocrx_word' id='word_1_17' title='bbox 2376 552 2432 602; x_wconf 91' lang='lat' dir='ltr'>et</span> <span class='ocrx_word' id='word_1_18' title='bbox 2453 548 2723 620; x_wconf 77' lang='lat' dir='ltr'>quisquis</span> <span class='ocrx_word' id='word_1_19' title='bbox 2769 548 2846 603; x_wconf 85' lang='lat' dir='ltr'>ibi</span> <span class='ocrx_word' id='word_1_20' title='bbox 2888 551 3133 605; x_wconf 87' lang='lat' dir='ltr'>devotus</span> <span class='ocrx_word' id='word_1_21' title='bbox 3163 550 3481 605; x_wconf 80' lang='lat' dir='ltr'>adveniens</span> <span class='ocrx_word' id='word_1_22' title='bbox 3512 550 3584 604; x_wconf 90' lang='lat' dir='ltr'>de</span> <span class='ocrx_word' id='word_1_23' title='bbox 3619 560 3762 620; x_wconf 79' lang='lat' dir='ltr'>qua‘</span> 
     </span>
    </p>
   </div>
   <div class='ocr_carea' id='block_1_5' title="bbox 320 638 1972 713">
    <p class='ocr_par' dir='ltr' id='par_1_5' title="bbox 320 638 1972 713">
     <span class='ocr_line' id='line_1_5' title="bbox 320 638 1972 713; baseline -0.007 -14"><span class='ocrx_word' id='word_1_24' title='bbox 320 644 550 710; x_wconf 84' lang='lat' dir='ltr'>fratres,</span> <span class='ocrx_word' id='word_1_25' title='bbox 578 642 901 698; x_wconf 86' lang='lat' dir='ltr'>monastico</span> <span class='ocrx_word' id='word_1_26' title='bbox 964 657 1124 696; x_wconf 89' lang='lat' dir='ltr'>more</span> <span class='ocrx_word' id='word_1_27' title='bbox 1185 638 1520 713; x_wconf 80' lang='lat' dir='ltr'>cymbalum</span> <span class='ocrx_word' id='word_1_28' title='bbox 1579 638 1972 693; x_wconf 80' lang='lat' dir='ltr'>insonabat.»</span> 
     </span>
    </p>
   </div>
   <div class='ocr_carea' id='block_1_6' title="bbox 320 727 1977 800">
    <p class='ocr_par' dir='ltr' id='par_1_6' title="bbox 320 727 1977 800">
     <span class='ocr_line' id='line_1_6' title="bbox 320 727 1977 800; baseline -0.007 -9"><span class='ocrx_word' id='word_1_29' title='bbox 320 734 472 791; x_wconf 91' lang='lat' dir='ltr'>Tum</span> <span class='ocrx_word' id='word_1_30' title='bbox 503 731 665 787; x_wconf 88' lang='lat' dir='ltr'>obitu</span> <span class='ocrx_word' id='word_1_31' title='bbox 696 731 934 787; x_wconf 90' lang='lat' dir='ltr'>Gerardi</span> <span class='ocrx_word' id='word_1_32' title='bbox 966 730 1249 785; x_wconf 85' lang='lat' dir='ltr'>divinitus</span> <span class='ocrx_word' id='word_1_33' title='bbox 1281 731 1748 800; x_wconf 87' lang='lat' dir='ltr'>comperto,eum</span> <span class='ocrx_word' id='word_1_34' title='bbox 1782 727 1977 781; x_wconf 80' lang='lat' dir='ltr'>fratri-</span> 
     </span>
    </p>
   </div>
   <div class='ocr_carea' id='block_1_7' title="bbox 319 815 1974 891">
    <p class='ocr_par' dir='ltr' id='par_1_7' title="bbox 319 815 1974 891">
     <span class='ocr_line' id='line_1_7' title="bbox 319 815 1974 891; baseline -0.005 -14"><span class='ocrx_word' id='word_1_35' title='bbox 319 822 431 877; x_wconf 88' lang='lat' dir='ltr'>bus</span> <span class='ocrx_word' id='word_1_36' title='bbox 462 819 772 885; x_wconf 78' lang='lat' dir='ltr'>nuntiavit,</span> <span class='ocrx_word' id='word_1_37' title='bbox 805 822 981 891; x_wconf 88' lang='lat' dir='ltr'>atque</span> <span class='ocrx_word' id='word_1_38' title='bbox 1014 819 1200 890; x_wconf 85' lang='lat' dir='ltr'>ipsius</span> <span class='ocrx_word' id='word_1_39' title='bbox 1232 818 1493 873; x_wconf 89' lang='lat' dir='ltr'>animam</span> <span class='ocrx_word' id='word_1_40' title='bbox 1543 815 1627 872; x_wconf 92' lang='lat' dir='ltr'>eis</span> <span class='ocrx_word' id='word_1_41' title='bbox 1676 832 1974 871; x_wconf 87' lang='lat' dir='ltr'>commen-</span> 
     </span>
    </p>
   </div>
   <div class='ocr_carea' id='block_1_8' title="bbox 318 906 1647 980">
    <p class='ocr_par' dir='ltr' id='par_1_8' title="bbox 318 906 1647 980">
     <span class='ocr_line' id='line_1_8' title="bbox 318 906 1647 980; baseline -0.005 -15"><span class='ocrx_word' id='word_1_42' title='bbox 318 910 494 977; x_wconf 87' lang='lat' dir='ltr'>davit,</span> <span class='ocrx_word' id='word_1_43' title='bbox 528 913 594 964; x_wconf 90' lang='lat' dir='ltr'>ut</span> <span class='ocrx_word' id='word_1_44' title='bbox 624 909 897 980; x_wconf 80' lang='lat' dir='ltr'>superius</span> <span class='ocrx_word' id='word_1_45' title='bbox 928 908 998 962; x_wconf 90' lang='lat' dir='ltr'>de</span> <span class='ocrx_word' id='word_1_46' title='bbox 1028 908 1285 963; x_wconf 86' lang='lat' dir='ltr'>Gerardo</span> <span class='ocrx_word' id='word_1_47' title='bbox 1318 906 1647 961; x_wconf 90' lang='lat' dir='ltr'>retulimus.</span> 
     </span>
    </p>
   </div>
   <div class='ocr_carea' id='block_1_9' title="bbox 387 994 1974 1068">
    <p class='ocr_par' dir='ltr' id='par_1_9' title="bbox 387 994 1974 1068">
     <span class='ocr_line' id='line_1_9' title="bbox 387 994 1974 1068; baseline -0.005 -15"><span class='ocrx_word' id='word_1_48' title='bbox 387 1001 477 1053; x_wconf 86' lang='lat'>53.</span> <span class='ocrx_word' id='word_1_49' title='bbox 513 998 633 1053; x_wconf 83' lang='lat' dir='ltr'>Etsi</span> <span class='ocrx_word' id='word_1_50' title='bbox 659 1014 790 1050; x_wconf 91' lang='lat' dir='ltr'>vero</span> <span class='ocrx_word' id='word_1_51' title='bbox 822 1014 855 1051; x_wconf 91' lang='lat' dir='ltr'>a</span> <span class='ocrx_word' id='word_1_52' title='bbox 884 996 1120 1068; x_wconf 90' lang='lat' dir='ltr'>publico</span> <span class='ocrx_word' id='word_1_53' title='bbox 1146 994 1394 1049; x_wconf 87' lang='lat' dir='ltr'>Maiolus</span> <span class='ocrx_word' id='word_1_54' title='bbox 1417 1012 1660 1067; x_wconf 82' lang='lat' dir='ltr'>prorsus</span> <span class='ocrx_word' id='word_1_55' title='bbox 1682 994 1974 1049; x_wconf 85' lang='lat' dir='ltr'>abstinere</span> 
     </span>
    </p>
   </div>
   <div class='ocr_carea' id='block_1_10' title="bbox 316 1083 1970 1153">
    <p class='ocr_par' dir='ltr' id='par_1_10' title="bbox 316 1083 1970 1153">
     <span class='ocr_line' id='line_1_10' title="bbox 316 1083 1970 1153; baseline -0.004 -14"><span class='ocrx_word' id='word_1_56' title='bbox 316 1086 512 1140; x_wconf 90' lang='lat' dir='ltr'>animo</span> <span class='ocrx_word' id='word_1_57' title='bbox 544 1084 872 1150; x_wconf 84' lang='lat' dir='ltr'>statuisset,</span> <span class='ocrx_word' id='word_1_58' title='bbox 905 1083 1290 1138; x_wconf 86' lang='lat' dir='ltr'>nihilominus</span> <span class='ocrx_word' id='word_1_59' title='bbox 1322 1084 1394 1137; x_wconf 89' lang='lat' dir='ltr'>ab</span> <span class='ocrx_word' id='word_1_60' title='bbox 1428 1084 1667 1153; x_wconf 82' lang='lat' dir='ltr'>Hugone</span> <span class='ocrx_word' id='word_1_61' title='bbox 1718 1083 1970 1137; x_wconf 76' lang='lat' dir='ltr'>Franco-</span> 
     </span>
    </p>
   </div>
   <div class='ocr_carea' id='block_1_11' title="bbox 315 1171 1972 1243">
    <p class='ocr_par' dir='ltr' id='par_1_11' title="bbox 315 1171 1972 1243">
     <span class='ocr_line' id='line_1_11' title="bbox 315 1171 1972 1243; baseline -0.002 -16"><span class='ocrx_word' id='word_1_62' title='bbox 315 1190 445 1227; x_wconf 88' lang='lat' dir='ltr'>rum</span> <span class='ocrx_word' id='word_1_63' title='bbox 467 1190 597 1243; x_wconf 79' lang='lat' dir='ltr'>rege</span> <span class='ocrx_word' id='word_1_64' title='bbox 615 1174 686 1226; x_wconf 89' lang='lat' dir='ltr'>de</span> <span class='ocrx_word' id='word_1_65' title='bbox 711 1173 1083 1226; x_wconf 87' lang='lat' dir='ltr'>reformanda</span> <span class='ocrx_word' id='word_1_66' title='bbox 1102 1172 1161 1225; x_wconf 92' lang='lat' dir='ltr'>in</span> <span class='ocrx_word' id='word_1_67' title='bbox 1186 1173 1370 1226; x_wconf 81' lang='lat' dir='ltr'>sancti</span> <span class='ocrx_word' id='word_1_68' title='bbox 1390 1171 1645 1242; x_wconf 77' lang='lat' dir='ltr'>Dionysii</span> <span class='ocrx_word' id='word_1_69' title='bbox 1663 1171 1972 1225; x_wconf 84' lang='lat' dir='ltr'>Parisiensi</span> 
     </span>
    </p>
   </div>
   <div class='ocr_carea' id='block_1_12' title="bbox 314 1260 1969 1331">
    <p class='ocr_par' dir='ltr' id='par_1_12' title="bbox 314 1260 1969 1331">
     <span class='ocr_line' id='line_1_12' title="bbox 314 1260 1969 1331; baseline -0.001 -16"><span class='ocrx_word' id='word_1_70' title='bbox 314 1261 575 1317; x_wconf 72' lang='lat' dir='ltr'>ccenobio</span> <span class='ocrx_word' id='word_1_71' title='bbox 600 1261 850 1331; x_wconf 85' lang='lat' dir='ltr'>regulari</span> <span class='ocrx_word' id='word_1_72' title='bbox 873 1260 1184 1331; x_wconf 80' lang='lat' dir='ltr'>disciplina</span> <span class='ocrx_word' id='word_1_73' title='bbox 1208 1261 1575 1326; x_wconf 72' lang='lat' dir='ltr'>StllllCllalUS,</span> <span class='ocrx_word' id='word_1_74' title='bbox 1596 1284 1620 1308; x_wconf 89' lang='grc'><em>‹‹</em></span> <span class='ocrx_word' id='word_1_75' title='bbox 1645 1260 1777 1313; x_wconf 87' lang='lat' dir='ltr'>licet</span> <span class='ocrx_word' id='word_1_76' title='bbox 1797 1262 1969 1313; x_wconf 80' lang='lat' dir='ltr'>tinem</span> 
     </span>
    </p>
   </div>
   <div class='ocr_carea' id='block_1_13' title="bbox 313 1351 1968 1421">
    <p class='ocr_par' dir='ltr' id='par_1_13' title="bbox 313 1351 1968 1421">
     <span class='ocr_line' id='line_1_13' title="bbox 313 1351 1968 1421; baseline -0.002 -15"><span class='ocrx_word' id='word_1_77' title='bbox 313 1351 539 1406; x_wconf 88' lang='lat' dir='ltr'>dierum</span> <span class='ocrx_word' id='word_1_78' title='bbox 573 1351 956 1420; x_wconf 87' lang='lat' dir='ltr'>suorumjam</span> <span class='ocrx_word' id='word_1_79' title='bbox 975 1352 1219 1421; x_wconf 86' lang='lat' dir='ltr'>jamque</span> <span class='ocrx_word' id='word_1_80' title='bbox 1242 1351 1437 1404; x_wconf 83' lang='lat' dir='ltr'>adfore</span> <span class='ocrx_word' id='word_1_81' title='bbox 1458 1368 1569 1403; x_wconf 89' lang='lat' dir='ltr'>non</span> <span class='ocrx_word' id='word_1_82' title='bbox 1602 1351 1915 1421; x_wconf 71' lang='lat' dir='ltr'>ignoraret,</span> <span class='ocrx_word' id='word_1_83' title='bbox 1942 1373 1968 1398; x_wconf 84' lang='grc'><strong>››</strong></span> 
     </span>
    </p>
   </div>
   <div class='ocr_carea' id='block_1_14' title="bbox 314 1438 1970 1510">
    <p class='ocr_par' dir='ltr' id='par_1_14' title="bbox 314 1438 1970 1510">
     <span class='ocr_line' id='line_1_14' title="bbox 314 1438 1970 1510; baseline -0.001 -17"><span class='ocrx_word' id='word_1_84' title='bbox 314 1439 425 1495; x_wconf 84' lang='lat' dir='ltr'>iter</span> <span class='ocrx_word' id='word_1_85' title='bbox 453 1439 702 1510; x_wconf 86' lang='lat' dir='ltr'>arripuit</span> <span class='ocrx_word' id='word_1_86' title='bbox 724 1456 827 1510; x_wconf 90' lang='lat' dir='ltr'>per</span> <span class='ocrx_word' id='word_1_87' title='bbox 845 1438 1206 1493; x_wconf 85' lang='lat' dir='ltr'>territorium</span> <span class='ocrx_word' id='word_1_88' title='bbox 1229 1441 1613 1505; x_wconf 85' lang='lat' dir='ltr'>Arvernense,</span> <span class='ocrx_word' id='word_1_89' title='bbox 1641 1461 1667 1488; x_wconf 88' lang='grc'>‹‹</span> <span class='ocrx_word' id='word_1_90' title='bbox 1690 1439 1970 1510; x_wconf 89' lang='lat' dir='ltr'>ibique-in</span> 
     </span>
    </p>
   </div>
   <div class='ocr_carea' id='block_1_15' title="bbox 313 1525 1968 1600">
    <p class='ocr_par' dir='ltr' id='par_1_15' title="bbox 313 1525 1968 1600">
     <span class='ocr_line' id='line_1_15' title="bbox 313 1525 1968 1600; baseline -0.002 -17"><span class='ocrx_word' id='word_1_91' title='bbox 313 1528 570 1600; x_wconf 88' lang='lat' dir='ltr'>quadam</span> <span class='ocrx_word' id='word_1_92' title='bbox 602 1544 711 1582; x_wconf 90' lang='lat' dir='ltr'>sua</span> <span class='ocrx_word' id='word_1_93' title='bbox 743 1525 971 1594; x_wconf 89' lang='lat' dir='ltr'>cellula,</span> <span class='ocrx_word' id='word_1_94' title='bbox 1006 1525 1318 1581; x_wconf 86' lang='lat' dir='ltr'>Silviniaco</span> <span class='ocrx_word' id='word_1_95' title='bbox 1359 1525 1682 1597; x_wconf 80' lang='lat' dir='ltr'>(Souvigny)</span> <span class='ocrx_word' id='word_1_96' title='bbox 1725 1525 1968 1593; x_wconf 88' lang='lat' dir='ltr'>scilicet,</span> 
     </span>
    </p>
   </div>
   <div class='ocr_carea' id='block_1_16' title="bbox 311 1614 1969 1687">
    <p class='ocr_par' dir='ltr' id='par_1_16' title="bbox 311 1614 1969 1687">
     <span class='ocr_line' id='line_1_16' title="bbox 311 1614 1969 1687; baseline -0.002 -15"><span class='ocrx_word' id='word_1_97' title='bbox 311 1619 482 1673; x_wconf 80' lang='lat' dir='ltr'>nunc</span> <span class='ocrx_word' id='word_1_98' title='bbox 502 1617 626 1672; x_wconf 91' lang='lat' dir='ltr'>loco</span> <span class='ocrx_word' id='word_1_99' title='bbox 657 1614 1055 1682; x_wconf 89' lang='lat' dir='ltr'>celeberrimo,</span> <span class='ocrx_word' id='word_1_100' title='bbox 1092 1614 1300 1670; x_wconf 90' lang='lat' dir='ltr'>ultima</span> <span class='ocrx_word' id='word_1_101' title='bbox 1329 1614 1675 1687; x_wconf 77' lang='lat' dir='ltr'>aegritudine</span> <span class='ocrx_word' id='word_1_102' title='bbox 1719 1614 1969 1670; x_wconf 77' lang='lat' dir='ltr'>exerceri</span> 
     </span>
    </p>
   </div>
   <div class='ocr_carea' id='block_1_17' title="bbox 312 1701 1969 1778">
    <p class='ocr_par' dir='ltr' id='par_1_17' title="bbox 312 1701 1969 1778">
     <span class='ocr_line' id='line_1_17' title="bbox 312 1701 1969 1778; baseline -0.003 -17"><span class='ocrx_word' id='word_1_103' title='bbox 312 1706 507 1778; x_wconf 67' lang='lat' dir='ltr'>coepit,</span> <span class='ocrx_word' id='word_1_104' title='bbox 542 1721 610 1760; x_wconf 90' lang='lat' dir='ltr'>ac</span> <span class='ocrx_word' id='word_1_105' title='bbox 640 1705 879 1759; x_wconf 89' lang='lat' dir='ltr'>demum</span> <span class='ocrx_word' id='word_1_106' title='bbox 904 1702 1175 1758; x_wconf 88' lang='lat' dir='ltr'>dormivit</span> <span class='ocrx_word' id='word_1_107' title='bbox 1205 1719 1340 1758; x_wconf 92' lang='lat' dir='ltr'>eum</span> <span class='ocrx_word' id='word_1_108' title='bbox 1374 1701 1641 1774; x_wconf 87' lang='lat' dir='ltr'>patribus</span> <span class='ocrx_word' id='word_1_109' title='bbox 1683 1720 1719 1757; x_wconf 94' lang='lat' dir='ltr'>v</span> <span class='ocrx_word' id='word_1_110' title='bbox 1760 1703 1969 1757; x_wconf 86' lang='lat' dir='ltr'>Iduum</span> 
     </span>
    </p>
   </div>
   <div class='ocr_carea' id='block_1_18' title="bbox 312 1790 1966 1864">
    <p class='ocr_par' dir='ltr' id='par_1_18' title="bbox 312 1790 1966 1864">
     <span class='ocr_line' id='line_1_18' title="bbox 312 1790 1966 1864; baseline -0.002 -15"><span class='ocrx_word' id='word_1_111' title='bbox 312 1792 620 1858; x_wconf 84' lang='lat' dir='ltr'>Maiarum,</span> <span class='ocrx_word' id='word_1_112' title='bbox 657 1791 1041 1864; x_wconf 88' lang='lat' dir='ltr'>sepultusque</span> <span class='ocrx_word' id='word_1_113' title='bbox 1070 1795 1160 1846; x_wconf 89' lang='lat' dir='ltr'>est</span> <span class='ocrx_word' id='word_1_114' title='bbox 1190 1792 1250 1846; x_wconf 89' lang='lat' dir='ltr'>in</span> <span class='ocrx_word' id='word_1_115' title='bbox 1283 1791 1526 1846; x_wconf 90' lang='lat' dir='ltr'>basilica</span> <span class='ocrx_word' id='word_1_116' title='bbox 1555 1790 1742 1846; x_wconf 82' lang='lat' dir='ltr'>sancti</span> <span class='ocrx_word' id='word_1_117' title='bbox 1794 1791 1966 1859; x_wconf 89' lang='lat' dir='ltr'>Petri,</span> 
     </span>
    </p>
   </div>
   <div class='ocr_carea' id='block_1_19' title="bbox 312 1880 1969 1952">
    <p class='ocr_par' dir='ltr' id='par_1_19' title="bbox 312 1880 1969 1952">
     <span class='ocr_line' id='line_1_19' title="bbox 312 1880 1969 1952; baseline -0.002 -13"><span class='ocrx_word' id='word_1_118' title='bbox 312 1881 819 1939; x_wconf 84' lang='lat' dir='ltr'>ubisanctissimis</span> <span class='ocrx_word' id='word_1_119' title='bbox 839 1881 967 1952; x_wconf 86' lang='lat' dir='ltr'>ejus</span> <span class='ocrx_word' id='word_1_120' title='bbox 990 1880 1214 1936; x_wconf 88' lang='lat' dir='ltr'>meritis</span> <span class='ocrx_word' id='word_1_121' title='bbox 1238 1880 1969 1951; x_wconf 74' lang='lat' dir='ltr'>multapraestanturbene-</span> 
     </span>
    </p>
   </div>
   <div class='ocr_carea' id='block_1_20' title="bbox 313 1969 1971 2042">
    <p class='ocr_par' dir='ltr' id='par_1_20' title="bbox 313 1969 1971 2042">
     <span class='ocr_line' id='line_1_20' title="bbox 313 1969 1971 2042; baseline -0.002 -15"><span class='ocrx_word' id='word_1_122' title='bbox 313 1971 466 2028; x_wconf 82' lang='lat' dir='ltr'>ficia.</span> <span class='ocrx_word' id='word_1_123' title='bbox 492 1994 520 2021; x_wconf 87' lang='grc'><strong>››</strong></span> <span class='ocrx_word' id='word_1_124' title='bbox 546 1971 626 2028; x_wconf 91' lang='lat' dir='ltr'>De</span> <span class='ocrx_word' id='word_1_125' title='bbox 646 1987 714 2026; x_wconf 89' lang='lat' dir='ltr'>ea</span> <span class='ocrx_word' id='word_1_126' title='bbox 739 1988 799 2025; x_wconf 90' lang='lat' dir='ltr'>re</span> <span class='ocrx_word' id='word_1_127' title='bbox 823 1971 903 2025; x_wconf 88' lang='lat' dir='ltr'>ita</span> <span class='ocrx_word' id='word_1_128' title='bbox 923 1975 1165 2027; x_wconf 85' lang='lat' dir='ltr'>sanctus</span> <span class='ocrx_word' id='word_1_129' title='bbox 1186 1969 1351 2024; x_wconf 89' lang='lat' dir='ltr'>Odilo</span> <span class='ocrx_word' id='word_1_130' title='bbox 1378 1986 1389 2025; x_wconf 92' lang='lat'>:</span> <span class='ocrx_word' id='word_1_131' title='bbox 1416 1992 1442 2018; x_wconf 89' lang='grc'>‹‹</span> <span class='ocrx_word' id='word_1_132' title='bbox 1460 1970 1615 2024; x_wconf 85' lang='lat' dir='ltr'>Adeo</span> <span class='ocrx_word' id='word_1_133' title='bbox 1638 1970 1971 2042; x_wconf 78' lang='lat' dir='ltr'>magnifica-</span> 
     </span>
    </p>
   </div>
   <div class='ocr_carea' id='block_1_21' title="bbox 310 2057 1971 2133">
    <p class='ocr_par' dir='ltr' id='par_1_21' title="bbox 310 2057 1971 2133">
     <span class='ocr_line' id='line_1_21' title="bbox 310 2057 1971 2133; baseline -0.002 -17"><span class='ocrx_word' id='word_1_134' title='bbox 310 2065 407 2116; x_wconf 88' lang='lat' dir='ltr'>tus</span> <span class='ocrx_word' id='word_1_135' title='bbox 436 2065 494 2116; x_wconf 88' lang='lat' dir='ltr'>et</span> <span class='ocrx_word' id='word_1_136' title='bbox 524 2060 887 2133; x_wconf 75' lang='lat' dir='ltr'>glorificatus</span> <span class='ocrx_word' id='word_1_137' title='bbox 909 2064 997 2113; x_wconf 91' lang='lat' dir='ltr'>est</span> <span class='ocrx_word' id='word_1_138' title='bbox 1036 2060 1242 2113; x_wconf 86' lang='lat' dir='ltr'>beatus</span> <span class='ocrx_word' id='word_1_139' title='bbox 1279 2057 1794 2125; x_wconf 72' lang='lat' dir='ltr'>Maiolus,Domini</span> <span class='ocrx_word' id='word_1_140' title='bbox 1830 2075 1971 2129; x_wconf 81' lang='lat' dir='ltr'>prae-</span> 
     </span>
    </p>
   </div>
   <div class='ocr_carea' id='block_1_22' title="bbox 310 2147 1971 2221">
    <p class='ocr_par' dir='ltr' id='par_1_22' title="bbox 310 2147 1971 2221">
     <span class='ocr_line' id='line_1_22' title="bbox 310 2147 1971 2221; baseline -0.002 -17"><span class='ocrx_word' id='word_1_141' title='bbox 310 2149 577 2205; x_wconf 89' lang='lat' dir='ltr'>veniente</span> <span class='ocrx_word' id='word_1_142' title='bbox 606 2148 813 2221; x_wconf 86' lang='lat' dir='ltr'>gratia,</span> <span class='ocrx_word' id='word_1_143' title='bbox 850 2148 907 2203; x_wconf 91' lang='lat' dir='ltr'>in</span> <span class='ocrx_word' id='word_1_144' title='bbox 942 2154 1259 2220; x_wconf 87' lang='lat' dir='ltr'>conspectu</span> <span class='ocrx_word' id='word_1_145' title='bbox 1295 2164 1499 2218; x_wconf 86' lang='lat' dir='ltr'>regum</span> <span class='ocrx_word' id='word_1_146' title='bbox 1531 2152 1589 2202; x_wconf 89' lang='lat' dir='ltr'>et</span> <span class='ocrx_word' id='word_1_147' title='bbox 1639 2147 1971 2219; x_wconf 89' lang='lat' dir='ltr'>principum</span> 
     </span>
    </p>
   </div>
   <div class='ocr_carea' id='block_1_23' title="bbox 311 2236 1973 2309">
    <p class='ocr_par' dir='ltr' id='par_1_23' title="bbox 311 2236 1973 2309">
     <span class='ocr_line' id='line_1_23' title="bbox 311 2236 1973 2309; baseline -0.002 -16"><span class='ocrx_word' id='word_1_148' title='bbox 311 2255 506 2294; x_wconf 87' lang='lat' dir='ltr'>coram</span> <span class='ocrx_word' id='word_1_149' title='bbox 540 2237 699 2293; x_wconf 89' lang='lat' dir='ltr'>omni</span> <span class='ocrx_word' id='word_1_150' title='bbox 734 2236 967 2309; x_wconf 89' lang='lat' dir='ltr'>populo,</span> <span class='ocrx_word' id='word_1_151' title='bbox 993 2244 1058 2291; x_wconf 87' lang='lat' dir='ltr'>ut</span> <span class='ocrx_word' id='word_1_152' title='bbox 1088 2236 1387 2308; x_wconf 89' lang='lat' dir='ltr'>possimus</span> <span class='ocrx_word' id='word_1_153' title='bbox 1418 2237 1609 2291; x_wconf 89' lang='lat' dir='ltr'>dicere</span> <span class='ocrx_word' id='word_1_154' title='bbox 1641 2237 1710 2291; x_wconf 88' lang='lat' dir='ltr'>de</span> <span class='ocrx_word' id='word_1_155' title='bbox 1741 2254 1806 2291; x_wconf 88' lang='lat' dir='ltr'>eo</span> <span class='ocrx_word' id='word_1_156' title='bbox 1849 2236 1973 2292; x_wconf 89' lang='lat' dir='ltr'>sine</span> 
     </span>
    </p>
   </div>
   <div class='ocr_carea' id='block_1_24' title="bbox 311 2325 1972 2410">
    <p class='ocr_par' dir='ltr' id='par_1_24' title="bbox 311 2325 1972 2410">
     <span class='ocr_line' id='line_1_24' title="bbox 311 2325 1972 2410; baseline -0.001 -28"><span class='ocrx_word' id='word_1_157' title='bbox 311 2326 512 2410; x_wconf 67' lang='lat' dir='ltr'>dubio,</span> <span class='ocrx_word' id='word_1_158' title='bbox 537 2328 691 2399; x_wconf 90' lang='lat' dir='ltr'>quod</span> <span class='ocrx_word' id='word_1_159' title='bbox 724 2327 795 2381; x_wconf 92' lang='lat' dir='ltr'>de</span> <span class='ocrx_word' id='word_1_160' title='bbox 827 2327 1022 2398; x_wconf 86' lang='lat' dir='ltr'>Moyse</span> <span class='ocrx_word' id='word_1_161' title='bbox 1044 2326 1143 2380; x_wconf 94' lang='lat' dir='ltr'>Dei</span> <span class='ocrx_word' id='word_1_162' title='bbox 1171 2325 1390 2380; x_wconf 87' lang='lat' dir='ltr'>famulo</span> <span class='ocrx_word' id='word_1_163' title='bbox 1416 2325 1862 2381; x_wconf 84' lang='lat' dir='ltr'>Ecclesiasticus</span> <span class='ocrx_word' id='word_1_164' title='bbox 1886 2342 1972 2380; x_wconf 86' lang='lat' dir='ltr'>re-</span> 
     </span>
    </p>
   </div>
   <div class='ocr_carea' id='block_1_25' title="bbox 309 2415 1970 2489">
    <p class='ocr_par' dir='ltr' id='par_1_25' title="bbox 309 2415 1970 2489">
     <span class='ocr_line' id='line_1_25' title="bbox 309 2415 1970 2489; baseline -0.002 -17"><span class='ocrx_word' id='word_1_165' title='bbox 309 2417 489 2489; x_wconf 86' lang='lat' dir='ltr'>plicat</span> <span class='ocrx_word' id='word_1_166' title='bbox 506 2433 698 2472; x_wconf 86' lang='lat' dir='ltr'>sermo</span> <span class='ocrx_word' id='word_1_167' title='bbox 723 2433 736 2472; x_wconf 93' lang='lat'>:</span> <span class='ocrx_word' id='word_1_168' title='bbox 765 2416 1122 2471; x_wconf 83' lang='lat' dir='ltr'>Gloriﬁcavit</span> <span class='ocrx_word' id='word_1_169' title='bbox 1139 2415 1303 2470; x_wconf 90' lang='lat' dir='ltr'>illum</span> <span class='ocrx_word' id='word_1_170' title='bbox 1325 2415 1382 2469; x_wconf 90' lang='lat' dir='ltr'>in</span> <span class='ocrx_word' id='word_1_171' title='bbox 1407 2421 1723 2486; x_wconf 87' lang='lat' dir='ltr'>conspectu</span> <span class='ocrx_word' id='word_1_172' title='bbox 1746 2431 1970 2487; x_wconf 89' lang='lat' dir='ltr'>regum,</span> 
     </span>
    </p>
   </div>
   <div class='ocr_carea' id='block_1_26' title="bbox 309 2504 1972 2576">
    <p class='ocr_par' dir='ltr' id='par_1_26' title="bbox 309 2504 1972 2576">
     <span class='ocr_line' id='line_1_26' title="bbox 309 2504 1972 2576; baseline -0.002 -16"><span class='ocrx_word' id='word_1_173' title='bbox 309 2509 366 2560; x_wconf 87' lang='lat' dir='ltr'>et</span> <span class='ocrx_word' id='word_1_174' title='bbox 396 2505 653 2561; x_wconf 88' lang='lat' dir='ltr'>ostendit</span> <span class='ocrx_word' id='word_1_175' title='bbox 693 2505 774 2560; x_wconf 90' lang='lat' dir='ltr'>ilii</span> <span class='ocrx_word' id='word_1_176' title='bbox 825 2505 1073 2576; x_wconf 76' lang='lat' dir='ltr'>gloriam</span> <span class='ocrx_word' id='word_1_177' title='bbox 1106 2505 1480 2575; x_wconf 82' lang='lat' dir='ltr'>suam.Hugo</span> <span class='ocrx_word' id='word_1_178' title='bbox 1511 2521 1579 2560; x_wconf 84' lang='lat' dir='ltr'>ex</span> <span class='ocrx_word' id='word_1_179' title='bbox 1617 2504 1972 2558; x_wconf 78' lang='lat' dir='ltr'>Francorum</span> 
     </span>
    </p>
   </div>
   <div class='ocr_carea' id='block_1_27' title="bbox 310 2591 1976 2665">
    <p class='ocr_par' dir='ltr' id='par_1_27' title="bbox 310 2591 1976 2665">
     <span class='ocr_line' id='line_1_27' title="bbox 310 2591 1976 2665; baseline 0 -18"><span class='ocrx_word' id='word_1_180' title='bbox 310 2594 538 2665; x_wconf 89' lang='lat' dir='ltr'>quoties</span> <span class='ocrx_word' id='word_1_181' title='bbox 572 2593 736 2648; x_wconf 89' lang='lat' dir='ltr'>illum</span> <span class='ocrx_word' id='word_1_182' title='bbox 774 2593 941 2663; x_wconf 86' lang='lat' dir='ltr'>vidit,</span> <span class='ocrx_word' id='word_1_183' title='bbox 974 2593 1185 2648; x_wconf 89' lang='lat' dir='ltr'>humili</span> <span class='ocrx_word' id='word_1_184' title='bbox 1240 2593 1552 2647; x_wconf 86' lang='lat' dir='ltr'>devotione</span> <span class='ocrx_word' id='word_1_185' title='bbox 1605 2591 1884 2663; x_wconf 85' lang='lat' dir='ltr'>suscepit,</span> <span class='ocrx_word' id='word_1_186' title='bbox 1919 2596 1976 2647; x_wconf 88' lang='lat' dir='ltr'>et</span> 
     </span>
    </p>
   </div>
   <div class='ocr_carea' id='block_1_28' title="bbox 310 2682 1972 2755">
    <p class='ocr_par' dir='ltr' id='par_1_28' title="bbox 310 2682 1972 2755">
     <span class='ocr_line' id='line_1_28' title="bbox 310 2682 1972 2755; baseline -0.002 -18"><span class='ocrx_word' id='word_1_187' title='bbox 310 2699 444 2737; x_wconf 92' lang='lat' dir='ltr'>cum</span> <span class='ocrx_word' id='word_1_188' title='bbox 479 2699 692 2755; x_wconf 88' lang='lat' dir='ltr'>magno</span> <span class='ocrx_word' id='word_1_189' title='bbox 725 2682 942 2738; x_wconf 87' lang='lat' dir='ltr'>honore</span> <span class='ocrx_word' id='word_1_190' title='bbox 966 2682 1255 2736; x_wconf 81' lang='lat' dir='ltr'>tractavit.</span> <span class='ocrx_word' id='word_1_191' title='bbox 1272 2683 1558 2753; x_wconf 86' lang='lat' dir='ltr'>Tempore</span> <span class='ocrx_word' id='word_1_192' title='bbox 1580 2698 1711 2736; x_wconf 88' lang='lat' dir='ltr'>vero</span> <span class='ocrx_word' id='word_1_193' title='bbox 1735 2698 1853 2735; x_wconf 64' lang='lat' dir='ltr'>sua:</span> <span class='ocrx_word' id='word_1_194' title='bbox 1876 2697 1972 2734; x_wconf 86' lang='lat' dir='ltr'>vo-</span> 
     </span>
    </p>
   </div>
   <div class='ocr_carea' id='block_1_29' title="bbox 310 2770 1971 2843">
    <p class='ocr_par' dir='ltr' id='par_1_29' title="bbox 310 2770 1971 2843">
     <span class='ocr_line' id='line_1_29' title="bbox 310 2770 1971 2843; baseline -0.002 -16"><span class='ocrx_word' id='word_1_195' title='bbox 310 2771 561 2827; x_wconf 89' lang='lat' dir='ltr'>cationis</span> <span class='ocrx_word' id='word_1_196' title='bbox 591 2772 663 2826; x_wconf 85' lang='lat' dir='ltr'>ad</span> <span class='ocrx_word' id='word_1_197' title='bbox 685 2788 747 2826; x_wconf 89' lang='lat' dir='ltr'>se</span> <span class='ocrx_word' id='word_1_198' title='bbox 768 2771 963 2826; x_wconf 91' lang='lat' dir='ltr'>venire</span> <span class='ocrx_word' id='word_1_199' title='bbox 986 2771 1209 2843; x_wconf 84' lang='lat' dir='ltr'>rogavit</span> <span class='ocrx_word' id='word_1_200' title='bbox 1230 2788 1296 2827; x_wconf 89' lang='lat' dir='ltr'>ea</span> <span class='ocrx_word' id='word_1_201' title='bbox 1319 2770 1662 2837; x_wconf 90' lang='lat' dir='ltr'>intentione,</span> <span class='ocrx_word' id='word_1_202' title='bbox 1680 2774 1746 2824; x_wconf 89' lang='lat' dir='ltr'>ut</span> <span class='ocrx_word' id='word_1_203' title='bbox 1768 2786 1971 2824; x_wconf 84' lang='lat' dir='ltr'>mona-</span> 
     </span>
    </p>
   </div>
   <div class='ocr_carea' id='block_1_30' title="bbox 308 2858 1971 2932">
    <p class='ocr_par' dir='ltr' id='par_1_30' title="bbox 308 2858 1971 2932">
     <span class='ocr_line' id='line_1_30' title="bbox 308 2858 1971 2932; baseline -0.003 -14"><span class='ocrx_word' id='word_1_204' title='bbox 308 2861 555 2918; x_wconf 89' lang='lat' dir='ltr'>sterium</span> <span class='ocrx_word' id='word_1_205' title='bbox 576 2861 635 2915; x_wconf 91' lang='lat' dir='ltr'>S.</span> <span class='ocrx_word' id='word_1_206' title='bbox 652 2860 910 2932; x_wconf 77' lang='lat' dir='ltr'>Dionysii</span> <span class='ocrx_word' id='word_1_207' title='bbox 932 2861 1061 2930; x_wconf 88' lang='lat' dir='ltr'>ejus</span> <span class='ocrx_word' id='word_1_208' title='bbox 1083 2859 1326 2915; x_wconf 89' lang='lat' dir='ltr'>consilio</span> <span class='ocrx_word' id='word_1_209' title='bbox 1347 2864 1405 2914; x_wconf 90' lang='lat' dir='ltr'>et</span> <span class='ocrx_word' id='word_1_210' title='bbox 1422 2860 1714 2914; x_wconf 78' lang='lat' dir='ltr'>adtutorio</span> <span class='ocrx_word' id='word_1_211' title='bbox 1739 2858 1971 2924; x_wconf 90' lang='lat' dir='ltr'>melius,</span> 
     </span>
    </p>
   </div>
   <div class='ocr_carea' id='block_1_31' title="bbox 308 2947 1972 3021">
    <p class='ocr_par' dir='ltr' id='par_1_31' title="bbox 308 2947 1972 3021">
     <span class='ocr_line' id='line_1_31' title="bbox 308 2947 1972 3021; baseline -0.002 -17"><span class='ocrx_word' id='word_1_212' title='bbox 308 2965 489 3021; x_wconf 89' lang='lat' dir='ltr'>quam</span> <span class='ocrx_word' id='word_1_213' title='bbox 520 2954 661 3004; x_wconf 91' lang='lat' dir='ltr'>tunc</span> <span class='ocrx_word' id='word_1_214' title='bbox 700 2949 1119 3017; x_wconf 87' lang='lat' dir='ltr'>erat,ordinari</span> <span class='ocrx_word' id='word_1_215' title='bbox 1162 2949 1556 3020; x_wconf 84' lang='lat' dir='ltr'>pesset....Ad</span> <span class='ocrx_word' id='word_1_216' title='bbox 1612 2947 1757 3002; x_wconf 92' lang='lat' dir='ltr'>illud</span> <span class='ocrx_word' id='word_1_217' title='bbox 1792 2964 1972 3019; x_wconf 85' lang='lat' dir='ltr'>nego-</span> 
     </span>
    </p>
   </div>
   <div class='ocr_carea' id='block_1_32' title="bbox 308 3036 1971 3111">
    <p class='ocr_par' dir='ltr' id='par_1_32' title="bbox 308 3036 1971 3111">
     <span class='ocr_line' id='line_1_32' title="bbox 308 3036 1971 3111; baseline -0.001 -19"><span class='ocrx_word' id='word_1_218' title='bbox 308 3039 456 3093; x_wconf 90' lang='lat' dir='ltr'>tium</span> <span class='ocrx_word' id='word_1_219' title='bbox 475 3039 873 3111; x_wconf 86' lang='lat' dir='ltr'>peragendum</span> <span class='ocrx_word' id='word_1_220' title='bbox 896 3038 1162 3109; x_wconf 82' lang='lat' dir='ltr'>gaudens</span> <span class='ocrx_word' id='word_1_221' title='bbox 1210 3040 1321 3092; x_wconf 88' lang='lat' dir='ltr'>iter</span> <span class='ocrx_word' id='word_1_222' title='bbox 1359 3037 1637 3108; x_wconf 89' lang='lat' dir='ltr'>suscepit,</span> <span class='ocrx_word' id='word_1_223' title='bbox 1663 3053 1851 3107; x_wconf 87' lang='lat' dir='ltr'>usque</span> <span class='ocrx_word' id='word_1_224' title='bbox 1900 3036 1971 3090; x_wconf 87' lang='lat' dir='ltr'>ad</span> 
     </span>
    </p>
   </div>
   <div class='ocr_carea' id='block_1_33' title="bbox 308 3126 1972 3197">
    <p class='ocr_par' dir='ltr' id='par_1_33' title="bbox 308 3126 1972 3197">
     <span class='ocr_line' id='line_1_33' title="bbox 308 3126 1972 3197; baseline 0 -17"><span class='ocrx_word' id='word_1_225' title='bbox 308 3126 502 3181; x_wconf 90' lang='lat' dir='ltr'>locum</span> <span class='ocrx_word' id='word_1_226' title='bbox 554 3126 935 3181; x_wconf 85' lang='lat' dir='ltr'>Silviniacum</span> <span class='ocrx_word' id='word_1_227' title='bbox 989 3127 1269 3197; x_wconf 87' lang='lat' dir='ltr'>pervenit,</span> <span class='ocrx_word' id='word_1_228' title='bbox 1305 3126 1403 3179; x_wconf 89' lang='lat' dir='ltr'>ubi</span> <span class='ocrx_word' id='word_1_229' title='bbox 1459 3143 1521 3180; x_wconf 93' lang='lat' dir='ltr'>se</span> <span class='ocrx_word' id='word_1_230' title='bbox 1567 3126 1681 3179; x_wconf 92' lang='lat' dir='ltr'>Deo</span> <span class='ocrx_word' id='word_1_231' title='bbox 1732 3129 1972 3180; x_wconf 85' lang='lat' dir='ltr'>vocante</span> 
     </span>
    </p>
   </div>
   <div class='ocr_carea' id='block_1_34' title="bbox 309 3214 1972 3288">
    <p class='ocr_par' dir='ltr' id='par_1_34' title="bbox 309 3214 1972 3288">
     <span class='ocr_line' id='line_1_34' title="bbox 309 3214 1972 3288; baseline -0.001 -19"><span class='ocrx_word' id='word_1_232' title='bbox 309 3214 520 3288; x_wconf 90' lang='lat' dir='ltr'>plenus</span> <span class='ocrx_word' id='word_1_233' title='bbox 547 3215 775 3269; x_wconf 91' lang='lat' dir='ltr'>dierum</span> <span class='ocrx_word' id='word_1_234' title='bbox 799 3219 856 3270; x_wconf 90' lang='lat' dir='ltr'>et</span> <span class='ocrx_word' id='word_1_235' title='bbox 875 3214 1208 3269; x_wconf 85' lang='lat' dir='ltr'>sanctitatis</span> <span class='ocrx_word' id='word_1_236' title='bbox 1230 3231 1299 3269; x_wconf 89' lang='lat' dir='ltr'>ex</span> <span class='ocrx_word' id='word_1_237' title='bbox 1335 3214 1445 3269; x_wconf 91' lang='lat' dir='ltr'>hac</span> <span class='ocrx_word' id='word_1_238' title='bbox 1468 3215 1583 3269; x_wconf 90' lang='lat' dir='ltr'>vita</span> <span class='ocrx_word' id='word_1_239' title='bbox 1610 3214 1757 3268; x_wconf 91' lang='lat' dir='ltr'>obiit</span> <span class='ocrx_word' id='word_1_240' title='bbox 1778 3231 1812 3269; x_wconf 90' lang='lat' dir='ltr'>v</span> <span class='ocrx_word' id='word_1_241' title='bbox 1834 3214 1972 3268; x_wconf 87' lang='lat' dir='ltr'>ldus</span> 
     </span>
    </p>
   </div>
   <div class='ocr_carea' id='block_1_35' title="bbox 2087 635 3756 708">
    <p class='ocr_par' dir='ltr' id='par_1_35' title="bbox 2087 635 3756 708">
     <span class='ocr_line' id='line_1_35' title="bbox 2087 635 3756 708; baseline -0.001 -18"><span class='ocrx_word' id='word_1_242' title='bbox 2087 651 2320 707; x_wconf 89' lang='lat' dir='ltr'>cunque</span> <span class='ocrx_word' id='word_1_243' title='bbox 2354 636 2701 691; x_wconf 86' lang='lat' dir='ltr'>ueccssitate</span> <span class='ocrx_word' id='word_1_244' title='bbox 2733 636 2987 691; x_wconf 80' lang='lat' dir='ltr'>ﬁdeliter</span> <span class='ocrx_word' id='word_1_245' title='bbox 3033 635 3316 691; x_wconf 81' lang='lat' dir='ltr'>auxilium</span> <span class='ocrx_word' id='word_1_246' title='bbox 3360 636 3601 708; x_wconf 82' lang='lat' dir='ltr'>expetit,</span> <span class='ocrx_word' id='word_1_247' title='bbox 3637 637 3756 691; x_wconf 88' lang='lat' dir='ltr'>voti</span> 
     </span>
    </p>
   </div>
   <div class='ocr_carea' id='block_1_36' title="bbox 2087 724 3753 798">
    <p class='ocr_par' dir='ltr' id='par_1_36' title="bbox 2087 724 3753 798">
     <span class='ocr_line' id='line_1_36' title="bbox 2087 724 3753 798; baseline -0.002 -18"><span class='ocrx_word' id='word_1_248' title='bbox 2087 725 2179 780; x_wconf 93' lang='lat' dir='ltr'>sui</span> <span class='ocrx_word' id='word_1_249' title='bbox 2202 742 2441 797; x_wconf 89' lang='lat' dir='ltr'>compos</span> <span class='ocrx_word' id='word_1_250' title='bbox 2463 726 2704 780; x_wconf 70' lang='lat' dir='ltr'>effectus</span> <span class='ocrx_word' id='word_1_251' title='bbox 2718 724 2867 780; x_wconf 89' lang='lat' dir='ltr'>redit</span> <span class='ocrx_word' id='word_1_252' title='bbox 2883 727 2953 780; x_wconf 88' lang='lat' dir='ltr'>ad</span> <span class='ocrx_word' id='word_1_253' title='bbox 2977 725 3213 798; x_wconf 91' lang='lat' dir='ltr'>propria</span> <span class='ocrx_word' id='word_1_254' title='bbox 3224 742 3430 797; x_wconf 89' lang='lat' dir='ltr'>sospes</span> <span class='ocrx_word' id='word_1_255' title='bbox 3451 725 3753 781; x_wconf 72' lang='lat' dir='ltr'>etlzetus.»</span> 
     </span>
    </p>
   </div>
   <div class='ocr_carea' id='block_1_37' title="bbox 2087 814 3754 882">
    <p class='ocr_par' dir='ltr' id='par_1_37' title="bbox 2087 814 3754 882">
     <span class='ocr_line' id='line_1_37' title="bbox 2087 814 3754 882; baseline -0.001 -13"><span class='ocrx_word' id='word_1_256' title='bbox 2087 814 2188 869; x_wconf 87' lang='lat' dir='ltr'>His</span> <span class='ocrx_word' id='word_1_257' title='bbox 2221 820 2607 870; x_wconf 85' lang='lat' dir='ltr'>consentanea</span> <span class='ocrx_word' id='word_1_258' title='bbox 2645 815 2849 870; x_wconf 90' lang='lat' dir='ltr'>scribit</span> <span class='ocrx_word' id='word_1_259' title='bbox 2881 815 3093 871; x_wconf 89' lang='lat' dir='ltr'>Glaber</span> <span class='ocrx_word' id='word_1_260' title='bbox 3127 815 3418 871; x_wconf 83' lang='lat' dir='ltr'>Rodulfus</span> <span class='ocrx_word' id='word_1_261' title='bbox 3448 814 3505 869; x_wconf 93' lang='lat' dir='ltr'>in</span> <span class='ocrx_word' id='word_1_262' title='bbox 3536 814 3643 880; x_wconf 88' lang='lat' dir='ltr'>lib,</span> <span class='ocrx_word' id='word_1_263' title='bbox 3667 831 3754 882; x_wconf 81' lang='grc' dir='ltr'>ιιι,</span> 
     </span>
    </p>
   </div>
   <div class='ocr_carea' id='block_1_38' title="bbox 2086 904 3756 974">
    <p class='ocr_par' dir='ltr' id='par_1_38' title="bbox 2086 904 3756 974">
     <span class='ocr_line' id='line_1_38' title="bbox 2086 904 3756 974; baseline 0.001 -17"><span class='ocrx_word' id='word_1_264' title='bbox 2086 919 2213 974; x_wconf 88' lang='lat' dir='ltr'>cap.</span> <span class='ocrx_word' id='word_1_265' title='bbox 2238 906 2293 958; x_wconf 88' lang='grc'>5.</span> <span class='ocrx_word' id='word_1_266' title='bbox 2321 926 2348 953; x_wconf 93' lang='grc'><em>‹‹</em></span> <span class='ocrx_word' id='word_1_267' title='bbox 2372 905 2515 958; x_wconf 89' lang='lat' dir='ltr'>Nam</span> <span class='ocrx_word' id='word_1_268' title='bbox 2542 905 2609 959; x_wconf 88' lang='lat' dir='ltr'>ad</span> <span class='ocrx_word' id='word_1_269' title='bbox 2638 904 2796 959; x_wconf 90' lang='lat' dir='ltr'>illius</span> <span class='ocrx_word' id='word_1_270' title='bbox 2816 904 3033 959; x_wconf 91' lang='lat' dir='ltr'>famam</span> <span class='ocrx_word' id='word_1_271' title='bbox 3059 905 3393 960; x_wconf 87' lang='lat' dir='ltr'>sanctitatis</span> <span class='ocrx_word' id='word_1_272' title='bbox 3419 904 3756 959; x_wconf 82' lang='lat' dir='ltr'>conﬂuxere</span> 
     </span>
    </p>
   </div>
   <div class='ocr_carea' id='block_1_39' title="bbox 2085 992 3753 1048">
    <p class='ocr_par' dir='ltr' id='par_1_39' title="bbox 2085 992 3753 1048">
     <span class='ocr_line' id='line_1_39' title="bbox 2085 992 3753 1048; baseline 0.001 -3"><span class='ocrx_word' id='word_1_273' title='bbox 2085 1009 2153 1046; x_wconf 87' lang='lat' dir='ltr'>ex</span> <span class='ocrx_word' id='word_1_274' title='bbox 2186 992 2454 1047; x_wconf 84' lang='lat' dir='ltr'>universo</span> <span class='ocrx_word' id='word_1_275' title='bbox 2487 994 2750 1048; x_wconf 79' lang='lat' dir='ltr'>Romano</span> <span class='ocrx_word' id='word_1_276' title='bbox 2773 995 2912 1048; x_wconf 91' lang='lat' dir='ltr'>orbe</span> <span class='ocrx_word' id='word_1_277' title='bbox 2934 994 3037 1048; x_wconf 88' lang='lat' dir='ltr'>viri</span> <span class='ocrx_word' id='word_1_278' title='bbox 3071 998 3127 1048; x_wconf 92' lang='lat' dir='ltr'>et</span> <span class='ocrx_word' id='word_1_279' title='bbox 3150 993 3425 1048; x_wconf 88' lang='lat' dir='ltr'>mulieres</span> <span class='ocrx_word' id='word_1_280' title='bbox 3448 999 3753 1048; x_wconf 88' lang='lat' dir='ltr'>utrorum-</span> 
     </span>
    </p>
   </div>
   <div class='ocr_carea' id='block_1_40' title="bbox 2085 1082 3751 1153">
    <p class='ocr_par' dir='ltr' id='par_1_40' title="bbox 2085 1082 3751 1153">
     <span class='ocr_line' id='line_1_40' title="bbox 2085 1082 3751 1153; baseline 0.001 -18"><span class='ocrx_word' id='word_1_281' title='bbox 2085 1098 2197 1152; x_wconf 89' lang='lat' dir='ltr'>que</span> <span class='ocrx_word' id='word_1_282' title='bbox 2230 1083 2502 1136; x_wconf 83' lang='lat' dir='ltr'>ordinum</span> <span class='ocrx_word' id='word_1_283' title='bbox 2537 1082 3027 1153; x_wconf 77' lang='lat' dir='ltr'>plurimi,exinde</span> <span class='ocrx_word' id='word_1_284' title='bbox 3050 1084 3366 1139; x_wconf 78' lang='lat' dir='ltr'>referentes</span> <span class='ocrx_word' id='word_1_285' title='bbox 3383 1084 3751 1137; x_wconf 83' lang='lat' dir='ltr'>diversarum</span> 
     </span>
    </p>
   </div>
   <div class='ocr_carea' id='block_1_41' title="bbox 2086 1171 3753 1240">
    <p class='ocr_par' dir='ltr' id='par_1_41' title="bbox 2086 1171 3753 1240">
     <span class='ocr_line' id='line_1_41' title="bbox 2086 1171 3753 1240; baseline 0.001 -16"><span class='ocrx_word' id='word_1_286' title='bbox 2086 1171 2494 1225; x_wconf 83' lang='lat' dir='ltr'>inlirmitatum</span> <span class='ocrx_word' id='word_1_287' title='bbox 2542 1173 2761 1240; x_wconf 76' lang='lat' dir='ltr'>gratias</span> <span class='ocrx_word' id='word_1_288' title='bbox 2810 1173 3096 1227; x_wconf 63' lang='lat' dir='ltr'>sanitatis.</span> <span class='ocrx_word' id='word_1_289' title='bbox 3142 1172 3495 1227; x_wconf 68' lang='lat' dir='ltr'>Desmviebat</span> <span class='ocrx_word' id='word_1_290' title='bbox 3541 1173 3753 1226; x_wconf 88' lang='lat' dir='ltr'>eodem</span> 
     </span>
    </p>
   </div>
   <div class='ocr_carea' id='block_1_42' title="bbox 2084 1260 3755 1333">
    <p class='ocr_par' dir='ltr' id='par_1_42' title="bbox 2084 1260 3755 1333">
     <span class='ocr_line' id='line_1_42' title="bbox 2084 1260 3755 1333; baseline 0.001 -20"><span class='ocrx_word' id='word_1_291' title='bbox 2084 1263 2345 1331; x_wconf 87' lang='lat' dir='ltr'>tempore</span> <span class='ocrx_word' id='word_1_292' title='bbox 2367 1260 2561 1315; x_wconf 82' lang='lat' dir='ltr'>clades</span> <span class='ocrx_word' id='word_1_293' title='bbox 2587 1261 2841 1330; x_wconf 81' lang='lat' dir='ltr'>pessima</span> <span class='ocrx_word' id='word_1_294' title='bbox 2884 1262 2939 1315; x_wconf 90' lang='lat' dir='ltr'>in</span> <span class='ocrx_word' id='word_1_295' title='bbox 2974 1262 3336 1327; x_wconf 83' lang='lat' dir='ltr'>hominibus,</span> <span class='ocrx_word' id='word_1_296' title='bbox 3355 1261 3505 1333; x_wconf 81' lang='lat' dir='ltr'>ignis</span> <span class='ocrx_word' id='word_1_297' title='bbox 3528 1260 3755 1315; x_wconf 80' lang='lat' dir='ltr'>scilicet</span> 
     </span>
    </p>
   </div>
   <div class='ocr_carea' id='block_1_43' title="bbox 2083 1348 3751 1421">
    <p class='ocr_par' dir='ltr' id='par_1_43' title="bbox 2083 1348 3751 1421">
     <span class='ocr_line' id='line_1_43' title="bbox 2083 1348 3751 1421; baseline 0 -18"><span class='ocrx_word' id='word_1_298' title='bbox 2083 1348 2482 1420; x_wconf 86' lang='lat' dir='ltr'>occultus,qui</span> <span class='ocrx_word' id='word_1_299' title='bbox 2518 1350 2912 1421; x_wconf 76' lang='lat' dir='ltr'>quodcunqlm</span> <span class='ocrx_word' id='word_1_300' title='bbox 2942 1350 3340 1405; x_wconf 82' lang='lat' dir='ltr'>membrorum</span> <span class='ocrx_word' id='word_1_301' title='bbox 3375 1351 3751 1421; x_wconf 75' lang='lat' dir='ltr'>arripuisset,</span> 
     </span>
    </p>
   </div>
   <div class='ocr_carea' id='block_1_44' title="bbox 2082 1439 3750 1511">
    <p class='ocr_par' dir='ltr' id='par_1_44' title="bbox 2082 1439 3750 1511">
     <span class='ocr_line' id='line_1_44' title="bbox 2082 1439 3750 1511; baseline 0 -18"><span class='ocrx_word' id='word_1_302' title='bbox 2082 1439 2376 1493; x_wconf 79' lang='lat' dir='ltr'>exurendo</span> <span class='ocrx_word' id='word_1_303' title='bbox 2410 1439 2721 1493; x_wconf 88' lang='lat' dir='ltr'>truncabat</span> <span class='ocrx_word' id='word_1_304' title='bbox 2759 1456 2793 1493; x_wconf 88' lang='lat' dir='ltr'>a</span> <span class='ocrx_word' id='word_1_305' title='bbox 2831 1456 3090 1511; x_wconf 90' lang='lat' dir='ltr'>corpore.</span> <span class='ocrx_word' id='word_1_306' title='bbox 3127 1439 3438 1510; x_wconf 87' lang='lat' dir='ltr'>Plerosque</span> <span class='ocrx_word' id='word_1_307' title='bbox 3471 1439 3651 1493; x_wconf 88' lang='lat' dir='ltr'>etiam</span> <span class='ocrx_word' id='word_1_308' title='bbox 3690 1439 3750 1493; x_wconf 91' lang='lat' dir='ltr'>in</span> 
     </span>
    </p>
   </div>
   <div class='ocr_carea' id='block_1_45' title="bbox 2082 1526 3749 1599">
    <p class='ocr_par' dir='ltr' id='par_1_45' title="bbox 2082 1526 3749 1599">
     <span class='ocr_line' id='line_1_45' title="bbox 2082 1526 3749 1599; baseline -0.001 -17"><span class='ocrx_word' id='word_1_309' title='bbox 2082 1528 2272 1598; x_wconf 86' lang='lat' dir='ltr'>spatio</span> <span class='ocrx_word' id='word_1_310' title='bbox 2306 1526 2482 1580; x_wconf 87' lang='lat' dir='ltr'>unius</span> <span class='ocrx_word' id='word_1_311' title='bbox 2507 1526 2695 1581; x_wconf 89' lang='lat' dir='ltr'>noctis</span> <span class='ocrx_word' id='word_1_312' title='bbox 2720 1526 2905 1598; x_wconf 84' lang='lat' dir='ltr'>hujus</span> <span class='ocrx_word' id='word_1_313' title='bbox 2928 1527 3080 1599; x_wconf 87' lang='lat' dir='ltr'>ignis</span> <span class='ocrx_word' id='word_1_314' title='bbox 3105 1527 3474 1599; x_wconf 83' lang='lat' dir='ltr'>consumptis</span> <span class='ocrx_word' id='word_1_315' title='bbox 3493 1527 3749 1582; x_wconf 87' lang='lat' dir='ltr'>cxustio.</span> 
     </span>
    </p>
   </div>
   <div class='ocr_carea' id='block_1_46' title="bbox 2082 1612 3753 1687">
    <p class='ocr_par' dir='ltr' id='par_1_46' title="bbox 2082 1612 3753 1687">
     <span class='ocr_line' id='line_1_46' title="bbox 2082 1612 3753 1687; baseline 0.001 -20"><span class='ocrx_word' id='word_1_316' title='bbox 2082 1613 2192 1667; x_wconf 91' lang='lat' dir='ltr'>Sed</span> <span class='ocrx_word' id='word_1_317' title='bbox 2215 1630 2348 1668; x_wconf 89' lang='lat' dir='ltr'>cum</span> <span class='ocrx_word' id='word_1_318' title='bbox 2367 1613 2426 1667; x_wconf 92' lang='lat' dir='ltr'>in</span> <span class='ocrx_word' id='word_1_319' title='bbox 2451 1612 2724 1684; x_wconf 89' lang='lat' dir='ltr'>plurimis</span> <span class='ocrx_word' id='word_1_320' title='bbox 2743 1619 3082 1670; x_wconf 89' lang='lat' dir='ltr'>sanctorum</span> <span class='ocrx_word' id='word_1_321' title='bbox 3109 1615 3412 1671; x_wconf 83' lang='lat' dir='ltr'>memoriis</span> <span class='ocrx_word' id='word_1_322' title='bbox 3434 1615 3616 1687; x_wconf 87' lang='lat' dir='ltr'>hujus</span> <span class='ocrx_word' id='word_1_323' title='bbox 3635 1620 3753 1670; x_wconf 87' lang='lat' dir='ltr'>tre-</span> 
     </span>
    </p>
   </div>
   <div class='ocr_carea' id='block_1_47' title="bbox 2081 1701 3746 1773">
    <p class='ocr_par' dir='ltr' id='par_1_47' title="bbox 2081 1701 3746 1773">
     <span class='ocr_line' id='line_1_47' title="bbox 2081 1701 3746 1773; baseline 0 -16"><span class='ocrx_word' id='word_1_324' title='bbox 2081 1703 2307 1757; x_wconf 68' lang='lat' dir='ltr'>mendae</span> <span class='ocrx_word' id='word_1_325' title='bbox 2330 1702 2514 1773; x_wconf 89' lang='lat' dir='ltr'>pestis</span> <span class='ocrx_word' id='word_1_326' title='bbox 2538 1701 2657 1756; x_wconf 77' lang='lat' dir='ltr'>sint</span> <span class='ocrx_word' id='word_1_327' title='bbox 2678 1702 2911 1758; x_wconf 89' lang='lat' dir='ltr'>inventa</span> <span class='ocrx_word' id='word_1_328' title='bbox 2934 1705 3208 1772; x_wconf 85' lang='lat' dir='ltr'>remedia,</span> <span class='ocrx_word' id='word_1_329' title='bbox 3231 1704 3524 1759; x_wconf 82' lang='lat' dir='ltr'>maximus</span> <span class='ocrx_word' id='word_1_330' title='bbox 3540 1708 3746 1759; x_wconf 90' lang='lat' dir='ltr'>tamen</span> 
     </span>
    </p>
   </div>
   <div class='ocr_carea' id='block_1_48' title="bbox 2081 1792 3753 1849">
    <p class='ocr_par' dir='ltr' id='par_1_48' title="bbox 2081 1792 3753 1849">
     <span class='ocr_line' id='line_1_48' title="bbox 2081 1792 3753 1849; baseline 0.002 -4"><span class='ocrx_word' id='word_1_331' title='bbox 2081 1807 2401 1846; x_wconf 89' lang='lat' dir='ltr'>concursus</span> <span class='ocrx_word' id='word_1_332' title='bbox 2435 1792 2625 1846; x_wconf 89' lang='lat' dir='ltr'>factus</span> <span class='ocrx_word' id='word_1_333' title='bbox 2657 1797 2744 1846; x_wconf 89' lang='lat' dir='ltr'>est</span> <span class='ocrx_word' id='word_1_334' title='bbox 2766 1793 2836 1846; x_wconf 86' lang='lat' dir='ltr'>ad</span> <span class='ocrx_word' id='word_1_335' title='bbox 2865 1793 3043 1847; x_wconf 86' lang='lat' dir='ltr'>trium</span> <span class='ocrx_word' id='word_1_336' title='bbox 3079 1799 3417 1848; x_wconf 88' lang='lat' dir='ltr'>sanctorum</span> <span class='ocrx_word' id='word_1_337' title='bbox 3452 1794 3753 1849; x_wconf 85' lang='lat' dir='ltr'>confesso-</span> 
     </span>
    </p>
   </div>
   <div class='ocr_carea' id='block_1_49' title="bbox 2082 1876 3753 1952">
    <p class='ocr_par' dir='ltr' id='par_1_49' title="bbox 2082 1876 3753 1952">
     <span class='ocr_line' id='line_1_49' title="bbox 2082 1876 3753 1952; baseline 0.001 -19"><span class='ocrx_word' id='word_1_338' title='bbox 2082 1896 2212 1934; x_wconf 90' lang='lat' dir='ltr'>rum</span> <span class='ocrx_word' id='word_1_339' title='bbox 2245 1876 2542 1946; x_wconf 84' lang='lat' dir='ltr'>ecclesias,</span> <span class='ocrx_word' id='word_1_340' title='bbox 2579 1880 2811 1934; x_wconf 89' lang='lat' dir='ltr'>Martini</span> <span class='ocrx_word' id='word_1_341' title='bbox 2859 1880 3083 1936; x_wconf 90' lang='lat' dir='ltr'>scilicet</span> <span class='ocrx_word' id='word_1_342' title='bbox 3128 1883 3525 1949; x_wconf 86' lang='lat' dir='ltr'>Turonorum,</span> <span class='ocrx_word' id='word_1_343' title='bbox 3566 1884 3753 1952; x_wconf 90' lang='lat' dir='ltr'>atque</span> 
     </span>
    </p>
   </div>
   <div class='ocr_carea' id='block_1_50' title="bbox 2083 1968 3755 2038">
    <p class='ocr_par' dir='ltr' id='par_1_50' title="bbox 2083 1968 3755 2038">
     <span class='ocr_line' id='line_1_50' title="bbox 2083 1968 3755 2038; baseline 0.001 -15"><span class='ocrx_word' id='word_1_344' title='bbox 2083 1968 2333 2023; x_wconf 88' lang='lat' dir='ltr'>Odolrici</span> <span class='ocrx_word' id='word_1_345' title='bbox 2370 1968 2920 2038; x_wconf 87' lang='lat' dir='ltr'>Bajoariorum,nee</span> <span class='ocrx_word' id='word_1_346' title='bbox 2953 1987 3064 2025; x_wconf 92' lang='lat' dir='ltr'>non</span> <span class='ocrx_word' id='word_1_347' title='bbox 3100 1975 3157 2025; x_wconf 94' lang='lat' dir='ltr'>ct</span> <span class='ocrx_word' id='word_1_348' title='bbox 3192 1970 3364 2025; x_wconf 87' lang='lat' dir='ltr'>istius</span> <span class='ocrx_word' id='word_1_349' title='bbox 3396 1970 3755 2025; x_wconf 89' lang='lat' dir='ltr'>venerabilis</span> 
     </span>
    </p>
   </div>
   <div class='ocr_carea' id='block_1_51' title="bbox 2084 2055 3757 2129">
    <p class='ocr_par' dir='ltr' id='par_1_51' title="bbox 2084 2055 3757 2129">
     <span class='ocr_line' id='line_1_51' title="bbox 2084 2055 3757 2129; baseline 0.002 -19"><span class='ocrx_word' id='word_1_350' title='bbox 2084 2056 2268 2126; x_wconf 88' lang='lat' dir='ltr'>patris</span> <span class='ocrx_word' id='word_1_351' title='bbox 2303 2055 2526 2123; x_wconf 88' lang='lat' dir='ltr'>Maioli;</span> <span class='ocrx_word' id='word_1_352' title='bbox 2561 2061 2887 2129; x_wconf 55' lang='lat' dir='ltr'>optataque</span> <span class='ocrx_word' id='word_1_353' title='bbox 2912 2058 3122 2114; x_wconf 90' lang='lat' dir='ltr'>salutis</span> <span class='ocrx_word' id='word_1_354' title='bbox 3146 2058 3382 2114; x_wconf 89' lang='lat' dir='ltr'>inventa</span> <span class='ocrx_word' id='word_1_355' title='bbox 3403 2062 3541 2113; x_wconf 90' lang='lat' dir='ltr'>sunt</span> <span class='ocrx_word' id='word_1_356' title='bbox 3566 2075 3757 2113; x_wconf 91' lang='lat' dir='ltr'>reme-</span> 
     </span>
    </p>
   </div>
   <div class='ocr_carea' id='block_1_52' title="bbox 2083 2143 3757 2219">
    <p class='ocr_par' dir='ltr' id='par_1_52' title="bbox 2083 2143 3757 2219">
     <span class='ocr_line' id='line_1_52' title="bbox 2083 2143 3757 2219; baseline 0.002 -21"><span class='ocrx_word' id='word_1_357' title='bbox 2083 2143 2250 2198; x_wconf 81' lang='lat' dir='ltr'>dia.»</span> <span class='ocrx_word' id='word_1_358' title='bbox 2284 2144 2441 2199; x_wconf 81' lang='lat' dir='ltr'>lianc</span> <span class='ocrx_word' id='word_1_359' title='bbox 2475 2144 2895 2200; x_wconf 90' lang='lat' dir='ltr'>miraculorum</span> <span class='ocrx_word' id='word_1_360' title='bbox 2943 2148 3330 2219; x_wconf 86' lang='lat' dir='ltr'>frequentiam</span> <span class='ocrx_word' id='word_1_361' title='bbox 3376 2149 3448 2203; x_wconf 90' lang='lat' dir='ltr'>ad</span> <span class='ocrx_word' id='word_1_362' title='bbox 3480 2152 3757 2219; x_wconf 88' lang='lat' dir='ltr'>tempora</span> 
     </span>
    </p>
   </div>
   <div class='ocr_carea' id='block_1_53' title="bbox 2087 2232 3755 2308">
    <p class='ocr_par' dir='ltr' id='par_1_53' title="bbox 2087 2232 3755 2308">
     <span class='ocr_line' id='line_1_53' title="bbox 2087 2232 3755 2308; baseline 0.002 -21"><span class='ocrx_word' id='word_1_363' title='bbox 2087 2233 2236 2287; x_wconf 88' lang='lat' dir='ltr'>Petri</span> <span class='ocrx_word' id='word_1_364' title='bbox 2253 2232 2615 2288; x_wconf 87' lang='lat' dir='ltr'>Venerabilis</span> <span class='ocrx_word' id='word_1_365' title='bbox 2634 2251 3035 2305; x_wconf 88' lang='lat' dir='ltr'>perseverasse</span> <span class='ocrx_word' id='word_1_366' title='bbox 3058 2240 3259 2290; x_wconf 86' lang='lat' dir='ltr'>auctor</span> <span class='ocrx_word' id='word_1_367' title='bbox 3281 2241 3370 2291; x_wconf 89' lang='lat' dir='ltr'>est</span> <span class='ocrx_word' id='word_1_368' title='bbox 3394 2236 3409 2289; x_wconf 92' lang='lat' dir='ltr'>i</span> <span class='ocrx_word' id='word_1_369' title='bbox 3419 2253 3521 2308; x_wconf 92' lang='lat' dir='ltr'>pse</span> <span class='ocrx_word' id='word_1_370' title='bbox 3542 2237 3755 2291; x_wconf 85' lang='lat' dir='ltr'>Petrus</span> 
     </span>
    </p>
   </div>
   <div class='ocr_carea' id='block_1_54' title="bbox 2085 2320 3751 2396">
    <p class='ocr_par' dir='ltr' id='par_1_54' title="bbox 2085 2320 3751 2396">
     <span class='ocr_line' id='line_1_54' title="bbox 2085 2320 3751 2396; baseline 0.004 -22"><span class='ocrx_word' id='word_1_371' title='bbox 2085 2320 2145 2375; x_wconf 91' lang='lat' dir='ltr'>in</span> <span class='ocrx_word' id='word_1_372' title='bbox 2174 2320 2272 2376; x_wconf 90' lang='lat' dir='ltr'>lib.</span> <span class='ocrx_word' id='word_1_373' title='bbox 2300 2339 2361 2389; x_wconf 85' lang='lat' dir='ltr'>II,</span> <span class='ocrx_word' id='word_1_374' title='bbox 2397 2322 2465 2375; x_wconf 90' lang='lat' dir='ltr'>de</span> <span class='ocrx_word' id='word_1_375' title='bbox 2499 2323 2801 2379; x_wconf 90' lang='lat' dir='ltr'>miraculis</span> <span class='ocrx_word' id='word_1_376' title='bbox 2832 2341 2960 2396; x_wconf 87' lang='lat' dir='ltr'>cap.</span> <span class='ocrx_word' id='word_1_377' title='bbox 3000 2325 3092 2389; x_wconf 83' lang='lat'>31,</span> <span class='ocrx_word' id='word_1_378' title='bbox 3127 2325 3226 2380; x_wconf 90' lang='lat' dir='ltr'>ubi</span> <span class='ocrx_word' id='word_1_379' title='bbox 3278 2326 3534 2380; x_wconf 83' lang='lat' dir='ltr'>referens</span> <span class='ocrx_word' id='word_1_380' title='bbox 3568 2325 3751 2379; x_wconf 81' lang='lat' dir='ltr'>mira-</span> 
     </span>
    </p>
   </div>
   <div class='ocr_carea' id='block_1_55' title="bbox 2084 2408 3751 2483">
    <p class='ocr_par' dir='ltr' id='par_1_55' title="bbox 2084 2408 3751 2483">
     <span class='ocr_line' id='line_1_55' title="bbox 2084 2408 3751 2483; baseline 0.003 -19"><span class='ocrx_word' id='word_1_381' title='bbox 2084 2408 2283 2466; x_wconf 93' lang='lat' dir='ltr'>culum</span> <span class='ocrx_word' id='word_1_382' title='bbox 2320 2411 2390 2465; x_wconf 89' lang='lat' dir='ltr'>de</span> <span class='ocrx_word' id='word_1_383' title='bbox 2416 2427 2594 2481; x_wconf 88' lang='lat' dir='ltr'>puero</span> <span class='ocrx_word' id='word_1_384' title='bbox 2615 2429 2714 2483; x_wconf 77' lang='lat' dir='ltr'>per</span> <span class='ocrx_word' id='word_1_385' title='bbox 2742 2421 2990 2468; x_wconf 70' lang='lat' dir='ltr'>sanctum</span> <span class='ocrx_word' id='word_1_386' title='bbox 3019 2413 3277 2469; x_wconf 78' lang='lat' dir='ltr'>Maiolmn</span> <span class='ocrx_word' id='word_1_387' title='bbox 3306 2431 3340 2468; x_wconf 92' lang='lat' dir='ltr'>a</span> <span class='ocrx_word' id='word_1_388' title='bbox 3383 2419 3569 2469; x_wconf 88' lang='lat' dir='ltr'>morte</span> <span class='ocrx_word' id='word_1_389' title='bbox 3612 2431 3751 2469; x_wconf 88' lang='lat' dir='ltr'>sns-</span> 
     </span>
    </p>
   </div>
   <div class='ocr_carea' id='block_1_56' title="bbox 2085 2498 3751 2576">
    <p class='ocr_par' dir='ltr' id='par_1_56' title="bbox 2085 2498 3751 2576">
     <span class='ocr_line' id='line_1_56' title="bbox 2085 2498 3751 2576; baseline 0.003 -23"><span class='ocrx_word' id='word_1_390' title='bbox 2085 2498 2281 2553; x_wconf 87' lang='lat' dir='ltr'>citato.</span> <span class='ocrx_word' id='word_1_391' title='bbox 2317 2521 2343 2548; x_wconf 86' lang='grc'><strong>››</strong></span> <span class='ocrx_word' id='word_1_392' title='bbox 2382 2500 2434 2555; x_wconf 90' lang='lat' dir='ltr'>ls</span> <span class='ocrx_word' id='word_1_393' title='bbox 2465 2500 2682 2555; x_wconf 88' lang='lat' dir='ltr'>ctenim</span> <span class='ocrx_word' id='word_1_394' title='bbox 2718 2507 2979 2571; x_wconf 89' lang='lat' dir='ltr'>sanctus,</span> <span class='ocrx_word' id='word_1_395' title='bbox 3015 2503 3115 2570; x_wconf 87' lang='lat' dir='ltr'>ait,</span> <span class='ocrx_word' id='word_1_396' title='bbox 3152 2502 3307 2559; x_wconf 89' lang='lat' dir='ltr'>sicut</span> <span class='ocrx_word' id='word_1_397' title='bbox 3341 2521 3487 2576; x_wconf 88' lang='lat' dir='ltr'>pene</span> <span class='ocrx_word' id='word_1_398' title='bbox 3517 2505 3751 2559; x_wconf 88' lang='lat' dir='ltr'>cunctis</span> 
     </span>
    </p>
   </div>
   <div class='ocr_carea' id='block_1_57' title="bbox 2084 2587 3750 2667">
    <p class='ocr_par' dir='ltr' id='par_1_57' title="bbox 2084 2587 3750 2667">
     <span class='ocr_line' id='line_1_57' title="bbox 2084 2587 3750 2667; baseline 0.002 -23"><span class='ocrx_word' id='word_1_399' title='bbox 2084 2587 2407 2644; x_wconf 88' lang='lat' dir='ltr'>Galliarum</span> <span class='ocrx_word' id='word_1_400' title='bbox 2441 2590 2674 2662; x_wconf 90' lang='lat' dir='ltr'>populis</span> <span class='ocrx_word' id='word_1_401' title='bbox 2706 2598 2913 2647; x_wconf 89' lang='lat' dir='ltr'>notum</span> <span class='ocrx_word' id='word_1_402' title='bbox 2946 2598 3053 2659; x_wconf 87' lang='lat' dir='ltr'>est,</span> <span class='ocrx_word' id='word_1_403' title='bbox 3085 2597 3149 2647; x_wconf 90' lang='lat' dir='ltr'>ut</span> <span class='ocrx_word' id='word_1_404' title='bbox 3193 2610 3446 2667; x_wconf 84' lang='lat' dir='ltr'>magnus</span> <span class='ocrx_word' id='word_1_405' title='bbox 3484 2594 3621 2661; x_wconf 82' lang='lat' dir='ltr'>vita,</span> <span class='ocrx_word' id='word_1_406' title='bbox 3661 2593 3750 2648; x_wconf 89' lang='lat' dir='ltr'>sic</span> 
     </span>
    </p>
   </div>
   <div class='ocr_carea' id='block_1_58' title="bbox 2084 2678 3747 2754">
    <p class='ocr_par' dir='ltr' id='par_1_58' title="bbox 2084 2678 3747 2754">
     <span class='ocr_line' id='line_1_58' title="bbox 2084 2678 3747 2754; baseline 0.002 -22"><span class='ocrx_word' id='word_1_407' title='bbox 2084 2678 2408 2747; x_wconf 87' lang='lat' dir='ltr'>miraculis,</span> <span class='ocrx_word' id='word_1_408' title='bbox 2430 2683 2486 2734; x_wconf 91' lang='lat' dir='ltr'>et</span> <span class='ocrx_word' id='word_1_409' title='bbox 2518 2680 2660 2734; x_wconf 92' lang='lat' dir='ltr'>dum</span> <span class='ocrx_word' id='word_1_410' title='bbox 2693 2681 2959 2737; x_wconf 88' lang='lat' dir='ltr'>mortalis</span> <span class='ocrx_word' id='word_1_411' title='bbox 2979 2682 3212 2749; x_wconf 87' lang='lat' dir='ltr'>viveret,</span> <span class='ocrx_word' id='word_1_412' title='bbox 3233 2688 3290 2737; x_wconf 89' lang='lat' dir='ltr'>et</span> <span class='ocrx_word' id='word_1_413' title='bbox 3321 2689 3455 2754; x_wconf 88' lang='lat' dir='ltr'>post</span> <span class='ocrx_word' id='word_1_414' title='bbox 3492 2688 3747 2737; x_wconf 87' lang='lat' dir='ltr'>mortem</span> 
     </span>
    </p>
   </div>
   <div class='ocr_carea' id='block_1_59' title="bbox 2084 2767 3750 2842">
    <p class='ocr_par' dir='ltr' id='par_1_59' title="bbox 2084 2767 3750 2842">
     <span class='ocr_line' id='line_1_59' title="bbox 2084 2767 3750 2842; baseline 0.003 -22"><span class='ocrx_word' id='word_1_415' title='bbox 2084 2767 2339 2821; x_wconf 85' lang='lat' dir='ltr'>maxime</span> <span class='ocrx_word' id='word_1_416' title='bbox 2371 2767 2623 2840; x_wconf 76' lang='lat' dir='ltr'>insignis</span> <span class='ocrx_word' id='word_1_417' title='bbox 2642 2769 2883 2824; x_wconf 81' lang='lat' dir='ltr'>exstitit.</span> <span class='ocrx_word' id='word_1_418' title='bbox 2901 2769 3016 2824; x_wconf 88' lang='lat' dir='ltr'>Hac</span> <span class='ocrx_word' id='word_1_419' title='bbox 3041 2770 3458 2825; x_wconf 87' lang='lat' dir='ltr'>miraculorum</span> <span class='ocrx_word' id='word_1_420' title='bbox 3476 2771 3670 2842; x_wconf 85' lang='lat' dir='ltr'>gratia</span> <span class='ocrx_word' id='word_1_421' title='bbox 3687 2770 3750 2825; x_wconf 88' lang='lat' dir='ltr'>in</span> 
     </span>
    </p>
   </div>
   <div class='ocr_carea' id='block_1_60' title="bbox 2084 2857 3749 2931">
    <p class='ocr_par' dir='ltr' id='par_1_60' title="bbox 2084 2857 3749 2931">
     <span class='ocr_line' id='line_1_60' title="bbox 2084 2857 3749 2931; baseline 0.003 -22"><span class='ocrx_word' id='word_1_422' title='bbox 2084 2860 2314 2911; x_wconf 89' lang='lat' dir='ltr'>tantum</span> <span class='ocrx_word' id='word_1_423' title='bbox 2340 2857 2467 2928; x_wconf 88' lang='lat' dir='ltr'>jam</span> <span class='ocrx_word' id='word_1_424' title='bbox 2502 2874 2605 2929; x_wconf 91' lang='lat' dir='ltr'>per</span> <span class='ocrx_word' id='word_1_425' title='bbox 2635 2863 2871 2913; x_wconf 89' lang='lat' dir='ltr'>centum</span> <span class='ocrx_word' id='word_1_426' title='bbox 2902 2858 3201 2931; x_wconf 73' lang='lat' dir='ltr'>sexaginta</span> <span class='ocrx_word' id='word_1_427' title='bbox 3244 2862 3300 2912; x_wconf 91' lang='lat' dir='ltr'>et</span> <span class='ocrx_word' id='word_1_428' title='bbox 3338 2858 3488 2913; x_wconf 89' lang='lat' dir='ltr'>duos</span> <span class='ocrx_word' id='word_1_429' title='bbox 3530 2877 3749 2927; x_wconf 87' lang='lat' dir='ltr'>annos,</span> 
     </span>
    </p>
   </div>
   <div class='ocr_carea' id='block_1_61' title="bbox 2083 2944 3755 3018">
    <p class='ocr_par' dir='ltr' id='par_1_61' title="bbox 2083 2944 3755 3018">
     <span class='ocr_line' id='line_1_61' title="bbox 2083 2944 3755 3018; baseline 0.002 -19"><span class='ocrx_word' id='word_1_430' title='bbox 2083 2944 2193 2999; x_wconf 88' lang='lat' dir='ltr'>hoc</span> <span class='ocrx_word' id='word_1_431' title='bbox 2223 2950 2311 2999; x_wconf 90' lang='lat' dir='ltr'>est</span> <span class='ocrx_word' id='word_1_432' title='bbox 2331 2963 2365 3000; x_wconf 88' lang='lat' dir='ltr'>a</span> <span class='ocrx_word' id='word_1_433' title='bbox 2393 2950 2655 3017; x_wconf 89' lang='lat' dir='ltr'>tempore</span> <span class='ocrx_word' id='word_1_434' title='bbox 2707 2947 2913 3002; x_wconf 90' lang='lat' dir='ltr'>mortis</span> <span class='ocrx_word' id='word_1_435' title='bbox 2936 2945 3401 3014; x_wconf 74' lang='lat' dir='ltr'>suae,claruit,ut</span> <span class='ocrx_word' id='word_1_436' title='bbox 3441 2950 3578 3018; x_wconf 91' lang='lat' dir='ltr'>post</span> <span class='ocrx_word' id='word_1_437' title='bbox 3613 2966 3755 3002; x_wconf 82' lang='lat' dir='ltr'>san-</span> 
     </span>
    </p>
   </div>
   <div class='ocr_carea' id='block_1_62' title="bbox 2084 3033 3754 3091">
    <p class='ocr_par' dir='ltr' id='par_1_62' title="bbox 2084 3033 3754 3091">
     <span class='ocr_line' id='line_1_62' title="bbox 2084 3033 3754 3091; baseline 0.002 -4"><span class='ocrx_word' id='word_1_438' title='bbox 2084 3037 2237 3088; x_wconf 87' lang='lat' dir='ltr'>ctam</span> <span class='ocrx_word' id='word_1_439' title='bbox 2271 3033 2371 3089; x_wconf 92' lang='lat' dir='ltr'>Dei</span> <span class='ocrx_word' id='word_1_440' title='bbox 2396 3034 2747 3089; x_wconf 86' lang='lat' dir='ltr'>Genitricem</span> <span class='ocrx_word' id='word_1_441' title='bbox 2780 3034 3005 3089; x_wconf 88' lang='lat' dir='ltr'>nullum</span> <span class='ocrx_word' id='word_1_442' title='bbox 3029 3040 3366 3090; x_wconf 89' lang='lat' dir='ltr'>sanctorum</span> <span class='ocrx_word' id='word_1_443' title='bbox 3398 3034 3459 3089; x_wconf 93' lang='lat' dir='ltr'>in</span> <span class='ocrx_word' id='word_1_444' title='bbox 3494 3039 3619 3090; x_wconf 88' lang='lat' dir='ltr'>tota</span> <span class='ocrx_word' id='word_1_445' title='bbox 3642 3037 3754 3091; x_wconf 82' lang='lat' dir='ltr'>Eu-</span> 
     </span>
    </p>
   </div>
   <div class='ocr_carea' id='block_1_63' title="bbox 2084 3123 3752 3195">
    <p class='ocr_par' dir='ltr' id='par_1_63' title="bbox 2084 3123 3752 3195">
     <span class='ocr_line' id='line_1_63' title="bbox 2084 3123 3752 3195; baseline -0.001 -18"><span class='ocrx_word' id='word_1_446' title='bbox 2084 3139 2225 3195; x_wconf 91' lang='lat' dir='ltr'>ropa</span> <span class='ocrx_word' id='word_1_447' title='bbox 2255 3128 2455 3178; x_wconf 91' lang='lat' dir='ltr'>nostra</span> <span class='ocrx_word' id='word_1_448' title='bbox 2485 3124 2544 3178; x_wconf 92' lang='lat' dir='ltr'>in</span> <span class='ocrx_word' id='word_1_449' title='bbox 2577 3123 2914 3195; x_wconf 88' lang='lat' dir='ltr'>hujusmodi</span> <span class='ocrx_word' id='word_1_450' title='bbox 2939 3124 3211 3195; x_wconf 87' lang='lat' dir='ltr'>cperibus</span> <span class='ocrx_word' id='word_1_451' title='bbox 3235 3140 3436 3194; x_wconf 89' lang='lat' dir='ltr'>parem</span> <span class='ocrx_word' id='word_1_452' title='bbox 3459 3124 3697 3180; x_wconf 87' lang='lat' dir='ltr'>habeat.</span> <span class='ocrx_word' id='word_1_453' title='bbox 3720 3150 3752 3175; x_wconf 78' lang='grc' dir='ltr'><strong>ιι</strong></span> 
     </span>
    </p>
   </div>
   <div class='ocr_carea' id='block_1_64' title="bbox 2083 3212 3754 3285">
    <p class='ocr_par' dir='ltr' id='par_1_64' title="bbox 2083 3212 3754 3285">
     <span class='ocr_line' id='line_1_64' title="bbox 2083 3212 3754 3285; baseline 0.002 -19"><span class='ocrx_word' id='word_1_454' title='bbox 2083 3212 2199 3266; x_wconf 86' lang='lat' dir='ltr'>Nec</span> <span class='ocrx_word' id='word_1_455' title='bbox 2219 3213 2453 3268; x_wconf 86' lang='lat' dir='ltr'>defuere</span> <span class='ocrx_word' id='word_1_456' title='bbox 2478 3214 2973 3285; x_wconf 90' lang='lat' dir='ltr'>subsequentibus</span> <span class='ocrx_word' id='word_1_457' title='bbox 2992 3214 3354 3284; x_wconf 89' lang='lat' dir='ltr'>temporibus</span> <span class='ocrx_word' id='word_1_458' title='bbox 3376 3214 3528 3269; x_wconf 88' lang='lat' dir='ltr'>beati</span> <span class='ocrx_word' id='word_1_459' title='bbox 3553 3214 3754 3269; x_wconf 84' lang='lat' dir='ltr'>Maioli</span> 
     </span>
    </p>
   </div>
   <div class='ocr_carea' id='block_1_65' title="bbox 311 3290 3753 3374">
    <p class='ocr_par' dir='ltr' id='par_1_65' title="bbox 311 3290 3753 3374">
     <span class='ocr_line' id='line_1_65' title="bbox 311 3290 3753 3374; baseline -0.001 -15"><span class='ocrx_word' id='word_1_460' title='bbox 311 3303 447 3359; x_wconf 84' lang='lat' dir='ltr'>Maii</span> <span class='ocrx_word' id='word_1_461' title='bbox 502 3302 876 3359; x_wconf 89' lang='lat' dir='ltr'>illucescente</span> <span class='ocrx_word' id='word_1_462' title='bbox 930 3303 1074 3358; x_wconf 87' lang='lat' dir='ltr'>feria</span> <span class='ocrx_word' id='word_1_463' title='bbox 1124 3308 1305 3367; x_wconf 86' lang='lat' dir='ltr'>sexta,</span> <span class='ocrx_word' id='word_1_464' title='bbox 1348 3308 1481 3374; x_wconf 89' lang='lat' dir='ltr'>post</span> <span class='ocrx_word' id='word_1_465' title='bbox 1529 3301 1975 3357; x_wconf 90' lang='lat' dir='ltr'>celebratienem</span> <span class='ocrx_word' id='word_1_466' title='bbox 2010 3290 2052 3355; x_wconf 89' lang='lat' dir='ltr'>C</span> <span class='ocrx_word' id='word_1_467' title='bbox 2092 3301 2397 3371; x_wconf 90' lang='lat' dir='ltr'>miracula,</span> <span class='ocrx_word' id='word_1_468' title='bbox 2417 3302 2487 3357; x_wconf 88' lang='lat' dir='ltr'>de</span> <span class='ocrx_word' id='word_1_469' title='bbox 2519 3302 2735 3373; x_wconf 83' lang='lat' dir='ltr'>quibus</span> <span class='ocrx_word' id='word_1_470' title='bbox 2766 3302 3166 3357; x_wconf 86' lang='lat' dir='ltr'>testimonium</span> <span class='ocrx_word' id='word_1_471' title='bbox 3201 3302 3753 3373; x_wconf 64' lang='lat' dir='ltr'>praebentClemens</span> 
     </span>
    </p>
   </div>
   <div class='ocr_carea' id='block_1_66' title="bbox 308 3391 1973 3465">
    <p class='ocr_par' dir='ltr' id='par_1_66' title="bbox 308 3391 1973 3465">
     <span class='ocr_line' id='line_1_66' title="bbox 308 3391 1973 3465; baseline -0.001 -17"><span class='ocrx_word' id='word_1_472' title='bbox 308 3392 498 3465; x_wconf 88' lang='lat' dir='ltr'>ipsius</span> <span class='ocrx_word' id='word_1_473' title='bbox 516 3393 927 3449; x_wconf 73' lang='lat' dir='ltr'>sacratissima:</span> <span class='ocrx_word' id='word_1_474' title='bbox 948 3392 1356 3459; x_wconf 75' lang='lat' dir='ltr'>solemnitatis,</span> <span class='ocrx_word' id='word_1_475' title='bbox 1374 3410 1491 3464; x_wconf 87' lang='lat' dir='ltr'>qua</span> <span class='ocrx_word' id='word_1_476' title='bbox 1512 3392 1779 3447; x_wconf 87' lang='lat' dir='ltr'>Christus</span> <span class='ocrx_word' id='word_1_477' title='bbox 1799 3391 1973 3446; x_wconf 87' lang='lat' dir='ltr'>Jcsus</span> 
     </span>
    </p>
   </div>
   <div class='ocr_carea' id='block_1_67' title="bbox 310 3481 1974 3554">
    <p class='ocr_par' dir='ltr' id='par_1_67' title="bbox 310 3481 1974 3554">
     <span class='ocr_line' id='line_1_67' title="bbox 310 3481 1974 3554; baseline -0.001 -18"><span class='ocrx_word' id='word_1_478' title='bbox 310 3481 593 3537; x_wconf 88' lang='lat' dir='ltr'>Deminus</span> <span class='ocrx_word' id='word_1_479' title='bbox 625 3486 841 3549; x_wconf 88' lang='lat' dir='ltr'>noster,</span> <span class='ocrx_word' id='word_1_480' title='bbox 872 3482 1114 3537; x_wconf 87' lang='lat' dir='ltr'>subacto</span> <span class='ocrx_word' id='word_1_481' title='bbox 1150 3481 1357 3536; x_wconf 89' lang='lat' dir='ltr'>mortis</span> <span class='ocrx_word' id='word_1_482' title='bbox 1388 3482 1761 3554; x_wconf 87' lang='lat' dir='ltr'>principe,ad</span> <span class='ocrx_word' id='word_1_483' title='bbox 1785 3482 1974 3536; x_wconf 87' lang='lat' dir='ltr'>dexte-</span> 
     </span>
    </p>
   </div>
   <div class='ocr_carea' id='block_1_68' title="bbox 309 3569 1969 3636">
    <p class='ocr_par' dir='ltr' id='par_1_68' title="bbox 309 3569 1969 3636">
     <span class='ocr_line' id='line_1_68' title="bbox 309 3569 1969 3636; baseline -0.002 -10"><span class='ocrx_word' id='word_1_484' title='bbox 309 3587 434 3626; x_wconf 89' lang='lat' dir='ltr'>ram</span> <span class='ocrx_word' id='word_1_485' title='bbox 459 3571 645 3626; x_wconf 84' lang='lat' dir='ltr'>Patris</span> <span class='ocrx_word' id='word_1_486' title='bbox 673 3570 1031 3636; x_wconf 85' lang='lat' dir='ltr'>ascendit,et</span> <span class='ocrx_word' id='word_1_487' title='bbox 1054 3570 1209 3625; x_wconf 81' lang='lat' dir='ltr'>ﬁdeli</span> <span class='ocrx_word' id='word_1_488' title='bbox 1234 3588 1341 3625; x_wconf 91' lang='lat' dir='ltr'>suo</span> <span class='ocrx_word' id='word_1_489' title='bbox 1381 3570 1590 3625; x_wconf 92' lang='lat' dir='ltr'>Maiolo</span> <span class='ocrx_word' id='word_1_490' title='bbox 1611 3569 1969 3624; x_wconf 87' lang='lat' dir='ltr'>ascendendi</span> 
     </span>
    </p>
   </div>
   <div class='ocr_carea' id='block_1_69' title="bbox 314 3659 1971 3734">
    <p class='ocr_par' dir='ltr' id='par_1_69' title="bbox 314 3659 1971 3734">
     <span class='ocr_line' id='line_1_69' title="bbox 314 3659 1971 3734; baseline -0.002 -18"><span class='ocrx_word' id='word_1_491' title='bbox 314 3664 445 3734; x_wconf 90' lang='lat' dir='ltr'>post</span> <span class='ocrx_word' id='word_1_492' title='bbox 470 3677 532 3716; x_wconf 90' lang='lat' dir='ltr'>se</span> <span class='ocrx_word' id='word_1_493' title='bbox 554 3660 665 3715; x_wconf 89' lang='lat' dir='ltr'>iter</span> <span class='ocrx_word' id='word_1_494' title='bbox 688 3660 965 3715; x_wconf 88' lang='lat' dir='ltr'>ostendit.</span> <span class='ocrx_word' id='word_1_495' title='bbox 986 3682 1013 3710; x_wconf 85' lang='grc'>››</span> <span class='ocrx_word' id='word_1_496' title='bbox 1048 3662 1183 3725; x_wconf 67' lang='lat' dir='ltr'>Qum</span> <span class='ocrx_word' id='word_1_497' title='bbox 1214 3660 1414 3715; x_wconf 86' lang='lat' dir='ltr'>omnia</span> <span class='ocrx_word' id='word_1_498' title='bbox 1446 3659 1798 3715; x_wconf 87' lang='lat' dir='ltr'>conveniunt</span> <span class='ocrx_word' id='word_1_499' title='bbox 1819 3676 1971 3713; x_wconf 92' lang='lat' dir='ltr'>anno</span> 
     </span>
    </p>
   </div>
   <div class='ocr_carea' id='block_1_70' title="bbox 308 3747 1970 3821">
    <p class='ocr_par' dir='ltr' id='par_1_70' title="bbox 308 3747 1970 3821">
     <span class='ocr_line' id='line_1_70' title="bbox 308 3747 1970 3821; baseline -0.002 -16"><span class='ocrx_word' id='word_1_500' title='bbox 308 3749 523 3807; x_wconf 87' lang='lat' dir='ltr'>Christi</span> <span class='ocrx_word' id='word_1_501' title='bbox 543 3748 669 3810; x_wconf 78' lang='grc'>994,</span> <span class='ocrx_word' id='word_1_502' title='bbox 688 3766 802 3820; x_wconf 90' lang='lat' dir='ltr'>quo</span> <span class='ocrx_word' id='word_1_503' title='bbox 827 3747 1050 3805; x_wconf 80' lang='lat' dir='ltr'>Pascha</span> <span class='ocrx_word' id='word_1_504' title='bbox 1070 3748 1128 3803; x_wconf 90' lang='lat' dir='ltr'>in</span> <span class='ocrx_word' id='word_1_505' title='bbox 1153 3749 1308 3803; x_wconf 87' lang='lat' dir='ltr'>diem</span> <span class='ocrx_word' id='word_1_506' title='bbox 1330 3750 1586 3821; x_wconf 89' lang='lat' dir='ltr'>primum</span> <span class='ocrx_word' id='word_1_507' title='bbox 1621 3747 1837 3819; x_wconf 87' lang='lat' dir='ltr'>Aprilis</span> <span class='ocrx_word' id='word_1_508' title='bbox 1860 3748 1970 3803; x_wconf 91' lang='lat' dir='ltr'>sub</span> 
     </span>
    </p>
   </div>
   <div class='ocr_carea' id='block_1_71' title="bbox 308 3837 1970 3909">
    <p class='ocr_par' dir='ltr' id='par_1_71' title="bbox 308 3837 1970 3909">
     <span class='ocr_line' id='line_1_71' title="bbox 308 3837 1970 3909; baseline -0.001 -16"><span class='ocrx_word' id='word_1_509' title='bbox 308 3839 503 3895; x_wconf 85' lang='lat' dir='ltr'>littera</span> <span class='ocrx_word' id='word_1_510' title='bbox 533 3838 883 3893; x_wconf 89' lang='lat' dir='ltr'>Dominicali</span> <span class='ocrx_word' id='word_1_511' title='bbox 926 3838 973 3894; x_wconf 89' lang='lat' dir='ltr'>G</span> <span class='ocrx_word' id='word_1_512' title='bbox 1011 3837 1488 3899; x_wconf 81' lang='lat' dir='ltr'>ineidebat,t&#39;eria</span> <span class='ocrx_word' id='word_1_513' title='bbox 1519 3842 1683 3893; x_wconf 82' lang='lat' dir='ltr'>sexta</span> <span class='ocrx_word' id='word_1_514' title='bbox 1716 3842 1847 3909; x_wconf 90' lang='lat' dir='ltr'>post</span> <span class='ocrx_word' id='word_1_515' title='bbox 1879 3855 1970 3892; x_wconf 89' lang='lat' dir='ltr'>as-</span> 
     </span>
    </p>
   </div>
   <div class='ocr_carea' id='block_1_72' title="bbox 310 3926 1974 3984">
    <p class='ocr_par' dir='ltr' id='par_1_72' title="bbox 310 3926 1974 3984">
     <span class='ocr_line' id='line_1_72' title="bbox 310 3926 1974 3984; baseline -0.001 -1"><span class='ocrx_word' id='word_1_516' title='bbox 310 3928 646 3984; x_wconf 90' lang='lat' dir='ltr'>censionem</span> <span class='ocrx_word' id='word_1_517' title='bbox 678 3926 908 3981; x_wconf 90' lang='lat' dir='ltr'>Domini</span> <span class='ocrx_word' id='word_1_518' title='bbox 946 3926 1002 3980; x_wconf 92' lang='lat' dir='ltr'>in</span> <span class='ocrx_word' id='word_1_519' title='bbox 1026 3926 1181 3980; x_wconf 89' lang='lat' dir='ltr'>diem</span> <span class='ocrx_word' id='word_1_520' title='bbox 1220 3928 1273 3981; x_wconf 88' lang='grc'>11</span> <span class='ocrx_word' id='word_1_521' title='bbox 1316 3926 1472 3981; x_wconf 89' lang='lat' dir='ltr'>Maii.</span> <span class='ocrx_word' id='word_1_522' title='bbox 1498 3928 1665 3981; x_wconf 82' lang='lat' dir='ltr'>Hunc</span> <span class='ocrx_word' id='word_1_523' title='bbox 1715 3927 1869 3981; x_wconf 90' lang='lat' dir='ltr'>diem</span> <span class='ocrx_word' id='word_1_524' title='bbox 1917 3931 1974 3981; x_wconf 92' lang='lat' dir='ltr'>et</span> 
     </span>
    </p>
   </div>
   <div class='ocr_carea' id='block_1_73' title="bbox 310 4014 1972 4086">
    <p class='ocr_par' dir='ltr' id='par_1_73' title="bbox 310 4014 1972 4086">
     <span class='ocr_line' id='line_1_73' title="bbox 310 4014 1972 4086; baseline -0.002 -14"><span class='ocrx_word' id='word_1_525' title='bbox 310 4032 533 4072; x_wconf 86' lang='lat' dir='ltr'>annum</span> <span class='ocrx_word' id='word_1_526' title='bbox 557 4015 772 4070; x_wconf 91' lang='lat' dir='ltr'>diserte</span> <span class='ocrx_word' id='word_1_527' title='bbox 795 4014 1069 4085; x_wconf 77' lang='lat' dir='ltr'>exprimit</span> <span class='ocrx_word' id='word_1_528' title='bbox 1089 4014 1410 4085; x_wconf 84' lang='lat' dir='ltr'>Nalgodus,</span> <span class='ocrx_word' id='word_1_529' title='bbox 1426 4016 1525 4086; x_wconf 92' lang='lat' dir='ltr'>qui</span> <span class='ocrx_word' id='word_1_530' title='bbox 1555 4014 1764 4070; x_wconf 89' lang='lat' dir='ltr'>Maiolo</span> <span class='ocrx_word' id='word_1_531' title='bbox 1787 4032 1972 4069; x_wconf 88' lang='lat' dir='ltr'>annos</span> 
     </span>
    </p>
   </div>
   <div class='ocr_carea' id='block_1_74' title="bbox 310 4102 1970 4176">
    <p class='ocr_par' dir='ltr' id='par_1_74' title="bbox 310 4102 1970 4176">
     <span class='ocr_line' id='line_1_74' title="bbox 310 4102 1970 4176; baseline -0.002 -15"><span class='ocrx_word' id='word_1_532' title='bbox 310 4106 375 4161; x_wconf 72' lang='grc'>41</span> <span class='ocrx_word' id='word_1_533' title='bbox 411 4103 717 4176; x_wconf 85' lang='lat' dir='ltr'>regiminis</span> <span class='ocrx_word' id='word_1_534' title='bbox 748 4102 991 4158; x_wconf 88' lang='lat' dir='ltr'>ascribit</span> <span class='ocrx_word' id='word_1_535' title='bbox 1014 4103 1086 4155; x_wconf 89' lang='lat' dir='ltr'>ab</span> <span class='ocrx_word' id='word_1_536' title='bbox 1104 4120 1257 4157; x_wconf 89' lang='lat' dir='ltr'>anno</span> <span class='ocrx_word' id='word_1_537' title='bbox 1280 4121 1398 4158; x_wconf 74' lang='lat' dir='ltr'>sua:</span> <span class='ocrx_word' id='word_1_538' title='bbox 1434 4104 1844 4159; x_wconf 89' lang='lat' dir='ltr'>ordinationis.</span> <span class='ocrx_word' id='word_1_539' title='bbox 1871 4106 1970 4159; x_wconf 84' lang='lat' dir='ltr'>Er-</span> 
     </span>
    </p>
   </div>
   <div class='ocr_carea' id='block_1_75' title="bbox 314 4192 1971 4264">
    <p class='ocr_par' dir='ltr' id='par_1_75' title="bbox 314 4192 1971 4264">
     <span class='ocr_line' id='line_1_75' title="bbox 314 4192 1971 4264; baseline -0.001 -16"><span class='ocrx_word' id='word_1_540' title='bbox 314 4197 402 4249; x_wconf 90' lang='lat' dir='ltr'>rat</span> <span class='ocrx_word' id='word_1_541' title='bbox 423 4194 619 4264; x_wconf 86' lang='lat' dir='ltr'>itaque</span> <span class='ocrx_word' id='word_1_542' title='bbox 643 4192 990 4246; x_wconf 90' lang='lat' dir='ltr'>Lambertus</span> <span class='ocrx_word' id='word_1_543' title='bbox 1023 4192 1574 4264; x_wconf 86' lang='lat' dir='ltr'>Scafnaburgensis,</span> <span class='ocrx_word' id='word_1_544' title='bbox 1609 4210 1742 4248; x_wconf 90' lang='lat' dir='ltr'>cum</span> <span class='ocrx_word' id='word_1_545' title='bbox 1777 4192 1971 4248; x_wconf 84' lang='lat' dir='ltr'>Maioli</span> 
     </span>
    </p>
   </div>
   <div class='ocr_carea' id='block_1_76' title="bbox 312 4280 1080 4352">
    <p class='ocr_par' dir='ltr' id='par_1_76' title="bbox 312 4280 1080 4352">
     <span class='ocr_line' id='line_1_76' title="bbox 312 4280 1080 4352; baseline -0.003 -15"><span class='ocrx_word' id='word_1_546' title='bbox 312 4282 545 4338; x_wconf 86' lang='lat' dir='ltr'>obitum</span> <span class='ocrx_word' id='word_1_547' title='bbox 577 4280 743 4352; x_wconf 88' lang='lat' dir='ltr'>ponit</span> <span class='ocrx_word' id='word_1_548' title='bbox 773 4297 924 4335; x_wconf 86' lang='lat' dir='ltr'>anno</span> <span class='ocrx_word' id='word_1_549' title='bbox 955 4281 1080 4335; x_wconf 72' lang='lat'>991.</span> 
     </span>
    </p>
   </div>
   <div class='ocr_carea' id='block_1_77' title="bbox 381 4369 1971 4443">
    <p class='ocr_par' dir='ltr' id='par_1_77' title="bbox 381 4369 1971 4443">
     <span class='ocr_line' id='line_1_77' title="bbox 381 4369 1971 4443; baseline -0.001 -17"><span class='ocrx_word' id='word_1_550' title='bbox 381 4373 475 4426; x_wconf 75' lang='grc'>54.</span> <span class='ocrx_word' id='word_1_551' title='bbox 512 4370 705 4442; x_wconf 86' lang='lat' dir='ltr'>Pergit</span> <span class='ocrx_word' id='word_1_552' title='bbox 737 4369 902 4425; x_wconf 91' lang='lat' dir='ltr'>Odilo</span> <span class='ocrx_word' id='word_1_553' title='bbox 937 4386 950 4425; x_wconf 89' lang='lat'><strong>:</strong></span> <span class='ocrx_word' id='word_1_554' title='bbox 991 4394 1010 4419; x_wconf 72' lang='grc' dir='ltr'>α</span> <span class='ocrx_word' id='word_1_555' title='bbox 1040 4370 1175 4424; x_wconf 86' lang='lat' dir='ltr'>Post</span> <span class='ocrx_word' id='word_1_556' title='bbox 1206 4371 1377 4442; x_wconf 89' lang='lat' dir='ltr'>cujus</span> <span class='ocrx_word' id='word_1_557' title='bbox 1408 4370 1728 4427; x_wconf 86' lang='lat' dir='ltr'>transitum</span> <span class='ocrx_word' id='word_1_558' title='bbox 1766 4388 1971 4443; x_wconf 48' lang='lat' dir='ltr'>supra.</span> 
     </span>
    </p>
   </div>
   <div class='ocr_carea' id='block_1_78' title="bbox 311 4460 1971 4532">
    <p class='ocr_par' dir='ltr' id='par_1_78' title="bbox 311 4460 1971 4532">
     <span class='ocr_line' id='line_1_78' title="bbox 311 4460 1971 4532; baseline -0.001 -17"><span class='ocrx_word' id='word_1_559' title='bbox 311 4460 507 4516; x_wconf 87' lang='lat' dir='ltr'>dictus</span> <span class='ocrx_word' id='word_1_560' title='bbox 539 4477 637 4516; x_wconf 83' lang='lat' dir='ltr'>rex</span> <span class='ocrx_word' id='word_1_561' title='bbox 671 4460 834 4532; x_wconf 82' lang='lat' dir='ltr'>Hugo</span> <span class='ocrx_word' id='word_1_562' title='bbox 866 4460 1152 4515; x_wconf 89' lang='lat' dir='ltr'>adventus</span> <span class='ocrx_word' id='word_1_563' title='bbox 1183 4460 1273 4515; x_wconf 88' lang='lat' dir='ltr'>sui</span> <span class='ocrx_word' id='word_1_564' title='bbox 1307 4460 1620 4532; x_wconf 71' lang='lat' dir='ltr'>prazsentia</span> <span class='ocrx_word' id='word_1_565' title='bbox 1667 4465 1725 4515; x_wconf 92' lang='lat' dir='ltr'>et</span> <span class='ocrx_word' id='word_1_566' title='bbox 1764 4460 1971 4532; x_wconf 83' lang='lat' dir='ltr'>regali-</span> 
     </span>
    </p>
   </div>
   <div class='ocr_carea' id='block_1_79' title="bbox 312 4546 1973 4621">
    <p class='ocr_par' dir='ltr' id='par_1_79' title="bbox 312 4546 1973 4621">
     <span class='ocr_line' id='line_1_79' title="bbox 312 4546 1973 4621; baseline -0.002 -17"><span class='ocrx_word' id='word_1_567' title='bbox 312 4550 424 4605; x_wconf 88' lang='lat' dir='ltr'>bus</span> <span class='ocrx_word' id='word_1_568' title='bbox 442 4550 611 4606; x_wconf 89' lang='lat' dir='ltr'>donis</span> <span class='ocrx_word' id='word_1_569' title='bbox 633 4548 940 4621; x_wconf 83' lang='lat' dir='ltr'>exsequias</span> <span class='ocrx_word' id='word_1_570' title='bbox 961 4549 1090 4619; x_wconf 83' lang='lat' dir='ltr'>ejus</span> <span class='ocrx_word' id='word_1_571' title='bbox 1113 4548 1418 4603; x_wconf 84' lang='lat' dir='ltr'>honoravit</span> <span class='ocrx_word' id='word_1_572' title='bbox 1448 4554 1505 4603; x_wconf 90' lang='lat' dir='ltr'>et</span> <span class='ocrx_word' id='word_1_573' title='bbox 1535 4549 1854 4616; x_wconf 89' lang='lat' dir='ltr'>tumulum,</span> <span class='ocrx_word' id='word_1_574' title='bbox 1874 4546 1973 4602; x_wconf 90' lang='lat' dir='ltr'>ubi</span> 
     </span>
    </p>
   </div>
   <div class='ocr_carea' id='block_1_80' title="bbox 312 4626 2051 4725">
    <p class='ocr_par' dir='ltr' id='par_1_80' title="bbox 312 4626 2051 4725">
     <span class='ocr_line' id='line_1_80' title="bbox 312 4626 2051 4725; baseline -0.002 -32"><span class='ocrx_word' id='word_1_575' title='bbox 312 4643 626 4710; x_wconf 65' lang='lat' dir='ltr'>praestante</span> <span class='ocrx_word' id='word_1_576' title='bbox 660 4638 907 4694; x_wconf 90' lang='lat' dir='ltr'>Domino</span> <span class='ocrx_word' id='word_1_577' title='bbox 944 4637 1130 4692; x_wconf 88' lang='lat' dir='ltr'>multa</span> <span class='ocrx_word' id='word_1_578' title='bbox 1160 4642 1389 4708; x_wconf 89' lang='lat' dir='ltr'>patrata</span> <span class='ocrx_word' id='word_1_579' title='bbox 1420 4626 1641 4693; x_wconf 88' lang='lat' dir='ltr'>suntet</span> <span class='ocrx_word' id='word_1_580' title='bbox 1663 4642 1974 4709; x_wconf 87' lang='lat' dir='ltr'>patrantur</span> <span class='ocrx_word' id='word_1_581' title='bbox 2006 4662 2051 4725; x_wconf 74' lang='grc' dir='ltr'>Ι)</span> 
     </span>
    </p>
   </div>
   <div class='ocr_carea' id='block_1_81' title="bbox 313 4726 1970 4797">
    <p class='ocr_par' dir='ltr' id='par_1_81' title="bbox 313 4726 1970 4797">
     <span class='ocr_line' id='line_1_81' title="bbox 313 4726 1970 4797; baseline -0.001 -16"><span class='ocrx_word' id='word_1_582' title='bbox 313 4726 615 4791; x_wconf 88' lang='lat' dir='ltr'>miracula,</span> <span class='ocrx_word' id='word_1_583' title='bbox 632 4732 688 4781; x_wconf 89' lang='lat' dir='ltr'>et</span> <span class='ocrx_word' id='word_1_584' title='bbox 711 4726 983 4797; x_wconf 88' lang='lat' dir='ltr'>plurimis</span> <span class='ocrx_word' id='word_1_585' title='bbox 1010 4726 1265 4796; x_wconf 88' lang='lat' dir='ltr'>plurima</span> <span class='ocrx_word' id='word_1_586' title='bbox 1287 4727 1547 4797; x_wconf 67' lang='lat' dir='ltr'>praestita</span> <span class='ocrx_word' id='word_1_587' title='bbox 1582 4731 1721 4780; x_wconf 88' lang='lat' dir='ltr'>sunt</span> <span class='ocrx_word' id='word_1_588' title='bbox 1741 4730 1799 4781; x_wconf 88' lang='lat' dir='ltr'>et</span> <span class='ocrx_word' id='word_1_589' title='bbox 1830 4742 1970 4796; x_wconf 68' lang='lat' dir='ltr'>pra:-</span> 
     </span>
    </p>
   </div>
   <div class='ocr_carea' id='block_1_82' title="bbox 314 4814 1977 4885">
    <p class='ocr_par' dir='ltr' id='par_1_82' title="bbox 314 4814 1977 4885">
     <span class='ocr_line' id='line_1_82' title="bbox 314 4814 1977 4885; baseline -0.002 -16"><span class='ocrx_word' id='word_1_590' title='bbox 314 4818 548 4869; x_wconf 88' lang='lat' dir='ltr'>stantur</span> <span class='ocrx_word' id='word_1_591' title='bbox 579 4815 878 4869; x_wconf 79' lang='lat' dir='ltr'>beneficia.</span> <span class='ocrx_word' id='word_1_592' title='bbox 896 4831 1145 4885; x_wconf 90' lang='lat' dir='ltr'>quorum</span> <span class='ocrx_word' id='word_1_593' title='bbox 1171 4815 1651 4869; x_wconf 88' lang='lat' dir='ltr'>numerositatem</span> <span class='ocrx_word' id='word_1_594' title='bbox 1676 4819 1733 4868; x_wconf 91' lang='lat' dir='ltr'>et</span> <span class='ocrx_word' id='word_1_595' title='bbox 1755 4814 1977 4884; x_wconf 84' lang='lat' dir='ltr'>magni-</span> 
     </span>
    </p>
   </div>
   <div class='ocr_carea' id='block_1_83' title="bbox 312 4901 1972 4973">
    <p class='ocr_par' dir='ltr' id='par_1_83' title="bbox 312 4901 1972 4973">
     <span class='ocr_line' id='line_1_83' title="bbox 312 4901 1972 4973; baseline 0.001 -18"><span class='ocrx_word' id='word_1_596' title='bbox 312 4901 576 4955; x_wconf 89' lang='lat' dir='ltr'>tudinem</span> <span class='ocrx_word' id='word_1_597' title='bbox 596 4918 708 4956; x_wconf 91' lang='lat' dir='ltr'>non</span> <span class='ocrx_word' id='word_1_598' title='bbox 724 4903 943 4957; x_wconf 81' lang='lat' dir='ltr'>sul&#39;lieit</span> <span class='ocrx_word' id='word_1_599' title='bbox 958 4919 1058 4973; x_wconf 85' lang='lat' dir='ltr'>per</span> <span class='ocrx_word' id='word_1_600' title='bbox 1072 4903 1337 4956; x_wconf 87' lang='lat' dir='ltr'>ordinem</span> <span class='ocrx_word' id='word_1_601' title='bbox 1354 4903 1618 4957; x_wconf 88' lang='lat' dir='ltr'>omnium</span> <span class='ocrx_word' id='word_1_602' title='bbox 1641 4907 1972 4957; x_wconf 88' lang='lat' dir='ltr'>nostrorum</span> 
     </span>
    </p>
   </div>
   <div class='ocr_carea' id='block_1_84' title="bbox 314 4990 1977 5045">
    <p class='ocr_par' dir='ltr' id='par_1_84' title="bbox 314 4990 1977 5045">
     <span class='ocr_line' id='line_1_84' title="bbox 314 4990 1977 5045; baseline 0.001 -1"><span class='ocrx_word' id='word_1_603' title='bbox 314 5006 587 5044; x_wconf 89' lang='lat' dir='ltr'>enarrare</span> <span class='ocrx_word' id='word_1_604' title='bbox 627 4991 867 5044; x_wconf 87' lang='lat' dir='ltr'>memori</span> <span class='ocrx_word' id='word_1_605' title='bbox 890 4991 1055 5045; x_wconf 72' lang='lat' dir='ltr'>1.8ed</span> <span class='ocrx_word' id='word_1_606' title='bbox 1092 4995 1155 5043; x_wconf 89' lang='lat' dir='ltr'>ut</span> <span class='ocrx_word' id='word_1_607' title='bbox 1190 4992 1535 5045; x_wconf 85' lang='lat' dir='ltr'>brevissima</span> <span class='ocrx_word' id='word_1_608' title='bbox 1571 4997 1703 5045; x_wconf 83' lang='lat' dir='ltr'>utar</span> <span class='ocrx_word' id='word_1_609' title='bbox 1743 4990 1977 5045; x_wconf 89' lang='lat' dir='ltr'>conclu-</span> 
     </span>
    </p>
   </div>
   <div class='ocr_carea' id='block_1_85' title="bbox 315 5077 1973 5150">
    <p class='ocr_par' dir='ltr' id='par_1_85' title="bbox 315 5077 1973 5150">
     <span class='ocr_line' id='line_1_85' title="bbox 315 5077 1973 5150; baseline 0.001 -19"><span class='ocrx_word' id='word_1_610' title='bbox 315 5077 498 5143; x_wconf 90' lang='lat' dir='ltr'>sione,</span> <span class='ocrx_word' id='word_1_611' title='bbox 533 5078 605 5131; x_wconf 89' lang='lat' dir='ltr'>ad</span> <span class='ocrx_word' id='word_1_612' title='bbox 629 5078 964 5149; x_wconf 86' lang='lat' dir='ltr'>sepulcrum</span> <span class='ocrx_word' id='word_1_613' title='bbox 1001 5079 1170 5131; x_wconf 83' lang='lat' dir='ltr'>istius</span> <span class='ocrx_word' id='word_1_614' title='bbox 1203 5078 1562 5133; x_wconf 87' lang='lat' dir='ltr'>sanctissimi</span> <span class='ocrx_word' id='word_1_615' title='bbox 1594 5078 1722 5145; x_wconf 91' lang='lat' dir='ltr'>viri,</span> <span class='ocrx_word' id='word_1_616' title='bbox 1756 5079 1827 5133; x_wconf 92' lang='lat' dir='ltr'>de</span> <span class='ocrx_word' id='word_1_617' title='bbox 1857 5096 1973 5150; x_wconf 86' lang='lat' dir='ltr'>quo</span> 
     </span>
    </p>
   </div>
   <div class='ocr_carea' id='block_1_86' title="bbox 316 5165 1972 5237">
    <p class='ocr_par' dir='ltr' id='par_1_86' title="bbox 316 5165 1972 5237">
     <span class='ocr_line' id='line_1_86' title="bbox 316 5165 1972 5237; baseline 0.001 -17"><span class='ocrx_word' id='word_1_618' title='bbox 316 5165 881 5237; x_wconf 85' lang='lat' dir='ltr'>loquimur,etcujus</span> <span class='ocrx_word' id='word_1_619' title='bbox 904 5166 1082 5219; x_wconf 85' lang='lat' dir='ltr'>vitam</span> <span class='ocrx_word' id='word_1_620' title='bbox 1107 5171 1164 5221; x_wconf 90' lang='lat' dir='ltr'>et</span> <span class='ocrx_word' id='word_1_621' title='bbox 1187 5168 1394 5221; x_wconf 87' lang='lat' dir='ltr'>merita</span> <span class='ocrx_word' id='word_1_622' title='bbox 1415 5166 1687 5222; x_wconf 88' lang='lat' dir='ltr'>eharitati</span> <span class='ocrx_word' id='word_1_623' title='bbox 1712 5167 1972 5222; x_wconf 83' lang='lat' dir='ltr'>tidelium</span> 
     </span>
    </p>
   </div>
   <div class='ocr_carea' id='block_1_87' title="bbox 316 5253 1972 5324">
    <p class='ocr_par' dir='ltr' id='par_1_87' title="bbox 316 5253 1972 5324">
     <span class='ocr_line' id='line_1_87' title="bbox 316 5253 1972 5324; baseline 0.002 -16"><span class='ocrx_word' id='word_1_624' title='bbox 316 5253 727 5309; x_wconf 88' lang='lat' dir='ltr'>commendare</span> <span class='ocrx_word' id='word_1_625' title='bbox 752 5253 1019 5316; x_wconf 87' lang='lat' dir='ltr'>nitimus,</span> <span class='ocrx_word' id='word_1_626' title='bbox 1041 5254 1227 5324; x_wconf 74' lang='lat' dir='ltr'>gratia</span> <span class='ocrx_word' id='word_1_627' title='bbox 1251 5260 1306 5309; x_wconf 88' lang='lat' dir='ltr'>et</span> <span class='ocrx_word' id='word_1_628' title='bbox 1337 5255 1739 5310; x_wconf 88' lang='lat' dir='ltr'>misericordia</span> <span class='ocrx_word' id='word_1_629' title='bbox 1759 5256 1972 5312; x_wconf 80' lang='lat' dir='ltr'>Christi</span> 
     </span>
    </p>
   </div>
   <div class='ocr_carea' id='block_1_88' title="bbox 317 5341 1974 5413">
    <p class='ocr_par' dir='ltr' id='par_1_88' title="bbox 317 5341 1974 5413">
     <span class='ocr_line' id='line_1_88' title="bbox 317 5341 1974 5413; baseline 0.001 -15"><span class='ocrx_word' id='word_1_630' title='bbox 317 5360 351 5398; x_wconf 90' lang='lat' dir='ltr'>a</span> <span class='ocrx_word' id='word_1_631' title='bbox 372 5358 723 5413; x_wconf 87' lang='lat' dir='ltr'>quacunque</span> <span class='ocrx_word' id='word_1_632' title='bbox 756 5341 1097 5395; x_wconf 78' lang='lat' dir='ltr'>inﬁrmitate</span> <span class='ocrx_word' id='word_1_633' title='bbox 1126 5343 1364 5405; x_wconf 84' lang='lat' dir='ltr'>detenti,</span> <span class='ocrx_word' id='word_1_634' title='bbox 1400 5343 1572 5397; x_wconf 90' lang='lat' dir='ltr'>multi</span> <span class='ocrx_word' id='word_1_635' title='bbox 1613 5344 1800 5397; x_wconf 88' lang='lat' dir='ltr'>sanati</span> <span class='ocrx_word' id='word_1_636' title='bbox 1835 5350 1974 5399; x_wconf 91' lang='lat' dir='ltr'>sunt</span> 
     </span>
    </p>
   </div>
   <div class='ocr_carea' id='block_1_89' title="bbox 316 5428 1974 5502">
    <p class='ocr_par' dir='ltr' id='par_1_89' title="bbox 316 5428 1974 5502">
     <span class='ocr_line' id='line_1_89' title="bbox 316 5428 1974 5502; baseline 0.001 -16"><span class='ocrx_word' id='word_1_637' title='bbox 316 5436 374 5486; x_wconf 89' lang='lat' dir='ltr'>et</span> <span class='ocrx_word' id='word_1_638' title='bbox 432 5436 717 5486; x_wconf 87' lang='lat' dir='ltr'>sanantur</span> <span class='ocrx_word' id='word_1_639' title='bbox 758 5428 997 5482; x_wconf 89' lang='lat' dir='ltr'>iulirmi.</span> <span class='ocrx_word' id='word_1_640' title='bbox 1070 5429 1148 5483; x_wconf 90' lang='lat' dir='ltr'>lbi</span> <span class='ocrx_word' id='word_1_641' title='bbox 1208 5430 1508 5502; x_wconf 82' lang='lat' dir='ltr'>paralytici</span> <span class='ocrx_word' id='word_1_642' title='bbox 1555 5431 1865 5500; x_wconf 83' lang='lat' dir='ltr'>eriguntur</span> <span class='ocrx_word' id='word_1_643' title='bbox 1917 5438 1974 5487; x_wconf 91' lang='lat' dir='ltr'>et</span> 
     </span>
    </p>
   </div>
   <div class='ocr_carea' id='block_1_90' title="bbox 317 5514 1973 5587">
    <p class='ocr_par' dir='ltr' id='par_1_90' title="bbox 317 5514 1973 5587">
     <span class='ocr_line' id='line_1_90' title="bbox 317 5514 1973 5587; baseline 0.001 -14"><span class='ocrx_word' id='word_1_644' title='bbox 317 5518 540 5586; x_wconf 90' lang='lat' dir='ltr'>claudi;</span> <span class='ocrx_word' id='word_1_645' title='bbox 576 5519 654 5572; x_wconf 90' lang='lat' dir='ltr'>ibi</span> <span class='ocrx_word' id='word_1_646' title='bbox 704 5514 1103 5571; x_wconf 85' lang='lat' dir='ltr'>febricitantes</span> <span class='ocrx_word' id='word_1_647' title='bbox 1150 5523 1439 5572; x_wconf 86' lang='lat' dir='ltr'>sanantur</span> <span class='ocrx_word' id='word_1_648' title='bbox 1496 5522 1554 5573; x_wconf 91' lang='lat' dir='ltr'>et</span> <span class='ocrx_word' id='word_1_649' title='bbox 1602 5519 1734 5573; x_wconf 65' lang='lat' dir='ltr'>caeci</span> <span class='ocrx_word' id='word_1_650' title='bbox 1766 5536 1779 5587; x_wconf 89' lang='lat'><strong>;</strong></span> <span class='ocrx_word' id='word_1_651' title='bbox 1812 5519 1893 5573; x_wconf 89' lang='lat' dir='ltr'>ibi</span> <span class='ocrx_word' id='word_1_652' title='bbox 1939 5537 1973 5575; x_wconf 90' lang='lat' dir='ltr'>a</span> 
     </span>
    </p>
   </div>
   <div class='ocr_carea' id='block_1_91' title="bbox 317 5602 1971 5679">
    <p class='ocr_par' dir='ltr' id='par_1_91' title="bbox 317 5602 1971 5679">
     <span class='ocr_line' id='line_1_91' title="bbox 317 5602 1971 5679; baseline -0.001 -15"><span class='ocrx_word' id='word_1_653' title='bbox 317 5607 680 5664; x_wconf 84' lang='lat' dir='ltr'>daemonibus</span> <span class='ocrx_word' id='word_1_654' title='bbox 714 5602 967 5677; x_wconf 88' lang='lat' dir='ltr'>possessi</span> <span class='ocrx_word' id='word_1_655' title='bbox 992 5605 1373 5674; x_wconf 86' lang='lat' dir='ltr'>mundantur,</span> <span class='ocrx_word' id='word_1_656' title='bbox 1397 5610 1453 5659; x_wconf 89' lang='lat' dir='ltr'>et</span> <span class='ocrx_word' id='word_1_657' title='bbox 1484 5606 1779 5661; x_wconf 90' lang='lat' dir='ltr'>nescimus</span> <span class='ocrx_word' id='word_1_658' title='bbox 1802 5609 1971 5679; x_wconf 86' lang='lat' dir='ltr'>cujus</span> 
     </span>
    </p>
   </div>
   <div class='ocr_carea' id='block_1_92' title="bbox 318 5690 1975 5774">
    <p class='ocr_par' dir='ltr' id='par_1_92' title="bbox 318 5690 1975 5774">
     <span class='ocr_line' id='line_1_92' title="bbox 318 5690 1975 5774; baseline 0.001 -19"><span class='ocrx_word' id='word_1_659' title='bbox 318 5696 547 5774; x_wconf 83' lang='lat' dir='ltr'>generis</span> <span class='ocrx_word' id='word_1_660' title='bbox 566 5696 696 5771; x_wconf 86' lang='lat' dir='ltr'>igne</span> <span class='ocrx_word' id='word_1_661' title='bbox 724 5690 1061 5751; x_wconf 87' lang='lat' dir='ltr'>terribiliter</span> <span class='ocrx_word' id='word_1_662' title='bbox 1086 5696 1143 5749; x_wconf 87' lang='lat' dir='ltr'>et</span> <span class='ocrx_word' id='word_1_663' title='bbox 1166 5692 1579 5752; x_wconf 84' lang='lat' dir='ltr'>miserabiliter</span> <span class='ocrx_word' id='word_1_664' title='bbox 1608 5696 1803 5753; x_wconf 87' lang='lat' dir='ltr'>adusti</span> <span class='ocrx_word' id='word_1_665' title='bbox 1836 5696 1975 5757; x_wconf 83' lang='lat' dir='ltr'>libe-</span> 
     </span>
    </p>
   </div>
   <div class='ocr_carea' id='block_1_93' title="bbox 2083 3390 3748 3462">
    <p class='ocr_par' dir='ltr' id='par_1_93' title="bbox 2083 3390 3748 3462">
     <span class='ocr_line' id='line_1_93' title="bbox 2083 3390 3748 3462; baseline 0.001 -17"><span class='ocrx_word' id='word_1_666' title='bbox 2083 3390 2239 3462; x_wconf 88' lang='lat' dir='ltr'>Papa</span> <span class='ocrx_word' id='word_1_667' title='bbox 2273 3390 2360 3457; x_wconf 92' lang='lat' dir='ltr'>IV,</span> <span class='ocrx_word' id='word_1_668' title='bbox 2379 3390 2670 3447; x_wconf 81' lang='lat' dir='ltr'>Honorius</span> <span class='ocrx_word' id='word_1_669' title='bbox 2698 3392 2771 3451; x_wconf 77' lang='lat' dir='ltr'>LV</span> <span class='ocrx_word' id='word_1_670' title='bbox 2800 3396 2858 3446; x_wconf 92' lang='lat' dir='ltr'>et</span> <span class='ocrx_word' id='word_1_671' title='bbox 2879 3392 3147 3447; x_wconf 88' lang='lat' dir='ltr'>Clemens</span> <span class='ocrx_word' id='word_1_672' title='bbox 3178 3392 3254 3446; x_wconf 86' lang='lat' dir='ltr'><strong>VI</strong></span> <span class='ocrx_word' id='word_1_673' title='bbox 3284 3391 3343 3445; x_wconf 91' lang='lat' dir='ltr'>in</span> <span class='ocrx_word' id='word_1_674' title='bbox 3380 3391 3562 3447; x_wconf 88' lang='lat' dir='ltr'>bullis</span> <span class='ocrx_word' id='word_1_675' title='bbox 3596 3393 3748 3448; x_wconf 90' lang='lat' dir='ltr'>suis.</span> 
     </span>
    </p>
   </div>
   <div class='ocr_carea' id='block_1_94' title="bbox 2154 3481 3749 3554">
    <p class='ocr_par' dir='ltr' id='par_1_94' title="bbox 2154 3481 3749 3554">
     <span class='ocr_line' id='line_1_94' title="bbox 2154 3481 3749 3554; baseline 0.001 -18"><span class='ocrx_word' id='word_1_676' title='bbox 2154 3483 2246 3536; x_wconf 88' lang='lat'>55.</span> <span class='ocrx_word' id='word_1_677' title='bbox 2278 3482 2424 3536; x_wconf 82' lang='lat' dir='ltr'>Hinc</span> <span class='ocrx_word' id='word_1_678' title='bbox 2458 3483 2678 3537; x_wconf 88' lang='lat' dir='ltr'>factum</span> <span class='ocrx_word' id='word_1_679' title='bbox 2710 3487 2902 3548; x_wconf 88' lang='lat' dir='ltr'>est,ut</span> <span class='ocrx_word' id='word_1_680' title='bbox 2926 3481 3175 3537; x_wconf 86' lang='lat' dir='ltr'>Maiolus</span> <span class='ocrx_word' id='word_1_681' title='bbox 3197 3482 3397 3537; x_wconf 90' lang='lat' dir='ltr'>statim</span> <span class='ocrx_word' id='word_1_682' title='bbox 3417 3488 3549 3554; x_wconf 90' lang='lat' dir='ltr'>post</span> <span class='ocrx_word' id='word_1_683' title='bbox 3568 3499 3749 3537; x_wconf 91' lang='lat' dir='ltr'>suum</span> 
     </span>
    </p>
   </div>
   <div class='ocr_carea' id='block_1_95' title="bbox 2083 3570 3750 3644">
    <p class='ocr_par' dir='ltr' id='par_1_95' title="bbox 2083 3570 3750 3644">
     <span class='ocr_line' id='line_1_95' title="bbox 2083 3570 3750 3644; baseline 0 -18"><span class='ocrx_word' id='word_1_684' title='bbox 2083 3570 2271 3644; x_wconf 90' lang='lat' dir='ltr'>ipsius</span> <span class='ocrx_word' id='word_1_685' title='bbox 2302 3571 2526 3626; x_wconf 91' lang='lat' dir='ltr'>obitum</span> <span class='ocrx_word' id='word_1_686' title='bbox 2562 3576 2803 3626; x_wconf 90' lang='lat' dir='ltr'>sanctus</span> <span class='ocrx_word' id='word_1_687' title='bbox 2846 3572 3083 3627; x_wconf 89' lang='lat' dir='ltr'>habitus</span> <span class='ocrx_word' id='word_1_688' title='bbox 3114 3571 3424 3644; x_wconf 88' lang='lat' dir='ltr'>cultusque</span> <span class='ocrx_word' id='word_1_689' title='bbox 3458 3572 3555 3627; x_wconf 89' lang='lat' dir='ltr'>sit.</span> <span class='ocrx_word' id='word_1_690' title='bbox 3582 3571 3750 3627; x_wconf 91' lang='lat' dir='ltr'>Unde</span> 
     </span>
    </p>
   </div>
   <div class='ocr_carea' id='block_1_96' title="bbox 2079 3659 3747 3733">
    <p class='ocr_par' dir='ltr' id='par_1_96' title="bbox 2079 3659 3747 3733">
     <span class='ocr_line' id='line_1_96' title="bbox 2079 3659 3747 3733; baseline 0.001 -19"><span class='ocrx_word' id='word_1_691' title='bbox 2079 3659 2419 3716; x_wconf 85' lang='lat' dir='ltr'>Adalheidis</span> <span class='ocrx_word' id='word_1_692' title='bbox 2441 3661 2800 3733; x_wconf 85' lang='lat' dir='ltr'>imperatrix,</span> <span class='ocrx_word' id='word_1_693' title='bbox 2818 3666 3069 3717; x_wconf 86' lang='lat' dir='ltr'>testante</span> <span class='ocrx_word' id='word_1_694' title='bbox 3103 3661 3363 3729; x_wconf 87' lang='lat' dir='ltr'>Odilone,</span> <span class='ocrx_word' id='word_1_695' title='bbox 3382 3684 3409 3710; x_wconf 83' lang='grc'><em>‹‹</em></span> <span class='ocrx_word' id='word_1_696' title='bbox 3435 3660 3561 3733; x_wconf 91' lang='lat' dir='ltr'>ipso</span> <span class='ocrx_word' id='word_1_697' title='bbox 3594 3665 3747 3716; x_wconf 86' lang='lat' dir='ltr'>tem-</span> 
     </span>
    </p>
   </div>
   <div class='ocr_carea' id='block_1_97' title="bbox 2082 3749 3751 3822">
    <p class='ocr_par' dir='ltr' id='par_1_97' title="bbox 2082 3749 3751 3822">
     <span class='ocr_line' id='line_1_97' title="bbox 2082 3749 3751 3822; baseline 0.001 -18"><span class='ocrx_word' id='word_1_698' title='bbox 2082 3766 2219 3821; x_wconf 92' lang='lat' dir='ltr'>pore</span> <span class='ocrx_word' id='word_1_699' title='bbox 2251 3767 2366 3821; x_wconf 90' lang='lat' dir='ltr'>quo</span> <span class='ocrx_word' id='word_1_700' title='bbox 2398 3749 2658 3805; x_wconf 89' lang='lat' dir='ltr'>instabat</span> <span class='ocrx_word' id='word_1_701' title='bbox 2688 3751 2800 3806; x_wconf 92' lang='lat' dir='ltr'>sibi</span> <span class='ocrx_word' id='word_1_702' title='bbox 2834 3750 2960 3806; x_wconf 89' lang='lat' dir='ltr'>dies</span> <span class='ocrx_word' id='word_1_703' title='bbox 3009 3767 3323 3822; x_wconf 89' lang='lat' dir='ltr'>supremus</span> <span class='ocrx_word' id='word_1_704' title='bbox 3351 3754 3514 3817; x_wconf 85' lang='lat' dir='ltr'>(anno</span> <span class='ocrx_word' id='word_1_705' title='bbox 3538 3751 3751 3805; x_wconf 72' lang='lat' dir='ltr'>scilicet</span> 
     </span>
    </p>
   </div>
   <div class='ocr_carea' id='block_1_98' title="bbox 2078 3838 3749 3911">
    <p class='ocr_par' dir='ltr' id='par_1_98' title="bbox 2078 3838 3749 3911">
     <span class='ocr_line' id='line_1_98' title="bbox 2078 3838 3749 3911; baseline 0 -18"><span class='ocrx_word' id='word_1_706' title='bbox 2078 3840 2395 3907; x_wconf 79' lang='lat' dir='ltr'>millesimo)</span> <span class='ocrx_word' id='word_1_707' title='bbox 2425 3839 2837 3894; x_wconf 89' lang='lat' dir='ltr'>beatissimum</span> <span class='ocrx_word' id='word_1_708' title='bbox 2870 3844 3096 3911; x_wconf 88' lang='lat' dir='ltr'>patrem</span> <span class='ocrx_word' id='word_1_709' title='bbox 3133 3838 3529 3906; x_wconf 85' lang='lat' dir='ltr'>Benedictum,</span> <span class='ocrx_word' id='word_1_710' title='bbox 3566 3839 3623 3893; x_wconf 90' lang='lat' dir='ltr'>id</span> <span class='ocrx_word' id='word_1_711' title='bbox 3655 3844 3749 3893; x_wconf 90' lang='lat' dir='ltr'>est</span> 
     </span>
    </p>
   </div>
   <div class='ocr_carea' id='block_1_99' title="bbox 2083 3928 3749 4002">
    <p class='ocr_par' dir='ltr' id='par_1_99' title="bbox 2083 3928 3749 4002">
     <span class='ocr_line' id='line_1_99' title="bbox 2083 3928 3749 4002; baseline 0 -18"><span class='ocrx_word' id='word_1_712' title='bbox 2083 3928 2447 3985; x_wconf 83' lang='lat' dir='ltr'>Floriacense</span> <span class='ocrx_word' id='word_1_713' title='bbox 2470 3930 2918 3997; x_wconf 83' lang='lat' dir='ltr'>monasterium,</span> <span class='ocrx_word' id='word_1_714' title='bbox 2941 3929 3075 3985; x_wconf 87' lang='lat' dir='ltr'>licet</span> <span class='ocrx_word' id='word_1_715' title='bbox 3124 3929 3370 4002; x_wconf 85' lang='lat' dir='ltr'>exiguis,</span> <span class='ocrx_word' id='word_1_716' title='bbox 3388 3933 3583 3984; x_wconf 88' lang='lat' dir='ltr'>tamen</span> <span class='ocrx_word' id='word_1_717' title='bbox 3610 3946 3749 4001; x_wconf 87' lang='lat' dir='ltr'>pro-</span> 
     </span>
    </p>
   </div>
   <div class='ocr_carea' id='block_1_100' title="bbox 2083 4018 3752 4090">
    <p class='ocr_par' dir='ltr' id='par_1_100' title="bbox 2083 4018 3752 4090">
     <span class='ocr_line' id='line_1_100' title="bbox 2083 4018 3752 4090; baseline 0.001 -19"><span class='ocrx_word' id='word_1_718' title='bbox 2083 4018 2226 4090; x_wconf 91' lang='lat' dir='ltr'>priis</span> <span class='ocrx_word' id='word_1_719' title='bbox 2247 4018 2502 4074; x_wconf 87' lang='lat' dir='ltr'>visitavit</span> <span class='ocrx_word' id='word_1_720' title='bbox 2525 4019 2873 4075; x_wconf 89' lang='lat' dir='ltr'>muneribus</span> <span class='ocrx_word' id='word_1_721' title='bbox 2899 4034 2911 4072; x_wconf 86' lang='lat'><strong>:</strong></span> <span class='ocrx_word' id='word_1_722' title='bbox 2938 4036 3041 4074; x_wconf 90' lang='lat' dir='ltr'>nec</span> <span class='ocrx_word' id='word_1_723' title='bbox 3060 4035 3176 4073; x_wconf 92' lang='lat' dir='ltr'>non</span> <span class='ocrx_word' id='word_1_724' title='bbox 3198 4023 3255 4073; x_wconf 92' lang='lat' dir='ltr'>et</span> <span class='ocrx_word' id='word_1_725' title='bbox 3282 4019 3462 4073; x_wconf 79' lang='lat' dir='ltr'>beata:</span> <span class='ocrx_word' id='word_1_726' title='bbox 3485 4018 3752 4072; x_wconf 86' lang='lat' dir='ltr'>recorda-</span> 
     </span>
    </p>
   </div>
   <div class='ocr_carea' id='block_1_101' title="bbox 2081 4106 3745 4179">
    <p class='ocr_par' dir='ltr' id='par_1_101' title="bbox 2081 4106 3745 4179">
     <span class='ocr_line' id='line_1_101' title="bbox 2081 4106 3745 4179; baseline -0.001 -18"><span class='ocrx_word' id='word_1_727' title='bbox 2081 4106 2259 4162; x_wconf 87' lang='lat' dir='ltr'>tionis</span> <span class='ocrx_word' id='word_1_728' title='bbox 2273 4106 3034 4179; x_wconf 77' lang='lat' dir='ltr'>patremMaiolum,ccnlesti</span> <span class='ocrx_word' id='word_1_729' title='bbox 3049 4107 3362 4179; x_wconf 86' lang='lat' dir='ltr'>gloriajam</span> <span class='ocrx_word' id='word_1_730' title='bbox 3375 4111 3721 4161; x_wconf 89' lang='lat' dir='ltr'>coronatum</span> <span class='ocrx_word' id='word_1_731' title='bbox 3733 4150 3745 4174; x_wconf 92' lang='lat'>,</span> 
     </span>
    </p>
   </div>
   <div class='ocr_carea' id='block_1_102' title="bbox 2082 4195 3754 4268">
    <p class='ocr_par' dir='ltr' id='par_1_102' title="bbox 2082 4195 3754 4268">
     <span class='ocr_line' id='line_1_102' title="bbox 2082 4195 3754 4268; baseline 0 -19"><span class='ocrx_word' id='word_1_732' title='bbox 2082 4211 2257 4267; x_wconf 91' lang='lat' dir='ltr'>quem</span> <span class='ocrx_word' id='word_1_733' title='bbox 2272 4196 2415 4249; x_wconf 87' lang='lat' dir='ltr'>dum</span> <span class='ocrx_word' id='word_1_734' title='bbox 2438 4195 2497 4250; x_wconf 92' lang='lat' dir='ltr'>in</span> <span class='ocrx_word' id='word_1_735' title='bbox 2516 4195 2625 4251; x_wconf 88' lang='lat' dir='ltr'>hac</span> <span class='ocrx_word' id='word_1_736' title='bbox 2645 4195 2761 4250; x_wconf 87' lang='lat' dir='ltr'>vita</span> <span class='ocrx_word' id='word_1_737' title='bbox 2784 4195 3272 4268; x_wconf 70' lang='lat' dir='ltr'>subsisteret,pr:e</span> <span class='ocrx_word' id='word_1_738' title='bbox 3291 4195 3519 4249; x_wconf 90' lang='lat' dir='ltr'>cunctis</span> <span class='ocrx_word' id='word_1_739' title='bbox 3538 4200 3754 4249; x_wconf 88' lang='lat' dir='ltr'>morta-</span> 
     </span>
    </p>
   </div>
   <div class='ocr_carea' id='block_1_103' title="bbox 2083 4282 3750 4356">
    <p class='ocr_par' dir='ltr' id='par_1_103' title="bbox 2083 4282 3750 4356">
     <span class='ocr_line' id='line_1_103' title="bbox 2083 4282 3750 4356; baseline 0.001 -20"><span class='ocrx_word' id='word_1_740' title='bbox 2083 4282 2239 4337; x_wconf 90' lang='lat' dir='ltr'>libus</span> <span class='ocrx_word' id='word_1_741' title='bbox 2272 4283 2369 4338; x_wconf 91' lang='lat' dir='ltr'>illo</span> <span class='ocrx_word' id='word_1_742' title='bbox 2405 4284 2608 4339; x_wconf 90' lang='lat' dir='ltr'>ordine</span> <span class='ocrx_word' id='word_1_743' title='bbox 2629 4283 2927 4354; x_wconf 86' lang='lat' dir='ltr'>diligebat.</span> <span class='ocrx_word' id='word_1_744' title='bbox 2953 4306 2980 4332; x_wconf 86' lang='grc'><strong>››</strong></span> <span class='ocrx_word' id='word_1_745' title='bbox 3009 4286 3079 4340; x_wconf 88' lang='lat' dir='ltr'>Et</span> <span class='ocrx_word' id='word_1_746' title='bbox 3098 4283 3334 4356; x_wconf 88' lang='lat' dir='ltr'>quidem</span> <span class='ocrx_word' id='word_1_747' title='bbox 3359 4285 3487 4355; x_wconf 88' lang='lat' dir='ltr'>jam</span> <span class='ocrx_word' id='word_1_748' title='bbox 3522 4282 3660 4337; x_wconf 89' lang='lat' dir='ltr'>inde</span> <span class='ocrx_word' id='word_1_749' title='bbox 3676 4282 3750 4338; x_wconf 92' lang='lat' dir='ltr'>ab</span> 
     </span>
    </p>
   </div>
   <div class='ocr_carea' id='block_1_104' title="bbox 2084 4370 3753 4444">
    <p class='ocr_par' dir='ltr' id='par_1_104' title="bbox 2084 4370 3753 4444">
     <span class='ocr_line' id='line_1_104' title="bbox 2084 4370 3753 4444; baseline 0.001 -20"><span class='ocrx_word' id='word_1_750' title='bbox 2084 4370 2273 4443; x_wconf 90' lang='lat' dir='ltr'>ipsius</span> <span class='ocrx_word' id='word_1_751' title='bbox 2293 4371 2456 4427; x_wconf 91' lang='lat' dir='ltr'>obitu</span> <span class='ocrx_word' id='word_1_752' title='bbox 2480 4377 2750 4427; x_wconf 89' lang='lat' dir='ltr'>sanctum</span> <span class='ocrx_word' id='word_1_753' title='bbox 2764 4372 2986 4426; x_wconf 88' lang='lat' dir='ltr'>dictum</span> <span class='ocrx_word' id='word_1_754' title='bbox 3005 4373 3184 4428; x_wconf 87' lang='lat' dir='ltr'>fuisse</span> <span class='ocrx_word' id='word_1_755' title='bbox 3202 4372 3407 4444; x_wconf 88' lang='lat' dir='ltr'>probat</span> <span class='ocrx_word' id='word_1_756' title='bbox 3423 4371 3628 4426; x_wconf 88' lang='lat' dir='ltr'>charta</span> <span class='ocrx_word' id='word_1_757' title='bbox 3648 4372 3753 4426; x_wconf 77' lang='grc'>145</span> 
     </span>
    </p>
   </div>
   <div class='ocr_carea' id='block_1_105' title="bbox 2085 4458 3749 4532">
    <p class='ocr_par' dir='ltr' id='par_1_105' title="bbox 2085 4458 3749 4532">
     <span class='ocr_line' id='line_1_105' title="bbox 2085 4458 3749 4532; baseline -0.001 -19"><span class='ocrx_word' id='word_1_758' title='bbox 2085 4459 2141 4513; x_wconf 92' lang='lat' dir='ltr'>in</span> <span class='ocrx_word' id='word_1_759' title='bbox 2175 4460 2304 4529; x_wconf 89' lang='lat' dir='ltr'>ejus</span> <span class='ocrx_word' id='word_1_760' title='bbox 2336 4458 2725 4530; x_wconf 86' lang='lat' dir='ltr'>ehartario,in</span> <span class='ocrx_word' id='word_1_761' title='bbox 2750 4476 2868 4531; x_wconf 90' lang='lat' dir='ltr'>qua</span> <span class='ocrx_word' id='word_1_762' title='bbox 2884 4459 3005 4515; x_wconf 66' lang='lat' dir='ltr'>haec</span> <span class='ocrx_word' id='word_1_763' title='bbox 3030 4460 3345 4532; x_wconf 89' lang='lat' dir='ltr'>leguntur:</span> <span class='ocrx_word' id='word_1_764' title='bbox 3376 4484 3401 4510; x_wconf 79' lang='grc' dir='ltr'>α</span> <span class='ocrx_word' id='word_1_765' title='bbox 3423 4460 3539 4532; x_wconf 84' lang='lat' dir='ltr'>Ego</span> <span class='ocrx_word' id='word_1_766' title='bbox 3560 4458 3749 4513; x_wconf 87' lang='lat' dir='ltr'>Arlcis</span> 
     </span>
    </p>
   </div>
   <div class='ocr_carea' id='block_1_106' title="bbox 2082 4548 3747 4620">
    <p class='ocr_par' dir='ltr' id='par_1_106' title="bbox 2082 4548 3747 4620">
     <span class='ocr_line' id='line_1_106' title="bbox 2082 4548 3747 4620; baseline 0 -18"><span class='ocrx_word' id='word_1_767' title='bbox 2082 4548 2236 4602; x_wconf 92' lang='lat' dir='ltr'>dono</span> <span class='ocrx_word' id='word_1_768' title='bbox 2288 4549 2399 4603; x_wconf 91' lang='lat' dir='ltr'>Beo</span> <span class='ocrx_word' id='word_1_769' title='bbox 2444 4553 2501 4603; x_wconf 91' lang='lat' dir='ltr'>et</span> <span class='ocrx_word' id='word_1_770' title='bbox 2550 4552 2751 4603; x_wconf 86' lang='lat' dir='ltr'>sancto</span> <span class='ocrx_word' id='word_1_771' title='bbox 2803 4548 3036 4617; x_wconf 89' lang='lat' dir='ltr'>Maiolo,</span> <span class='ocrx_word' id='word_1_772' title='bbox 3069 4554 3135 4604; x_wconf 88' lang='lat' dir='ltr'>ut</span> <span class='ocrx_word' id='word_1_773' title='bbox 3184 4567 3287 4620; x_wconf 88' lang='lat' dir='ltr'>per</span> <span class='ocrx_word' id='word_1_774' title='bbox 3317 4549 3529 4604; x_wconf 89' lang='lat' dir='ltr'>merita</span> <span class='ocrx_word' id='word_1_775' title='bbox 3555 4548 3747 4620; x_wconf 82' lang='lat' dir='ltr'>ipsius</span> 
     </span>
    </p>
   </div>
   <div class='ocr_carea' id='block_1_107' title="bbox 2082 4636 3747 4709">
    <p class='ocr_par' dir='ltr' id='par_1_107' title="bbox 2082 4636 3747 4709">
     <span class='ocr_line' id='line_1_107' title="bbox 2082 4636 3747 4709; baseline -0.001 -17"><span class='ocrx_word' id='word_1_776' title='bbox 2082 4636 2305 4692; x_wconf 87' lang='lat' dir='ltr'>valeam</span> <span class='ocrx_word' id='word_1_777' title='bbox 2338 4637 2584 4709; x_wconf 88' lang='lat' dir='ltr'>adipisci</span> <span class='ocrx_word' id='word_1_778' title='bbox 2619 4638 2861 4709; x_wconf 78' lang='lat' dir='ltr'>praemia</span> <span class='ocrx_word' id='word_1_779' title='bbox 2890 4643 3124 4703; x_wconf 72' lang='lat' dir='ltr'>aeterna,</span> <span class='ocrx_word' id='word_1_780' title='bbox 3158 4644 3214 4694; x_wconf 86' lang='lat' dir='ltr'>et</span> <span class='ocrx_word' id='word_1_781' title='bbox 3260 4640 3389 4708; x_wconf 88' lang='lat' dir='ltr'>ejus</span> <span class='ocrx_word' id='word_1_782' title='bbox 3438 4638 3747 4691; x_wconf 87' lang='lat' dir='ltr'>monachis</span> 
     </span>
    </p>
   </div>
   <div class='ocr_carea' id='block_1_108' title="bbox 2084 4726 3747 4798">
    <p class='ocr_par' dir='ltr' id='par_1_108' title="bbox 2084 4726 3747 4798">
     <span class='ocr_line' id='line_1_108' title="bbox 2084 4726 3747 4798; baseline 0.001 -19"><span class='ocrx_word' id='word_1_783' title='bbox 2084 4730 2307 4797; x_wconf 89' lang='lat' dir='ltr'>partem</span> <span class='ocrx_word' id='word_1_784' title='bbox 2334 4726 2405 4780; x_wconf 90' lang='lat' dir='ltr'>de</span> <span class='ocrx_word' id='word_1_785' title='bbox 2439 4726 2625 4781; x_wconf 86' lang='lat' dir='ltr'>Medio</span> <span class='ocrx_word' id='word_1_786' title='bbox 2651 4727 2854 4781; x_wconf 85' lang='lat' dir='ltr'>Plauto</span> <span class='ocrx_word' id='word_1_787' title='bbox 2888 4727 2944 4781; x_wconf 93' lang='lat' dir='ltr'>in</span> <span class='ocrx_word' id='word_1_788' title='bbox 2981 4744 3130 4798; x_wconf 81' lang='lat' dir='ltr'>pago</span> <span class='ocrx_word' id='word_1_789' title='bbox 3153 4726 3747 4792; x_wconf 86' lang='lat' dir='ltr'>Matisconensi,vitla</span> 
     </span>
    </p>
   </div>
   <div class='ocr_carea' id='block_1_109' title="bbox 2087 4812 3742 4885">
    <p class='ocr_par' dir='ltr' id='par_1_109' title="bbox 2087 4812 3742 4885">
     <span class='ocr_line' id='line_1_109' title="bbox 2087 4812 3742 4885; baseline 0.001 -18"><span class='ocrx_word' id='word_1_790' title='bbox 2087 4814 2362 4879; x_wconf 87' lang='lat' dir='ltr'>Maziaco,</span> <span class='ocrx_word' id='word_1_791' title='bbox 2384 4812 2508 4869; x_wconf 88' lang='lat' dir='ltr'>loco</span> <span class='ocrx_word' id='word_1_792' title='bbox 2532 4816 2602 4868; x_wconf 90' lang='lat' dir='ltr'>ad</span> <span class='ocrx_word' id='word_1_793' title='bbox 2630 4815 3202 4883; x_wconf 77' lang='lat' dir='ltr'>&#39;l‘ribladam,annoﬁ</span> <span class='ocrx_word' id='word_1_794' title='bbox 3223 4815 3482 4871; x_wconf 80' lang='lat' dir='ltr'>Rotberti</span> <span class='ocrx_word' id='word_1_795' title='bbox 3513 4816 3687 4885; x_wconf 82' lang='lat' dir='ltr'>regis.</span> <span class='ocrx_word' id='word_1_796' title='bbox 3714 4839 3742 4864; x_wconf 75' lang='grc' dir='ltr'>ι»</span> 
     </span>
    </p>
   </div>
   <div class='ocr_carea' id='block_1_110' title="bbox 2088 4902 3744 4976">
    <p class='ocr_par' dir='ltr' id='par_1_110' title="bbox 2088 4902 3744 4976">
     <span class='ocr_line' id='line_1_110' title="bbox 2088 4902 3744 4976; baseline 0.001 -21"><span class='ocrx_word' id='word_1_797' title='bbox 2088 4902 2325 4956; x_wconf 82' lang='lat' dir='ltr'>Festum</span> <span class='ocrx_word' id='word_1_798' title='bbox 2356 4903 2487 4972; x_wconf 87' lang='lat' dir='ltr'>ojus</span> <span class='ocrx_word' id='word_1_799' title='bbox 2521 4903 2670 4957; x_wconf 88' lang='lat' dir='ltr'>inter</span> <span class='ocrx_word' id='word_1_800' title='bbox 2692 4904 3013 4976; x_wconf 65' lang='lat' dir='ltr'>praecipuas</span> <span class='ocrx_word' id='word_1_801' title='bbox 3034 4907 3169 4959; x_wconf 81' lang='lat' dir='ltr'>anui</span> <span class='ocrx_word' id='word_1_802' title='bbox 3186 4904 3588 4959; x_wconf 86' lang='lat' dir='ltr'>solemnitates</span> <span class='ocrx_word' id='word_1_803' title='bbox 3610 4920 3744 4956; x_wconf 89' lang='lat' dir='ltr'>cen-</span> 
     </span>
    </p>
   </div>
   <div class='ocr_carea' id='block_1_111' title="bbox 2086 4990 3750 5062">
    <p class='ocr_par' dir='ltr' id='par_1_111' title="bbox 2086 4990 3750 5062">
     <span class='ocr_line' id='line_1_111' title="bbox 2086 4990 3750 5062; baseline 0 -17"><span class='ocrx_word' id='word_1_804' title='bbox 2086 4995 2249 5046; x_wconf 90' lang='lat' dir='ltr'>setur</span> <span class='ocrx_word' id='word_1_805' title='bbox 2277 4992 2431 5062; x_wconf 90' lang='lat' dir='ltr'>apud</span> <span class='ocrx_word' id='word_1_806' title='bbox 2462 4990 2801 5046; x_wconf 87' lang='lat' dir='ltr'>Udalricum</span> <span class='ocrx_word' id='word_1_807' title='bbox 2822 4993 2882 5046; x_wconf 87' lang='lat' dir='ltr'>in</span> <span class='ocrx_word' id='word_1_808' title='bbox 2906 4994 3005 5047; x_wconf 91' lang='lat' dir='ltr'>lib.</span> <span class='ocrx_word' id='word_1_809' title='bbox 3031 5011 3047 5047; x_wconf 83' lang='grc' dir='ltr'>ι</span> <span class='ocrx_word' id='word_1_810' title='bbox 3072 4992 3577 5048; x_wconf 82' lang='lat' dir='ltr'>Consuetudinum</span> <span class='ocrx_word' id='word_1_811' title='bbox 3619 4991 3750 5045; x_wconf 79' lang='lat' dir='ltr'>Clu-</span> 
     </span>
    </p>
   </div>
   <div class='ocr_carea' id='block_1_112' title="bbox 2085 5078 3751 5154">
    <p class='ocr_par' dir='ltr' id='par_1_112' title="bbox 2085 5078 3751 5154">
     <span class='ocr_line' id='line_1_112' title="bbox 2085 5078 3751 5154; baseline 0 -20"><span class='ocrx_word' id='word_1_812' title='bbox 2085 5078 2448 5135; x_wconf 88' lang='lat' dir='ltr'>niacensium</span> <span class='ocrx_word' id='word_1_813' title='bbox 2481 5098 2607 5152; x_wconf 90' lang='lat' dir='ltr'>cap.</span> <span class='ocrx_word' id='word_1_814' title='bbox 2646 5084 2732 5147; x_wconf 90' lang='grc'>11,</span> <span class='ocrx_word' id='word_1_815' title='bbox 2767 5087 2823 5137; x_wconf 88' lang='lat' dir='ltr'>et</span> <span class='ocrx_word' id='word_1_816' title='bbox 2853 5083 2911 5136; x_wconf 89' lang='lat' dir='ltr'>in</span> <span class='ocrx_word' id='word_1_817' title='bbox 2962 5100 3088 5154; x_wconf 86' lang='lat' dir='ltr'>cap.</span> <span class='ocrx_word' id='word_1_818' title='bbox 3130 5084 3197 5136; x_wconf 75' lang='grc'>51</span> <span class='ocrx_word' id='word_1_819' title='bbox 3231 5083 3455 5137; x_wconf 76' lang='lat' dir='ltr'>ecclesia</span> <span class='ocrx_word' id='word_1_820' title='bbox 3480 5081 3537 5135; x_wconf 89' lang='lat' dir='ltr'>S.</span> <span class='ocrx_word' id='word_1_821' title='bbox 3562 5080 3751 5135; x_wconf 78' lang='lat' dir='ltr'>Maioli</span> 
     </span>
    </p>
   </div>
   <div class='ocr_carea' id='block_1_113' title="bbox 2084 5169 3751 5242">
    <p class='ocr_par' dir='ltr' id='par_1_113' title="bbox 2084 5169 3751 5242">
     <span class='ocr_line' id='line_1_113' title="bbox 2084 5169 3751 5242; baseline 0 -20"><span class='ocrx_word' id='word_1_822' title='bbox 2084 5170 2239 5240; x_wconf 86' lang='lat' dir='ltr'>apud</span> <span class='ocrx_word' id='word_1_823' title='bbox 2272 5169 2619 5224; x_wconf 88' lang='lat' dir='ltr'>Cluniacum</span> <span class='ocrx_word' id='word_1_824' title='bbox 2639 5174 2763 5223; x_wconf 89' lang='lat' dir='ltr'>tum</span> <span class='ocrx_word' id='word_1_825' title='bbox 2790 5171 3056 5235; x_wconf 89' lang='lat' dir='ltr'>fuisse,et</span> <span class='ocrx_word' id='word_1_826' title='bbox 3077 5172 3145 5224; x_wconf 90' lang='lat' dir='ltr'>ad</span> <span class='ocrx_word' id='word_1_827' title='bbox 3167 5187 3293 5225; x_wconf 89' lang='lat' dir='ltr'>eam</span> <span class='ocrx_word' id='word_1_828' title='bbox 3314 5169 3751 5242; x_wconf 88' lang='lat' dir='ltr'>processionem</span> 
     </span>
    </p>
   </div>
   <div class='ocr_carea' id='block_1_114' title="bbox 2083 5257 3754 5329">
    <p class='ocr_par' dir='ltr' id='par_1_114' title="bbox 2083 5257 3754 5329">
     <span class='ocr_line' id='line_1_114' title="bbox 2083 5257 3754 5329; baseline 0.001 -19"><span class='ocrx_word' id='word_1_829' title='bbox 2083 5257 2207 5311; x_wconf 84' lang='lat' dir='ltr'>fieri</span> <span class='ocrx_word' id='word_1_830' title='bbox 2244 5257 2478 5312; x_wconf 88' lang='lat' dir='ltr'>solitam</span> <span class='ocrx_word' id='word_1_831' title='bbox 2511 5258 2593 5312; x_wconf 86' lang='lat' dir='ltr'>ait</span> <span class='ocrx_word' id='word_1_832' title='bbox 2624 5258 2684 5312; x_wconf 91' lang='lat' dir='ltr'>in</span> <span class='ocrx_word' id='word_1_833' title='bbox 2723 5258 2925 5314; x_wconf 81' lang='lat' dir='ltr'>Ramis</span> <span class='ocrx_word' id='word_1_834' title='bbox 2960 5258 3316 5314; x_wconf 88' lang='lat' dir='ltr'>Palmarum.</span> <span class='ocrx_word' id='word_1_835' title='bbox 3346 5260 3410 5314; x_wconf 91' lang='lat' dir='ltr'>In</span> <span class='ocrx_word' id='word_1_836' title='bbox 3456 5258 3754 5329; x_wconf 89' lang='lat' dir='ltr'>plerisque</span> 
     </span>
    </p>
   </div>
   <div class='ocr_carea' id='block_1_115' title="bbox 2084 5343 3755 5418">
    <p class='ocr_par' dir='ltr' id='par_1_115' title="bbox 2084 5343 3755 5418">
     <span class='ocr_line' id='line_1_115' title="bbox 2084 5343 3755 5418; baseline -0.001 -19"><span class='ocrx_word' id='word_1_837' title='bbox 2084 5345 2448 5400; x_wconf 86' lang='lat' dir='ltr'>Kalendariis</span> <span class='ocrx_word' id='word_1_838' title='bbox 2474 5346 2545 5400; x_wconf 91' lang='lat' dir='ltr'>ab</span> <span class='ocrx_word' id='word_1_839' title='bbox 2578 5363 2732 5401; x_wconf 89' lang='lat' dir='ltr'>anno</span> <span class='ocrx_word' id='word_1_840' title='bbox 2755 5346 3067 5402; x_wconf 76' lang='lat' dir='ltr'>millesimo</span> <span class='ocrx_word' id='word_1_841' title='bbox 3091 5347 3328 5418; x_wconf 88' lang='lat' dir='ltr'>scriptis</span> <span class='ocrx_word' id='word_1_842' title='bbox 3351 5344 3537 5401; x_wconf 88' lang='lat' dir='ltr'>sancti</span> <span class='ocrx_word' id='word_1_843' title='bbox 3557 5343 3755 5399; x_wconf 90' lang='lat' dir='ltr'>Maioli</span> 
     </span>
    </p>
   </div>
   <div class='ocr_carea' id='block_1_116' title="bbox 2083 5434 3759 5506">
    <p class='ocr_par' dir='ltr' id='par_1_116' title="bbox 2083 5434 3759 5506">
     <span class='ocr_line' id='line_1_116' title="bbox 2083 5434 3759 5506; baseline -0.001 -18"><span class='ocrx_word' id='word_1_844' title='bbox 2083 5435 2369 5489; x_wconf 91' lang='lat' dir='ltr'>memoria</span> <span class='ocrx_word' id='word_1_845' title='bbox 2397 5434 2712 5503; x_wconf 91' lang='lat' dir='ltr'>invenitur,</span> <span class='ocrx_word' id='word_1_846' title='bbox 2732 5437 2951 5491; x_wconf 90' lang='lat' dir='ltr'>nedum</span> <span class='ocrx_word' id='word_1_847' title='bbox 2984 5436 3043 5489; x_wconf 92' lang='lat' dir='ltr'>in</span> <span class='ocrx_word' id='word_1_848' title='bbox 3078 5436 3500 5491; x_wconf 88' lang='lat' dir='ltr'>recentioribus</span> <span class='ocrx_word' id='word_1_849' title='bbox 3542 5434 3759 5506; x_wconf 72' lang='lat' dir='ltr'>Marty-</span> 
     </span>
    </p>
   </div>
   <div class='ocr_carea' id='block_1_117' title="bbox 2082 5523 3750 5595">
    <p class='ocr_par' dir='ltr' id='par_1_117' title="bbox 2082 5523 3750 5595">
     <span class='ocr_line' id='line_1_117' title="bbox 2082 5523 3750 5595; baseline 0 -18"><span class='ocrx_word' id='word_1_850' title='bbox 2082 5523 2319 5595; x_wconf 87' lang='lat' dir='ltr'>rologiis</span> <span class='ocrx_word' id='word_1_851' title='bbox 2372 5526 2657 5591; x_wconf 82' lang='lat' dir='ltr'>Romano,</span> <span class='ocrx_word' id='word_1_852' title='bbox 2693 5524 3013 5592; x_wconf 81' lang='lat' dir='ltr'>Gallicana,</span> <span class='ocrx_word' id='word_1_853' title='bbox 3051 5524 3426 5581; x_wconf 84' lang='lat' dir='ltr'>Denedictino</span> <span class='ocrx_word' id='word_1_854' title='bbox 3475 5523 3750 5594; x_wconf 86' lang='lat' dir='ltr'>aliisque.</span> 
     </span>
    </p>
   </div>
   <div class='ocr_carea' id='block_1_118' title="bbox 2150 5612 3753 5686">
    <p class='ocr_par' dir='ltr' id='par_1_118' title="bbox 2150 5612 3753 5686">
     <span class='ocr_line' id='line_1_118' title="bbox 2150 5612 3753 5686; baseline 0 -19"><span class='ocrx_word' id='word_1_855' title='bbox 2150 5615 2240 5667; x_wconf 80' lang='lat'>56.</span> <span class='ocrx_word' id='word_1_856' title='bbox 2276 5615 2335 5669; x_wconf 91' lang='lat' dir='ltr'>S.</span> <span class='ocrx_word' id='word_1_857' title='bbox 2379 5613 2575 5668; x_wconf 88' lang='lat' dir='ltr'>Maioli</span> <span class='ocrx_word' id='word_1_858' title='bbox 2616 5630 2830 5686; x_wconf 90' lang='lat' dir='ltr'>corpus</span> <span class='ocrx_word' id='word_1_859' title='bbox 2887 5632 3001 5669; x_wconf 71' lang='lat' dir='ltr'>non</span> <span class='ocrx_word' id='word_1_860' title='bbox 3053 5615 3254 5671; x_wconf 87' lang='lat' dir='ltr'>statim</span> <span class='ocrx_word' id='word_1_861' title='bbox 3304 5618 3479 5686; x_wconf 88' lang='lat' dir='ltr'>atque</span> <span class='ocrx_word' id='word_1_862' title='bbox 3537 5612 3589 5667; x_wconf 90' lang='lat' dir='ltr'>is</span> <span class='ocrx_word' id='word_1_863' title='bbox 3647 5628 3753 5684; x_wconf 90' lang='lat' dir='ltr'>pro</span> 
     </span>
    </p>
   </div>
   <div class='ocr_carea' id='block_1_119' title="bbox 2080 5701 3747 5774">
    <p class='ocr_par' dir='ltr' id='par_1_119' title="bbox 2080 5701 3747 5774">
     <span class='ocr_line' id='line_1_119' title="bbox 2080 5701 3747 5774; baseline 0.001 -15"><span class='ocrx_word' id='word_1_864' title='bbox 2080 5708 2283 5760; x_wconf 85' lang='lat' dir='ltr'>sancto</span> <span class='ocrx_word' id='word_1_865' title='bbox 2314 5701 2589 5760; x_wconf 87' lang='lat' dir='ltr'>honorari</span> <span class='ocrx_word' id='word_1_866' title='bbox 2619 5704 2859 5774; x_wconf 86' lang='lat' dir='ltr'>meruit,</span> <span class='ocrx_word' id='word_1_867' title='bbox 2890 5720 2921 5761; x_wconf 89' lang='lat' dir='ltr'>e</span> <span class='ocrx_word' id='word_1_868' title='bbox 2950 5704 3178 5762; x_wconf 88' lang='lat' dir='ltr'>tumulo</span> <span class='ocrx_word' id='word_1_869' title='bbox 3213 5704 3467 5764; x_wconf 87' lang='lat' dir='ltr'>levatum</span> <span class='ocrx_word' id='word_1_870' title='bbox 3496 5706 3617 5772; x_wconf 88' lang='lat' dir='ltr'>est;</span> <span class='ocrx_word' id='word_1_871' title='bbox 3644 5702 3747 5761; x_wconf 86' lang='lat' dir='ltr'>sed</span> 
     </span>
    </p>
   </div>
  </div>
