3906 6356
112 446 232 509 ⁸741

1383 443 1728 504 ELOGIITM
1776 444 2284 509 lllS'l‘OlllCUM.

3421 453 3539 515 ’742

111 584 309 656 primo
342 596 519 652 super
542 578 684 634 illud
719 581 977 633 erectum
1009 581 1095 631 est
1120 576 1300 630 altare
1333 578 1648 647 aBnggene
1670 581 1770 632 Ar-
1802 582 1855 645 Α
1889 581 2153 650 magistri
2190 582 2465 636 meritum
2490 581 2866 654 intelligatur.
2898 583 2959 639 In
2993 583 3085 640 his
3116 586 3232 641 duo
3263 587 3539 659 praecipui

109 669 386 727 vernensi
418 669 714 740 episcopo,
741 666 841 738 qui
875 667 1022 720 ritus
1054 669 1177 720 erat
1208 667 1504 736 quondam
1539 673 1773 721 sanctos

107 761 176 815 in
207 775 493 814 canonem
527 755 926 826 redigendi,ut
956 754 1015 808 in
1040 754 1375 825 prailatione
1401 756 1773 811 observatum

108 849 312 904 est.De
339 847 513 901 istius
544 844 747 899 altaris
775 844 1210 898 consecratione
1242 843 1365 914 lege
1399 863 1525 915 qua}
1568 844 1622 898 in
1660 847 1773 899 line

107 939 297 1008 hujus
328 935 498 1007 elogii
534 937 875 988 referemus.
908 933 1041 987 Post
1072 950 1256 986 annos
1290 936 1405 987 fere
1438 938 1671 988 centum
1706 952 1773 987 ex

111 1025 348 1081 tumulo
379 1023 601 1078 elatum
621 1027 955 1077 estsaerum
973 1022 1355 1092 corpus.Ejus
1381 1020 1771 1075 reiauetorem

108 1114 349 1169 invenio
383 1112 685 1167 Urbanum
722 1128 933 1181 papam
968 1110 1036 1174 ll,
1071 1112 1241 1180 cujus
1282 1111 1503 1163 litteras
1551 1111 1773 1165 .loellus

112 1204 427 1259 “emensis
460 1201 934 1271 archiepiscopus
970 1200 1398 1267 remigium-itii]
1423 1199 1773 1253 bibliotheca

109 1291 485 1347 Cluniacensi
520 1290 630 1353 col,
666 1292 791 1354 iiut),
826 1289 923 1341 ubi
970 1288 1088 1341 lure
1137 1289 1430 1359 pontificis
1477 1290 1647 1340 verba
1700 1289 1769 1340 ad

109 1382 569 1436 Silviniaeenses
606 1395 617 1430 :
657 1402 681 1425 α
716 1378 998 1442 Quoniam
1033 1395 1297 1447 superna‘
1352 1376 1771 1430 lwnmlictinuis

109 1470 460 1542 dignatione
496 1466 847 1521 multimoda
878 1470 1071 1519 aetum
1102 1470 1284 1529 est,ut
1314 1483 1419 1518 nos
1448 1465 1556 1535 ipsi
1580 1482 1773 1517 mona-

107 1560 363 1617 sterium
386 1559 733 1619 vestrum,et
756 1554 907 1609 beati
930 1553 1175 1607 Maiolus
1195 1571 1407 1624 corpus
1436 1552 1774 1607 iutraeccle—

105 1650 265 1705 siam
290 1648 363 1702 ad
388 1645 582 1700 locum
606 1643 789 1698 alium
814 1643 1133 1697 transferre
1158 1642 1504 1708 meruimus,
1525 1641 1770 1712 dignum

104 1737 418 1800 duximus,
451 1750 585 1788 eum
618 1731 1020 1787 Cluniacensis
1054 1730 1319 1797 casnobii,
1364 1731 1456 1785 cui
1489 1735 1769 1800 tanquam

106 1827 386 1884 membra
432 1822 610 1894 capiti
661 1819 1038 1891 singulariter
1093 1819 1412 1885 inhaerens,
1464 1818 1772 1873 dilectione

109 1915 432 1990 prazeipua,
468 1917 595 1966 tum
628 1909 929 1980 religionis
959 1911 1161 1961 vestrae
1207 1908 1547 1973 reverentia,
1582 1924 1683 1961 vos
1715 1912 1771 1961 et

108 2006 312 2060 locum
344 2005 605 2056 vestrum
639 1996 951 2069 specialius
985 1996 1139 2050 sedis
1173 1994 1502 2066 apostolicae
1550 2000 1772 2066 protec-

111 2095 277 2148 tione
307 2087 632 2144 munire....
668 2086 879 2141 Datum
913 2086 1067 2157 apud
1101 2083 1579 2139 Montieulum....
1627 2083 1770 2137 Idib.

111 2177 647 2241 Oetob.indict.3.,
680 2191 831 2229 anno
864 2173 1178 2228 Dominicze
1216 2173 1329 2227 inc.
1370 2174 1524 2226 1007.
1561 2196 1587 2221 ››
1624 2173 1774 2227 Sub-

110 2269 391 2340 sequitur
420 2264 583 2320 bulla
611 2262 927 2318 Clementis
961 2260 1049 2328 ιν,
1084 2260 1165 2315 ita
1192 2259 1485 2330 loquentis
1521 2278 1531 2315 :
1574 2285 1595 2310 ιι
1629 2260 1774 2315 Cum

110 2354 499 2428 itaque,sieut
528 2368 596 2407 ex
627 2355 821 2406 vestra
848 2349 1247 2403 insinuatione
1281 2349 1775 2420 acccpimns,pro-

110 2453 247 2519 pter
275 2442 486 2499 merita
515 2440 771 2513 gloriosa
802 2444 1141 2493 sanctorum
1159 2439 1559 2492 eonfessorum
1582 2437 1775 2491 Maioli

110 2541 174 2591 ct
206 2532 498 2598 Odilonis,
532 2545 784 2600 quorum
816 2545 1061 2599 corpora
1092 2526 1150 2579 in
1192 2531 1383 2580 vestra
1413 2525 1659 2580 ecclesia
1690 2542 1776 2579 re-

111 2616 751 2695 quiescunt,mirabilis
787 2617 940 2670 Deus
971 2616 1028 2669 in
1053 2616 1273 2670 sanctis
1292 2614 1415 2669 suis
1433 2614 1621 2669 multa
1640 2632 1778 2685 quo-

110 2712 261 2767 tidie
310 2705 600 2763 miracula
648 2709 923 2776 operetur
972 2704 1213 2769 ibidem,
1250 2709 1486 2775 prOpter
1533 2722 1659 2775 qua:
1704 2704 1776 2758 ad

113 2800 392 2855 eamdem
406 2795 715 2851 ecclesiam
729 2794 799 2848 de
812 2792 1057 2848 diversis
1070 2792 1335 2863 partibus
1351 2792 1609 2847 fidelium
1625 2792 1776 2846 mul-

118 2888 378 2943 titudine
399 2886 971 2954 confluente,eorpus
994 2880 1252 2957 prazdieti
1283 2880 1467 2936 sancti
1494 2881 1685 2935 Maioli
1704 2881 1776 2935 ad

121 2977 306 3034 alium
342 2976 537 3030 locum
571 2973 757 3045 ipsius
790 2970 1046 3026 ecclesia:
1080 2970 1268 3042 magis
1299 2969 1687 3024 venerabilem
1721 2973 1778 3024 et

119 3068 431 3122 decentem
466 3060 771 3117 intenditis
802 3077 936 3115 cum
969 3059 1165 3113 debita
1192 3059 1563 3113 veneratione
1580 3063 1776 3112 trans-

120 3158 300 3223 ferre;
336 3171 562 3208 nos.....
596 3150 873 3206 omnibus
905 3166 1036 3204 vere
1081 3148 1503 3220 pwnitentibus
1534 3152 1591 3201 et
1640 3163 1775 3201 con-

119 3245 316 3310 fessis,
351 3241 451 3314 qui
484 3242 556 3297 ad
608 3240 823 3293 dictam
874 3237 1179 3293 ecclesiam
1231 3237 1326 3291 die
1374 3235 1779 3290 translationis

1884 669 2118 723 fuerunt
2166 670 2331 725 Odilo
2374 676 2430 726 et
2459 670 2812 738 Willelmus,
2841 673 2935 728 ille
2969 674 3163 729 Maioli
3213 692 3536 745 successor,

1885 757 1975 811 hic
2000 758 2181 812 abbas
2208 758 2594 827 Divioncnsis,
2617 760 2714 831 qui
2739 760 2923 815 multa
2946 763 3302 818 monasteria
3328 765 3399 819 ad
3424 782 3539 820 me-

1884 845 2086 900 liorem
2148 849 2372 917 frugem
2434 849 2737 904 revocavit.
2770 851 2850 904 De
2898 850 3006 905 hoc
3056 868 3232 923 agens
3283 852 3448 908 Odilo
3476 853 3537 908 in

1885 933 2082 989 libello
2117 937 2185 989 de
2220 937 2365 991 actis
2398 937 2586 992 sancti
2637 938 2830 993 Maioli
2868 956 2881 993 :
2920 962 2947 988 ‹‹
2988 940 3057 994 Et
3090 945 3155 994 ut
3193 958 3332 1011 pare
3373 940 3539 1013 spiri-

1884 1024 2133 1078 tualium
2168 1026 2482 1093 artificum,
2516 1025 2617 1095 ait,
2644 1027 2701 1081 in
2734 1029 2935 1083 eadem
2970 1028 3189 1082 fabrica
3206 1028 3423 1083 caelesti
3450 1029 3536 1083 la-

1872 1112 2217 1166 borantium
2238 1114 2621 1181 dieam,unus
2650 1116 2935 1187 praecipue
2958 1116 3323 1188 refulsit,qui
3356 1136 3540 1189 nuper

1885 1201 2059 1253 rebus
2091 1202 2368 1257 humanis
2392 1204 2658 1268 excessit,
2680 1210 2735 1258 et
2766 1205 2862 1275 qui
2898 1204 3030 1276 plus
3062 1206 3231 1259 nobis
3263 1207 3538 1261 omnibus

1885 1290 2187 1354 laboravit,
2215 1292 2469 1344 domnus
2519 1293 2783 1345 \‘itlt'lit‘ot
2843 1294 3025 1346 abbas
3084 1294 3432 1359 Willolmus,
3467 1297 3538 1349 de

1882 1379 2053 1448 cujus
2073 1379 2418 1433 clarissimis
2441 1381 2670 1434 artibus
2692 1387 2745 1433 et
2769 1382 2881 1435 vita
2900 1381 3175 1435 laudabili
3200 1388 3255 1435 et
3288 1384 3538 1436 mirabili

1882 1468 2587 1539 Comm-sationeparvitas
2605 1475 2801 1524 nostra
2821 1487 2931 1523 non
2958 1470 3341 1542 sut'tieitquod
3363 1472 3543 1525 sentit

1882 1557 1953 1610 ad
1985 1555 2221 1627 plenum
2258 1560 2489 1611 referre.
2517 1580 2544 1607 ››
2580 1558 2658 1612 De
2690 1575 2756 1611 eo
2787 1575 2853 1612 ac
2885 1559 2955 1612 de
2986 1557 3228 1613 Odilone
3260 1559 3385 1630 ipso
3404 1575 3540 1631 age-

1884 1661 2017 1698 mus
2036 1644 2092 1697 in
2112 1646 2323 1699 smculo
2345 1646 2638 1716 sequenti.
2656 1646 2755 1699 His
2778 1647 3136 1717 adjungendi
3153 1648 3336 1702 'I‘euto
3358 1648 3542 1703 abbas

1884 1734 2272 1800 Fossatensis,
2305 1738 2363 1787 et
2420 1734 2726 1788 IIeldrieus
2776 1734 3309 1789 Autissiodurensis
3347 1737 3473 1807 jam
3508 1754 3542 1792 a

1883 1822 2050 1875 nobis
2068 1821 2310 1876 laudati.
2333 1823 2410 1877 De
2429 1824 2690 1877 Teutone
2704 1822 2892 1877 multa
2903 1823 3180 1894 prmclara
3191 1840 3541 1878 commemo-

1882 1915 2086 1965 rantur
2137 1911 2194 1964 in
2249 1910 2445 1965 libello
2496 1912 2566 1965 de
2606 1911 2724 1966 vita
2772 1911 3056 1966 Bnrhardi
3097 1912 3350 1968 comitis.
3383 1913 3541 1967 Inter

1885 2004 2107 2065 crrtera,
2147 2022 2173 2046 ‹‹
2208 1999 2513 2069 religiosus
2545 1999 2727 2053 abbas
2758 2000 3201 2071 Teutojejuniis
3242 2005 3301 2055 et
3332 1990 3539 2055 oratio-

1886 2088 2081 2154 nibus,
2105 2088 2552 2159 vigiliarumque
2586 2088 3122 2159 pernoctationibus
3172 2089 3406 2144 assidue
3445 2089 3539 2144 in-

1885 2181 2083 2230 tentus
2115 2176 2315 2243 fuisse,
2348 2195 2414 2231 ac
2447 2179 2561 2232 Deo
2585 2194 2816 2249 semper
2836 2177 3064 2248 placere
3103 2178 3352 2233 fideliter
3388 2179 3541 2233 desi-

1886 2265 2660 2336 derasseperhibetur.Cum
2684 2283 2819 2337 ergo
2841 2266 2899 2320 in
2935 2265 3061 2321 loco
3092 2266 3202 2320 sibi
3227 2268 3543 2321 commisso
3576 2336 3579 2341 Ι

1887 2353 2238 2419 arduam,ut
2270 2355 2757 2425 eupicbat,vitam
2810 2356 2882 2410 ob
2925 2354 3236 2426 pastoralis
3267 2357 3544 2410 custodite

1888 2459 2090 2495 curam
2126 2442 2366 2496 minime
2398 2460 2629 2497 servare
2661 2448 2875 2514 posset,
2905 2444 3212 2499 ltemensis
3244 2444 3406 2499 urbis
3438 2461 3543 2516 pa-

1887 2549 2028 2601 gum
2064 2532 2133 2584 ad
2171 2532 2559 2585 habitandum
2583 2531 2694 2586 sibi
2727 2531 2918 2601 elegit.
2955 2532 3214 2587 Ilabetur
3251 2532 3544 2605 siquidem

1886 2619 2025 2673 illnc
2059 2622 2326 2689 quantam
2361 2619 2859 2691 possessiuncula,
2895 2636 3072 2691 quam
3124 2619 3414 2691 gloriosus
3446 2638 3545 2675 rex

1887 2707 2128 2762 Carolus
2150 2708 2358 2762 Calvus
2380 2708 2636 2763 ecclesia:
2670 2708 2999 2763 Fossatcnsi
3024 2708 3339 2779 abbatique
3364 2710 3548 2764 Gede-

1888 2798 2048 2851 fredo
2081 2797 2287 2866 refugii
2323 2814 2500 2850 causa
2532 2801 2767 2867 propter
2803 2797 3301 2850 Nortmannorum
3350 2814 3543 2868 perse-

1888 2886 2183 2939 cutionem
2243 2885 2423 2949 dedit,
2460 2885 2519 2939 in
2572 2902 2690 2955 qua
2748 2883 2924 2938 etiam
2985 2900 3198 2956 corpus
3244 2884 3303 2939 S.
3357 2886 3542 2940 Mauri

1888 2973 2093 3027 multis
2126 2973 2294 3027 annis
2324 2973 2581 3027 traditur
2610 2977 3041 3027 conservatum.
3078 2972 3219 3027 Illuc
3251 2989 3388 3045 ergo
3416 2975 3544 3046 jam

1888 3062 2080 3116 dictus
2114 3062 2292 3115 abbas
2325 3063 2570 3116 arduam
2602 3078 2705 3133 pro
2736 3060 2965 3116 Christo
3014 3078 3297 3133 peragens
3342 3062 3543 3130 vitam,

1890 3151 2074 3205 multo
2108 3156 2364 3221 tempore
2395 3155 2772 3206 conversatus
2817 3154 2924 3204 est.
2958 3152 3081 3215 Quo
3130 3166 3399 3222 pergens,
3435 3150 3544 3206 ibi-

1889 3241 2140 3311 demque.
2163 3257 2502 3311 permanere
2519 3238 3165 3305 desiderans,baeulum
3186 3256 3338 3294 cura:
3362 3245 3552 3312 pasto—

118 3326 310 3390 sanct'i
344 3331 634 3402 ejusdem,
670 3345 855 3383 unum
888 3343 1108 3381 annum
1144 3331 1199 3380 et
1232 3324 1621 3396 quadraginta
1652 3324 1773 3378 dies
1805 3327 1846 3392 (ζ
1888 3329 2027 3383 ralis
2047 3346 2150 3400 per
2178 3329 2267 3383 sui
2305 3328 2524 3383 servitii
2551 3329 3170 3395 ministrum,nomine
3198 3329 3547 3396 Walterum,

117 3424 228 3478 hac
259 3422 416 3487 vice;
447 3418 565 3475 illis
591 3422 789 3473 autem
824 3417 925 3488 qui
958 3416 1110 3470 infra
1140 3420 1267 3469 octo
1292 3414 1415 3469 dies
1443 3413 1781 3468 immediate

114 3514 442 3583 sequentes
474 3513 531 3562 et
560 3507 619 3560 in
652 3504 1048 3561 anniversario
1066 3501 1570 3558 dietranslationis
1594 3502 1781 3572 ipsius

113 3596 534 3656 venerabiliter
562 3601 621 3651 et
650 3597 852 3650 devote
885 3593 1257 3659 accesserint,
1291 3596 1528 3647 centum
1570 3591 1695 3645 dies
1726 3595 1783 3646 et

110 3685 403 3760 injunctis
427 3684 536 3739 sibi
558 3681 918 3756 pamitentiis
936 3679 1512 3736 relaxamus.Datum
1536 3676 1779 3733 Viterbii

116 3777 269 3850 prid.
309 3776 395 3830 Id.
429 3772 644 3839 Martii,
678 3770 1053 3843 pontificatus
1086 3768 1269 3824 nostri
1320 3784 1473 3823 anno
1522 3767 1713 3833 tertio,
1750 3788 1776 3814 ››

115 3883 221 3921 seu
255 3879 413 3919 anno
446 3860 769 3917 1266.Alias
801 3858 1199 3931 indulgentias
1224 3858 1437 3911 ibidem
1454 3856 1781 3911 concedunt

118 3953 418 4010 Honorius
469 3950 543 4005 1V
591 3955 649 4004 et
695 3949 964 4004 Clemens
1013 3948 1106 4001 VI.
1142 3948 1200 4001 S.
1247 3944 1439 4001 Maioli
1488 3943 1774 4010 tumulus,

120 4043 475 4114 adjunctum
508 4038 732 4093 habens
762 4037 949 4093 sancti
982 4034 1269 4101 Odilonis,
1292 4034 1502 4088 visitur
1545 4033 1604 4087 in
1648 4033 1776 4087 navi

119 4130 383 4186 ecclesia:
415 4126 875 4184 Silviniacensis.

188 4223 282 4275 57.
317 4220 382 4274 In
416 4218 571 4272 hunc
603 4233 787 4288 usque
809 4215 963 4270 diem
996 4213 1250 4285 reliquiae
1281 4214 1340 4268 S.
1372 4211 1565 4268 Maioli
1598 4229 1781 4268 asser-

120 4316 335 4366 vantur
367 4305 901 4376 Silvianiei,nempe
922 4306 1051 4377 ejus
1072 4321 1206 4358 ossa
1222 4301 1586 4374 prmcipuain
1603 4318 1779 4371 capsa

120 4417 187 4456 ex
216 4401 465 4471 argento
496 4400 555 4451 et
594 4412 796 4466 cupro,
833 4393 1023 4466 posita
1075 4410 1251 4463 super
1297 4392 1427 4462 ejus
1475 4390 1655 4444 altare
1704 4390 1776 4444 ad

121 4490 335 4545 odeum
368 4486 441 4541 ad
474 4483 849 4557 aquilonem;
886 4482 1100 4537 scrinio
1152 4481 1340 4536 sancti
1390 4479 1653 4535 Odilonis
1703 4479 1775 4533 ad

120 4578 280 4634 aliud
313 4576 470 4631 latus
502 4573 725 4646 posito;
757 4571 1062 4643 utriusque
1094 4575 1270 4641 caput
1292 4569 1350 4624 in
1374 4568 1588 4624 scrinio
1610 4585 1779 4639 pecu-

120 4667 269 4722 liari.
307 4667 369 4721 S.
403 4662 601 4719 Maioli
635 4660 960 4733 scapulare,
996 4660 1238 4731 longum
1272 4658 1411 4713 ulna
1439 4657 1775 4724 una,latnm
1811 4700 1854 4764 Ι)

120 4754 307 4809 tertiis
338 4752 489 4807 ulna:
522 4748 808 4823 partibus,
844 4749 935 4803 cui
971 4748 1163 4802 simile
1194 4745 1352 4801 aliud
1386 4745 1645 4800 L‘luniaei
1682 4746 1776 4799 ha-

120 4844 317 4909 betur;
339 4841 606 4913 ejusdem
642 4839 778 4893 item
812 4837 942 4909 pedi
974 4836 1283 4910 pastoralis
1312 4852 1545 4889 summa
1563 4851 1777 4906 parsex

118 4935 312 5001 ebore,
347 4929 726 5002 scyphusque
750 4945 994 4982 corneus
1025 4927 1227 4980 itidem
1259 4924 1553 4980 Silviniaei
1576 4923 1776 4978 visun-

119 5020 566 5078 tur.Gaul’ridus
586 5017 809 5073 Choleti
844 5017 1001 5087 prior
1038 5015 1248 5070 saeculo
1299 5014 1393 5069 XV
1443 5014 1779 5084 reliquiaria

117 5111 412 5181 fecit,quzn
443 5112 581 5162 ante
611 5123 745 5161 eum
779 5106 1025 5160 lldricus
1046 5105 1319 5176 supprior
1346 5108 1403 5157 et
1436 5102 1779 5157 sacrislain-

123 5197 754 5255 choaveratJiactenus
783 5194 1162 5249 Silviniacum
1194 5193 1471 5264 religione
1495 5197 1550 5247 et
1582 5191 1778 5246 Maioli

124 5288 281 5344 cultu
315 5287 544 5343 celebre
576 5289 687 5353 est,
721 5285 790 5338 de
819 5302 935 5356 quo
966 5282 1197 5354 egimus
1232 5282 1288 5336 in
1326 5280 1530 5353 elogiis
1561 5280 1778 5335 Odonis

124 5383 178 5433 et
203 5376 507 5450 Aymardi.

120 5466 265 5522 VIII.
302 5466 492 5521 Maioli
518 5465 789 5535 pm‘ripui
823 5463 1105 5534 discipuli,
1142 5463 1373 5516 cultores
1402 5469 1452 5517 ct
1480 5462 1772 5515 miracula.

184 5555 406 5611 58.Etsi
424 5551 743 5609 nonnullos
759 5552 953 5607 Maioli
967 5553 999 5605 d
1012 5550 1361 5623 iseipulosin
1377 5549 1777 5621 superioribus

121 5641 686 5710 exhibuerimus,bic
719 5646 915 5695 tamen
947 5640 1003 5694 in
1027 5657 1211 5695 unum
1230 5640 1422 5694 locum
1443 5638 1773 5694 conferendi

122 5740 256 5792 sunt
288 5733 503 5791 saltem
534 5729 831 5807 praecipui,
864 5734 929 5786 ut
956 5747 1027 5788 ex
1048 5728 1469 5803 discipulorum
1497 5727 1776 5803 qualitate

1891 3436 2063 3489 quem
2099 3418 2222 3490 ipse
2256 3418 2313 3473 in
2365 3418 2594 3472 Domini
2640 3419 2850 3472 timore
2896 3418 3235 3485 nutriverat,
3271 3418 3549 3472 fratribus

1890 3506 2242 3574 transmisit,
2279 3508 2570 3561 mandans
2601 3511 2667 3561 ut
2699 3507 2811 3561 sibi
2844 3506 3171 3560 secundum
3203 3505 3417 3559 Christi
3450 3523 3546 3560 vo-

1890 3593 2176 3649 luntatem
2199 3596 2443 3667 dignum
2464 3598 2757 3666 pastorem
2781 3592 3120 3665 eligerent.»
3147 3593 3462 3664 Postquam
3480 3610 3546 3649 eo

1889 3684 1949 3738 in
1981 3683 2104 3737 loco
2137 3684 2382 3738 arduam
2418 3700 2484 3737 ac
2518 3668 2845 3737 solitariam
2876 3681 3055 3735 vitam
3086 3682 3269 3735 Teuto
3308 3681 3547 3754 egisset,

1890 3773 2266 3828 Fossatenses
2290 3771 2536 3827 revisere
2567 3770 2763 3825 animo
2784 3768 3117 3824 destinavit.
3141 3771 3211 3823 At
3233 3768 3317 3823 illi
3367 3771 3546 3825 obsti-

1887 3866 2026 3927 tere,
2060 3860 2656 3932 alleganles,suﬂ‘ecto
2688 3858 2801 3914 alio
2834 3858 3063 3926 abbate,
3085 3858 3211 3929 jam
3248 3880 3275 3908 α
3299 3876 3415 3914 non
3446 3859 3546 3915 de-

1888 3951 2021 4005 bere
2071 3966 2204 4004 cum
2257 3949 2457 4020 recipi,
2492 3948 2632 4020 quia
2683 3947 3015 4003 animarum
3070 3964 3271 4002 curam
3313 3948 3548 4020 penitus

1888 4040 2221 4111 reliquerat.
2245 4062 2272 4089 ››
2310 4038 2405 4093 Ille
2428 4038 2536 4093 hoc
2570 4055 2848 4110 responso
2876 4037 3170 4109 turbatus,
3198 4037 3543 4094 Cluniacum

1887 4146 1950 4184 se
1981 4129 2216 4200 recepit,
2253 4129 2351 4183 ubi
2387 4150 2415 4178 «
2454 4127 2696 4183 feliciter
2724 4126 2869 4182 obiit
2899 4127 3009 4181 sub
3042 4127 3135 4182 die
3166 4127 3374 4183 Iduum
3407 4129 3546 4201 Sep-

1887 4218 2204 4273 tembrium
2232 4235 2244 4271 :
2271 4218 2342 4272 ad
2376 4219 2545 4289 cujus
2577 4216 3017 4290 sepulcrum,ut
3064 4216 3275 4272 referre
3324 4218 3547 4272 audivi-

1889 4324 2042 4372 mus,
2074 4306 2267 4378 inquit
2299 4311 2523 4371 auetor,
2551 4306 2720 4361 multi
2755 4305 2973 4359 infirmi
3004 4310 3207 4376 postea
3235 4304 3547 4360 sanitatem

1888 4400 2304 4468 receperunt.»
2342 4396 2420 4449 De
2452 4394 2723 4449 Heldrico
2755 4394 2965 4448 abbate
3016 4397 3210 4447 aetum
3262 4410 3441 4464 supra
3484 4392 3543 4448 in

1888 4487 2087 4556 cap.7.
2127 4484 2281 4538 Inter
2311 4482 2506 4538 Maioli
2541 4482 2865 4553 discipulos
2896 4481 3071 4536 etiam
3100 4481 3372 4535 censendi
3406 4487 3546 4536 sunt

1886 4573 2124 4644 plurimi
2160 4572 2253 4627 alii
2289 4572 2555 4641 abbates,
2588 4587 2736 4641 quos
2771 4570 2842 4624 ad
2875 4567 3032 4622 varia
3078 4569 3432 4624 monasteria
3462 4586 3545 4624 re-

1889 4662 2194 4717 formanda
2224 4660 2481 4715 instituit
2512 4676 2525 4713 :
2559 4677 2627 4713 ex
2669 4659 2886 4730 quibus
2919 4674 3075 4712 unus
3124 4656 3269 4711 mihi
3314 4657 3547 4713 videtur

1888 4768 2016 4806 esse
2040 4751 2326 4821 Egbertus
2350 4767 2449 4803 sen
2483 4748 2775 4802 Evrardus
2807 4746 2903 4800 ille
2935 4747 3116 4801 abbas
3156 4742 3542 4814 Turonensis,

1888 4857 2061 4912 quem
2121 4857 2188 4893 ex
2246 4839 2523 4893 Gerbcrto
2573 4837 2843 4908 superius
2905 4834 3297 4891 laudavimus.
3348 4837 3547 4908 Neque

1889 4927 2271 5000 praztereuudi
2300 4929 2479 4999 Syrus
2502 4932 2559 4981 et
2580 4926 2934 4980 Aldebaldus
2956 4924 3099 4978 Vitae
3124 4925 3309 4980 sancti
3348 4926 3544 4981 Maioli

1888 5017 2219 5089 scriptorcs,
2262 5034 2448 5087 neque
2477 5016 2756 5070 Vivianns
2790 5014 2901 5069 sub
2938 5032 3003 5069 eo
3032 5015 3379 5086 praepositus
3410 5015 3544 5070 Clu-

1888 5106 2179 5161 niaeensis
2208 5110 2338 5177 post
2388 5105 2871 5172 Hildebrandum,
2904 5104 2995 5158 cui
3049 5103 3298 5159 Maiolus
3353 5105 3547 5176 princi-

1888 5214 2041 5268 pnus
2065 5201 2269 5250 auctor
2303 5194 2411 5249 fuit
2443 5194 2654 5249 saeculo
2679 5193 2955 5247 nuntium
2988 5192 3347 5248 remittendi.
3372 5192 3542 5247 Deni-

1888 5303 2003 5356 que
2036 5285 2187 5339 inter
2219 5284 2439 5356 primos
2464 5282 2867 5338 numerandus
2890 5282 3047 5337 venit
3065 5280 3392 5337 \Villclmus
3416 5282 3546 5337 Pro-

1886 5374 2088 5430 vincia:
2137 5375 2274 5441 dux,
2308 5376 2472 5429 Pater
2514 5374 2717 5444 patria!
2757 5371 3106 5444 appellatus,
3141 5372 3211 5426 de
3260 5388 3374 5443 quo
3422 5370 3542 5425 hare

1887 5463 2053 5518 Odilo
2087 5464 2145 5517 in
2169 5463 2299 5517 Vita
2331 5464 2516 5517 sancti
2550 5460 2764 5516 Maioli.
2803 5482 2829 5508 «
2862 5464 3158 5526 Quantum
3191 5459 3355 5514 illum
3403 5459 3543 5513 \Vil-

1886 5552 2099 5607 lelmus
2146 5558 2335 5607 rector
2389 5551 2699 5606 Provinciae
2758 5549 2957 5616 coluit,
2989 5550 3104 5603 vita
3136 5548 3294 5602 illius
3321 5551 3377 5601 et
3406 5547 3540 5601 finis

1886 5640 2164 5695 ostendit.
2201 5641 2305 5695 Per
2335 5641 2465 5711 ejus
2496 5637 2711 5710 quippe
2745 5636 3020 5691 meritum
3065 5640 3121 5689 et
3171 5633 3338 5687 fidele
3368 5633 3534 5685 obse-

1886 5726 2116 5802 quium,
2132 5726 2286 5783 hcati
2310 5724 2607 5783 Benedicti
2637 5723 2932 5799 percipere
2955 5720 3168 5779 meruit
3195 5718 3480 5797 habitum.
3499 5736 3528 5767 ››
