3906 6362
352 405 477 473 143

1488 401 1552 460 S.
1604 397 1878 459 MAIOLI
1922 392 2255 461 ABBATIS
2300 398 2662 459 CLUNIAC.

3685 403 3796 463 7M

353 539 559 597 Nescio
592 555 664 593 an
690 536 747 593 id
779 535 1091 608 contigerit
1112 534 1169 589 in
1193 538 1450 588 extremo
1474 530 1574 586 illo
1601 530 2011 602 morbo,quem
2040 528 2099 596 Α
2128 528 2318 586 lorum
2350 530 2536 598 libris,
2572 549 2721 603 quos
2752 531 2986 588 exhibet
3019 549 3153 589 cum
3187 532 3557 590 Henschenio
3580 531 3797 589 Biblioo

353 628 536 700 Syrus
588 627 1012 680 commemorat
1063 622 1121 676 in
1172 620 1275 675 lib.
1311 637 1395 675 ιιι.
1430 620 1596 674 Hunc
1658 617 2018 676 Willelmum

2130 618 2309 674 thecae
2342 619 2747 677 Cluniacensis
2777 622 3091 694 appendix.
3122 622 3189 679 In
3222 622 3353 678 istis
3384 621 3557 679 libris
3581 639 3799 677 memo-

352 713 613 771 Cluniaci
646 713 944 785 sepultum
976 710 1157 767 fuisse
1190 728 1304 765 non
1338 708 1483 765 satis
1514 712 1711 781 aperte
1745 707 2021 779 exprimit
2128 713 2337 764 rantur
2366 709 2701 764 curationes
2736 710 2894 765 facta:
2928 710 3449 780 dasmoniacorum,
3481 728 3798 782 caecorum,

353 803 555 858 charta
587 799 925 873 Leodegarii
956 798 1361 854 Cluniacensis
1393 795 1766 865 monachi,in
1790 814 1908 868 qua
1935 796 2018 851 le-

352 890 703 963 gitur,hunc
734 889 938 945 cellam
974 893 1030 943 et
1069 887 1376 943 ecclesiam
1409 886 1467 941 in
1502 886 1780 941 honorem
1828 884 2017 940 sancti

355 980 677 1036 Marcellini
710 997 873 1051 papae
902 983 957 1033 et
981 978 1255 1051 martyris
1277 982 1453 1049 atque
1477 975 1666 1032 sancti
1687 974 2012 1041 Saturnini,

354 1087 532 1142 quam
548 1067 966 1141 Regimbaldus
988 1066 1345 1123 Arelatensis
1363 1065 1839 1138 archiepiscopus
1860 1063 2018 1118 dedi-

354 1158 592 1225 caverit,
606 1157 1004 1213 conslruxisse
1029 1157 1084 1211 in
1108 1156 1245 1211 villa
1268 1155 1580 1221 Sarrianis,
1610 1177 1635 1203 α
1661 1170 1837 1226 quam
1872 1152 2012 1210 Wil-

354 1247 568 1303 lelmus
598 1247 896 1319 quondam
929 1247 1047 1300 dux
1085 1244 1598 1314 Provinciampater
1635 1242 1855 1316 patriae,
1877 1259 2013 1296 san-

353 1341 584 1393 ctorum
616 1336 1014 1407 apostolorum
1053 1334 1202 1389 Petri
1223 1337 1279 1388 et
1300 1332 1461 1388 Pauli
1494 1332 1848 1388 monasterio
1881 1331 2014 1388 Clu-

354 1425 567 1495 niensi,
602 1429 658 1481 et
688 1424 814 1481 loco
844 1423 902 1479 in
935 1441 1049 1496 quo
1088 1440 1150 1479 se
1199 1421 1433 1494 sepeliri
1485 1423 1724 1495 rogavit,
1758 1426 1816 1477 et
1846 1421 2014 1477 beato

356 1511 567 1569 Maiolo
598 1512 791 1568 adhuc
823 1512 881 1565 in
913 1527 1088 1567 carne
1116 1510 1326 1566 viventi
1362 1514 1419 1566 et
1462 1511 1659 1565 vivens
1706 1508 2012 1582 delegavit,

354 1605 411 1657 et
441 1600 700 1656 moriens
744 1600 1016 1655 donando
1065 1597 1353 1655 attribuit.
1392 1621 1418 1649 ››
1454 1599 1614 1664 Quod
1664 1602 2013 1671 argumento

354 1694 466 1758 est,
498 1706 633 1746 eum
665 1688 722 1744 in
757 1687 1034 1743 extremis
1066 1687 1335 1743 habitum
1358 1686 1690 1759 suscepisse
1718 1704 1821 1758 pro
1854 1702 2014 1743 more

352 1777 587 1833 illorum
620 1781 977 1849 temporum.

421 1866 513 1968 5?.
549 1865 716 1968 Odin
747 1864 858 1968 sub
880 1865 1057 1968 finem
1080 1864 1264 1968 libelli
1284 1866 1355 1968 d‘e
1378 1864 2015 1968 Ma‘ioligestis‘multos
2044 1903 2095 1968 Β

352 1955 554 2011 laudat
588 1953 904 2010 catholicos
937 1958 995 2009 et
1026 1953 1400 2010 honorabiles
1431 1954 1694 2022 clericos,
1712 1954 2015 2027 religiosos

352 2044 674 2100 monachos
705 2047 762 2099 et
792 2043 1136 2099 reverendos
1176 2043 1437 2111 abbates,
1474 2044 1576 2115 qui
1628 2043 1794 2099 illum
1843 2060 2013 2098 vene-

354 2134 667 2202 rebantur;
700 2137 935 2188 sanctos
989 2136 1047 2187 et
1105 2132 1421 2204 sapientes,
1454 2133 1555 2204 qui
1607 2156 1636 2184 α
1685 2132 2018 2188 tractabant

351 2222 521 2277 illum
569 2226 634 2278 ut
682 2221 1125 2277 sanctissimum
1172 2221 1451 2289 fratrem;
1488 2244 1515 2272 ››
1550 2222 1931 2294 imperatores
1958 2227 2017 2278 et

353 2310 775 2383 impcratrices,
809 2326 976 2384 reges
1023 2314 1081 2368 et
1124 2310 1330 2367 mundi
1376 2310 1691 2383 principes,
1726 2329 1759 2367 a
1798 2312 2015 2383 quibus

357 2422 385 2451 ‹‹
413 2399 608 2456 senior
656 2398 1063 2473 appellabatur
1092 2400 1404 2469 dominus;
1439 2423 1466 2450 ι»
1501 2399 1807 2473 pontifices
1844 2418 2013 2472 apos-

353 2488 540 2545 tolicaa
590 2489 770 2558 sedis,
805 2506 839 2544 a
885 2488 1104 2562 quibus
1140 2508 1164 2537 ι
1198 2489 1602 2544 honorabatur
1633 2493 1698 2543 ut
1745 2488 2017 2561 princeps

354 2577 655 2649 religionis
687 2577 1048 2634 monasticze.
1083 2601 1110 2629 ››
1144 2579 1296 2634 Tum
1346 2578 1549 2636 subdit
1581 2596 1595 2634 :
1633 2601 1661 2629 «
1696 2578 1796 2636 Ille
1847 2579 2019 2635 divus

352 2667 547 2723 Caesar
574 2673 633 2723 et
661 2667 955 2723 maximus
986 2668 1118 2723 Otto
1141 2685 1277 2723 eum
1300 2666 1580 2740 diligebat
1602 2673 1833 2740 pectore
1855 2674 1974 2729 toto
1999 2685 2014 2723 :

352 2760 411 2810 et
441 2756 723 2827 diligebat
749 2773 885 2812 eum
914 2757 1180 2829 ejusdem
1212 2756 1456 2813 Cmsaris
1473 2758 1686 2829 conjux
1706 2758 1841 2813 diva
1859 2758 2017 2813 Ada-

354 2844 508 2901 leida
551 2845 891 2919 imperatrix
946 2849 1231 2920 Augusta,
1272 2846 1554 2905 charitate
1615 2846 2019 2903 sincerissima

352 2940 410 2991 et
440 2936 745 2992 devotione
772 2935 1142 2992 charissima.
1166 2936 1454 3010 Diligebat
1473 2954 1608 2992 eum
1631 2956 1833 2993 eorum
1860 2937 2019 2993 {ilius

353 3024 564 3080 humili
611 3025 913 3081 devotione
972 3026 1291 3099 imperator
1338 3026 1504 3094 Otto;
1537 3027 1750 3082 affectu
1799 3032 1855 3083 et
1900 3044 2017 3083 non

352 3111 630 3167 dissimili
677 3120 807 3168 voto
855 3114 1179 3181 Conradus,
1230 3115 1578 3187 supradicta:
1629 3115 2019 3188 imperatricis

354 3201 532 3257 frater
562 3200 777 3256 nobilis
808 3206 866 3257 et
896 3202 1200 3274 pacificus,
1232 3204 1478 3276 ejusque
1514 3204 1818 3260 Mathildis
1849 3206 2014 3260 nobi-

2127 802 2585 865 contractorum,
2639 803 2963 867 mutorum,
3018 816 3391 868 mancorum,
3442 800 3795 867 amentium,

2126 891 2184 940 et
2208 904 2371 941 sacro
2405 887 2537 960 igne
2567 888 2933 942 atl’ectorum.
2968 889 3094 944 Duo
3138 893 3371 944 tantum
3417 888 3535 943 huc
3589 889 3799 955 refero,

2122 992 2374 1047 quorum
2409 975 2664 1048 primum
2698 977 2956 1031 continet
2988 978 3342 1033 ercctionem
3384 976 3592 1032 altaris
3616 978 3689 1031 ad
3715 994 3800 1031 ca-

2126 1070 2231 1135 put
2264 1066 2446 1118 sancti
2475 1064 2805 1138 Maioli,qui
2831 1067 3059 1137 primus
3080 1066 3298 1139 gradus
3324 1066 3435 1121 fuit
3465 1067 3534 1120 ad
3551 1067 3685 1136 ejus
3707 1084 3797 1120 ca-

2123 1153 2552 1209 nonizationen'i
2582 1172 2594 1208 ε
2624 1179 2649 1204 «
2667 1155 2982 1226 Postquam
3006 1156 3183 1227 igitur
3200 1155 3388 1227 primo
3422 1156 3577 1210 beati
3602 1155 3795 1209 Maioli

2124 1260 2339 1314 corpus
2371 1260 2503 1297 cum
2555 1244 2809 1298 maxime
2862 1244 3104 1299 honoris
3149 1248 3207 1298 et
3255 1243 3591 1299 reverentia)
3630 1243 3795 1297 cultu

2124 1335 2214 1386 est
2243 1330 2563 1404 sepultum,
2587 1336 2644 1386 et
2676 1333 2745 1387 ad
2777 1332 3223 1389 sanctissimum
3256 1334 3385 1404 ejus
3417 1335 3596 1405 caput
3612 1332 3796 1387 altare

2125 1421 2424 1492 quoddam
2454 1426 2545 1476 est
2594 1424 3022 1491 constructum,
3051 1422 3259 1478 fratres
3304 1422 3421 1478 Deo
3472 1420 3621 1476 inibi
3672 1438 3794 1477 ser-

2122 1510 2348 1565 vientes
2380 1526 2695 1565 commune
2726 1526 2792 1565 ac
2823 1509 3059 1565 salubre
3093 1509 3205 1566 tale
3231 1510 3579 1566 invenerunt
3601 1510 3795 1565 consi-

2125 1597 2391 1654 lium.Ad
2414 1598 2755 1671 episcopum
2779 1614 3055 1672 namque,
3073 1598 3131 1654 in
3156 1599 3326 1671 cujus
3349 1597 3585 1655 dimcesi
3603 1598 3795 1654 isdem

2125 1690 2249 1743 erat
2273 1686 2459 1755 locus,
2476 1687 2914 1753 transmittunt,
2934 1692 2997 1744 nt
3026 1687 3208 1744 altare
3231 1687 3376 1744 illud
3400 1692 3794 1744 consecraret.

2125 1774 2287 1832 Unde
2308 1776 2545 1831 veniens
2567 1776 2823 1832 domnus
2847 1778 3037 1850 Beggo
3067 1776 3449 1833 Arvernensis
3471 1778 3631 1833 sedis
3672 1779 3797 1850 epi-

2124 1881 2358 1936 scopus,
2391 1864 2571 1920 altare
2602 1864 2747 1920 illud
2779 1882 2912 1921 cum
2966 1883 3181 1939 magna
3228 1867 3591 1923 consecravit
3634 1883 3796 1923 reve-

2125 1954 2331 2009 rentia.
2359 1978 2379 2002 ι
2408 1955 2598 2028 Beggo
2620 1954 2729 2011 iste
2757 1955 3029 2011 Arvernis
3049 1962 3292 2029 praeerat
3323 1961 3603 2030 regnante
3633 1958 3796 2028 apud

2125 2043 2376 2099 Francos
2408 2043 2668 2116 llugone.
2697 2044 2911 2099 Subdit
2933 2049 3136 2101 auctor
3150 2046 3435 2101 contracti
3458 2051 3516 2101 et
3536 2046 3796 2101 duorum

2126 2132 2450 2188 amentium
2484 2134 2891 2203 sanationem;
2927 2134 3208 2207 postridie
3238 2152 3382 2207 puer
3431 2133 3674 2208 quidam
3719 2136 3796 2190 de

2125 2221 2415 2278 Cavannis
2445 2221 2750 2292 (Chevines)
2781 2221 2917 2279 villa
2966 2223 3098 2297 pagi
3150 2223 3618 2294 Matisconcnsis,
3668 2241 3796 2280 ma-

2126 2328 2269 2369 num
2303 2310 2527 2366 habens
2560 2310 2809 2380 aridam,
2842 2314 3153 2369 restitutus
3183 2317 3292 2369 est.

2195 2401 2287 2456 61.
2316 2423 2344 2450 ‹‹
2377 2400 2683 2465 Quoddam
2714 2400 2891 2457 etiam
2914 2400 3267 2458 miraculum
3286 2401 3695 2475 adjungimus,
3717 2400 3795 2457 de

2126 2506 2242 2561 quo
2276 2506 2390 2545 non
2420 2487 2615 2544 solum
2646 2487 2949 2563 vulgarem
2979 2489 3266 2563 populum
3296 2495 3509 2547 testem
3550 2491 3791 2546 deduci-

2128 2594 2282 2646 mus,
2318 2577 2421 2632 sed
2464 2576 2641 2633 etiam
2675 2577 2871 2650 ipsum
2905 2595 3101 2651 regem
3136 2578 3463 2653 llugonem,
3484 2578 3796 2635 comitem-

2126 2683 2241 2740 que
2281 2665 2914 2736 Burchardum,ﬁlium
2950 2668 3081 2739 ejus
3112 2668 3399 2725 domuum
3437 2658 3795 2724 ltainaldum

2127 2755 2515 2817 Parisiensem
2566 2754 2929 2829 episcopum.
2966 2756 3070 2812 Hic
3118 2756 3303 2830 igitur
3347 2774 3449 2813 rex
3495 2757 3569 2813 ad
3599 2757 3794 2813 sancti

2127 2844 2324 2901 Maioli
2373 2846 2761 2918 expetendum
2812 2844 3097 2901 auxilium
3130 2845 3389 2916 veniens,
3415 2864 3594 2921 super
3634 2846 3793 2901 infir-

2128 2933 2352 2990 mitatis
2383 2951 2502 2989 sum
2552 2933 2981 3007 gravitudinem
3026 2935 3288 2991 invenire
3327 2934 3657 3009 promeruit
3685 2933 3793 2990 ali-

2127 3022 2476 3095 quantulam
2510 3022 3011 3097 levigabilitatem.
3045 3023 3152 3089 Qui
3207 3041 3321 3079 uno
3370 3022 3601 3078 dierum
3659 3029 3789 3096 post

2127 3116 2360 3185 peracta
2412 3113 2744 3168 orationum
2804 3112 3093 3169 solemnia
3150 3113 3222 3169 ab
3261 3112 3508 3168 ecclesia
3558 3129 3791 3185 progre-

2126 3202 2315 3270 diens,
2330 3203 2649 3275 quemdam
2682 3219 2900 3258 caecum
2922 3202 2981 3257 in
3003 3203 3208 3259 eodem
3232 3201 3356 3258 loco
3380 3200 3784 3257 illuminatum

356 3287 585 3344 lissima
614 3291 847 3362 conjux,
871 3295 1091 3363 quanto
1120 3292 1485 3364 frequentius
1510 3294 1714 3349 faciem
1740 3296 1869 3366 ejus
1891 3311 2012 3350 cer-
2046 3276 2090 3342 (ἶ
2129 3291 2370 3363 audivit,
2394 3308 2570 3364 quem
2601 3291 2673 3348 ad
2706 3308 2768 3347 se
2797 3292 3009 3347 adduci
3032 3292 3224 3362 jubet,
3252 3295 3318 3348 ut
3347 3290 3420 3346 ab
3452 3307 3519 3346 eo
3565 3291 3784 3347 verita-

355 3377 784 3445 nebant,tanto
833 3378 1090 3451 amplius
1138 3380 1198 3435 in
1248 3381 1378 3451 ejus
1426 3399 1624 3437 amore
1655 3384 2012 3439 crescebant.

354 3466 502 3533 Quid
523 3467 716 3522 dicam
739 3468 811 3523 de
834 3468 1203 3524 nobilissimo
1222 3468 1344 3525 viro
1368 3470 1612 3526 llenrico
1653 3472 2017 3545 Burgundio-

354 3572 498 3610 num
528 3556 715 3612 duce?
745 3557 885 3629 quid
915 3558 987 3612 de
1023 3559 1332 3614 Lamberto
1374 3558 1777 3616 illustrissimo
1808 3561 1928 3617 viro
1959 3566 2017 3617 et

353 3644 721 3702 nobilissimo
752 3647 1004 3703 comite?
1035 3647 1176 3721 quid
1211 3650 1281 3704 de
1311 3648 1787 3723 Willelmo,quid
1822 3652 1893 3707 de
1917 3652 2013 3707 Ri-

351 3732 570 3791 chardo
598 3734 1028 3806 Aquitanorum
1066 3741 1123 3793 et
1153 3738 1623 3795 Normannorum
1676 3739 2015 3795 fortissimis

353 3822 647 3880 ducibus?
677 3824 819 3899 quid
854 3825 925 3880 de
959 3825 1175 3881 Italicis
1202 3826 1566 3900 principibus
1588 3833 1644 3883 et
1667 3828 2016 3885 marchioni-

353 3909 503 3968 bus?
533 3914 829 3979 Quantum
880 3912 1048 3969 illum
1100 3914 1428 3973 Willelmus
1478 3923 1668 3973 rector
1701 3918 2014 3975 Provinciai

353 4000 555 4069 coluit,
579 4001 698 4057 vita
727 4000 888 4058 illius
916 4007 973 4057 et
1004 4002 1138 4059 finis
1171 4006 1447 4061 ostendit.
1482 4006 1589 4062 Per
1623 4009 1752 4080 ejus
1796 4008 2014 4081 quippe

354 4090 631 4147 meritum
662 4094 719 4146 et
750 4089 919 4147 fidele
940 4092 1290 4164 obsequium
1313 4094 1375 4150 Β.
1401 4095 1695 4153 Benedicti
1718 4097 2014 4169 percipere

354 4176 568 4235 meruit
584 4177 874 4234 habitum.
894 4179 1337 4240 Archenbaldus
1359 4183 1557 4253 etiam,
1574 4183 2016 4243 Silviniacensis

353 4266 463 4323 loci
496 4266 760 4341 provisor
782 4266 1187 4338 ﬁdelissimus,
1206 4269 1359 4328 inter
1389 4289 1529 4328 suos
1550 4272 1938 4345 clarissimus,
1959 4279 2018 4332 et

354 4356 677 4429 adjacentis
707 4356 907 4430 patriis
943 4363 1127 4430 pater,
1145 4364 1201 4417 et
1230 4378 1556 4435 pauperum
1590 4366 1749 4420 tutor
1770 4364 2016 4421 fortissi-

354 4462 512 4514 mus,
542 4450 833 4518 quantum
865 4453 922 4505 et
953 4449 1209 4521 qualiter
1238 4451 1461 4507 exstitit
1492 4452 1554 4507 Β.
1588 4452 1796 4509 Maiolo
1836 4454 2014 4510 devo-

354 4538 470 4604 tus,
506 4536 880 4608 supradictus
912 4538 1259 4597 multimode
1291 4542 1568 4613 praedicat
1615 4541 1799 4614 locus,
1835 4544 1908 4599 ab
1947 4561 2014 4601 eo

2125 3384 2244 3435 tem
2277 3380 2573 3435 retineret.
2592 3381 2743 3436 Dum
2766 3398 3023 3453 namque
3051 3381 3109 3434 in
3136 3396 3452 3455 pauperem
3474 3378 3656 3436 talem
3682 3380 3790 3434 vir-

2126 3474 2314 3526 tutem
2360 3469 2577 3524 factam
2609 3486 2738 3525 esse
2780 3487 2884 3542 pro
2921 3475 3079 3525 certo
3102 3468 3523 3542 cognovit,prze
3549 3467 3790 3542 gaudio,

2125 3559 2279 3616 sicut
2306 3558 2393 3614 vir
2422 3576 2648 3633 magna:
2698 3559 3049 3626 dulcedinis,
3081 3576 3216 3615 cum
3265 3558 3626 3632 supradictis
3656 3575 3790 3631 per-

2125 3649 2287 3704 sonis
2319 3649 2578 3722 prolluos
2610 3648 3003 3721 lacrymarum
3048 3647 3268 3704 rivulos
3316 3646 3524 3703 elfudit
3547 3663 3561 3701 :
3587 3647 3791 3718 sicque

2124 3755 2259 3795 cum
2287 3738 2475 3794 multa
2495 3738 2669 3793 turba
2687 3738 3040 3811 populorum
3064 3736 3407 3793 collaudans
3430 3736 3641 3805 Deum,
3662 3752 3790 3791 san-

2125 3832 2404 3900 ctumque
2430 3844 2710 3885 venerans
2734 3828 3098 3899 Maiolum,et
3117 3844 3304 3883 cmcus
3325 3825 3701 3882 illuminatus
3717 3825 3785 3882 ad

2124 3916 2361 3989 propria
2390 3916 2558 3985 redit,
2573 3920 2629 3972 et
2661 3933 2758 3973 rex
2789 3917 3142 3990 magniﬁcus
3164 3914 3351 3972 laztior
3380 3915 3440 3971 in
3482 3916 3785 3972 Franciam

2121 4005 2276 4062 viam
2310 4006 2657 4078 assumpsit.
2683 4028 2711 4057 ››

2192 4095 2282 4149 62.
2308 4094 2635 4166 Subjicitur
2665 4095 3017 4152 miraculum
3050 4096 3120 4151 de
3151 4092 3264 4151 alio
3296 4110 3444 4151 casco
3475 4094 3575 4165 qui
3613 4097 3788 4149 natus

2122 4188 2246 4240 erat
2267 4182 2327 4240 in
2355 4205 2382 4234 ‹‹
2402 4183 2808 4257 Enguilinensi
2831 4184 2996 4255 silva,
3013 4206 3041 4237 »
3066 4183 3168 4241 ubi
3188 4207 3215 4233 «
3240 4187 3329 4238 est
3350 4181 3536 4238 sancti
3558 4182 3788 4237 Arnulti

2124 4271 2401 4341 ecclesia;
2436 4295 2465 4324 ››
2500 4274 2656 4345 quod
2698 4272 3150 4347 intelligendum
3197 4272 3267 4329 de
3315 4269 3567 4327 ecclesia
3600 4272 3789 4328 sancti

2122 4361 2348 4418 Arnulfi
2396 4361 2456 4419 in
2485 4362 2632 4419 silva
2669 4363 2946 4435 Aquilina
2976 4364 3155 4437 (Fore!
3180 4360 3481 4433 d’lvelinc),
3519 4360 3791 4416 dimcesis

2126 4450 2494 4507 Parisiensis.
2530 4452 2926 4525 Subsequitur
2955 4450 3179 4507 curatio
3210 4449 3434 4505 Viviani
3477 4450 3602 4523 (qui
3637 4466 3790 4505 unus

2123 4545 2249 4597 erat
2280 4562 2308 4593 ι(
2338 4558 2371 4597 e
2402 4541 2685 4597 fratribus
2707 4540 3111 4597 Cluniacensis
3133 4539 3503 4608 monasterii;
3530 4562 3556 4588 »ι
3593 4540 3789 4594 nescio

354 4628 412 4719 et
433 4628 1131 4719 ante-etposttransitum
1157 4646 1388 4702 semper
1409 4630 1637 4687 dicendi
1662 4631 1847 4705 patris
1877 4633 2013 4688 aedi-
2046 4655 2095 4719 ο
2127 4648 2200 4686 an
2231 4631 2579 4702 praepositus
2600 4648 2779 4703 supra
2799 4629 3122 4702 laudatus),
3150 4627 3450 4719 articulari
3486 4628 3692 4684 morbo
3715 4628 3792 4719 la-

358 4712 506 4767 fieiis
537 4717 593 4768 et
622 4714 863 4783 divitiis,
897 4721 952 4771 et
979 4718 1340 4775 diversorum
1373 4726 1852 4777 ornamentorum
1885 4740 2014 4795 spe-

358 4799 557 4854 ciebus
590 4808 830 4858 ornatus
860 4810 918 4859 et
955 4806 1298 4863 nobilitatus
1324 4824 1335 4863 :
1362 4809 1442 4863 ita
1466 4814 1529 4864 ut
1551 4810 1797 4880 deceret,
1823 4810 1871 4865 si
1906 4811 2017 4868 tale

359 4888 498 4958 quid
535 4889 764 4945 fecisset
793 4892 1004 4964 aliquis
1027 4912 1093 4949 ex
1117 4896 1372 4968 regibus.
1400 4898 1516 4953 Iste
1546 4917 1677 4956 vero
1721 4900 1819 4972 qui
1863 4918 2018 4957 nunc

361 4982 651 5046 superest,
684 4978 923 5034 honoris
953 4983 1081 5053 ejus
1119 4985 1303 5038 han-es
1340 4990 1399 5040 et
1430 4989 1706 5059 nominis,
1732 4990 1879 5045 bene
1910 4995 2022 5045 tra-

362 5067 480 5117 ctat
500 5063 690 5119 locum
718 5066 903 5136 illum,
924 5070 1151 5126 nullum
1171 5072 1348 5127 etiam
1374 5073 1551 5130 infert
1589 5076 2019 5135 habitatoribus

364 5151 671 5207 damnum.
708 5175 736 5202 »ι

434 5241 523 5296 60.
562 5241 763 5298 Restat
796 5249 858 5299 ut
888 5261 1074 5317 pauca
1105 5247 1368 5305 dicamus
1402 5253 1473 5308 de
1504 5254 1734 5313 duobus
1767 5257 2018 5315 Miracu-

2127 4720 2411 4789 borantis,
2447 4724 2503 4774 et
2524 4720 2698 4793 paulo
2730 4725 2863 4793 post
2886 4717 3164 4774 Bernardi
3197 4716 3392 4773 clerici
3416 4717 3789 4772 Carnotensis

2126 4810 2524 4865 contractione
2573 4808 2915 4865 laborantis.
2942 4809 3071 4863 Haec
3120 4806 3266 4863 satis
3315 4807 3388 4862 de
3437 4805 3786 4861 miraculis:

2131 4900 2339 4972 Syrum
2374 4900 2707 4969 audiamus,
2736 4900 2907 4971 cujus
2954 4897 3283 4953 lucubratio
3339 4897 3394 4950 in
3449 4914 3560 4951 ms.
3593 4896 3790 4950 codice

2129 4988 2448 5061 collegiate:
2500 4989 2685 5044 sancti
2734 4987 3022 5043 Martialis
3081 4986 3629 5055 Lemovicensis,ex
3678 5001 3789 5057 quo

2131 5094 2260 5133 eam
2320 5077 2472 5134 eruit
2533 5084 2732 5133 noster
2783 5078 2989 5133 Petrus
3040 5076 3293 5142 Trelius,
3352 5075 3501 5131 hanc
3559 5074 3791 5148 prrefert

2130 5167 2599 5240 inscriptionem.
