3906 6358
104 403 224 460 ’145

1544 407 1743 465 νιΤΑ.
1782 439 1858 448 -
1888 409 2031 466 LIB.
2083 409 2129 467 Ι.

3420 411 3535 469 ’146

105 619 3538 645 ——————————————_—_—_—.—-———_—_——_

854 757 1270 892 VITA
1381 755 2019 894 SANCTI
2139 761 2789 899 MAIOLI

1272 1005 1315 1063 Α
1338 1004 1394 1065 (ἶ
1398 1004 1445 1065 C
1456 1004 1507 1064 Τ
1508 1004 1609 1066 0R
1618 1004 1677 1064 Ε
1722 1005 1771 1065 S
1786 1005 1941 1066 Yli’O
1983 1004 2218 1067 ΜΟΝΛ
2230 1005 2399 1067 C110

592 1296 943 1351 EPISTULA
983 1297 1214 1353 DUMNI
1255 1298 1419 1353 SYItl
1460 1300 1552 1353 AD
1595 1299 1909 1354 DOMNUM
1953 1300 2326 1355 ODILONEM
2367 1301 2706 1355 ABBATEM
2748 1302 3060 1356 lllItEC'I‘A

178 1474 486 1547 Spirituali
554 1475 706 1529 Patri
766 1477 982 1530 domno
1034 1476 1273 1531 001mm
1327 1477 1543 1539 abbati,
1576 1480 1767 1533 Svaus
1798 1481 1852 1546 Α
1883 1496 1997 1533 non
2022 1479 2273 1533 audebat
2296 1496 2421 1550 qua:
2447 1478 2662 1549 ingenii
2688 1480 2968 1552 parvitate
2999 1495 3410 1534 consummare
3433 1478 3538 1533 dif-

113 1562 537 1618 monachorum
574 1564 1135 1637 intimus,quidquid
1173 1567 1229 1619 in
1263 1565 1489 1619 Christo
1523 1567 1769 1622 felicius.

179 1653 342 1724 Saepe
401 1650 551 1707 mihi
612 1652 990 1724 multumque
1047 1656 1347 1709 cunctanti
1391 1655 1542 1709 beati
1577 1655 1769 1709 Maioli

111 1740 472 1796 venerabiles
533 1744 698 1797 actus
756 1742 887 1813 styli
953 1744 1223 1814 prosequi
1284 1744 1497 1807 officio,
1534 1759 1665 1797 cum
1700 1744 1768 1797 ad

113 1830 166 1883 id
206 1828 401 1902 operis
464 1834 679 1884 sancta!
736 1832 1149 1885 l‘CCtll‘dﬂtiOlllS
1204 1832 1492 1886 Warnerii
1553 1832 1769 1905 impor-

113 1924 250 1973 tuna
278 1923 626 1990 perurgeret
666 1917 889 1989 petitio,
923 1918 1109 1973 multa
1140 1938 1199 1974 se
1231 1922 1609 1990 objiciebant,
1644 1938 1769 1992 quze

115 2023 178 2060 ne
209 2007 264 2061 id
296 2023 551 2061 conarer
609 2023 722 2062 non
784 2009 1013 2061 modica
1076 2025 1167 2062 me.
1229 2009 1536 2063 formidine
1581 2011 1767 2064 deter-

112 2097 331 2152 rebant.
365 2095 475 2149 Vir
533 2096 751 2167 quippe
808 2096 903 2150 ille
964 2098 1058 2167 qui
1123 2098 1406 2163 divulgari
1444 2099 1770 2170 petebatur,

116 2184 192 2237 sic
220 2184 460 2240 virtutis
494 2184 846 2238 sectantium
891 2186 1113 2240 exstitit
1154 2186 1430 2253 imitator,
1467 2192 1529 2241 ut
1569 2203 1769 2241 eorum

117 2273 372 2327 omnium
426 2273 763 2327 indefessus
815 2279 969 2328 esset
1010 2279 1297 2345 operator.
1335 2276 1495 2330 Unde
1528 2277 1577 2330 ei
1607 2282 1772 2345 gesta

117 2362 368 2433 digerere
399 2362 629 2433 absque
688 2368 1032 2416 cunctarum
1093 2363 1376 2419 virtutum
1436 2365 1771 2435 conjectura

118 2451 449 2522 quempiam
508 2455 598 2505 est
656 2450 1040 2522 impossibile.
1075 2451 1249 2507 Recte
1296 2469 1429 2508 vero
1470 2453 1770 2525 disputare

122 2556 227 2594 non
284 2538 563 2611 presvalet
614 2538 687 2595 de
743 2538 1080 2605 virtutibus,
1117 2540 1386 2612 quisquis
1447 2540 1538 2595 his
1598 2541 1772 2595 fuerit

120 2645 326 2684 vacuus
351 2646 365 2696 ;
390 2626 681 2700 quoniam
740 2644 908 2683 mens
957 2628 1050 2683 cui
1084 2633 1241 2683 caret
1270 2628 1679 2700 intelligentia,
1711 2630 1769 2684 id

122 2716 331 2772 discere
392 2715 603 2787 nequit
660 2716 924 2772 scientia.
958 2717 1086 2771 Haec
1120 2716 1335 2772 idcirco
1361 2717 1597 2788 aggredi
1626 2734 1768 2772 cun-

1885 1567 2769 1639 fidebat.'l‘emcritatisinsuper
2786 1586 2899 1630 non
2927 1567 3221 1622 immerito
3255 1567 3417 1639 argui
3452 1584 3539 1621 ve-

1884 1656 2070 1721 rebar,
2106 1656 2153 1710 si
2187 1657 2466 1712 audacter
2498 1673 2934 1729 praisumerem,
2968 1674 3095 1728 qua:
3130 1674 3221 1711 me
3254 1656 3540 1727 perspica-

1882 1744 2139 1799 cioribus
2171 1745 2255 1798 vel
2288 1744 2781 1814 ingeniosioribus
2820 1745 3242 1799 committenda
3272 1746 3389 1799 fere
3420 1762 3534 1798 non
3599 1762 3609 1773 ·

1882 1833 2244 1903 ignorabam.
2280 1834 2390 1888 Sed
2454 1833 2573 1888 limo
2607 1833 2750 1887 mihi
2785 1834 2854 1887 de
2887 1850 2978 1887 me
3008 1834 3241 1903 cognita
3274 1833 3533 1903 pra'fatio

1882 1922 2203 1993 quamlibet
2253 1939 2383 1975 vero
2415 1922 2628 1993 smpius
2654 1938 2753 1991 pro
2786 1921 3155 1975 excusatione
3189 1921 3333 1974 foret
3362 1937 3535 1991 oppo-

1882 2011 2012 2074 sita,
2044 2010 2325 2065 ille........
2362 2010 2481 2065 Sub
2514 2011 2715 2063 eodem
2750 2008 3029 2081 temporis
3059 2008 3304 2063 articulo
3337 2026 3429 2065 me
3458 2010 3529 2064 ad

1884 2099 2421 2171 ltaliam,illumquo
2446 2100 2607 2153 vobis
2641 2098 2889 2171 dirigere
2922 2098 3243 2171 placuisset
3275 2099 3345 2152 ad
3377 2098 3533 2152 Alsa-

1881 2188 2044 2255 tiam,
2080 2206 2226 2260 opus
2260 2190 2413 2260 quod
2449 2188 2845 2259 relinquebam
2872 2187 3300 2258 imperfectum,
3335 2202 3532 2240 secum

1882 2276 2004 2347 ipse
2020 2276 2229 2331 detulit
2252 2295 2353 2349 per
2372 2276 2619 2331 schedas
2642 2274 3139 2346 dispersum.Post
3153 2274 3533 2345 ejusdemque

1880 2363 2316 2437 lacrymahilem
2359 2364 2694 2431 transitum,
2727 2380 2860 2418 cum
2892 2370 3093 2418 vestrae
3126 2362 3443 2435 praesentia:
3475 2360 3534 2415 in

1882 2452 2245 2508 Morbacensi
2296 2454 2558 2509 cmnobio
2619 2452 2825 2510 fuisset
2879 2451 3167 2520 oblatum,
3201 2451 3534 2523 injunctum

1880 2541 2026 2595 mihi
2061 2547 2247 2597 estex
2286 2548 2478 2597 vestra
2535 2541 2843 2609 sententia,
2879 2557 2995 2613 quo
3050 2540 3347 2596 studerem
3407 2555 3533 2611 quae

1879 2630 2121 2684 deerant
2151 2631 2383 2697 addere,
2418 2635 2475 2684 et
2505 2630 2857 2701 scriptorum
2916 2628 3055 2683 vitio
3112 2628 3431 2699 depravata
3460 2627 3533 2682 ad

1879 2722 2096 2772 statum
2114 2719 2427 2789 pristinum
2443 2717 2748 2789 relegendo
2767 2717 3235 2789 corrigere,quod
3250 2715 3531 2771 inchoans

124 2806 327 2872 ctabar,
359 2805 585 2878 quibus
617 2822 708 2859 me
741 2804 902 2860 nulla
950 2804 1164 2861 virtute
1211 2806 1517 2877 dignabar.
1552 2807 1768 2862 Rerum
1800 2845 1847 2909 Β
1878 2810 1941 2859 ut
1974 2805 2131 2876 potui
2166 2823 2269 2877 pro
2315 2811 2509 2860 vestra
2556 2805 2825 2876 jussione
2882 2806 3159 2876 perficere
3217 2802 3441 2869 studui,
3475 2807 3531 2857 et

123 2894 357 2967 denique
372 2894 733 2967 magnitudo
754 2894 1034 2965 laborque
1055 2895 1313 2949 difﬁcilis
1328 2913 1419 2950 me
1435 2912 1638 2949 rursus
1654 2912 1772 2949 mo-

122 2982 295 3051 vehat,
329 2983 491 3055 quod
516 2981 873 3053 multiplices
897 2982 1316 3038 miraculorum
1354 2989 1635 3055 actusque
1657 2985 1769 3039 vir-

126 3074 303 3126 tutum
333 3073 481 3126 dum
511 3087 680 3125 mens
701 3071 1227 3143 contemplabatur,
1262 3089 1552 3145 suamque
1578 3073 1769 3128 scien-

127 3159 250 3214 tiam
282 3161 682 3225 scrutabatur,
698 3159 959 3215 veritatis
980 3162 1183 3215 territa
1206 3162 1494 3216 sententia
1516 3161 1771 3233 incipere

1880 2896 2104 2948 utinam
2163 2900 2280 2949 tam
2340 2894 2674 2959 efficaciter,
2710 2911 2888 2965 quam
2945 2892 3212 2958 libenter,
3248 2896 3423 2962 atque
3467 2895 3533 2945 ut

1880 2983 2051 3037 debui
2083 2988 2274 3037 vestro
2308 2983 2550 3053 imperio
2596 2982 2783 3053 parui.
2822 2982 3118 3036 Ideo.......
3154 2979 3530 3051 prmsumptio

1880 3076 2080 3126 contra
2108 3072 2496 3144 redargu......

1224 3466 1906 3604 lNClPlT
2010 3469 2430 3604 VITA

1422 3723 1740 3808 LIBER
1808 3724 2225 3810 PRIMUS

193 3896 230 3951 Ι.
264 3898 599 3955 Laudabilis
632 3898 730 3953 Dei
762 3898 943 3953 nostri
976 3900 1158 3952 virtus
1180 3904 1233 3954 et
1256 3899 1542 3971 sapientia
1577 3900 1761 3955 mtatis
1793 3902 1835 3967 C
1876 3902 1988 3955 dici
2023 3900 2245 3955 oculus.
2281 3899 2654 3955 Convenienti
2705 3898 2917 3952 etenim
2970 3898 3306 3951 futurarum
3341 3912 3538 3950 rerum

131 3986 181 4038 et
207 3988 595 4057 generationis
645 3988 1022 4042 succcdentia
1071 3987 1181 4041 sibi
1228 3993 1489 4058 tempore
1521 3988 1774 4042 mirabili

133 4076 513 4141 praeordinans
535 4074 884 4132 smculorum
909 4076 1368 4147 dispensatione,
1384 4075 1613 4131 nullum
1636 4082 1775 4132 tem-

134 4176 231 4230 pus
258 4164 538 4237 relinquit
568 4181 818 4220 vacuum
849 4165 1130 4220 bonitatis
1165 4182 1304 4220 sure.
1340 4164 1503 4220 Unde
1558 4172 1773 4221 sanctae

134 4264 238 4305 sua:
271 4253 540 4309 Ecclesiae
573 4253 774 4309 fideles
796 4271 900 4325 per
914 4271 1130 4326 aquam
1155 4253 1363 4308 salutis
1386 4257 1439 4309 et
1462 4270 1773 4326 regenera-

137 4337 293 4395 tionis
328 4342 385 4397 in
416 4343 677 4398 filiorum
701 4359 945 4398 numero
967 4347 1384 4397 annumeratos
1408 4343 1557 4397 bono
1581 4360 1773 4397 exem-

139 4426 218 4494 plo
241 4430 655 4487 meliorationis
684 4436 804 4485 tam
846 4431 1293 4504 prmcedontium
1329 4436 1563 4503 patrum
1596 4449 1771 4503 quam

141 4519 187 4566 et
203 4520 564 4586 praesentium
591 4536 823 4590 semper
843 4520 1235 4586 contirniat,et
1258 4520 1329 4574 ad
1362 4520 1775 4591 consequenda

142 4608 342 4661 :eternze
391 4607 753 4664 hmreditatis
800 4608 1016 4681 gaudia
1060 4607 1361 4679 invigilare
1393 4608 1675 4664 insinuat.
1712 4608 1773 4663 In

142 4687 235 4744 hoc
255 4692 426 4765 igitur
446 4696 655 4751 ultimo
679 4698 865 4752 mtatis
887 4696 1135 4751 termino
1161 4714 1360 4751 verum
1394 4697 1601 4767 suique
1634 4698 1772 4751 tide—

142 4774 242 4833 lem
269 4784 660 4839 certissimum
721 4786 956 4841 beatum
1018 4785 1296 4840 Maiolum
1358 4786 1555 4841 divina
1586 4786 1773 4857 pietas

146 4870 341 4925 mundo
365 4874 623 4944 protulit,
650 4875 749 4946 qui
768 4873 943 4929 claris
966 4879 1128 4929 ortus
1156 4874 1467 4941 natalibus,
1502 4892 1570 4928 ex
1590 4877 1772 4929 Aven-

147 4954 385 5015 nicorum
416 4961 631 5034 oppido
653 4963 995 5033 parentibus
1018 4962 1514 5034 splendidissimis
1536 4968 1621 5018 est
1645 4980 1773 5034 pro-

147 5052 375 5117 creatus,
438 5050 815 5107 Provincialis
895 5052 1133 5123 quidem
1204 5068 1435 5123 genere,
1489 5052 1775 5107 nobilium

149 5129 420 5192 Gallorum
457 5139 650 5196 clarus
685 5141 1095 5212 generositate.
1132 5140 1234 5195 Ilic
1258 5140 1330 5194 ab
1353 5138 1497 5210 ipsis
1520 5140 1774 5195 infantia:

149 5221 472 5333 rudimentis
497 5229 711 5285 studiis
733 5228 1054 5284 litteratum
1076 5228 1349 5309 traditus,
1366 5246 1619 5300 superna
1644 5248 1774 5301 pro-
1810 5270 1856 5333 Ι)

148 5306 354 5368 Vidente
375 5314 680 5374 clementia
697 5318 775 5373 ita
796 5319 852 5372 in
871 5318 1043 5373 domo
1061 5318 1291 5373 Domini
1315 5304 1549 5372 lucerna
1569 5320 1779 5373 ardens

151 5392 358 5457 elucens
414 5406 662 5474 refulsit,
696 5411 761 5462 ut
811 5407 881 5462 de
931 5423 996 5461 eo
1053 5406 1197 5461 illud
1246 5405 1562 5461 Mosaicum
1596 5409 1781 5477 possit

152 5482 250 5539 dici
282 5504 293 5543 :
325 5491 458 5550 Novi
488 5503 535 5553 te
563 5512 633 5551 ex
665 5497 905 5552 nomine.

215 5572 275 5629 ΙΙ.
300 5578 523 5638 Maiolus
552 5602 626 5640 ex
659 5587 879 5641 nomine
908 5583 1419 5639 laudatus—Nam
1447 5584 1786 5651 Maiolus,ut

147 5656 393 5733 jucunde
424 5670 692 5729 lmtemur
720 5673 1244 5747 interprete,quasi
1278 5688 1528 5748 magnus
1560 5674 1789 5733 videtur

456 5799 736 5868 Pauor"
781 5799 1121 5867 CXXXVII.

1884 3989 2186 4061 prmsagio,
2213 3987 2313 4041 tali
2335 3988 2569 4042 nomine
2589 3988 2839 4043 donatur
2870 3986 2971 4041 illa
3001 3985 3259 4041 veritatis
3292 3983 3542 4054 etjusti-

1884 4078 1975 4131 tim
1995 4077 2297 4143 columna;
2320 4077 2596 4149 quoniam
2630 4077 2868 4149 quidem
2903 4094 3003 4149 per
3019 4075 3543 4148 quadrifidaterra-

1883 4182 2015 4220 rum
2041 4166 2233 4237 spatia
2252 4183 2464 4238 magna
2482 4166 2739 4221 extendit
2758 4183 2874 4220 sure
2894 4163 3277 4220 beatitudinis
3296 4161 3542 4218 lumina.

1886 4256 1992 4310 Pro
2034 4255 2311 4325 operibus
2370 4256 2527 4310 enim
2590 4255 2793 4309 iterato
2854 4254 3129 4324 praescita:
3163 4256 3220 4307 et
3250 4250 3543 4323 disposita:

1885 4343 1996 4398 sibi
2022 4344 2305 4398 divinitus
2326 4344 2455 4397 vita:
2477 4342 2590 4397 tale
2609 4343 2657 4397 ei
2678 4360 2887 4397 nomen
2907 4341 3283 4397 conveniebat
3305 4340 3539 4404 habere,
3618 4382 3625 4393 .

1884 4432 2038 4503 quod
2073 4430 2130 4485 in
2158 4431 2249 4486 sui
2281 4431 2619 4485 memoriale
2679 4430 2897 4486 bonum
2957 4427 3168 4485 Christi
3210 4428 3447 4481 odorem
3480 4425 3541 4479 in

1854 4520 2158 4575 'cordibus
2190 4519 2451 4573 fidelium
2513 4519 2727 4574 faceret
2783 4517 3060 4584 redolere,
3096 4520 3178 4581 ut,
3212 4514 3539 4569 secundum

1882 4607 2139 4679 Apostoli
2164 4606 2820 4672 testimonium,Christi
2854 4606 3043 4659 bonus
3074 4604 3217 4658 odor
3248 4618 3539 4656 mereren-

1886 4704 1982 4751 tur
2009 4697 2151 4759 t’ieri,
2188 4696 2283 4767 qui
2319 4696 2445 4749 vitae
2474 4702 2529 4749 et
2560 4694 3021 4749 conversationis
3060 4694 3187 4763 ejus
3220 4689 3544 4746 voluissent

1884 4785 2128 4855 vestigia
2152 4784 2388 4837 imitari.
2417 4784 2517 4837 Hic
2541 4782 2752 4837 etenim
2779 4781 3155 4837 beatissimus
3177 4785 3340 4851 pater
3363 4779 3543 4833 Maio-

1885 4873 1978 4927 lus
2006 4891 2108 4944 pro
2142 4872 2470 4927 sanctitatis
2501 4876 2556 4926 et
2584 4871 2814 4942 pietatis
2868 4888 2985 4925 sua:
3034 4870 3324 4924 fructibus
3365 4867 3544 4922 inun—

1887 4962 2096 5016 dandis
2149 4960 2363 5015 Christi
2402 4960 2591 5014 bonus
2615 4960 2757 5014 odor
2778 4958 3121 5031 permansit,
3155 4962 3214 5012 et
3244 4960 3547 5029 permanet

1888 5050 1945 5106 in
1971 5050 2061 5105 his
2087 5049 2183 5121 qui
2210 5054 2472 5121 pereunt,
2509 5054 2565 5103 et
2606 5049 2662 5102 in
2703 5047 2796 5102 his
2819 5047 2919 5120 qui
2945 5046 3084 5102 salvi
3112 5047 3281 5101 fiunt.
3318 5043 3546 5099 Sancti-

1888 5142 2125 5195 ficatum
2159 5154 2415 5208 namque
2462 5136 2787 5210 thymiama
2831 5140 3268 5208 unguentorum
3300 5149 3544 5189 suorum

1888 5229 2208 5284 secundum
2234 5226 2471 5282 Cantica
2497 5227 2858 5281 canticorum
2883 5225 3101 5281 multos
3123 5230 3181 5280 et
3210 5224 3544 5279 innumera-

1890 5317 2036 5373 biles
2061 5322 2189 5388 post
2211 5333 2271 5370 se
2294 5315 2486 5381 traxit,
2513 5315 2609 5386 qui
2634 5314 2754 5369 zelo
2774 5313 3106 5370 sanctitatis
3130 5310 3377 5379 accensi,
3413 5310 3546 5380 igne

1892 5405 2265 5478 perfectionis
2311 5403 2787 5475 fervidi,abjccta
2840 5402 3143 5461 inveterati
3201 5398 3459 5470 corporis
3489 5400 3548 5450 et

1893 5496 2214 5569 pigredinis
2237 5511 2401 5567 ruga,
2426 5494 2485 5548 in
2508 5493 3037 5551 adolescentiorum
3070 5493 3365 5548 irruerunt
3384 5483 3547 5540 forti-

1894 5586 2181 5641 tudinem.
2215 5582 2323 5650 Qui
2372 5583 2770 5655 tympanizant
2817 5583 2961 5639 illud
3012 5579 3316 5636 monachis
3361 5571 3547 5646 perfe-

1898 5676 2108 5733 ctionis
2169 5690 2363 5749 opere,
2398 5673 2552 5750 quod
2605 5673 2661 5730 S.
2698 5673 2866 5731 Pater
2913 5670 3258 5729 Benedictus
3311 5656 3545 5722 edocuit

3145 5793 3226 5859 24
