3906 6396
300 424 415 488 ’747

1426 426 1490 487 S.
1534 422 1808 486 MAIOLI
1857 419 2189 482 ABBATIS
2237 418 2594 483 CLUNIAC.

3606 411 3736 476 748

292 561 488 618 divino
528 561 820 632 dogmate,
855 562 942 628 ut,
968 558 1172 616 relicta
1231 557 1539 629 superﬂua:
1591 553 1954 610 curiositatis
1982 555 2034 620 Α
2065 556 2194 608 tum
2225 551 2520 608 convaluit
2552 569 2666 608 non
2699 550 2871 606 modo
2904 550 3190 613 doctrina,
3224 565 3427 606 verum
3462 549 3739 606 moribus

292 648 546 718 sarcina,
575 647 936 704 transvolent
994 646 1204 720 pennis
1265 645 1399 701 ﬁdei
1459 648 1518 700 et
1561 643 1848 699 libertatis
1879 643 1952 698 ad

293 735 528 792 aethera.

365 825 463 882 ΙΙΙ.
495 825 644 881 Puer
663 825 756 880 dat
774 827 1075 897 specimina.
1106 827 1345 880 virtutis.
1372 855 1440 864 ——
1463 823 1566 878 Hic
1591 821 1806 878 etenim
1829 821 1958 876 bea-

294 913 563 971 tissimus
593 929 659 969 ac
694 913 1116 970 dilectissimus
1140 913 1388 969 Maiolus
1411 911 1606 967 divino
1631 915 1956 984 przevenlus

297 1001 768 1075 munere,qualia
786 1001 996 1058 itinera
1015 1000 1263 1058 laudum
1289 1007 1346 1058 et
1373 1002 1658 1058 virtutum
1693 1015 1960 1070 sequere-

295 1097 412 1161 tur,
449 1092 800 1165 praedicebat
823 1091 1165 1147 nominezet
1195 1091 1254 1147 in
1276 1091 1567 1146 infantilis
1589 1090 1775 1144 aetatis
1809 1097 1958 1142 tem—

297 1199 456 1254 pore,
491 1183 658 1254 quasi
721 1181 1018 1252 quoddam
1080 1180 1572 1253 praemonstrabat
1621 1175 1960 1234 maturioris

297 1270 485 1326 aetatis
507 1269 1020 1342 irreprebensibile
1057 1270 1257 1338 decus,
1292 1269 1544 1325 scienter
1574 1266 1808 1322 nescius
1831 1265 1960 1320 vita:

300 1376 419 1416 suae
451 1359 774 1433 primordia
793 1358 1014 1414 ccelesti
1037 1357 1440 1430 discipulatui,
1476 1361 1533 1412 et
1557 1356 1853 1428 sapienter
1881 1354 1966 1408 in-

303 1448 512 1506 doctus
561 1447 872 1520 acquirens
923 1447 1036 1504 sibi
1068 1445 1407 1520 magistrate
1436 1446 1617 1501 decus
1648 1445 1706 1499 in
1740 1441 1965 1499 novello

303 1533 535 1592 dierum
559 1549 827 1590 numero.
862 1533 956 1590 Sic
981 1533 1162 1606 igitur
1183 1533 1434 1590 caelestis
1468 1533 1654 1605 pietas
1684 1531 1744 1586 in
1778 1530 1966 1603 ipsius

304 1622 492 1680 atatis
512 1621 762 1679 termino
807 1626 1086 1695 coaptans
1130 1639 1263 1678 eum
1306 1621 1416 1677 sibi
1450 1621 1520 1676 ad
1545 1619 1844 1676 electionis
1877 1619 1964 1673 fu-

305 1715 450 1768 tura
501 1710 894 1784 privilegium,
957 1711 1326 1766 scholaribus
1384 1707 1713 1782 disciplinis
1771 1709 1966 1780 ipsum

303 1797 479 1854 subdi
510 1795 712 1864 voluit,
749 1813 853 1870 per
910 1813 1086 1870 quem
1147 1802 1350 1870 postea
1405 1797 1717 1853 abundans
1759 1795 1965 1852 divinae

300 1885 588 1958 largitatis
630 1885 948 1941 thesaurus
1006 1885 1256 1958 pleniter
1316 1885 1536 1940 mundo
1594 1883 1962 1957 aperiretur:

301 1973 474 2030 multi
506 1989 739 2046 quoque
769 1975 1084 2046 adjuvante
1145 1974 1552 2046 Redemptoris
1607 1973 1965 2045 benignitate

300 2062 768 2130 meliorarentur,
803 2064 905 2135 qui
936 2063 1124 2134 ipsius
1148 2062 1484 2118 sanctitatis
1515 2061 1796 2118 laudabili
1829 2061 1966 2117 affa-

301 2150 524 2207 bilitate
555 2151 906 2208 fruerentur.
938 2149 1366 2224 Multiplicibus
1397 2150 1651 2222 denique
1681 2150 1963 2206 virtutum

303 2238 625 2296 adornatus
671 2239 844 2295 donis
888 2240 1098 2296 beatus
1131 2227 1298 2295 Pater
1329 2239 1600 2307 Maiolus,
1634 2240 1754 2296 vita
1785 2239 1970 2312 operi-

303 2328 534 2400 busque
553 2326 889 2396 laudabilis,
914 2346 1034 2384 suae
1053 2327 1238 2384 aitatis
1269 2328 1597 2385 infantilem
1631 2329 1968 2385 teneritudi-

305 2431 440 2472 nem
464 2415 804 2472 maturioris
835 2415 1018 2472 animi
1043 2416 1322 2473 ﬁrmitate
1353 2417 1609 2473 reddidit
1625 2417 1965 2490 perfectam.

305 2505 409 2561 Cui
425 2504 484 2561 in
503 2504 672 2561 initio
687 2505 915 2562 viarum
941 2522 1184 2562 suarum
1206 2505 1672 2579 przedivinabant
1695 2507 1968 2564 coaetanei

309 2609 426 2651 non
456 2595 658 2651 deesse
687 2594 740 2652 ei
771 2594 828 2650 in
860 2594 1126 2651 futurum
1175 2595 1472 2667 quoddam
1519 2595 1968 2668 magniﬁcentiae

308 2681 742 2756 magisterium,
759 2700 894 2740 eum
919 2689 1244 2756 quoque,ut
1267 2700 1468 2740 eorum
1493 2684 1641 2740 scire
1671 2685 1964 2754 manebat,

309 2771 604 2828 favoribus
636 2772 868 2844 magnis
898 2771 1252 2828 extollebant
1284 2777 1341 2830 et
1371 2771 1667 2829 laudibus.

381 2858 824 2918 IV.Matisconem
853 2860 1075 2928 accedit,
1096 2861 1280 2932 ibique
1307 2864 1602 2917 canonicus
1641 2870 1782 2918 caste
1812 2863 1964 2916 vivit.

308 2977 378 2990 —
401 2947 680 3005 Processu
713 2948 911 3021 itaque
941 2949 1223 3020 temporis
1253 2950 1502 3005 decursa
1530 2950 1799 3022 pueritia,
1833 2965 1967 3004 cum

307 3053 445 3092 eum
467 3037 595 3109 jam
649 3037 763 3092 sibi
807 3037 1130 3092 vindicaret
1179 3037 1590 3104 adolescentia,
1625 3037 1969 3108 parentibus

305 3123 569 3197 humana
589 3129 744 3179 sorte
765 3125 1476 3196 pra:ventis,paternisque
1500 3125 1734 3197 praediis
1766 3124 1970 3179 barba-

307 3212 428 3268 rica
475 3213 776 3268 invasione
807 3212 866 3267 in
897 3212 1276 3268 solitudinem
1301 3215 1428 3284 jam
1463 3214 1736 3278 redactis.
1771 3211 1966 3267 divina

308 3299 654 3373 disponente
697 3300 1062 3373 providentia
1093 3281 1358 3356 naturale
1390 3300 1580 3358 solum
1615 3305 1850 3356 coactus
1877 3305 1968 3356 est
1995 3281 2038 3353 C-

311 3389 596 3456 deserere,
631 3405 694 3444 ac
729 3389 1082 3461 Burgundia:
1137 3395 1332 3462 partes
1363 3396 1670 3462 expetere;
1703 3389 1971 3446 veniens-

315 3492 427 3550 que
458 3479 528 3532 ad
565 3477 770 3534 urbem
833 3476 1243 3532 Matiscensem
1304 3483 1616 3550 susceptus
1663 3482 1755 3532 est
1799 3476 1878 3532 ibi
1911 3478 1970 3532 in

314 3565 571 3638 hospitio
594 3583 627 3621 a
647 3567 903 3638 quodam
927 3583 1034 3622 suo
1057 3567 1406 3638 propinquo,
1425 3567 1522 3638 qui
1545 3567 1696 3622 inter
1717 3565 1973 3638 reliquos

315 3654 580 3726 ejusdem
617 3655 781 3711 urbis
824 3671 1116 3728 proceres,
1152 3654 1474 3711 nobilitatis
1502 3655 1742 3728 gerebat
1771 3655 1970 3710 decus.

315 3743 581 3816 Cumque
620 3743 964 3816 aliquandiu
998 3743 1055 3800 in
1089 3745 1216 3816 ejus
1259 3749 1587 3800 moraretur
1635 3745 1972 3811 diversorio,

315 3832 444 3904 ejus
485 3831 668 3888 fultus
708 3831 1084 3899 adminiculo,
1117 3831 1198 3888 uti
1232 3833 1405 3904 ccepit
1432 3832 1698 3904 ejusdem
1725 3833 1976 3888 civitatis

315 3921 589 3993 episcopo
625 3938 638 3974 :
675 3938 852 3993 quem
913 3920 1141 3977 liberali
1199 3938 1444 3976 cernens
1497 3921 1731 3994 ingenio
1764 3921 1974 3988 valere,

313 4009 730 4064 canonicorum
778 4009 1006 4066 studuit
1048 4009 1290 4082 collegio
1331 4010 1624 4082 copulare.
1659 4012 1766 4077 Qui
1798 4011 1974 4067 etiam

311 4113 448 4153 eum
487 4098 772 4152 secretius
820 4114 1057 4154 summa
1107 4098 1454 4154 hortabatur
1485 4099 1783 4169 instantia,
1819 4105 1884 4156 ut
1914 4117 1978 4156 se

310 4185 600 4258 virginem
653 4191 1043 4252 conservaret,
1095 4192 1153 4241 et
1203 4186 1361 4242 velut
1409 4203 1510 4242 vas
1560 4187 1880 4256 electionis,
1915 4189 1976 4244 in

311 4273 572 4330 Ecclesia
616 4273 832 4346 dignus
868 4275 985 4330 Deo
1009 4276 1190 4331 ﬁeret.
1215 4275 1327 4331 Sed
1350 4275 1608 4349 Virginis
1641 4277 1822 4334 Filius
1846 4278 1975 4350 jam

314 4361 455 4419 olim
513 4362 800 4420 castitatis
853 4380 1050 4420 amore
1111 4370 1316 4436 pectus
1368 4366 1418 4420 ei
1453 4365 1771 4435 efﬂaverat,
1808 4372 1874 4422 ut
1905 4383 1976 4423 ne

315 4456 532 4524 puncto
565 4451 806 4526 quidem
855 4455 1137 4528 temporis
1169 4454 1242 4509 ab
1273 4455 1402 4526 ejus
1431 4454 1646 4511 intuitu
1680 4460 1978 4528 pateretur

315 4541 530 4598 divelli.
573 4524 882 4599 Duicoren’i
927 4524 1158 4599 Domini
1190 4524 1350 4600 hicva
1382 4549 1580 4600 tenero
1611 4524 1926 4601 imbiberat
1957 4565 1975 4600 .-

2063 645 2120 696 et
2144 641 2282 696 vita.
2315 641 2596 697 Prwdicta
2634 640 2874 713 quidem
2898 644 3039 694 tunc
3063 639 3266 694 civitas
3297 655 3504 695 omnes
3534 639 3738 695 excel-

2063 727 2220 784 lebat
2241 729 2353 785 sibi
2377 729 2738 802 propinquas
2765 733 2888 784 tam
2919 726 3199 800 religione
3229 727 3516 784 virtutum
3550 745 3740 801 quam

2066 819 2264 874 studio
2287 817 2620 874 liberalium
2646 819 2880 874 artium.
2897 817 3128 873 Offensa
3145 833 3399 889 namque
3417 818 3738 890 sapientia,

2067 923 2195 979 quae
2211 913 2444 979 propter
2463 925 2525 964 se
2540 908 2728 980 ipsam
2751 911 2980 962 tantum
2995 907 3322 979 appetenda
3338 910 3746 978 est,quorum-

2069 995 2205 1051 dam
2240 996 2419 1052 lucris
2451 997 2745 1068 turpibus,
2780 995 3101 1051 multorum
3129 993 3567 1067 indisciplinata
3587 997 3742 1064 vita,

2071 1085 2333 1140 omnium
2366 1090 2660 1157 postremo
2690 1085 2885 1156 tepide
2903 1102 2964 1139 se
2985 1085 3387 1156 appetentium
3418 1084 3749 1142 inhonesta

2071 1174 2316 1243 desidia,
2351 1179 2770 1248 praceptorum
2800 1173 2996 1245 inopia
3025 1173 3418 1230 intercedente
3449 1174 3750 1246 priorum-

2073 1279 2184 1334 que
2211 1263 2426 1318 studiis
2458 1261 2754 1334 collapsis,
2771 1262 2951 1334 hujus
2971 1267 3181 1318 nostra:
3199 1262 3510 1318 exitialiter
3523 1280 3748 1336 perosa

2073 1351 2630 1424 regionis,Lugduni
2654 1351 2766 1406 sibi
2791 1350 3134 1422 aliquandiu
3149 1350 3436 1407 familiare
3453 1353 3748 1408 consisto-

2074 1439 2228 1496 rium
2253 1439 2578 1496 collocavit.
2607 1439 2690 1496 Ibi
2723 1457 2870 1512 quas
2901 1440 3106 1495 dicunt
3131 1439 3579 1512 disciplinarum
3596 1439 3747 1496 libe-

2076 1528 2288 1584 ralium
2311 1529 2542 1602 peritia,
2561 1546 2825 1602 quasque
2847 1527 3050 1584 ordine
3082 1545 3312 1584 currere
3332 1528 3443 1584 hoc
3472 1534 3749 1602 tempore

2077 1618 2276 1674 fabula
2298 1623 2529 1674 tantum
2553 1623 2662 1686 est,
2697 1636 2764 1674 eo
2788 1634 2974 1690 usque
2999 1617 3314 1684 convaluit,
3349 1623 3414 1673 ut
3445 1623 3750 1691 quantum

2078 1708 2150 1762 ad
2177 1707 2739 1778 scholas,publicum
2761 1704 3156 1780 appellaretur
3175 1707 3320 1763 citra
3341 1707 3551 1764 marini
3577 1707 3752 1762 orbis

2076 1797 2476 1870 gymnasium.
2530 1797 2618 1864 Et,
2655 1801 2720 1852 ut
2747 1795 2965 1868 aliquid
3006 1795 3250 1852 rationis
3281 1796 3484 1852 ati‘erre
3517 1797 3754 1865 videar,

2078 1901 2144 1940 eo
2176 1886 2231 1940 id
2267 1890 2614 1958 argumento
2636 1884 2991 1958 colligimus,
3029 1885 3182 1957 quod
3215 1884 3485 1958 quisquis
3515 1886 3750 1942 artium

2078 1974 2538 2048 proﬁtendarum
2573 1974 2904 2030 afﬁceretur
2935 1974 3276 2043 studio,non
3300 1979 3438 2030 ante
3457 1973 3754 2046 professis

2077 2063 2318 2118 inscribi
2352 2063 2703 2128 merebatur,
2737 2079 2918 2135 quam
2950 2063 3087 2118 hinc
3120 2061 3416 2135 explorata
3432 2062 3756 2136 diligentia

2076 2151 2445 2208 examinatus
2475 2151 2692 2208 abiret.
2717 2151 2820 2206 Cui
2881 2151 2962 2206 rei
3015 2151 3306 2224 satyricus
3337 2169 3570 2224 quoque
3597 2151 3757 2208 asti-

2078 2240 2318 2313 pulatur
2349 2240 2448 2312 qui
2482 2244 2546 2294 ut
2575 2239 2827 2312 exempli
2880 2239 3325 2297 circumstantia
3369 2258 3464 2297 res
3489 2240 3757 2309 eluceat,

2079 2329 2270 2402 primo
2298 2329 2391 2384 sui
2421 2329 2616 2402 operis
2647 2329 2796 2386 libra
2824 2328 3038 2386 acriter
3065 2329 3285 2402 diuque
3316 2329 3374 2386 in
3408 2331 3758 2403 impudicos

2079 2420 2365 2488 invectus,
2396 2419 2507 2475 fert
2537 2436 2638 2476 eos
2680 2418 3037 2475 conscientia
3095 2420 3444 2492 frequentati
3501 2421 3759 2477 sceleris

2080 2508 2323 2582 perinde
2353 2507 2688 2582 pallescere.

2205 2633 2273 2683 Ut
2301 2633 2714 2698 Lugdunensem
2745 2633 2927 2685 rhetor
2955 2634 3195 2686 dicturus
3227 2634 3292 2686 ad
3324 2649 3469 2686 aram
3491 2638 3580 2698 (t).

2153 2739 2216 2794 In
2249 2755 2316 2794 ea
2346 2739 2543 2812 itaque
2577 2741 2742 2809 urbe,
2777 2745 2840 2796 ut
2869 2741 3150 2810 diximus,
3182 2759 3316 2799 cum
3351 2741 3753 2815 philosophos

2080 2827 2350 2900 virosque
2413 2829 2642 2884 audiret
2699 2829 3148 2898 ecclesiasticos,
3181 2831 3378 2886 divina
3415 2830 3758 2903 inspirante

2080 2915 2290 2988 gratia,
2321 2931 2525 2972 omnes
2580 2934 2720 2972 suos
2779 2919 3074 2989 praecessit
3131 2919 3373 2975 aemulos
3427 2919 3754 2991 sapientia.

2082 3003 2433 3059 Facunditas
2455 3004 2798 3076 eloquentia:
2820 3005 3087 3077 gravitati
3111 3012 3250 3061 tunc
3281 3009 3762 3080 componebatur

2080 3092 2400 3164 sapientiae.
2438 3093 2516 3147 Fx
2574 3093 2818 3147 materia
2856 3093 3102 3164 hujusce
3137 3097 3610 3166 compositionis,
3647 3114 3761 3152 vas

2079 3196 2206 3236 esse
2237 3179 2410 3252 coepit
2438 3179 2759 3236 electionis.

2148 3285 2244 3341 VI.
2279 3287 2538 3342 Virtutem
2582 3289 2772 3359 jungit
2823 3288 3042 3344 studiis.
3077 3320 3143 3328 ——
3173 3289 3442 3361 Cumque
3485 3291 3623 3362 jam
3663 3309 3756 3350 ve-

2082 3375 2209 3432 stiri
2268 3375 2540 3448 erupisset
2620 3376 3000 3433 vernantibus
3067 3378 3402 3448 juventutis
3475 3379 3756 3446 ﬁoribus,

2083 3465 2164 3519 ita
2221 3481 2388 3520 suam
2474 3463 2927 3522 adolescentiam
3008 3466 3176 3522 bonis
3235 3465 3518 3523 instruxit
3576 3470 3762 3526 mori-

2084 3553 2214 3620 bus,
2277 3557 2342 3607 ut
2398 3569 2466 3607 eo
2524 3559 2784 3626 tempore
2837 3555 2962 3624 jam
3022 3559 3328 3626 putaretur
3392 3558 3756 3613 monachus.

2087 3641 2385 3714 Integrum
2420 3647 2568 3697 seet
2626 3642 2924 3698 sincerum
2985 3643 3143 3698 omni
3203 3645 3472 3700 custodia
3525 3645 3598 3700 ab
3659 3645 3756 3700 his

2085 3730 2433 3786 observabat
2451 3731 2612 3786 vitiis
2633 3731 2848 3803 quibus
2869 3732 3254 3788 contaminari
3277 3733 3754 3790 solenthomines

2087 3817 2268 3890 hujus
2291 3819 2614 3875 aetatisJiis
2645 3819 2802 3874 enim
2835 3819 3020 3876 imbui
3051 3820 3318 3888 timebat,
3354 3838 3425 3876 ne
3454 3824 3661 3876 tenera
3691 3821 3750 3876 in

2087 3911 2253 3962 aetate
2267 3906 2358 3961 his
2373 3906 2622 3962 infectus
2644 3912 2798 3964 esset
2819 3909 3199 3980 quibus,cum
3217 3908 3613 3978 vellet,carere
3633 3926 3752 3965 non

2086 4000 2306 4066 posset,
2332 3995 2505 4067 juxta
2564 3996 2708 4052 illud
2755 3997 2911 4068 quod
2945 3997 3228 4070 scriptum
3263 4003 3350 4054 est
3382 4014 3394 4052 :
3429 3999 3752 4054 Adolescens

2075 4085 2242 4156 juxta
2271 4086 2417 4140 viam
2439 4100 2615 4152 suam,
2649 4085 2814 4140 etiam
2843 4102 2966 4141 cum
3014 4089 3272 4153 senuerit,
3304 4102 3414 4143 non
3445 4086 3656 4142 recedet
3682 4085 3751 4141 ab

2085 4189 2147 4228 ea
2177 4175 2360 4241 (Prov.
2385 4190 2522 4242 xxxi,
2545 4175 2618 4245 6).
2644 4174 2938 4230 Bonorum
2965 4174 3221 4230 virorum
3245 4181 3302 4230 et
3335 4175 3587 4232 maxime
3609 4192 3749 4248 pru-

2087 4262 2352 4318 dentium
2377 4263 2760 4319 contubernio
2775 4263 3410 4336 potitus,turpitudinis
3433 4270 3750 4320 sectatores

2085 4369 2318 4408 θκοευε.

2157 4458 2716 4518 \"lI.Archidiacouus
2749 4469 2959 4518 creatus
2971 4503 2982 4516 .
2994 4493 3054 4502 -
3069 4461 3100 4518 ,Ι
3107 4479 3200 4517 am
3217 4478 3348 4518 vero
3367 4466 3749 4534 percunctos,

2085 4553 2258 4620 prout
2277 4549 2458 4604 moris
2481 4555 2589 4617 est,
2610 4551 2830 4622 gradus
2863 4551 3264 4607 conscendens
3297 4550 3748 4612 ecclesiasticos,

317 4631 517 4687 etideo
540 4632 832 4704 pudicitiie
856 4633 1012 4689 nitor
1033 4632 1089 4686 in
1114 4649 1180 4688 eo
1204 4632 1977 4706 incanduerat,auxeratque
2011 4651 2056 4716 D
2089 4653 2222 4692 cum
2251 4635 2557 4692 levitarum
2593 4638 2882 4710 potiretur
2913 4640 3123 4706 ofﬁcio,
3159 4641 3229 4694 ad
3265 4640 3530 4710 ejusdem
3565 4653 3751 4710 usque

316 4717 580 4789 largitrix
602 4718 790 4790 gratia
810 4723 1016 4790 pectus
1049 4720 1292 4775 infantis
1323 4721 1668 4776 muneribus
1691 4721 1975 4793 geminis;

317 4804 590 4876 quodque
630 4806 846 4862 assolet
885 4823 1013 4863 esse
1044 4809 1274 4863 duobus
1304 4814 1535 4881 gratum
1569 4816 1624 4864 et
1655 4810 1974 4880 sufﬁciens,

316 4890 427 4945 hoc
459 4893 980 4963 praecumulaverat
1011 4896 1135 4952 uni.

385 4979 452 5034 V.
481 4981 734 5052 Lngduni
764 4983 960 5040 litteris
993 4995 1161 5042 vacat.
1187 4987 1376 5044 —Per
1396 4988 1550 5044 idem
1574 4995 1806 5062 tempus
1831 4991 1980 5064 Lug-

315 5069 456 5124 duni
479 5070 765 5127 Antonius
779 5073 1018 5144 quidam
1034 5075 1204 5131 bonis
1221 5075 1475 5148 pollebat
1491 5079 1842 5147 moribus,in
1857 5080 1981 5153 phi-

315 5155 582 5226 losophia
595 5157 736 5212 satis
751 5159 1042 5227 eruditus,
1057 5180 1232 5233 quem
1247 5164 1432 5220 virtus
1444 5171 1499 5220 et
1516 5166 1718 5238 religio
1735 5167 1978 5224 Insula:—

317 5243 664 5300 Barbarensi
721 5248 1053 5317 praefecerat
1112 5252 1394 5306 coenobio.
1431 5254 1546 5309 Hoc
1586 5255 1673 5309 vir
1701 5256 1802 5311 Dei
1835 5274 1977 5329 quo-

319 5333 591 5387 rumdam
642 5333 923 5389 relatione
974 5344 1291 5409 comperto,
1325 5339 1464 5411 quia
1502 5341 1684 5397 nimio
1717 5345 1978 5402 discendi

317 5419 575 5478 fervebat
632 5421 943 5490 desiderio,
999 5425 1352 5498 Lugdunum
1411 5431 1680 5499 perrexit,
1733 5434 1978 5506 ejusque

267 5589 276 5595 ἱ
319 5507 659 5580 magisterio
681 5527 742 5566 se
765 5511 837 5566 ad
863 5513 1252 5570 erudiendum
1277 5518 1609 5572 commisit:
1635 5521 1808 5592 cujus
1832 5523 1978 5579 mul-

507 5615 722 5703 Strabo.
855 5617 1366 5703 Geographimlib.
1403 5640 1480 5703 iv,
1517 5630 1836 5703 postquam
1862 5631 1980 5703 egit

321 5685 398 5762 sle
425 5687 644 5768 templo
689 5689 906 5747 ibidem
937 5685 1180 5746 a'Gallis
1227 5685 1490 5767 Augusto
1522 5685 1738 5771 erecti,
1769 5685 1973 5775 aderat,

2091 4741 2307 4792 arcem,
2339 4726 2608 4781 doctrina
2641 4726 2698 4781 id
2731 4727 2998 4798 exigente
3023 4729 3294 4800 justitiir,
3327 4729 3399 4782 ab
3429 4727 3634 4784 eodem
3667 4729 3751 4781 est

2090 4815 2588 4888 sublimatusjam
2612 4816 2888 4888 praedicto
2911 4817 3206 4888 pontiﬁce.
3223 4817 3425 4873 Ofﬁcio
3449 4817 3630 4888 igitur
3651 4813 3750 4872 mi-

2089 4904 2456 4960 nistrationis
2478 4909 2727 4977 acceptae
2751 4922 2886 4960 cuni
2910 4905 3090 4960 cultui
3119 4907 3296 4961 vinem
3317 4906 3748 4978 manciparetur

2089 4993 2318 5059 divinir,
2352 4997 2417 5048 ut
2447 4992 2626 5064 hujus
2657 5010 2719 5048 se
2751 4995 3078 5066 assignaret
3108 4993 3404 5062 colonum,
3435 5007 3743 5049 commune

2089 5081 2230 5136 utile
2265 5081 2586 5137 multorum
2639 5083 2828 5155 magis
2881 5083 3177 5154 quaerebat
3209 5100 3386 5154 quam
3417 5082 3737 5155 proprium.

2088 5170 2328 5226 Cunctis
2351 5171 2952 5250 benignus,omnibus
2983 5171 3435 5244 tequus,nemini
3471 5172 3736 5232 nocebat;

2088 5260 2305 5332 quibus
2344 5264 2572 5332 poterat
2625 5260 2902 5332 prodesse
2935 5260 3230 5315 studebat.
3265 5261 3420 5315 Sana
3447 5259 3660 5332 quippe
3690 5253 3737 5310 ei

2087 5348 2354 5404 doctrina
2375 5347 2562 5404 inerat
2589 5366 2602 5415 ;
2629 5348 2767 5420 quia
2790 5366 2906 5404 suae
2933 5349 3249 5404 conditioni
3275 5349 3428 5420 quod
3463 5350 3738 5419 compete-

2087 5437 2212 5504 bat,
2243 5435 2388 5492 illud
2420 5435 2664 5492 solerter
2693 5438 2923 5510 agebat,
2959 5442 3196 5510 propter
3243 5435 3389 5493 illud
3435 5432 3690 5509 Apostoli
3719 5445 3731 5482 :

2087 5527 2308 5582 Nemini
2335 5526 2522 5582 dantes
2553 5527 2728 5582 ullam
2757 5527 3128 5598 oﬂ'cnsioncm,
3161 5535 3220 5582 ut
3265 5544 3376 5584 non
3418 5529 3738 5598 vituperetur

2087 5633 2300 5709 inquit,
2333 5640 2506 5709 ct_ara
2540 5651 2661 5690 cum
2700 5635 2857 5690 titulo
2897 5637 3140 5706 gentium
3165 5637 3469 5709 sexaginta,
3504 5633 3733 5692 notauit}

2087 5703 2476 5762 Hehschenio.
