3906 6354
339 405 451 471 751

1473 408 1534 469 s.
1585 403 1856 467 MAIOLI
1899 363 2236 467 ABBATlS
2282 407 2630 470 CLUSIAC.

3619 410 3760 468 753

339 547 537 598 tamen
572 539 761 612 specie
783 555 853 595 ne
886 539 1090 594 mundi
1125 537 1354 594 lucrum
1378 544 1683 612 cogeretur
1697 542 1986 609 expetere,
2017 534 2074 602 Α
2103 535 2406 609 intellexit,
2459 541 2820 599 bibliotheca:
2875 544 3218 614 prteticiens,
3274 540 3767 616 apocrisiariatus

341 635 400 686 et
430 630 501 685 ad
534 627 739 683 mundi
773 625 1021 698 gloriam
1062 641 1240 698 quam
1296 632 1492 682 mente
1544 629 1859 698 spreverat,
1893 641 1996 697 per

344 715 620 774 smculare
639 715 938 788 negotium
956 713 1378 770 delectabiliter
1397 716 1835 787 tendere,grave
1860 731 1997 786 pon-

342 805 454 860 dus
487 803 792 877 procellosi
823 801 1557 876 culminispercustodiam
1577 803 1996 876 refugithumi-

343 891 550 959 litatis,
585 892 874 948 Creatoris
906 891 1174 947 omnium
1208 909 1461 964 sequens
1503 893 1856 964 exemplum,
1891 890 1994 964 qui

343 997 478 1038 cum
510 986 643 1037 ante
665 980 877 1036 saecula
889 985 1157 1054 regnaret
1174 982 1233 1036 in
1251 981 1412 1038 cmlis
1432 999 1677 1055 regnum
1697 981 1847 1053 perei
1859 997 1993 1053 pere

340 1069 544 1126 vitavit
572 1071 632 1124 in
665 1069 838 1126 terris
870 1084 884 1124 :
921 1069 1206 1142 scriptum
1240 1069 1456 1144 quippe
1489 1076 1579 1126 est
1610 1087 1623 1124 ε
1665 1072 1819 1126 Iesus
1867 1087 1992 1125 cum

340 1161 669 1230 cognovisset
714 1159 844 1232 quia
893 1162 1110 1214 venturi
1149 1167 1328 1216 essent
1371 1168 1433 1215 ut
1477 1169 1730 1231 raperent
1764 1177 1909 1226 eum,
1943 1167 1994 1216 et

339 1249 581 1318 facerent
618 1248 732 1303 sibi
752 1265 950 1318 regem,
981 1247 1227 1304 ascendit
1253 1249 1451 1303 iterum
1484 1249 1542 1303 in
1571 1255 1805 1304 montem
1843 1249 1992 1304 solus

339 1353 498 1394 orare
521 1339 695 1407 (Joan.
729 1353 808 1404 v1,
843 1337 952 1404 15).
987 1336 1268 1402 Quocirca
1288 1337 1496 1393 beatus
1517 1335 1768 1392 Maiolus
1789 1335 1989 1391 interni

341 1425 515 1498 Regis
537 1424 874 1497 magisterio
905 1424 1166 1491 edoctus,
1191 1425 1291 1496 qui
1323 1423 1580 1481 oblatam
1602 1423 1850 1496 gloriam
1873 1423 1991 1480 eul-

340 1513 519 1570 minis
551 1513 719 1587 fugit,
752 1515 810 1568 et
839 1517 1042 1586 postea
1081 1517 1288 1586 sponte
1335 1515 1493 1569 venit
1541 1514 1614 1570 ad
1659 1511 1990 1586 patibulum

339 1601 852 1674 crueis,quatenus
882 1602 1012 1674 ejus
1032 1601 1364 1658 membrum
1383 1602 1810 1669 fieret,omnem
1824 1617 1990 1674 spem

339 1706 509 1750 suam
540 1690 600 1747 in
633 1708 700 1747 eo
729 1689 1187 1746 collocavitzhoc
1219 1688 1446 1745 studuit
1475 1705 1648 1762 opere
1669 1688 1990 1762 adimplere

338 1779 494 1851 quod
526 1778 622 1835 ille
655 1777 928 1852 praseepit
956 1793 1246 1836 sermone.
1281 1778 1398 1835 Hoc
1427 1777 1582 1834 enim
1633 1773 1998 1850 praeceptum

339 1872 427 1926 est
455 1867 514 1924 in
550 1867 860 1941 Evangelio
894 1883 923 1969 ε.
943 1867 1048 1936 Qui
1076 1868 1193 1924 vult
1234 1875 1356 1941 post
1400 1885 1488 1924 me
1529 1869 1734 1935 venire,
1767 1867 1993 1940 abneget
2022 1903 2068 1969 Β

335 1959 704 2030 semetipsum,
736 1965 788 2013 et
828 1956 982 2012 tollat
1023 1973 1235 2014 erucem
1276 1973 1454 2024 suam,
1505 1965 1556 2013 et
1599 1963 1858 2030 sequatur
1903 1972 1990 2012 me

338 2047 490 2116 (Luc.
527 2062 602 2113 ix,
635 2046 842 2112 23).lta
868 2045 958 2101 vir
977 2043 1078 2101 Dei
1110 2063 1212 2117 per
1240 2045 1492 2102 ccelestis
1523 2043 1702 2100 studii
1735 2043 1988 2116 discipli-

336 2151 476 2190 nam
510 2133 714 2188 mundi
744 2131 981 2188 labilem
1005 2133 1358 2205 contempsit
1377 2133 1985 2206 gloriam,etsupern:e

333 2221 462 2278 vita:
493 2224 682 2278 tactus
703 2221 1164 2294 dulcedine,quae
1187 2239 1220 2278 a
1242 2221 1448 2277 mundi
1469 2222 1830 2278 amatoribus
1848 2237 1984 2277 con-

335 2310 944 2384 cupiscuntur,omnia
973 2328 1008 2366 a
1037 2327 1098 2366 se
1131 2310 1399 2368 funditus
1429 2309 1773 2384 temperavit
1803 2309 1986 2367 absci-

334 2398 684 2474 dere.lgitur
708 2399 1038 2455 ccenobium
1072 2399 1129 2454 in
1163 2398 1328 2455 collis
1359 2399 1507 2456 valle
1537 2416 1664 2472 quae
1703 2398 1983 2455 Cluniaca

331 2487 666 2558 dicitur,cui
697 2487 784 2543 vir
811 2487 940 2542 vita:
964 2487 1309 2545 venerabilis
1329 2488 1693 2562 lleymardus
1716 2492 1978 2560 prmerat,

329 2595 432 2649 pro
464 2594 696 2634 morum
729 2577 1035 2634 honestate
1063 2581 1121 2634 et
1150 2577 1434 2635 virtutum
1471 2578 1684 2635 studiis
1717 2577 1978 2650 appetiit,

326 2665 525 2739 ibique
555 2666 883 2723 secundum
914 2665 1068 2722 beati
1087 2667 1381 2724 Benedicti
1402 2665 1665 2739 regulam
1683 2667 1755 2724 ab
1772 2667 1977 2724 eodem

323 2753 448 2812 viro
459 2755 587 2826 jam
620 2755 858 2827 praefato
889 2756 1346 2812 conversationis
1376 2755 1646 2812 habitum
1675 2761 1978 2829 petens,ut

325 2843 724 2918 susciperetur
753 2844 998 2918 rogavit.

392 2932 540 2990 Xlll.
575 2931 909 2990 Obedientias
936 2932 1168 2989 deditus.
1204 2967 1270 2974 ——
1303 2934 1526 3006 Spretis
1557 2933 1756 3006 itaque
1785 2935 1974 2990 omni-

324 3024 436 3078 bus
465 3027 708 3079 terrenze
740 3022 1454 3094 possessionisstipendiis
1483 3023 1558 3079 ob
1579 3039 1744 3094 spem
1762 3023 1970 3077 futurae

323 3109 816 3184 repromissionis,
888 3109 1156 3165 habitum
1225 3114 1440 3166 sanctis
1511 3110 1970 3166 conversationis

322 3195 598 3270 sumpsit,
629 3197 833 3268 sicque
861 3197 1136 3269 deinceps
1181 3197 1370 3253 alieno
1419 3197 1560 3252 vixit
1606 3197 1870 3270 imperio,
1905 3202 1972 3253 ut

319 3284 381 3341 in
413 3269 574 3342 nullo
596 3283 852 3342 deviaret
869 3303 902 3340 a
932 3290 1146 3341 sanctze
1168 3284 1627 3340 conversationis
1646 3269 1964 3358 proposito.
1999 3269 2042 3335 C

319 3373 424 3428 Hic
453 3371 610 3429 enim
641 3373 842 3444 procul
877 3391 910 3428 a
941 3390 1004 3430 se
1036 3373 1274 3430 remotis
1304 3373 1656 3430 hebetudine
1695 3379 1752 3430 et
1805 3391 1966 3430 mur-

317 3461 831 3534 mure,singularis
864 3480 977 3536 pra
1009 3463 1230 3518 caeteris
1261 3463 1603 3520 obedientiie
1635 3463 1968 3535 praeemine-

316 3551 416 3608 bat
441 3551 934 3626 virtute,implens
964 3551 1110 3608 illud
1143 3551 1202 3606 in
1227 3551 1508 3607 fratribus
1525 3552 1680 3624 quod
1705 3553 1968 3626 praecipit

316 3642 522 3698 beatus
556 3641 904 3698 Benedictus
936 3643 1081 3716 (Reg.
1115 3641 1172 3696 S.
1205 3641 1402 3697 Bened.
1439 3657 1488 3698 c.
1522 3641 1643 3709 7t):
1679 3641 1963 3698 Obedien-

311 3731 405 3786 tize
439 3732 659 3788 bonum
694 3748 808 3787 non
839 3729 1032 3786 solum
1065 3731 1262 3786 abbati
1292 3729 1686 3786 exhibendum
1719 3735 1826 3797 est,
1862 3731 1962 3786 sed

310 3819 490 3876 etiam
521 3820 634 3876 sibi
669 3819 916 3876 invicem
947 3819 1226 3876 obediant
1261 3820 1576 3876 fratres.De
1609 3819 1963 3877 abbatevero

311 3908 631 3982 apostolico
683 3909 1084 3965 instruebatur
1132 3908 1418 3982 exemplo.
1455 3907 1697 3976 Obedi'te,
1747 3909 1957 3982 inquit,

303 3999 610 4070 praepositis
659 3998 852 4053 vestris
901 3997 1080 4068 (Hebr.
1132 4013 1257 4068 xm,
1307 3999 1418 4070 17).
1453 3996 1762 4054 Enimvero
1806 3997 1962 4054 beati

307 4085 604 4140 Benedicti
659 4085 830 4156 cujus
879 4085 1220 4156 subjacebat
1267 4083 1649 4156 discipulatui
1699 4085 1962 4142 imitator

307 4172 584 4239 existens,
619 4173 828 4229 induta
857 4171 1083 4245 parvuli
1114 4173 1660 4240 humilitatc,stulto
1701 4175 1958 4248 philoso-

304 4260 558 4334 phorum
591 4259 854 4334 neglecto
877 4261 1499 4334 dogmate,sapientem
1521 4263 1620 4320 Dei
1645 4263 1956 4320 stultitiam

304 4354 394 4407 est
423 4350 863 4422 adorsus,juxta
893 4352 1046 4424 quod
1073 4350 1333 4423 praecipit
1360 4352 1674 4424 Apostolus
1710 4370 1722 4410 :
1756 4353 1956 4426 Siquis

301 4440 418 4496 vult
447 4442 590 4497 inter
619 4456 709 4497 vos
733 4443 950 4512 sapiens
979 4456 1093 4496 esse
1122 4441 1181 4494 in.
1211 4439 1310 4496 hoc
1353 4443 1575 4508 swculo,
1610 4443 1808 4499 stultus
1837 4445 1954 4515 ﬁat,

299 4536 363 4584 ut
387 4531 463 4584 sit
489 4532 708 4601 sapiens
740 4529 786 4602 (ι
809 4529 930 4585 Cor.
965 4529 1172 4599 111,18).
1209 4529 1372 4586 Unde
1403 4530 1504 4602 qui
1536 4529 1702 4602 prius
1751 4531 1956 4588 doctor

2103 625 2362 683 ofﬁcium
2408 628 2597 685 eidem
2649 629 2881 702 injuxit.
2933 631 3098 696 Quod
3147 631 3540 686 ministerium
3590 633 3770 686 tanta

2103 715 2451 773 auctoritate
2508 721 2788 791 tantaque
2835 717 3176 792 adimplevit
3224 718 3636 786 sollicitudine,
3697 725 3768 776 ut

2103 803 2377 860 omnibus
2407 823 2608 862 secum
2649 807 3136 864 conservantibus
3180 807 3446 881 exemplo
3494 807 3673 864 fuerit
3706 814 3768 864 et

2103 893 2582 967 terrori.Legerat
2611 897 2798 952 isdem
2829 897 2918 952 vir
2947 896 3178 952 Domini
3210 896 3390 952 libros
3438 895 3577 952 olim
3611 896 3769 953 anti-

2102 997 2354 1052 quorum
2388 983 2893 1056 philosophorum,
2926 984 3268 1057 Virgiliique
3295 986 3766 1059 mendaeia,quae

2104 1069 2338 1126 nolebat
2363 1089 2466 1127 nec
2490 1071 2753 1145 ipsejam
2777 1075 3000 1143 audire,
3037 1091 3142 1130 nec
3163 1073 3310 1130 alios
3332 1073 3544 1146 legere.
3578 1077 3765 1131 Sufﬁ-

2111 1158 2294 1228 ciunt,
2328 1159 2624 1232 inquiens,
2657 1161 2840 1218 divini
2870 1169 3050 1235 poetai
3080 1163 3264 1230 vobis,
3299 1179 3406 1219 nec
3446 1165 3633 1236 egetis
3666 1164 3762 1220 lu-

2100 1248 2338 1303 xuriosa
2366 1249 2593 1320 Virgilii
2623 1268 2725 1308 vos
2757 1251 2938 1323 pollui
2983 1251 3276 1317 facundia.
3312 1251 3584 1324 Begulari
3617 1253 3765 1326 qui-

2099 1336 2234 1392 dem
2266 1343 2574 1394 contentus
2597 1339 3142 1406 conversatione,sic
3165 1340 3439 1396 studebat
3459 1341 3764 1412 parcimo-

2101 1425 2231 1491 nite,
2278 1431 2344 1482 ut
2393 1426 2626 1484 ditl‘erre
2669 1429 3006 1485 nullatenus
3050 1429 3346 1485 videretur
3395 1445 3430 1485 a
3473 1431 3764 1489 societate

2101 1514 2434 1571 communis
2460 1517 2620 1584 vitae;
2656 1533 2906 1590 quorum
2937 1517 3083 1572 vitia
3110 1517 3252 1572 dum
3283 1519 3649 1590 conspiceret
3674 1537 3765 1576 re—

2101 1601 2536 1674 prehendenda,
2568 1604 2677 1660 hoc
2707 1605 2998 1678 exquisito
3029 1606 3184 1678 quod
3229 1605 3545 1679 unicuique
3591 1624 3762 1664 com-

2099 1691 2332 1764 petebat
2359 1692 2496 1750 vitio
2527 1694 2692 1766 prius
2709 1693 2768 1750 in
2789 1710 3144 1768 unoquoque
3163 1694 3761 1772 laudandacanebat:

2100 1777 2309 1836 dehinc
2337 1780 2495 1836 velut
2524 1781 2766 1854 ignarus
2789 1783 3268 1854 reprehendenda
3296 1785 3764 1856 carpebat.Cuu-

2101 1871 2226 1922 ctos
2254 1872 2450 1925 tamen
2484 1870 2700 1943 saepius
2731 1871 3088 1927 admonebat
3107 1877 3171 1927 ut
3201 1871 3348 1928 tales
3377 1889 3440 1928 se
3461 1873 3577 1930 Deo
3595 1875 3765 1931 exhi-

2101 1955 2293 2012 berint
2321 1957 2800 2032 interius,quales
2829 1959 3090 2016 humana
3119 1959 3314 2032 opinio
3331 1965 3435 2032 pro
3452 1960 3762 2034 religionis

2099 2044 2302 2101 habitu
2335 2047 2556 2104 ferebat
2586 2049 2910 2104 exterius.0
2926 2050 3114 2105 virum
3147 2049 3241 2104 cui
3273 2066 3762 2122 sempersumma

2099 2132 2401 2204 debentur,
2461 2136 2562 2208 qui
2623 2154 2818 2193 amore
2877 2139 3005 2193 vita:
3062 2144 3288 2192 aeterna
3350 2137 3761 2198 voluntariam

2097 2223 2402 2298 amplexus
2434 2227 2794 2300 pauperiem,
2829 2233 3020 2284 totum
3054 2227 3282 2285 Christo
3314 2228 3474 2284 dedit
3503 2231 3664 2302 quod
3695 2231 3760 2288 in

2097 2329 2198 2370 ara
2227 2315 2421 2372 cordis
2454 2315 2694 2385 invenit,
2731 2315 2879 2372 nihil
2910 2315 3036 2373 suis
3068 2315 3296 2374 meritis
3325 2317 3630 2375 tribuens!

2164 2401 2280 2458 XV.
2323 2403 2547 2460 Romam
2581 2407 2802 2461 missus.
2857 2405 3076 2462 Sosium
3125 2405 3240 2462 oleo
3286 2415 3472 2464 sancto
3519 2411 3762 2465 sanitati

2092 2493 2348 2548 restituit.
2384 2525 2451 2534 —-
2483 2495 2747 2560 Quodam
2779 2499 3040 2567 tempore
3073 2511 3176 2568 pro
3210 2497 3549 2552 monasterii
3585 2498 3757 2554 utili-

2092 2583 2210 2636 tate
2241 2581 2481 2638 beatum
2516 2581 2794 2640 Maiolum
2813 2600 2949 2640 cum
2981 2582 3161 2640 altero
3192 2584 3370 2640 fratre
3397 2585 3642 2642 Romam
3670 2587 3760 2643 di-

2091 2669 2200 2742 rigi
2232 2670 2476 2744 contigit
2503 2672 2577 2728 ab
2609 2673 2840 2729 abbate.
2875 2673 2985 2740 Qui
3009 2671 3238 2745 expleta
3281 2673 3573 2746 legatione
3601 2675 3756 2733 dum

2089 2759 2368 2831 redirent,
2401 2767 2468 2817 ut
2495 2762 2843 2835 Yporediem
2878 2763 3088 2834 (Yurde)
3118 2763 3190 2818 ad
3225 2761 3550 2835 hospitium
3573 2780 3753 2820 vene-

2087 2853 2246 2914 runt,
2279 2849 2457 2904 frater
2485 2849 2586 2922 qui
2618 2866 2753 2905 eum
2786 2851 3204 2917 comitabatur,
3238 2851 3476 2907 nomine
3517 2851 3751 2909 lieldri-

2081 2953 2188 2993 cus
2219 2939 2320 3007 (2),
2352 2937 2606 2994 febrium
2637 2944 2945 3010 correptus
2974 2937 3235 3010 langore,
3278 2938 3511 3011 fatigari
3569 2941 3752 3014 cmpit

2082 3023 2200 3078 acri
2223 3023 2872 3080 ardore.Verumtamen
2911 3025 3255 3098 (egritudine
3275 3025 3743 3098 ingravescente,

2080 3126 2214 3166 eum
2245 3115 2366 3168 toto
2385 3111 2514 3183 jam
2545 3117 2842 3185 pateretur
2869 3113 3204 3185 corpore,de
3235 3114 3352 3170 vita
3367 3115 3742 3187 desperatus,

2080 3199 2236 3254 circa
2263 3205 2510 3256 mortem
2541 3201 2852 3257 tenebatur
2889 3201 3199 3258 sollicitus.
3236 3203 3338 3257 Vir
3385 3208 3584 3261 autem
3638 3206 3744 3262 Dei

2081 3288 2181 3360 qui
2214 3285 2600 3344 nihilominus
2625 3306 2803 3362 quam
2838 3290 2938 3362 qui
2985 3291 3318 3362 patiebatur
3364 3290 3434 3346 de
3480 3291 3742 3351 fraterno

2079 3376 2342 3432 cruciatu
2393 3377 2765 3444 tristabatur,
2819 3377 3108 3452 deplicato
3171 3383 3312 3434 tunc
3368 3381 3744 3440 afﬁciebatur

2079 3465 2434 3535 infortunio;
2468 3467 2608 3540 quia
2636 3466 2772 3522 hinc
2821 3484 2956 3523 eum
3009 3467 3208 3523 fratris
3256 3469 3738 3528 mmstiﬁcaverat

2077 3555 2532 3626 mgritudo,inde
2563 3560 2807 3627 paterna
2838 3573 2965 3630 qua
2997 3556 3248 3629 incmpto
3278 3557 3741 3633 pendebatlega-

2079 3642 2177 3699 tie.
2212 3643 2324 3699 Sed
2357 3644 2500 3717 quid
2549 3650 2746 3718 ageret
2778 3647 3030 3711 nescius,
3064 3645 3320 3702 divinam
3354 3645 3734 3704 clementiam

2075 3747 2311 3789 exorare
2341 3732 2515 3806 cmpit
2546 3734 3070 3791 attentius.'l‘ribus
3103 3736 3339 3791 tandem
3371 3735 3581 3792 diebus
3598 3754 3732 3808 per-

2075 3821 2383 3893 actis,post
2412 3821 2736 3878 matutinas
2754 3822 2958 3878 laudes
2989 3840 3124 3879 cum
3144 3839 3206 3878 se
3233 3823 3426 3896 sopori
3445 3824 3727 3892 dedisset,

2075 3910 2314 3982 quidam
2346 3909 2436 3966 vir
2464 3911 2677 3966 canitie
2707 3901 3060 3967 reverendus
3087 3912 3138 3966 ei
3168 3911 3330 3968 visus
3361 3917 3450 3968 cst
3482 3913 3686 3970 dicens
3712 3930 3724 3968 :

2073 3998 2222 4064 Quid
2255 3998 2461 4072 ignavo
2492 4015 2739 4055 mmrore
2771 3999 3165 4072 deprimeris?
3195 4001 3334 4072 quid
3367 4018 3402 4057 a
3447 4003 3728 4060 memoria

2070 4087 2284 4144 excidit
2316 4087 2472 4160 quod
2505 4087 2684 4144 frater
2712 4105 2882 4144 meus
2901 4089 3158 4146 Jaccbus
3191 4091 3262 4145 de
3284 4090 3728 4147 inﬁrmantibus

2070 4178 2379 4249 praecepit:
2419 4178 2686 4234 Tristatur
2710 4179 2915 4251 aliquis
2947 4187 3203 4245 vestrum,
3244 4188 3359 4235 oret
3399 4195 3552 4252 aequo
3597 4182 3722 4236 ani-

2067 4281 2174 4331 mo,
2207 4273 2258 4320 ct
2284 4265 2504 4338 psallat.
2537 4267 2859 4338 Inﬁrmatur
2889 4269 3012 4340 quis
3044 4271 3102 4322 in
3131 4269 3308 4336 nobis,
3342 4268 3565 4325 inducat
3590 4286 3723 4340 pre-

2065 4353 2304 4426 sbyteros
2335 4355 2610 4423 Ecclesiae,
2638 4363 2690 4412 et
2716 4364 2870 4412 orent
2898 4373 3063 4428 super
3094 4373 3238 4425 eum,
3289 4365 3548 4430 uagantes
3597 4375 3723 4415 eum

2065 4444 2179 4499 oleo
2211 4445 2272 4498 in
2300 4446 2522 4500 nomine
2549 4445 2802 4511 Domini;
2833 4452 2885 4500 et
2909 4447 3082 4502 oratio
3111 4445 3241 4517 ﬁdei
3281 4447 3518 4502 salvabit
3564 4448 3721 4518 inﬁr-

2062 4549 2236 4598 mum,
2268 4541 2320 4590 et
2345 4534 2602 4590 allembit
2629 4551 2753 4591 eum
2780 4535 3040 4590 Dominus
3074 4536 3206 4604 (Jac.
3240 4552 3289 4602 v,
3322 4535 3439 4605 41),
3475 4536 3592 4591 Hac
3635 4537 3720 4590 vi-

300 4619 846 4690 grammaticorum,
869 4618 1196 4692 discipulus
1228 4625 1358 4690 post
1385 4619 1558 4692 cmpit
1587 4637 1712 4678 esse
1733 4621 1954 4694 simpli-
1985 4636 2032 4701 D
2064 4621 2226 4678 sione
2267 4621 2706 4694 aliquantulum
2757 4622 3096 4679 sublevatus
3147 4625 3366 4693 animo,
3400 4625 3603 4680 statim
3652 4630 3719 4680 ut

299 4707 457 4761 cium
489 4706 770 4764 virorum.

319 4845 333 4861 ,
369 4795 512 4848 XIV.
574 4797 1032 4852 Bibliothecarius
1093 4805 1144 4852 et
1212 4798 1634 4868 Apocrisiarius.
1702 4803 1948 4855 Auctores

292 4884 553 4953 profanos
584 4885 778 4954 rejtrit.
828 4885 1027 4940 Monita
1067 4885 1161 4941 dat
1208 4889 1428 4957 apti-ma.
1463 4919 1531 4926 —-
1564 4888 1728 4944 Haud
1779 4905 1948 4944 secus

295 4969 452 5026 enim
484 4986 548 5025 ac
573 4971 906 5044 philosophi
923 4975 994 5028 ad
1019 4974 1492 5047 syllogismorum
1510 4978 1949 5050 argumentoria

297 5076 357 5114 se
389 5059 696 5114 conferunt
727 5061 942 5117 mentis
968 5061 1281 5118 instantia:
1303 5063 1386 5119 ita
1417 5083 1478 5120 se
1509 5066 1759 5122 contulit
1780 5067 1852 5122 ad
1881 5083 1948 5122 ea

294 5147 544 5202 dicenda
573 5165 698 5218 qua:
732 5148 1139 5219 quotidianum
1172 5168 1274 5222 per
1298 5169 1470 5208 usum
1504 5153 1564 5208 in
1589 5156 1945 5211 monasterio

295 5237 433 5290 sunt
461 5234 764 5306 explenda.
803 5236 1026 5300 Quibus
1065 5239 1342 5296 omnibus
1391 5241 1590 5296 solerti
1642 5243 1754 5299 sibi
1804 5261 1946 5300 cura

293 5323 543 5397 cognitis
574 5330 628 5380 et
676 5325 1071 5396 experimento
1125 5329 1418 5384 memoriae
1464 5331 1820 5402 commissis,
1854 5335 1942 5388 vi-

237 5411 414 5467 'deri
453 5412 580 5484 jam
629 5411 803 5484 coepit
851 5413 1074 5468 doctior
1121 5415 1371 5472 cunctis.
1409 5417 1574 5472 Hunc
1625 5437 1760 5492 ergo
1788 5422 1941 5478 utin

290 5500 634 5558 monachico
668 5500 870 5558 ordine
901 5501 982 5558 ita
1013 5503 1360 5574 prudentem
1385 5506 1511 5577 jam
1545 5507 1736 5566 dictus
1777 5511 1944 5567 Pater

329 5607 434 5689 _(2)
469 5607 678 5690 Fuerat
711 5607 770 5688 is.
785 5607 947 5690 apud
967 5606 1532 5690 Opttonen‘iylagnum
1567 5613 1774 5690 inaula
1796 5634 1938 5689 prie-

289 5678 522 5761 eipuus,
553 5685 618 5735 ut
661 5678 878 5754 legitur
927 5678 1080 5734 infra
1129 5679 1187 5734 in
1220 5681 1321 5737 lib.
1352 5678 1418 5751 Ῑι,
1453 5699 1578 5756 cap.
1612 5689 1701 5754 22,
1738 5678 1942 5762 pdstca

2062 4711 2313 4766 surrexit
2343 4727 2372 4766 e
2406 4728 2634 4778 somno,
2668 4710 2838 4766 celeri
2873 4713 3100 4767 actione
3133 4713 3298 4768 duxit
3328 4714 3399 4768 ad
3419 4713 3715 4781 eﬂ‘ectum,

2061 4801 2216 4872 quod
2249 4799 2570 4872 apostolica
2603 4801 2791 4856 fuerat
2822 4801 3174 4857 revelatione
3206 4803 3717 4874 compcrtumJtes

2059 4888 2210 4943 mira
2239 4891 2296 4942 et
2323 4887 2698 4944 vehementer
2738 4891 3066 4962 stupenda!
3103 4891 3304 4946 eadem
3356 4889 3572 4963 quippe
3622 4891 3716 4947 die

2059 4993 2175 5049 qua
2187 4977 2808 5034 sanetiiicatiouisoleo
2827 4979 2927 5050 qui
2941 4978 3275 5050 patiebatur
3289 4979 3711 5046 estdclibutus,

2057 5067 2138 5122 ita
2170 5066 2407 5123 sanitati
2441 5067 2699 5138 pristinis
2731 5067 3042 5122 restitutus
3075 5067 3460 5134 convaluit,ac
3495 5067 3544 5122 si
3578 5067 3712 5122 uul-

2056 5156 2175 5212 lam
2206 5155 2540 5212 molestiam
2571 5157 2827 5228 corporis
2861 5157 3216 5228 pertulisset.
3249 5155 3443 5212 Altera
3474 5157 3567 5212 die
3597 5156 3710 5212 Do—

2056 5245 2202 5300 mini
2229 5244 2590 5318 gratulantes
2619 5245 2851 5311 virtute,
2877 5246 3069 5300 conati
3104 5251 3241 5300 sunt
3275 5245 3426 5300 inter
3455 5251 3711 5317 emptum

2054 5335 2368 5407 perducere
2399 5334 2470 5389 ad
2505 5335 2776 5392 etl‘ectum
2804 5352 2815 5402 ;
2851 5334 3131 5404 quoniam
3163 5334 3403 5405 quidem
3428 5335 3580 5389 beati
3613 5335 3709 5390 Ja-

2053 5423 2181 5480 cobi
2202 5439 2339 5480 voce
2371 5422 2565 5479 sanari
2602 5421 2927 5478 testabatur
2956 5424 3230 5480 inﬁrmus
3261 5422 3393 5478 fidei
3419 5423 3702 5490 oratione,

2051 5511 2182 5567 ideo
2213 5511 2341 5567 luce
2371 5510 2586 5569 clarius
2614 5515 2771 5584 patet
2797 5511 3034 5567 beatum
3056 5511 3245 5566 virum
3272 5511 3380 5567 hoc
3411 5509 3538 5567 suis
3554 5511 3702 5567 obti-

2052 5619 2377 5695 monachus
2433 5623 2561 5695 tum
2611 5617 2789 5675 abbas
2838 5617 3356 5686 Autissidorensis,
3409 5635 3592 5695 supra
3644 5619 3704 5676 in

2049 5689 2232 5768 elogio
2268 5707 2434 5746 num.
2467 5691 2516 5751 6.
