  <div class='ocr_page' id='page_1' title='image "/cluster/home/n/w/nwhite01/storage/ocr_20150623/136-137/uc1.31175019686917/1058.png"; bbox 0 0 3906 6356; ppageno 0'>
   <div class='ocr_carea' id='block_1_1' title="bbox 164 413 293 478">
    <p class='ocr_par' dir='ltr' id='par_1_1' title="bbox 164 413 293 478">
     <span class='ocr_line' id='line_1_1' title="bbox 164 413 293 478; baseline 0.008 -2"><span class='ocrx_word' id='word_1_1' title='bbox 164 413 293 478; x_wconf 70' lang='lat'><strong>733</strong></span> 
     </span>
    </p>
   </div>
   <div class='ocr_carea' id='block_1_2' title="bbox 1584 415 2206 477">
    <p class='ocr_par' dir='ltr' id='par_1_2' title="bbox 1584 415 2206 477">
     <span class='ocr_line' id='line_1_2' title="bbox 1584 415 2206 477; baseline -0.003 -2"><span class='ocrx_word' id='word_1_2' title='bbox 1584 416 1791 476; x_wconf 69' lang='lat' dir='ltr'>VITA.</span> <span class='ocrx_word' id='word_1_3' title='bbox 1829 449 1903 460; x_wconf 90' lang='lat'><strong>—</strong></span> <span class='ocrx_word' id='word_1_4' title='bbox 1938 418 2086 477; x_wconf 90' lang='lat' dir='ltr'><strong>LIB.</strong></span> <span class='ocrx_word' id='word_1_5' title='bbox 2132 415 2206 476; x_wconf 85' lang='lat' dir='ltr'>ll.</span> 
     </span>
    </p>
   </div>
   <div class='ocr_carea' id='block_1_3' title="bbox 3482 412 3599 475">
    <p class='ocr_par' dir='ltr' id='par_1_3' title="bbox 3482 412 3599 475">
     <span class='ocr_line' id='line_1_3' title="bbox 3482 412 3599 475; baseline 0 0"><span class='ocrx_word' id='word_1_6' title='bbox 3482 412 3599 475; x_wconf 65' lang='lat'>754</span> 
     </span>
    </p>
   </div>
   <div class='ocr_carea' id='block_1_4' title="bbox 170 546 3601 623">
    <p class='ocr_par' dir='ltr' id='par_1_4' title="bbox 170 546 3601 623">
     <span class='ocr_line' id='line_1_4' title="bbox 170 546 3601 623; baseline 0 -18"><span class='ocrx_word' id='word_1_7' title='bbox 170 547 375 605; x_wconf 85' lang='lat' dir='ltr'>nuisse</span> <span class='ocrx_word' id='word_1_8' title='bbox 402 546 697 620; x_wconf 82' lang='lat' dir='ltr'>precibus,</span> <span class='ocrx_word' id='word_1_9' title='bbox 725 546 879 619; x_wconf 89' lang='lat' dir='ltr'>quod</span> <span class='ocrx_word' id='word_1_10' title='bbox 915 548 1020 603; x_wconf 85' lang='lat' dir='ltr'>iste</span> <span class='ocrx_word' id='word_1_11' title='bbox 1044 550 1163 602; x_wconf 83' lang='lat' dir='ltr'>tam</span> <span class='ocrx_word' id='word_1_12' title='bbox 1188 548 1311 603; x_wconf 6' lang='lat' dir='ltr'>citare</span> <span class='ocrx_word' id='word_1_13' title='bbox 1337 549 1571 604; x_wconf 79' lang='lat' dir='ltr'>sanitati</span> <span class='ocrx_word' id='word_1_14' title='bbox 1598 554 1684 604; x_wconf 85' lang='lat' dir='ltr'>est</span> <span class='ocrx_word' id='word_1_15' title='bbox 1713 550 1831 603; x_wconf 84' lang='lat' dir='ltr'>red-</span> <span class='ocrx_word' id='word_1_16' title='bbox 1859 553 1910 617; x_wconf 80' lang='grc' dir='ltr'><strong>Α</strong></span> <span class='ocrx_word' id='word_1_17' title='bbox 1944 550 2135 605; x_wconf 88' lang='lat' dir='ltr'>bcbat.</span> <span class='ocrx_word' id='word_1_18' title='bbox 2170 548 2384 604; x_wconf 77' lang='lat' dir='ltr'>Christi</span> <span class='ocrx_word' id='word_1_19' title='bbox 2420 548 2559 622; x_wconf 85' lang='lat' dir='ltr'>quin</span> <span class='ocrx_word' id='word_1_20' title='bbox 2594 548 2767 605; x_wconf 86' lang='lat' dir='ltr'>etiam</span> <span class='ocrx_word' id='word_1_21' title='bbox 2804 548 3047 605; x_wconf 86' lang='lat' dir='ltr'>indutus</span> <span class='ocrx_word' id='word_1_22' title='bbox 3080 547 3488 623; x_wconf 88' lang='lat' dir='ltr'>tunica,cujus</span> <span class='ocrx_word' id='word_1_23' title='bbox 3512 565 3601 605; x_wconf 82' lang='lat' dir='ltr'>sc-</span> 
     </span>
    </p>
   </div>
   <div class='ocr_carea' id='block_1_5' title="bbox 173 636 1834 707">
    <p class='ocr_par' dir='ltr' id='par_1_5' title="bbox 173 636 1834 707">
     <span class='ocr_line' id='line_1_5' title="bbox 173 636 1834 707; baseline 0.001 -15"><span class='ocrx_word' id='word_1_24' title='bbox 173 638 356 692; x_wconf 84' lang='lat' dir='ltr'>ditus.</span> <span class='ocrx_word' id='word_1_25' title='bbox 374 637 490 691; x_wconf 80' lang='lat' dir='ltr'>Hoc</span> <span class='ocrx_word' id='word_1_26' title='bbox 508 636 679 707; x_wconf 86' lang='lat' dir='ltr'>plane</span> <span class='ocrx_word' id='word_1_27' title='bbox 700 636 1050 691; x_wconf 75' lang='lat' dir='ltr'>miraculum</span> <span class='ocrx_word' id='word_1_28' title='bbox 1072 638 1349 693; x_wconf 73' lang='lat' dir='ltr'>fratribus</span> <span class='ocrx_word' id='word_1_29' title='bbox 1372 638 1524 691; x_wconf 76' lang='lat' dir='ltr'>fideli</span> <span class='ocrx_word' id='word_1_30' title='bbox 1556 638 1834 694; x_wconf 82' lang='lat' dir='ltr'>relatione</span> 
     </span>
    </p>
   </div>
   <div class='ocr_carea' id='block_1_6' title="bbox 171 725 1834 799">
    <p class='ocr_par' dir='ltr' id='par_1_6' title="bbox 171 725 1834 799">
     <span class='ocr_line' id='line_1_6' title="bbox 171 725 1834 799; baseline 0.001 -19"><span class='ocrx_word' id='word_1_31' title='bbox 171 742 311 781; x_wconf 89' lang='lat' dir='ltr'>cum</span> <span class='ocrx_word' id='word_1_32' title='bbox 345 725 550 779; x_wconf 83' lang='lat' dir='ltr'>fuisset</span> <span class='ocrx_word' id='word_1_33' title='bbox 578 726 866 797; x_wconf 84' lang='lat' dir='ltr'>agnitum,</span> <span class='ocrx_word' id='word_1_34' title='bbox 904 725 1179 797; x_wconf 84' lang='lat' dir='ltr'>deinceps</span> <span class='ocrx_word' id='word_1_35' title='bbox 1220 726 1276 779; x_wconf 92' lang='lat' dir='ltr'>in</span> <span class='ocrx_word' id='word_1_36' title='bbox 1330 745 1543 799; x_wconf 83' lang='lat' dir='ltr'>magna</span> <span class='ocrx_word' id='word_1_37' title='bbox 1593 745 1834 782; x_wconf 86' lang='lat' dir='ltr'>venera-</span> 
     </span>
    </p>
   </div>
   <div class='ocr_carea' id='block_1_7' title="bbox 168 813 1833 887">
    <p class='ocr_par' dir='ltr' id='par_1_7' title="bbox 168 813 1833 887">
     <span class='ocr_line' id='line_1_7' title="bbox 168 813 1833 887; baseline 0.001 -19"><span class='ocrx_word' id='word_1_38' title='bbox 168 813 331 869; x_wconf 84' lang='lat' dir='ltr'>tione</span> <span class='ocrx_word' id='word_1_39' title='bbox 364 813 574 867; x_wconf 86' lang='lat' dir='ltr'>habere</span> <span class='ocrx_word' id='word_1_40' title='bbox 607 819 904 884; x_wconf 59' lang='lat' dir='ltr'>eruperunt</span> <span class='ocrx_word' id='word_1_41' title='bbox 936 814 1171 868; x_wconf 82' lang='lat' dir='ltr'>beatum</span> <span class='ocrx_word' id='word_1_42' title='bbox 1200 814 1687 887; x_wconf 82' lang='lat' dir='ltr'>Maiolum,qucm</span> <span class='ocrx_word' id='word_1_43' title='bbox 1708 816 1833 885; x_wconf 88' lang='lat' dir='ltr'>jam</span> 
     </span>
    </p>
   </div>
   <div class='ocr_carea' id='block_1_8' title="bbox 171 901 1834 976">
    <p class='ocr_par' dir='ltr' id='par_1_8' title="bbox 171 901 1834 976">
     <span class='ocr_line' id='line_1_8' title="bbox 171 901 1834 976; baseline 0.001 -19"><span class='ocrx_word' id='word_1_44' title='bbox 171 902 259 957; x_wconf 88' lang='lat' dir='ltr'>ita</span> <span class='ocrx_word' id='word_1_45' title='bbox 289 903 404 957; x_wconf 75' lang='lat' dir='ltr'>Deo</span> <span class='ocrx_word' id='word_1_46' title='bbox 438 901 771 974; x_wconf 71' lang='lat' dir='ltr'>proximum</span> <span class='ocrx_word' id='word_1_47' title='bbox 806 908 1081 957; x_wconf 74' lang='lat' dir='ltr'>noverant</span> <span class='ocrx_word' id='word_1_48' title='bbox 1113 904 1382 957; x_wconf 73' lang='lat' dir='ltr'>effectum</span> <span class='ocrx_word' id='word_1_49' title='bbox 1418 922 1519 976; x_wconf 81' lang='lat' dir='ltr'>per</span> <span class='ocrx_word' id='word_1_50' title='bbox 1540 905 1705 975; x_wconf 75' lang='lat' dir='ltr'>signa</span> <span class='ocrx_word' id='word_1_51' title='bbox 1728 904 1834 959; x_wconf 86' lang='lat' dir='ltr'>vir-</span> 
     </span>
    </p>
   </div>
   <div class='ocr_carea' id='block_1_9' title="bbox 170 997 393 1046">
    <p class='ocr_par' dir='ltr' id='par_1_9' title="bbox 170 997 393 1046">
     <span class='ocr_line' id='line_1_9' title="bbox 170 997 393 1046; baseline -0.004 0"><span class='ocrx_word' id='word_1_52' title='bbox 170 997 393 1046; x_wconf 71' lang='lat' dir='ltr'>tutum.</span> 
     </span>
    </p>
   </div>
   <div class='ocr_carea' id='block_1_10' title="bbox 247 1080 1833 1153">
    <p class='ocr_par' dir='ltr' id='par_1_10' title="bbox 247 1080 1833 1153">
     <span class='ocr_line' id='line_1_10' title="bbox 247 1080 1833 1153; baseline 0.001 -19"><span class='ocrx_word' id='word_1_53' title='bbox 247 1080 388 1134; x_wconf 81' lang='lat' dir='ltr'>XVI.</span> <span class='ocrx_word' id='word_1_54' title='bbox 422 1082 700 1134; x_wconf 71' lang='lat' dir='ltr'>Humilicr</span> <span class='ocrx_word' id='word_1_55' title='bbox 734 1081 857 1135; x_wconf 74' lang='lat' dir='ltr'>inde</span> <span class='ocrx_word' id='word_1_56' title='bbox 886 1083 1157 1151; x_wconf 56' lang='lat' dir='ltr'>/}u‘tus.~</span> <span class='ocrx_word' id='word_1_57' title='bbox 1192 1082 1301 1135; x_wconf 74' lang='lat' dir='ltr'>Sed</span> <span class='ocrx_word' id='word_1_58' title='bbox 1329 1083 1416 1135; x_wconf 87' lang='lat' dir='ltr'>vir</span> <span class='ocrx_word' id='word_1_59' title='bbox 1443 1084 1669 1146; x_wconf 73' lang='lat' dir='ltr'>beatus,</span> <span class='ocrx_word' id='word_1_60' title='bbox 1708 1082 1833 1153; x_wconf 69' lang='lat' dir='ltr'>glo-</span> 
     </span>
    </p>
   </div>
   <div class='ocr_carea' id='block_1_11' title="bbox 170 1168 1828 1240">
    <p class='ocr_par' dir='ltr' id='par_1_11' title="bbox 170 1168 1828 1240">
     <span class='ocr_line' id='line_1_11' title="bbox 170 1168 1828 1240; baseline 0.001 -16"><span class='ocrx_word' id='word_1_61' title='bbox 170 1169 263 1224; x_wconf 85' lang='lat' dir='ltr'>ria</span> <span class='ocrx_word' id='word_1_62' title='bbox 285 1168 474 1223; x_wconf 77' lang='lat' dir='ltr'>laudis</span> <span class='ocrx_word' id='word_1_63' title='bbox 499 1168 745 1239; x_wconf 86' lang='lat' dir='ltr'>abjecta,</span> <span class='ocrx_word' id='word_1_64' title='bbox 770 1169 899 1239; x_wconf 84' lang='lat' dir='ltr'>plus</span> <span class='ocrx_word' id='word_1_65' title='bbox 919 1169 1134 1239; x_wconf 62' lang='lat' dir='ltr'>despici</span> <span class='ocrx_word' id='word_1_66' title='bbox 1160 1188 1333 1240; x_wconf 82' lang='lat' dir='ltr'>quam</span> <span class='ocrx_word' id='word_1_67' title='bbox 1355 1173 1611 1225; x_wconf 74' lang='lat' dir='ltr'>venerari</span> <span class='ocrx_word' id='word_1_68' title='bbox 1639 1172 1693 1223; x_wconf 87' lang='lat' dir='ltr'>in</span> <span class='ocrx_word' id='word_1_69' title='bbox 1722 1172 1828 1225; x_wconf 86' lang='lat' dir='ltr'>bac</span> 
     </span>
    </p>
   </div>
   <div class='ocr_carea' id='block_1_12' title="bbox 170 1256 1835 1328">
    <p class='ocr_par' dir='ltr' id='par_1_12' title="bbox 170 1256 1835 1328">
     <span class='ocr_line' id='line_1_12' title="bbox 170 1256 1835 1328; baseline 0.001 -16"><span class='ocrx_word' id='word_1_70' title='bbox 170 1258 420 1328; x_wconf 83' lang='lat' dir='ltr'>cupiens</span> <span class='ocrx_word' id='word_1_71' title='bbox 447 1256 584 1323; x_wconf 85' lang='lat' dir='ltr'>vita,</span> <span class='ocrx_word' id='word_1_72' title='bbox 613 1274 726 1328; x_wconf 88' lang='lat' dir='ltr'>quo</span> <span class='ocrx_word' id='word_1_73' title='bbox 753 1258 993 1312; x_wconf 87' lang='lat' dir='ltr'>fratrum</span> <span class='ocrx_word' id='word_1_74' title='bbox 1030 1258 1330 1314; x_wconf 65' lang='lat' dir='ltr'>devotione</span> <span class='ocrx_word' id='word_1_75' title='bbox 1355 1260 1636 1313; x_wconf 69' lang='lat' dir='ltr'>attentius</span> <span class='ocrx_word' id='word_1_76' title='bbox 1660 1260 1835 1313; x_wconf 82' lang='lat' dir='ltr'>hono-</span> 
     </span>
    </p>
   </div>
   <div class='ocr_carea' id='block_1_13' title="bbox 170 1346 1833 1416">
    <p class='ocr_par' dir='ltr' id='par_1_13' title="bbox 170 1346 1833 1416">
     <span class='ocr_line' id='line_1_13' title="bbox 170 1346 1833 1416; baseline 0.001 -15"><span class='ocrx_word' id='word_1_77' title='bbox 170 1346 439 1411; x_wconf 86' lang='lat' dir='ltr'>rabatur,</span> <span class='ocrx_word' id='word_1_78' title='bbox 474 1362 540 1400; x_wconf 92' lang='lat' dir='ltr'>eo</span> <span class='ocrx_word' id='word_1_79' title='bbox 574 1347 763 1416; x_wconf 75' lang='lat' dir='ltr'>magis</span> <span class='ocrx_word' id='word_1_80' title='bbox 796 1347 951 1399; x_wconf 85' lang='lat' dir='ltr'>omni</span> <span class='ocrx_word' id='word_1_81' title='bbox 990 1366 1050 1401; x_wconf 80' lang='lat' dir='ltr'>se</span> <span class='ocrx_word' id='word_1_82' title='bbox 1099 1346 1319 1401; x_wconf 73' lang='lat' dir='ltr'>vilitate.</span> <span class='ocrx_word' id='word_1_83' title='bbox 1366 1353 1420 1401; x_wconf 87' lang='lat' dir='ltr'>et</span> <span class='ocrx_word' id='word_1_84' title='bbox 1471 1348 1833 1402; x_wconf 71' lang='lat' dir='ltr'>extmmitate</span> 
     </span>
    </p>
   </div>
   <div class='ocr_carea' id='block_1_14' title="bbox 169 1434 1828 1507">
    <p class='ocr_par' dir='ltr' id='par_1_14' title="bbox 169 1434 1828 1507">
     <span class='ocr_line' id='line_1_14' title="bbox 169 1434 1828 1507; baseline 0.001 -18"><span class='ocrx_word' id='word_1_85' title='bbox 169 1434 546 1507; x_wconf 78' lang='lat' dir='ltr'>dignabatur.</span> <span class='ocrx_word' id='word_1_86' title='bbox 605 1434 881 1489; x_wconf 85' lang='lat' dir='ltr'>Omnium</span> <span class='ocrx_word' id='word_1_87' title='bbox 943 1434 1073 1490; x_wconf 74' lang='lat' dir='ltr'>licet</span> <span class='ocrx_word' id='word_1_88' title='bbox 1134 1434 1413 1490; x_wconf 78' lang='lat' dir='ltr'>cliaritatc</span> <span class='ocrx_word' id='word_1_89' title='bbox 1473 1435 1828 1506; x_wconf 69' lang='lat' dir='ltr'>diligeretur,</span> 
     </span>
    </p>
   </div>
   <div class='ocr_carea' id='block_1_15' title="bbox 170 1520 1833 1594">
    <p class='ocr_par' dir='ltr' id='par_1_15' title="bbox 170 1520 1833 1594">
     <span class='ocr_line' id='line_1_15' title="bbox 170 1520 1833 1594; baseline 0.002 -17"><span class='ocrx_word' id='word_1_90' title='bbox 170 1520 527 1577; x_wconf 75' lang='lat' dir='ltr'>munditiam</span> <span class='ocrx_word' id='word_1_91' title='bbox 566 1528 762 1576; x_wconf 70' lang='lat' dir='ltr'>tamen</span> <span class='ocrx_word' id='word_1_92' title='bbox 806 1524 998 1577; x_wconf 85' lang='lat' dir='ltr'>cordis</span> <span class='ocrx_word' id='word_1_93' title='bbox 1050 1542 1119 1579; x_wconf 85' lang='lat' dir='ltr'>ne</span> <span class='ocrx_word' id='word_1_94' title='bbox 1166 1524 1451 1594; x_wconf 85' lang='lat' dir='ltr'>jactantia</span> <span class='ocrx_word' id='word_1_95' title='bbox 1506 1526 1764 1587; x_wconf 64' lang='lat' dir='ltr'>mutaret,</span> <span class='ocrx_word' id='word_1_96' title='bbox 1802 1543 1833 1580; x_wconf 89' lang='lat' dir='ltr'>a</span> 
     </span>
    </p>
   </div>
   <div class='ocr_carea' id='block_1_16' title="bbox 171 1610 1831 1684">
    <p class='ocr_par' dir='ltr' id='par_1_16' title="bbox 171 1610 1831 1684">
     <span class='ocr_line' id='line_1_16' title="bbox 171 1610 1831 1684; baseline 0.001 -18"><span class='ocrx_word' id='word_1_97' title='bbox 171 1610 412 1666; x_wconf 88' lang='lat' dir='ltr'>nemine</span> <span class='ocrx_word' id='word_1_98' title='bbox 426 1610 727 1666; x_wconf 86' lang='lat' dir='ltr'>selaudari</span> <span class='ocrx_word' id='word_1_99' title='bbox 743 1612 987 1667; x_wconf 68' lang='lat' dir='ltr'>volebat.</span> <span class='ocrx_word' id='word_1_100' title='bbox 1005 1615 1067 1667; x_wconf 78' lang='lat' dir='ltr'>Et</span> <span class='ocrx_word' id='word_1_101' title='bbox 1091 1613 1216 1667; x_wconf 58' lang='lat' dir='ltr'>ideo</span> <span class='ocrx_word' id='word_1_102' title='bbox 1238 1612 1576 1668; x_wconf 61' lang='lat' dir='ltr'>horninibus</span> <span class='ocrx_word' id='word_1_103' title='bbox 1604 1614 1831 1684; x_wconf 68' lang='lat' dir='ltr'>fugiens</span> 
     </span>
    </p>
   </div>
   <div class='ocr_carea' id='block_1_17' title="bbox 170 1700 1832 1770">
    <p class='ocr_par' dir='ltr' id='par_1_17' title="bbox 170 1700 1832 1770">
     <span class='ocr_line' id='line_1_17' title="bbox 170 1700 1832 1770; baseline -0.001 -14"><span class='ocrx_word' id='word_1_104' title='bbox 170 1716 304 1756; x_wconf 82' lang='lat' dir='ltr'>esse</span> <span class='ocrx_word' id='word_1_105' title='bbox 335 1700 395 1755; x_wconf 90' lang='lat' dir='ltr'>in</span> <span class='ocrx_word' id='word_1_106' title='bbox 429 1700 636 1770; x_wconf 88' lang='lat' dir='ltr'>pretio,</span> <span class='ocrx_word' id='word_1_107' title='bbox 662 1717 769 1753; x_wconf 79' lang='lat' dir='ltr'>sua</span> <span class='ocrx_word' id='word_1_108' title='bbox 792 1718 852 1754; x_wconf 90' lang='lat' dir='ltr'>se</span> <span class='ocrx_word' id='word_1_109' title='bbox 886 1701 1242 1757; x_wconf 82' lang='lat' dir='ltr'>conscientia</span> <span class='ocrx_word' id='word_1_110' title='bbox 1273 1702 1516 1757; x_wconf 87' lang='lat' dir='ltr'>charum</span> <span class='ocrx_word' id='word_1_111' title='bbox 1542 1702 1656 1757; x_wconf 84' lang='lat' dir='ltr'>Deo</span> <span class='ocrx_word' id='word_1_112' title='bbox 1680 1702 1832 1757; x_wconf 80' lang='lat' dir='ltr'>exhi-</span> 
     </span>
    </p>
   </div>
   <div class='ocr_carea' id='block_1_18' title="bbox 1947 638 3601 709">
    <p class='ocr_par' dir='ltr' id='par_1_18' title="bbox 1947 638 3601 709">
     <span class='ocr_line' id='line_1_18' title="bbox 1947 638 3601 709; baseline 0.002 -18"><span class='ocrx_word' id='word_1_113' title='bbox 1947 638 2779 709; x_wconf 82' lang='lat' dir='ltr'>qucbaturvestigia,miraque</span> <span class='ocrx_word' id='word_1_114' title='bbox 2793 643 3031 693; x_wconf 82' lang='lat' dir='ltr'>ornatus</span> <span class='ocrx_word' id='word_1_115' title='bbox 3049 639 3601 709; x_wconf 86' lang='lat' dir='ltr'>patientia,meliora</span> 
     </span>
    </p>
   </div>
   <div class='ocr_carea' id='block_1_19' title="bbox 1947 723 3597 798">
    <p class='ocr_par' dir='ltr' id='par_1_19' title="bbox 1947 723 3597 798">
     <span class='ocr_line' id='line_1_19' title="bbox 1947 723 3597 798; baseline 0.001 -17"><span class='ocrx_word' id='word_1_116' title='bbox 1947 723 2268 781; x_wconf 70' lang='lat' dir='ltr'>secundum</span> <span class='ocrx_word' id='word_1_117' title='bbox 2298 726 2640 798; x_wconf 77' lang='lat' dir='ltr'>Apostolum</span> <span class='ocrx_word' id='word_1_118' title='bbox 2674 726 2881 781; x_wconf 82' lang='lat' dir='ltr'>sectari</span> <span class='ocrx_word' id='word_1_119' title='bbox 2915 743 3146 797; x_wconf 82' lang='lat' dir='ltr'>semper</span> <span class='ocrx_word' id='word_1_120' title='bbox 3167 727 3439 781; x_wconf 78' lang='lat' dir='ltr'>studebat</span> <span class='ocrx_word' id='word_1_121' title='bbox 3461 726 3597 783; x_wconf 87' lang='lat' dir='ltr'>cha-</span> 
     </span>
    </p>
   </div>
   <div class='ocr_carea' id='block_1_20' title="bbox 1947 813 3597 887">
    <p class='ocr_par' dir='ltr' id='par_1_20' title="bbox 1947 813 3597 887">
     <span class='ocr_line' id='line_1_20' title="bbox 1947 813 3597 887; baseline 0 -18"><span class='ocrx_word' id='word_1_122' title='bbox 1947 815 2211 869; x_wconf 87' lang='lat' dir='ltr'>rismata.</span> <span class='ocrx_word' id='word_1_123' title='bbox 2248 816 2496 887; x_wconf 77' lang='lat' dir='ltr'>Ideoque</span> <span class='ocrx_word' id='word_1_124' title='bbox 2527 815 2663 869; x_wconf 87' lang='lat' dir='ltr'>vitia</span> <span class='ocrx_word' id='word_1_125' title='bbox 2695 817 3033 881; x_wconf 85' lang='lat' dir='ltr'>avcrsando,</span> <span class='ocrx_word' id='word_1_126' title='bbox 3059 815 3128 869; x_wconf 89' lang='lat' dir='ltr'>de</span> <span class='ocrx_word' id='word_1_127' title='bbox 3155 815 3365 869; x_wconf 88' lang='lat' dir='ltr'>virtute</span> <span class='ocrx_word' id='word_1_128' title='bbox 3399 813 3457 869; x_wconf 91' lang='lat' dir='ltr'>in</span> <span class='ocrx_word' id='word_1_129' title='bbox 3490 815 3597 869; x_wconf 91' lang='lat' dir='ltr'>vir-</span> 
     </span>
    </p>
   </div>
   <div class='ocr_carea' id='block_1_21' title="bbox 1947 902 3594 976">
    <p class='ocr_par' dir='ltr' id='par_1_21' title="bbox 1947 902 3594 976">
     <span class='ocr_line' id='line_1_21' title="bbox 1947 902 3594 976; baseline 0 -17"><span class='ocrx_word' id='word_1_130' title='bbox 1947 908 2128 959; x_wconf 89' lang='lat' dir='ltr'>tutem</span> <span class='ocrx_word' id='word_1_131' title='bbox 2164 906 2537 975; x_wconf 76' lang='lat' dir='ltr'>proticiendo,</span> <span class='ocrx_word' id='word_1_132' title='bbox 2577 922 2677 976; x_wconf 82' lang='lat' dir='ltr'>per</span> <span class='ocrx_word' id='word_1_133' title='bbox 2708 905 3046 959; x_wconf 63' lang='lat' dir='ltr'>obedientias</span> <span class='ocrx_word' id='word_1_134' title='bbox 3096 902 3487 975; x_wconf 88' lang='lat' dir='ltr'>quadruvium</span> <span class='ocrx_word' id='word_1_135' title='bbox 3522 905 3594 959; x_wconf 90' lang='lat' dir='ltr'>ad</span> 
     </span>
    </p>
   </div>
   <div class='ocr_carea' id='block_1_22' title="bbox 1945 991 3592 1065">
    <p class='ocr_par' dir='ltr' id='par_1_22' title="bbox 1945 991 3592 1065">
     <span class='ocr_line' id='line_1_22' title="bbox 1945 991 3592 1065; baseline -0.001 -17"><span class='ocrx_word' id='word_1_136' title='bbox 1945 994 2296 1048; x_wconf 68' lang='lat' dir='ltr'>humilitatis</span> <span class='ocrx_word' id='word_1_137' title='bbox 2330 1012 2511 1065; x_wconf 79' lang='lat' dir='ltr'>usque</span> <span class='ocrx_word' id='word_1_138' title='bbox 2536 1012 2878 1064; x_wconf 83' lang='lat' dir='ltr'>supremum</span> <span class='ocrx_word' id='word_1_139' title='bbox 2904 992 3241 1047; x_wconf 69' lang='lat' dir='ltr'>conscendit</span> <span class='ocrx_word' id='word_1_140' title='bbox 3274 991 3592 1063; x_wconf 70' lang='lat' dir='ltr'>fastigium.</span> 
     </span>
    </p>
   </div>
   <div class='ocr_carea' id='block_1_23' title="bbox 1950 1080 3597 1153">
    <p class='ocr_par' dir='ltr' id='par_1_23' title="bbox 1950 1080 3597 1153">
     <span class='ocr_line' id='line_1_23' title="bbox 1950 1080 3597 1153; baseline 0.001 -18"><span class='ocrx_word' id='word_1_141' title='bbox 1950 1083 2060 1137; x_wconf 67' lang='lat' dir='ltr'>Sed</span> <span class='ocrx_word' id='word_1_142' title='bbox 2095 1084 2231 1153; x_wconf 85' lang='lat' dir='ltr'>quia</span> <span class='ocrx_word' id='word_1_143' title='bbox 2262 1084 2653 1137; x_wconf 72' lang='lat' dir='ltr'>obmlicntiam</span> <span class='ocrx_word' id='word_1_144' title='bbox 2697 1100 2867 1137; x_wconf 67' lang='lat' dir='ltr'>nemo</span> <span class='ocrx_word' id='word_1_145' title='bbox 2916 1082 3067 1136; x_wconf 78' lang='lat' dir='ltr'>valet</span> <span class='ocrx_word' id='word_1_146' title='bbox 3116 1082 3259 1135; x_wconf 83' lang='lat' dir='ltr'>bene</span> <span class='ocrx_word' id='word_1_147' title='bbox 3311 1080 3597 1152; x_wconf 84' lang='lat' dir='ltr'>imperare</span> 
     </span>
    </p>
   </div>
   <div class='ocr_carea' id='block_1_24' title="bbox 1950 1169 3597 1241">
    <p class='ocr_par' dir='ltr' id='par_1_24' title="bbox 1950 1169 3597 1241">
     <span class='ocr_line' id='line_1_24' title="bbox 1950 1169 3597 1241; baseline -0.001 -16"><span class='ocrx_word' id='word_1_148' title='bbox 1950 1172 2252 1241; x_wconf 69' lang='lat' dir='ltr'>subjectis,</span> <span class='ocrx_word' id='word_1_149' title='bbox 2290 1171 2399 1224; x_wconf 85' lang='lat' dir='ltr'>nisi</span> <span class='ocrx_word' id='word_1_150' title='bbox 2434 1174 2580 1225; x_wconf 85' lang='lat' dir='ltr'>banc</span> <span class='ocrx_word' id='word_1_151' title='bbox 2628 1172 2751 1241; x_wconf 76' lang='lat' dir='ltr'>ipse</span> <span class='ocrx_word' id='word_1_152' title='bbox 2801 1172 3068 1225; x_wconf 74' lang='lat' dir='ltr'>didicerit</span> <span class='ocrx_word' id='word_1_153' title='bbox 3117 1170 3276 1241; x_wconf 81' lang='lat' dir='ltr'>prius</span> <span class='ocrx_word' id='word_1_154' title='bbox 3327 1169 3597 1224; x_wconf 80' lang='lat' dir='ltr'>exhibere</span> 
     </span>
    </p>
   </div>
   <div class='ocr_carea' id='block_1_25' title="bbox 1949 1257 3595 1331">
    <p class='ocr_par' dir='ltr' id='par_1_25' title="bbox 1949 1257 3595 1331">
     <span class='ocr_line' id='line_1_25' title="bbox 1949 1257 3595 1331; baseline 0 -20"><span class='ocrx_word' id='word_1_155' title='bbox 1949 1260 2233 1330; x_wconf 61' lang='lat' dir='ltr'>prielatis;</span> <span class='ocrx_word' id='word_1_156' title='bbox 2271 1261 2395 1313; x_wconf 67' lang='lat' dir='ltr'>ideo</span> <span class='ocrx_word' id='word_1_157' title='bbox 2427 1259 2580 1313; x_wconf 86' lang='lat' dir='ltr'>hunc</span> <span class='ocrx_word' id='word_1_158' title='bbox 2613 1259 2783 1329; x_wconf 64' lang='lat' dir='ltr'>longe</span> <span class='ocrx_word' id='word_1_159' title='bbox 2819 1265 3073 1331; x_wconf 78' lang='lat' dir='ltr'>tempore</span> <span class='ocrx_word' id='word_1_160' title='bbox 3108 1260 3204 1313; x_wconf 87' lang='lat' dir='ltr'>Dei</span> <span class='ocrx_word' id='word_1_161' title='bbox 3238 1257 3595 1329; x_wconf 66' lang='lat' dir='ltr'>dispensatio</span> 
     </span>
    </p>
   </div>
   <div class='ocr_carea' id='block_1_26' title="bbox 1947 1348 3593 1419">
    <p class='ocr_par' dir='ltr' id='par_1_26' title="bbox 1947 1348 3593 1419">
     <span class='ocr_line' id='line_1_26' title="bbox 1947 1348 3593 1419; baseline 0 -18"><span class='ocrx_word' id='word_1_162' title='bbox 1947 1349 2149 1402; x_wconf 82' lang='lat' dir='ltr'>statuit</span> <span class='ocrx_word' id='word_1_163' title='bbox 2183 1349 2444 1409; x_wconf 66' lang='lat' dir='ltr'>subesse,</span> <span class='ocrx_word' id='word_1_164' title='bbox 2473 1354 2533 1402; x_wconf 79' lang='lat' dir='ltr'>ut</span> <span class='ocrx_word' id='word_1_165' title='bbox 2570 1349 2679 1401; x_wconf 86' lang='lat' dir='ltr'>sub</span> <span class='ocrx_word' id='word_1_166' title='bbox 2713 1348 2953 1401; x_wconf 71' lang='lat' dir='ltr'>alterius</span> <span class='ocrx_word' id='word_1_167' title='bbox 2976 1348 3309 1419; x_wconf 77' lang='lat' dir='ltr'>magisterio</span> <span class='ocrx_word' id='word_1_168' title='bbox 3329 1350 3593 1413; x_wconf 79' lang='lat' dir='ltr'>disceret,</span> 
     </span>
    </p>
   </div>
   <div class='ocr_carea' id='block_1_27' title="bbox 1947 1436 3596 1508">
    <p class='ocr_par' dir='ltr' id='par_1_27' title="bbox 1947 1436 3596 1508">
     <span class='ocr_line' id='line_1_27' title="bbox 1947 1436 3596 1508; baseline -0.001 -19"><span class='ocrx_word' id='word_1_169' title='bbox 1947 1438 2239 1507; x_wconf 87' lang='lat' dir='ltr'>quomodo</span> <span class='ocrx_word' id='word_1_170' title='bbox 2274 1436 2397 1491; x_wconf 72' lang='lat' dir='ltr'>sine</span> <span class='ocrx_word' id='word_1_171' title='bbox 2431 1454 2621 1490; x_wconf 84' lang='lat' dir='ltr'>errore</span> <span class='ocrx_word' id='word_1_172' title='bbox 2656 1437 2785 1492; x_wconf 83' lang='lat' dir='ltr'>aliis</span> <span class='ocrx_word' id='word_1_173' title='bbox 2836 1442 3036 1508; x_wconf 82' lang='lat' dir='ltr'>postea</span> <span class='ocrx_word' id='word_1_174' title='bbox 3086 1452 3332 1507; x_wconf 63' lang='lat' dir='ltr'>praesse</span> <span class='ocrx_word' id='word_1_175' title='bbox 3382 1438 3596 1505; x_wconf 85' lang='lat' dir='ltr'>posset.</span> 
     </span>
    </p>
   </div>
   <div class='ocr_carea' id='block_1_28' title="bbox 1946 1524 3596 1597">
    <p class='ocr_par' dir='ltr' id='par_1_28' title="bbox 1946 1524 3596 1597">
     <span class='ocr_line' id='line_1_28' title="bbox 1946 1524 3596 1597; baseline -0.001 -18"><span class='ocrx_word' id='word_1_176' title='bbox 1946 1528 2131 1596; x_wconf 58' lang='grc' dir='ltr'>Αἰοςο</span> <span class='ocrx_word' id='word_1_177' title='bbox 2152 1525 2243 1579; x_wconf 83' lang='lat' dir='ltr'>hic.</span> <span class='ocrx_word' id='word_1_178' title='bbox 2265 1525 2333 1580; x_wconf 88' lang='lat' dir='ltr'>ab</span> <span class='ocrx_word' id='word_1_179' title='bbox 2356 1526 2735 1579; x_wconf 65' lang='lat' dir='ltr'>cfilnratinnis</span> <span class='ocrx_word' id='word_1_180' title='bbox 2754 1543 2926 1597; x_wconf 85' lang='lat' dir='ltr'>opere</span> <span class='ocrx_word' id='word_1_181' title='bbox 2946 1524 3251 1596; x_wconf 80' lang='lat' dir='ltr'>paululum</span> <span class='ocrx_word' id='word_1_182' title='bbox 3278 1524 3596 1594; x_wconf 78' lang='lat' dir='ltr'>respirabo,</span> 
     </span>
    </p>
   </div>
   <div class='ocr_carea' id='block_1_29' title="bbox 1946 1613 3600 1687">
    <p class='ocr_par' dir='ltr' id='par_1_29' title="bbox 1946 1613 3600 1687">
     <span class='ocr_line' id='line_1_29' title="bbox 1946 1613 3600 1687; baseline -0.002 -18"><span class='ocrx_word' id='word_1_183' title='bbox 1946 1620 2002 1669; x_wconf 86' lang='lat' dir='ltr'>ut</span> <span class='ocrx_word' id='word_1_184' title='bbox 2037 1614 2299 1669; x_wconf 70' lang='lat' dir='ltr'>debitum</span> <span class='ocrx_word' id='word_1_185' title='bbox 2335 1616 2508 1668; x_wconf 79' lang='lat' dir='ltr'>finem</span> <span class='ocrx_word' id='word_1_186' title='bbox 2542 1615 2635 1669; x_wconf 85' lang='lat' dir='ltr'>hic</span> <span class='ocrx_word' id='word_1_187' title='bbox 2670 1615 2815 1669; x_wconf 88' lang='lat' dir='ltr'>liber</span> <span class='ocrx_word' id='word_1_188' title='bbox 2846 1613 3115 1687; x_wconf 82' lang='lat' dir='ltr'>accipiat,</span> <span class='ocrx_word' id='word_1_189' title='bbox 3151 1615 3393 1685; x_wconf 74' lang='lat' dir='ltr'>indigna</span> <span class='ocrx_word' id='word_1_190' title='bbox 3416 1630 3600 1684; x_wconf 86' lang='lat' dir='ltr'>quan-</span> 
     </span>
    </p>
   </div>
   <div class='ocr_carea' id='block_1_30' title="bbox 1944 1704 2919 1774">
    <p class='ocr_par' dir='ltr' id='par_1_30' title="bbox 1944 1704 2919 1774">
     <span class='ocr_line' id='line_1_30' title="bbox 1944 1704 2919 1774; baseline -0.001 -18"><span class='ocrx_word' id='word_1_191' title='bbox 1944 1719 2118 1774; x_wconf 89' lang='lat' dir='ltr'>quam</span> <span class='ocrx_word' id='word_1_192' title='bbox 2152 1705 2276 1774; x_wconf 82' lang='lat' dir='ltr'>cogi</span> <span class='ocrx_word' id='word_1_193' title='bbox 2313 1704 2588 1758; x_wconf 86' lang='lat' dir='ltr'>brevitate</span> <span class='ocrx_word' id='word_1_194' title='bbox 2622 1709 2919 1774; x_wconf 72' lang='lat' dir='ltr'>queratur.</span> 
     </span>
    </p>
   </div>
   <div class='ocr_carea' id='block_1_31' title="bbox 1398 1908 2385 1997">
    <p class='ocr_par' dir='ltr' id='par_1_31' title="bbox 1398 1908 2385 1997">
     <span class='ocr_line' id='line_1_31' title="bbox 1398 1908 2385 1997; baseline 0 -4"><span class='ocrx_word' id='word_1_195' title='bbox 1398 1908 1714 1995; x_wconf 78' lang='lat' dir='ltr'>LIBER</span> <span class='ocrx_word' id='word_1_196' title='bbox 1779 1908 2385 1997; x_wconf 81' lang='lat' dir='ltr'>SECUNDUS</span> 
     </span>
    </p>
   </div>
   <div class='ocr_carea' id='block_1_32' title="bbox 246 2056 3595 2129">
    <p class='ocr_par' dir='ltr' id='par_1_32' title="bbox 246 2056 3595 2129">
     <span class='ocr_line' id='line_1_32' title="bbox 246 2056 3595 2129; baseline -0.001 -17"><span class='ocrx_word' id='word_1_197' title='bbox 246 2058 289 2113; x_wconf 94' lang='grc' dir='ltr'>Ι.</span> <span class='ocrx_word' id='word_1_198' title='bbox 324 2057 499 2113; x_wconf 70' lang='lat' dir='ltr'>Abbas</span> <span class='ocrx_word' id='word_1_199' title='bbox 530 2058 866 2129; x_wconf 72' lang='lat' dir='ltr'>designatur,</span> <span class='ocrx_word' id='word_1_200' title='bbox 901 2059 992 2113; x_wconf 73' lang='lat' dir='ltr'>sed</span> <span class='ocrx_word' id='word_1_201' title='bbox 1040 2061 1290 2113; x_wconf 64' lang='lat' dir='ltr'>assentiri</span> <span class='ocrx_word' id='word_1_202' title='bbox 1340 2068 1566 2114; x_wconf 70' lang='lat' dir='ltr'>rrcusat.</span> <span class='ocrx_word' id='word_1_203' title='bbox 1604 2091 1665 2097; x_wconf 96' lang='lat'><strong>—</strong></span> <span class='ocrx_word' id='word_1_204' title='bbox 1698 2059 1829 2113; x_wconf 79' lang='lat' dir='ltr'>Cer—</span> <span class='ocrx_word' id='word_1_205' title='bbox 1864 2060 1910 2125; x_wconf 89' lang='lat' dir='ltr'><strong>B</strong></span> <span class='ocrx_word' id='word_1_206' title='bbox 1942 2059 2200 2114; x_wconf 70' lang='lat' dir='ltr'>ofﬁcium</span> <span class='ocrx_word' id='word_1_207' title='bbox 2234 2058 2494 2113; x_wconf 79' lang='lat' dir='ltr'>divinum</span> <span class='ocrx_word' id='word_1_208' title='bbox 2526 2058 2630 2113; x_wconf 85' lang='lat' dir='ltr'>tibi</span> <span class='ocrx_word' id='word_1_209' title='bbox 2665 2076 2775 2112; x_wconf 87' lang='lat' dir='ltr'>non</span> <span class='ocrx_word' id='word_1_210' title='bbox 2813 2058 2995 2112; x_wconf 79' lang='lat' dir='ltr'>deerit</span> <span class='ocrx_word' id='word_1_211' title='bbox 3026 2058 3496 2112; x_wconf 76' lang='lat' dir='ltr'>auxilium.Tunc</span> <span class='ocrx_word' id='word_1_212' title='bbox 3530 2056 3595 2109; x_wconf 82' lang='lat' dir='ltr'>li-</span> 
     </span>
    </p>
   </div>
   <div class='ocr_carea' id='block_1_33' title="bbox 170 2146 1829 2219">
    <p class='ocr_par' dir='ltr' id='par_1_33' title="bbox 170 2146 1829 2219">
     <span class='ocr_line' id='line_1_33' title="bbox 170 2146 1829 2219; baseline 0 -17"><span class='ocrx_word' id='word_1_213' title='bbox 170 2163 322 2202; x_wconf 85' lang='lat' dir='ltr'>nens</span> <span class='ocrx_word' id='word_1_214' title='bbox 334 2146 557 2201; x_wconf 84' lang='lat' dir='ltr'>interea</span> <span class='ocrx_word' id='word_1_215' title='bbox 571 2146 656 2201; x_wconf 89' lang='lat' dir='ltr'>vir</span> <span class='ocrx_word' id='word_1_216' title='bbox 670 2146 897 2201; x_wconf 86' lang='lat' dir='ltr'>Domini</span> <span class='ocrx_word' id='word_1_217' title='bbox 915 2148 1275 2219; x_wconf 63' lang='lat' dir='ltr'>licymardus</span> <span class='ocrx_word' id='word_1_218' title='bbox 1288 2148 1525 2201; x_wconf 79' lang='lat' dir='ltr'>beatum</span> <span class='ocrx_word' id='word_1_219' title='bbox 1551 2148 1720 2203; x_wconf 76' lang='lat' dir='ltr'>Maiol</span> <span class='ocrx_word' id='word_1_220' title='bbox 1732 2166 1829 2202; x_wconf 83' lang='lat' dir='ltr'>um</span> 
     </span>
    </p>
   </div>
   <div class='ocr_carea' id='block_1_34' title="bbox 169 2235 1832 2307">
    <p class='ocr_par' dir='ltr' id='par_1_34' title="bbox 169 2235 1832 2307">
     <span class='ocr_line' id='line_1_34' title="bbox 169 2235 1832 2307; baseline 0.002 -18"><span class='ocrx_word' id='word_1_221' title='bbox 169 2236 460 2289; x_wconf 74' lang='lat' dir='ltr'>virtutum</span> <span class='ocrx_word' id='word_1_222' title='bbox 495 2235 704 2307; x_wconf 85' lang='lat' dir='ltr'>pennis</span> <span class='ocrx_word' id='word_1_223' title='bbox 754 2236 825 2289; x_wconf 86' lang='lat' dir='ltr'>ad</span> <span class='ocrx_word' id='word_1_224' title='bbox 877 2236 993 2290; x_wconf 85' lang='lat' dir='ltr'>alta</span> <span class='ocrx_word' id='word_1_225' title='bbox 1046 2237 1309 2301; x_wconf 75' lang='lat' dir='ltr'>subvehi,</span> <span class='ocrx_word' id='word_1_226' title='bbox 1345 2242 1574 2292; x_wconf 85' lang='lat' dir='ltr'>terrena</span> <span class='ocrx_word' id='word_1_227' title='bbox 1621 2242 1832 2292; x_wconf 81' lang='lat' dir='ltr'>cuncta</span> 
     </span>
    </p>
   </div>
   <div class='ocr_carea' id='block_1_35' title="bbox 173 2324 1828 2399">
    <p class='ocr_par' dir='ltr' id='par_1_35' title="bbox 173 2324 1828 2399">
     <span class='ocr_line' id='line_1_35' title="bbox 173 2324 1828 2399; baseline 0.001 -20"><span class='ocrx_word' id='word_1_228' title='bbox 173 2324 498 2395; x_wconf 83' lang='lat' dir='ltr'>despicere,</span> <span class='ocrx_word' id='word_1_229' title='bbox 534 2325 738 2379; x_wconf 90' lang='lat' dir='ltr'>mundi</span> <span class='ocrx_word' id='word_1_230' title='bbox 772 2324 1017 2397; x_wconf 80' lang='lat' dir='ltr'>gloriam</span> <span class='ocrx_word' id='word_1_231' title='bbox 1052 2325 1362 2391; x_wconf 84' lang='lat' dir='ltr'>declinare,</span> <span class='ocrx_word' id='word_1_232' title='bbox 1397 2327 1588 2381; x_wconf 79' lang='lat' dir='ltr'>verbis</span> <span class='ocrx_word' id='word_1_233' title='bbox 1610 2326 1828 2399; x_wconf 83' lang='lat' dir='ltr'>pluere,</span> 
     </span>
    </p>
   </div>
   <div class='ocr_carea' id='block_1_36' title="bbox 174 2411 1828 2480">
    <p class='ocr_par' dir='ltr' id='par_1_36' title="bbox 174 2411 1828 2480">
     <span class='ocr_line' id='line_1_36' title="bbox 174 2411 1828 2480; baseline 0.001 -12"><span class='ocrx_word' id='word_1_234' title='bbox 174 2411 481 2468; x_wconf 81' lang='lat' dir='ltr'>miraculis</span> <span class='ocrx_word' id='word_1_235' title='bbox 509 2412 842 2480; x_wconf 83' lang='lat' dir='ltr'>obscurare,</span> <span class='ocrx_word' id='word_1_236' title='bbox 878 2430 944 2469; x_wconf 87' lang='lat' dir='ltr'>ac</span> <span class='ocrx_word' id='word_1_237' title='bbox 975 2418 1095 2469; x_wconf 89' lang='lat' dir='ltr'>toto</span> <span class='ocrx_word' id='word_1_238' title='bbox 1117 2415 1423 2469; x_wconf 86' lang='lat' dir='ltr'>conamine</span> <span class='ocrx_word' id='word_1_239' title='bbox 1446 2414 1517 2469; x_wconf 83' lang='lat' dir='ltr'>de</span> <span class='ocrx_word' id='word_1_240' title='bbox 1536 2414 1748 2470; x_wconf 87' lang='lat' dir='ltr'>virtute</span> <span class='ocrx_word' id='word_1_241' title='bbox 1771 2416 1828 2470; x_wconf 90' lang='lat' dir='ltr'>in</span> 
     </span>
    </p>
   </div>
   <div class='ocr_carea' id='block_1_37' title="bbox 172 2500 1833 2572">
    <p class='ocr_par' dir='ltr' id='par_1_37' title="bbox 172 2500 1833 2572">
     <span class='ocr_line' id='line_1_37' title="bbox 172 2500 1833 2572; baseline 0.002 -18"><span class='ocrx_word' id='word_1_242' title='bbox 172 2500 455 2556; x_wconf 80' lang='lat' dir='ltr'>virtutem</span> <span class='ocrx_word' id='word_1_243' title='bbox 485 2500 632 2556; x_wconf 80' lang='lat' dir='ltr'>velle</span> <span class='ocrx_word' id='word_1_244' title='bbox 662 2503 941 2572; x_wconf 75' lang='lat' dir='ltr'>proiicere</span> <span class='ocrx_word' id='word_1_245' title='bbox 967 2520 978 2556; x_wconf 88' lang='lat'>:</span> <span class='ocrx_word' id='word_1_246' title='bbox 1005 2507 1063 2557; x_wconf 90' lang='lat' dir='ltr'>at</span> <span class='ocrx_word' id='word_1_247' title='bbox 1093 2508 1297 2558; x_wconf 90' lang='lat' dir='ltr'>contra</span> <span class='ocrx_word' id='word_1_248' title='bbox 1327 2520 1387 2558; x_wconf 86' lang='lat' dir='ltr'>se</span> <span class='ocrx_word' id='word_1_249' title='bbox 1421 2503 1833 2568; x_wconf 77' lang='lat' dir='ltr'>inﬁmum,lu-</span> 
     </span>
    </p>
   </div>
   <div class='ocr_carea' id='block_1_38' title="bbox 176 2587 1829 2663">
    <p class='ocr_par' dir='ltr' id='par_1_38' title="bbox 176 2587 1829 2663">
     <span class='ocr_line' id='line_1_38' title="bbox 176 2587 1829 2663; baseline 0.001 -18"><span class='ocrx_word' id='word_1_250' title='bbox 176 2588 335 2645; x_wconf 87' lang='lat' dir='ltr'>mine</span> <span class='ocrx_word' id='word_1_251' title='bbox 364 2587 678 2661; x_wconf 89' lang='lat' dir='ltr'>privatum,</span> <span class='ocrx_word' id='word_1_252' title='bbox 701 2589 860 2646; x_wconf 88' lang='lat' dir='ltr'>senio</span> <span class='ocrx_word' id='word_1_253' title='bbox 888 2591 1311 2663; x_wconf 84' lang='lat' dir='ltr'>fessum,atque</span> <span class='ocrx_word' id='word_1_254' title='bbox 1332 2592 1584 2646; x_wconf 75' lang='lat' dir='ltr'>emerita:</span> <span class='ocrx_word' id='word_1_255' title='bbox 1608 2590 1829 2647; x_wconf 66' lang='lat' dir='ltr'>militia:</span> 
     </span>
    </p>
   </div>
   <div class='ocr_carea' id='block_1_39' title="bbox 172 2678 1830 2749">
    <p class='ocr_par' dir='ltr' id='par_1_39' title="bbox 172 2678 1830 2749">
     <span class='ocr_line' id='line_1_39' title="bbox 172 2678 1830 2749; baseline 0.002 -16"><span class='ocrx_word' id='word_1_256' title='bbox 172 2678 301 2749; x_wconf 87' lang='lat' dir='ltr'>jam</span> <span class='ocrx_word' id='word_1_257' title='bbox 332 2680 696 2744; x_wconf 85' lang='lat' dir='ltr'>veteranum,</span> <span class='ocrx_word' id='word_1_258' title='bbox 730 2678 1059 2734; x_wconf 89' lang='lat' dir='ltr'>convocatis</span> <span class='ocrx_word' id='word_1_259' title='bbox 1092 2680 1150 2734; x_wconf 89' lang='lat' dir='ltr'>in</span> <span class='ocrx_word' id='word_1_260' title='bbox 1184 2696 1367 2735; x_wconf 91' lang='lat' dir='ltr'>unum</span> <span class='ocrx_word' id='word_1_261' title='bbox 1401 2681 1700 2747; x_wconf 84' lang='lat' dir='ltr'>fratribus,</span> <span class='ocrx_word' id='word_1_262' title='bbox 1736 2680 1830 2737; x_wconf 89' lang='lat' dir='ltr'>his</span> 
     </span>
    </p>
   </div>
   <div class='ocr_carea' id='block_1_40' title="bbox 176 2764 1831 2840">
    <p class='ocr_par' dir='ltr' id='par_1_40' title="bbox 176 2764 1831 2840">
     <span class='ocr_line' id='line_1_40' title="bbox 176 2764 1831 2840; baseline 0.001 -17"><span class='ocrx_word' id='word_1_263' title='bbox 176 2782 274 2823; x_wconf 81' lang='lat' dir='ltr'>eos</span> <span class='ocrx_word' id='word_1_264' title='bbox 286 2764 638 2837; x_wconf 86' lang='lat' dir='ltr'>compellare</span> <span class='ocrx_word' id='word_1_265' title='bbox 662 2767 835 2839; x_wconf 66' lang='lat' dir='ltr'>erepit</span> <span class='ocrx_word' id='word_1_266' title='bbox 856 2767 1267 2823; x_wconf 75' lang='lat' dir='ltr'>affatibus1Me</span> <span class='ocrx_word' id='word_1_267' title='bbox 1291 2768 1581 2840; x_wconf 83' lang='lat' dir='ltr'>privatum</span> <span class='ocrx_word' id='word_1_268' title='bbox 1607 2767 1831 2825; x_wconf 87' lang='lat' dir='ltr'>lumine</span> 
     </span>
    </p>
   </div>
   <div class='ocr_carea' id='block_1_41' title="bbox 176 2853 1833 2929">
    <p class='ocr_par' dir='ltr' id='par_1_41' title="bbox 176 2853 1833 2929">
     <span class='ocr_line' id='line_1_41' title="bbox 176 2853 1833 2929; baseline 0.001 -18"><span class='ocrx_word' id='word_1_269' title='bbox 176 2854 343 2912; x_wconf 86' lang='lat' dir='ltr'>vobis</span> <span class='ocrx_word' id='word_1_270' title='bbox 365 2853 589 2910; x_wconf 84' lang='lat' dir='ltr'>utiliter</span> <span class='ocrx_word' id='word_1_271' title='bbox 610 2871 855 2927; x_wconf 61' lang='lat' dir='ltr'>praeses</span> <span class='ocrx_word' id='word_1_272' title='bbox 873 2857 1187 2911; x_wconf 84' lang='lat' dir='ltr'>decernitis</span> <span class='ocrx_word' id='word_1_273' title='bbox 1210 2856 1452 2912; x_wconf 86' lang='lat' dir='ltr'>minime</span> <span class='ocrx_word' id='word_1_274' title='bbox 1476 2857 1833 2929; x_wconf 83' lang='lat' dir='ltr'>possc.Idco-</span> 
     </span>
    </p>
   </div>
   <div class='ocr_carea' id='block_1_42' title="bbox 173 2942 1832 3018">
    <p class='ocr_par' dir='ltr' id='par_1_42' title="bbox 173 2942 1832 3018">
     <span class='ocr_line' id='line_1_42' title="bbox 173 2942 1832 3018; baseline 0.001 -18"><span class='ocrx_word' id='word_1_275' title='bbox 173 2960 290 3018; x_wconf 89' lang='lat' dir='ltr'>que</span> <span class='ocrx_word' id='word_1_276' title='bbox 320 2942 502 2998; x_wconf 88' lang='lat' dir='ltr'>talem</span> <span class='ocrx_word' id='word_1_277' title='bbox 534 2961 603 2998; x_wconf 84' lang='lat' dir='ltr'>ex</span> <span class='ocrx_word' id='word_1_278' title='bbox 631 2942 795 2999; x_wconf 80' lang='lat' dir='ltr'>vobis</span> <span class='ocrx_word' id='word_1_279' title='bbox 828 2945 972 3016; x_wconf 82' lang='lat' dir='ltr'>ipsis</span> <span class='ocrx_word' id='word_1_280' title='bbox 1006 2944 1220 3015; x_wconf 84' lang='lat' dir='ltr'>eligite,</span> <span class='ocrx_word' id='word_1_281' title='bbox 1246 2946 1345 3017; x_wconf 87' lang='lat' dir='ltr'>qui</span> <span class='ocrx_word' id='word_1_282' title='bbox 1380 2950 1535 3001; x_wconf 88' lang='lat' dir='ltr'>tutor</span> <span class='ocrx_word' id='word_1_283' title='bbox 1558 2950 1613 3001; x_wconf 91' lang='lat' dir='ltr'>et</span> <span class='ocrx_word' id='word_1_284' title='bbox 1633 2950 1832 3003; x_wconf 88' lang='lat' dir='ltr'>custos</span> 
     </span>
    </p>
   </div>
   <div class='ocr_carea' id='block_1_43' title="bbox 172 3030 1835 3089">
    <p class='ocr_par' dir='ltr' id='par_1_43' title="bbox 172 3030 1835 3089">
     <span class='ocr_line' id='line_1_43' title="bbox 172 3030 1835 3089; baseline -0.001 -1"><span class='ocrx_word' id='word_1_285' title='bbox 172 3034 254 3089; x_wconf 90' lang='lat' dir='ltr'>sit</span> <span class='ocrx_word' id='word_1_286' title='bbox 282 3030 450 3087; x_wconf 83' lang='lat' dir='ltr'>vobis</span> <span class='ocrx_word' id='word_1_287' title='bbox 482 3031 538 3085; x_wconf 91' lang='lat' dir='ltr'>in</span> <span class='ocrx_word' id='word_1_288' title='bbox 572 3032 673 3087; x_wconf 86' lang='lat' dir='ltr'>Dei</span> <span class='ocrx_word' id='word_1_289' title='bbox 708 3032 1105 3088; x_wconf 84' lang='lat' dir='ltr'>famulamine.</span> <span class='ocrx_word' id='word_1_290' title='bbox 1143 3032 1259 3087; x_wconf 91' lang='lat' dir='ltr'>lllis</span> <span class='ocrx_word' id='word_1_291' title='bbox 1290 3037 1483 3087; x_wconf 88' lang='lat' dir='ltr'>autem</span> <span class='ocrx_word' id='word_1_292' title='bbox 1519 3032 1835 3087; x_wconf 72' lang='lat' dir='ltr'>haesitanti-</span> 
     </span>
    </p>
   </div>
   <div class='ocr_carea' id='block_1_44' title="bbox 172 3119 1832 3193">
    <p class='ocr_par' dir='ltr' id='par_1_44' title="bbox 172 3119 1832 3193">
     <span class='ocr_line' id='line_1_44' title="bbox 172 3119 1832 3193; baseline 0.001 -17"><span class='ocrx_word' id='word_1_293' title='bbox 172 3122 306 3186; x_wconf 87' lang='lat' dir='ltr'>bus,</span> <span class='ocrx_word' id='word_1_294' title='bbox 342 3126 401 3174; x_wconf 89' lang='lat' dir='ltr'>et</span> <span class='ocrx_word' id='word_1_295' title='bbox 432 3119 576 3174; x_wconf 82' lang='lat' dir='ltr'>nihil</span> <span class='ocrx_word' id='word_1_296' title='bbox 620 3121 691 3175; x_wconf 89' lang='lat' dir='ltr'>ad</span> <span class='ocrx_word' id='word_1_297' title='bbox 742 3120 862 3175; x_wconf 69' lang='lat' dir='ltr'>lucc</span> <span class='ocrx_word' id='word_1_298' title='bbox 914 3122 1426 3193; x_wconf 75' lang='lat' dir='ltr'>respondentibus,</span> <span class='ocrx_word' id='word_1_299' title='bbox 1460 3122 1613 3192; x_wconf 75' lang='lat' dir='ltr'>qUod</span> <span class='ocrx_word' id='word_1_300' title='bbox 1666 3139 1832 3178; x_wconf 84' lang='lat' dir='ltr'>mens</span> 
     </span>
    </p>
   </div>
   <div class='ocr_carea' id='block_1_45' title="bbox 173 3208 1829 3283">
    <p class='ocr_par' dir='ltr' id='par_1_45' title="bbox 173 3208 1829 3283">
     <span class='ocr_line' id='line_1_45' title="bbox 173 3208 1829 3283; baseline 0 -17"><span class='ocrx_word' id='word_1_301' title='bbox 173 3213 523 3280; x_wconf 85' lang='lat' dir='ltr'>conceperat</span> <span class='ocrx_word' id='word_1_302' title='bbox 552 3208 748 3264; x_wconf 87' lang='lat' dir='ltr'>divina</span> <span class='ocrx_word' id='word_1_303' title='bbox 786 3208 1185 3282; x_wconf 86' lang='lat' dir='ltr'>inspiratione,</span> <span class='ocrx_word' id='word_1_304' title='bbox 1219 3208 1491 3283; x_wconf 78' lang='lat' dir='ltr'>allegavit</span> <span class='ocrx_word' id='word_1_305' title='bbox 1541 3226 1829 3278; x_wconf 88' lang='lat' dir='ltr'>sermone,</span> 
     </span>
    </p>
   </div>
   <div class='ocr_carea' id='block_1_46' title="bbox 175 3296 1832 3368">
    <p class='ocr_par' dir='ltr' id='par_1_46' title="bbox 175 3296 1832 3368">
     <span class='ocr_line' id='line_1_46' title="bbox 175 3296 1832 3368; baseline 0.002 -16"><span class='ocrx_word' id='word_1_306' title='bbox 175 3299 415 3353; x_wconf 87' lang='lat' dir='ltr'>beatum</span> <span class='ocrx_word' id='word_1_307' title='bbox 436 3296 713 3352; x_wconf 81' lang='lat' dir='ltr'>Maiolum</span> <span class='ocrx_word' id='word_1_308' title='bbox 733 3304 795 3352; x_wconf 92' lang='lat' dir='ltr'>ut</span> <span class='ocrx_word' id='word_1_309' title='bbox 815 3297 1091 3368; x_wconf 75' lang='lat' dir='ltr'>eligerent</span> <span class='ocrx_word' id='word_1_310' title='bbox 1112 3298 1653 3363; x_wconf 83' lang='lat' dir='ltr'>adhortans,solum</span> <span class='ocrx_word' id='word_1_311' title='bbox 1677 3300 1832 3355; x_wconf 88' lang='lat' dir='ltr'>hunc</span> 
     </span>
    </p>
   </div>
   <div class='ocr_carea' id='block_1_47' title="bbox 174 3386 1828 3444">
    <p class='ocr_par' dir='ltr' id='par_1_47' title="bbox 174 3386 1828 3444">
     <span class='ocr_line' id='line_1_47' title="bbox 174 3386 1828 3444; baseline 0.001 -2"><span class='ocrx_word' id='word_1_312' title='bbox 174 3401 305 3442; x_wconf 88' lang='lat' dir='ltr'>esse</span> <span class='ocrx_word' id='word_1_313' title='bbox 317 3386 391 3440; x_wconf 88' lang='lat' dir='ltr'>ad</span> <span class='ocrx_word' id='word_1_314' title='bbox 406 3386 462 3439; x_wconf 92' lang='lat' dir='ltr'>id</span> <span class='ocrx_word' id='word_1_315' title='bbox 476 3386 736 3441; x_wconf 76' lang='lat' dir='ltr'>officium</span> <span class='ocrx_word' id='word_1_316' title='bbox 756 3387 1029 3441; x_wconf 85' lang='lat' dir='ltr'>idoneum</span> <span class='ocrx_word' id='word_1_317' title='bbox 1050 3388 1371 3443; x_wconf 79' lang='lat' dir='ltr'>affirmans.</span> <span class='ocrx_word' id='word_1_318' title='bbox 1392 3387 1551 3442; x_wconf 85' lang='lat' dir='ltr'>Unus</span> <span class='ocrx_word' id='word_1_319' title='bbox 1565 3388 1828 3444; x_wconf 85' lang='lat' dir='ltr'>omnium</span> 
     </span>
    </p>
   </div>
   <div class='ocr_carea' id='block_1_48' title="bbox 176 3475 1833 3547">
    <p class='ocr_par' dir='ltr' id='par_1_48' title="bbox 176 3475 1833 3547">
     <span class='ocr_line' id='line_1_48' title="bbox 176 3475 1833 3547; baseline 0.002 -18"><span class='ocrx_word' id='word_1_320' title='bbox 176 3490 525 3541; x_wconf 84' lang='lat' dir='ltr'>consensus,</span> <span class='ocrx_word' id='word_1_321' title='bbox 562 3491 665 3529; x_wconf 90' lang='lat' dir='ltr'>nec</span> <span class='ocrx_word' id='word_1_322' title='bbox 715 3476 915 3547; x_wconf 83' lang='lat' dir='ltr'>dispar</span> <span class='ocrx_word' id='word_1_323' title='bbox 964 3475 1071 3530; x_wconf 89' lang='lat' dir='ltr'>fuit</span> <span class='ocrx_word' id='word_1_324' title='bbox 1117 3476 1380 3530; x_wconf 74' lang='lat' dir='ltr'>affectus.</span> <span class='ocrx_word' id='word_1_325' title='bbox 1417 3475 1661 3531; x_wconf 85' lang='lat' dir='ltr'>Cernere</span> <span class='ocrx_word' id='word_1_326' title='bbox 1709 3482 1833 3533; x_wconf 86' lang='lat' dir='ltr'>erat</span> 
     </span>
    </p>
   </div>
   <div class='ocr_carea' id='block_1_49' title="bbox 176 3562 1831 3637">
    <p class='ocr_par' dir='ltr' id='par_1_49' title="bbox 176 3562 1831 3637">
     <span class='ocr_line' id='line_1_49' title="bbox 176 3562 1831 3637; baseline 0.001 -19"><span class='ocrx_word' id='word_1_327' title='bbox 176 3578 385 3618; x_wconf 88' lang='lat' dir='ltr'>omnes</span> <span class='ocrx_word' id='word_1_328' title='bbox 420 3562 479 3616; x_wconf 92' lang='lat' dir='ltr'>in</span> <span class='ocrx_word' id='word_1_329' title='bbox 509 3579 766 3618; x_wconf 86' lang='lat' dir='ltr'>consona</span> <span class='ocrx_word' id='word_1_330' title='bbox 811 3568 941 3619; x_wconf 87' lang='lat' dir='ltr'>vota</span> <span class='ocrx_word' id='word_1_331' title='bbox 993 3570 1247 3619; x_wconf 85' lang='lat' dir='ltr'>ruentes.</span> <span class='ocrx_word' id='word_1_332' title='bbox 1282 3564 1547 3636; x_wconf 82' lang='lat' dir='ltr'>Namque</span> <span class='ocrx_word' id='word_1_333' title='bbox 1595 3566 1831 3637; x_wconf 82' lang='lat' dir='ltr'>agmina</span> 
     </span>
    </p>
   </div>
   <div class='ocr_carea' id='block_1_50' title="bbox 171 3651 1833 3709">
    <p class='ocr_par' dir='ltr' id='par_1_50' title="bbox 171 3651 1833 3709">
     <span class='ocr_line' id='line_1_50' title="bbox 171 3651 1833 3709; baseline 0.001 -3"><span class='ocrx_word' id='word_1_334' title='bbox 171 3651 599 3707; x_wconf 85' lang='lat' dir='ltr'>monachorum</span> <span class='ocrx_word' id='word_1_335' title='bbox 631 3656 689 3706; x_wconf 89' lang='lat' dir='ltr'>et</span> <span class='ocrx_word' id='word_1_336' title='bbox 718 3651 1063 3707; x_wconf 87' lang='lat' dir='ltr'>clericorum</span> <span class='ocrx_word' id='word_1_337' title='bbox 1087 3651 1381 3707; x_wconf 87' lang='lat' dir='ltr'>nobilibus</span> <span class='ocrx_word' id='word_1_338' title='bbox 1404 3653 1541 3706; x_wconf 85' lang='lat' dir='ltr'>viris</span> <span class='ocrx_word' id='word_1_339' title='bbox 1563 3658 1833 3709; x_wconf 82' lang='lat' dir='ltr'>conserta</span> 
     </span>
    </p>
   </div>
   <div class='ocr_carea' id='block_1_51' title="bbox 171 3739 1831 3812">
    <p class='ocr_par' dir='ltr' id='par_1_51' title="bbox 171 3739 1831 3812">
     <span class='ocr_line' id='line_1_51' title="bbox 171 3739 1831 3812; baseline 0.001 -18"><span class='ocrx_word' id='word_1_340' title='bbox 171 3744 375 3806; x_wconf 87' lang='lat' dir='ltr'>ruunt,</span> <span class='ocrx_word' id='word_1_341' title='bbox 410 3739 576 3810; x_wconf 85' lang='lat' dir='ltr'>plebs</span> <span class='ocrx_word' id='word_1_342' title='bbox 608 3740 827 3795; x_wconf 88' lang='lat' dir='ltr'>rustica</span> <span class='ocrx_word' id='word_1_343' title='bbox 858 3740 1007 3811; x_wconf 84' lang='lat' dir='ltr'>plebi</span> <span class='ocrx_word' id='word_1_344' title='bbox 1040 3740 1296 3796; x_wconf 86' lang='lat' dir='ltr'>concinit</span> <span class='ocrx_word' id='word_1_345' title='bbox 1326 3742 1583 3812; x_wconf 64' lang='lat' dir='ltr'>urbana),</span> <span class='ocrx_word' id='word_1_346' title='bbox 1618 3759 1722 3812; x_wconf 91' lang='lat' dir='ltr'>par</span> <span class='ocrx_word' id='word_1_347' title='bbox 1742 3745 1831 3796; x_wconf 89' lang='lat' dir='ltr'>cst</span> 
     </span>
    </p>
   </div>
   <div class='ocr_carea' id='block_1_52' title="bbox 170 3827 1831 3901">
    <p class='ocr_par' dir='ltr' id='par_1_52' title="bbox 170 3827 1831 3901">
     <span class='ocr_line' id='line_1_52' title="bbox 170 3827 1831 3901; baseline 0.001 -19"><span class='ocrx_word' id='word_1_348' title='bbox 170 3827 468 3882; x_wconf 83' lang='lat' dir='ltr'>sententia</span> <span class='ocrx_word' id='word_1_349' title='bbox 522 3829 773 3895; x_wconf 88' lang='lat' dir='ltr'>cunctis,</span> <span class='ocrx_word' id='word_1_350' title='bbox 819 3846 925 3883; x_wconf 74' lang='lat' dir='ltr'>vox</span> <span class='ocrx_word' id='word_1_351' title='bbox 975 3830 1201 3897; x_wconf 87' lang='lat' dir='ltr'>eadem,</span> <span class='ocrx_word' id='word_1_352' title='bbox 1248 3829 1577 3901; x_wconf 82' lang='lat' dir='ltr'>studiisque</span> <span class='ocrx_word' id='word_1_353' title='bbox 1626 3831 1831 3885; x_wconf 86' lang='lat' dir='ltr'>ardent</span> 
     </span>
    </p>
   </div>
   <div class='ocr_carea' id='block_1_53' title="bbox 170 3915 1833 3989">
    <p class='ocr_par' dir='ltr' id='par_1_53' title="bbox 170 3915 1833 3989">
     <span class='ocr_line' id='line_1_53' title="bbox 170 3915 1833 3989; baseline 0.002 -18"><span class='ocrx_word' id='word_1_354' title='bbox 170 3915 592 3971; x_wconf 70' lang='lat' dir='ltr'>mmmunibus</span> <span class='ocrx_word' id='word_1_355' title='bbox 622 3934 826 3972; x_wconf 84' lang='lat' dir='ltr'>omnes</span> <span class='ocrx_word' id='word_1_356' title='bbox 860 3918 1069 3973; x_wconf 84' lang='lat' dir='ltr'>Maiolo</span> <span class='ocrx_word' id='word_1_357' title='bbox 1094 3917 1355 3972; x_wconf 91' lang='lat' dir='ltr'>tiitulum</span> <span class='ocrx_word' id='word_1_358' title='bbox 1380 3919 1683 3974; x_wconf 84' lang='lat' dir='ltr'>decernere</span> <span class='ocrx_word' id='word_1_359' title='bbox 1706 3935 1833 3989; x_wconf 84' lang='lat' dir='ltr'>pas-</span> 
     </span>
    </p>
   </div>
   <div class='ocr_carea' id='block_1_54' title="bbox 169 4003 1828 4078">
    <p class='ocr_par' dir='ltr' id='par_1_54' title="bbox 169 4003 1828 4078">
     <span class='ocr_line' id='line_1_54' title="bbox 169 4003 1828 4078; baseline 0.001 -19"><span class='ocrx_word' id='word_1_360' title='bbox 169 4003 335 4059; x_wconf 86' lang='lat' dir='ltr'>toris.</span> <span class='ocrx_word' id='word_1_361' title='bbox 374 4005 540 4059; x_wconf 83' lang='lat' dir='ltr'>Hunc</span> <span class='ocrx_word' id='word_1_362' title='bbox 570 4004 794 4060; x_wconf 88' lang='lat' dir='ltr'>clarum</span> <span class='ocrx_word' id='word_1_363' title='bbox 828 4007 1241 4073; x_wconf 80' lang='lat' dir='ltr'>meritis,bunc</span> <span class='ocrx_word' id='word_1_364' title='bbox 1286 4006 1588 4061; x_wconf 87' lang='lat' dir='ltr'>nobilitate</span> <span class='ocrx_word' id='word_1_365' title='bbox 1636 4007 1828 4078; x_wconf 85' lang='lat' dir='ltr'>legen-</span> 
     </span>
    </p>
   </div>
   <div class='ocr_carea' id='block_1_55' title="bbox 168 4092 1826 4167">
    <p class='ocr_par' dir='ltr' id='par_1_55' title="bbox 168 4092 1826 4167">
     <span class='ocr_line' id='line_1_55' title="bbox 168 4092 1826 4167; baseline 0.002 -20"><span class='ocrx_word' id='word_1_366' title='bbox 168 4092 613 4165; x_wconf 84' lang='lat' dir='ltr'>dum,dogmatc</span> <span class='ocrx_word' id='word_1_367' title='bbox 627 4095 1292 4167; x_wconf 67' lang='lat' dir='ltr'>prrecipuum,gcneroso</span> <span class='ocrx_word' id='word_1_368' title='bbox 1308 4099 1534 4166; x_wconf 85' lang='lat' dir='ltr'>pectore</span> <span class='ocrx_word' id='word_1_369' title='bbox 1549 4096 1826 4166; x_wconf 90' lang='lat' dir='ltr'>primum,</span> 
     </span>
    </p>
   </div>
   <div class='ocr_carea' id='block_1_56' title="bbox 167 4180 1828 4255">
    <p class='ocr_par' dir='ltr' id='par_1_56' title="bbox 167 4180 1828 4255">
     <span class='ocr_line' id='line_1_56' title="bbox 167 4180 1828 4255; baseline 0.003 -20"><span class='ocrx_word' id='word_1_370' title='bbox 167 4180 537 4253; x_wconf 83' lang='lat' dir='ltr'>principibus</span> <span class='ocrx_word' id='word_1_371' title='bbox 568 4187 775 4237; x_wconf 90' lang='lat' dir='ltr'>notum</span> <span class='ocrx_word' id='word_1_372' title='bbox 800 4188 855 4237; x_wconf 88' lang='lat' dir='ltr'>et</span> <span class='ocrx_word' id='word_1_373' title='bbox 878 4182 1162 4238; x_wconf 89' lang='lat' dir='ltr'>nonnulla</span> <span class='ocrx_word' id='word_1_374' title='bbox 1185 4188 1347 4255; x_wconf 87' lang='lat' dir='ltr'>parte</span> <span class='ocrx_word' id='word_1_375' title='bbox 1370 4185 1828 4240; x_wconf 89' lang='lat' dir='ltr'>vcrendum.Scd</span> 
     </span>
    </p>
   </div>
   <div class='ocr_carea' id='block_1_57' title="bbox 166 4271 1828 4344">
    <p class='ocr_par' dir='ltr' id='par_1_57' title="bbox 166 4271 1828 4344">
     <span class='ocr_line' id='line_1_57' title="bbox 166 4271 1828 4344; baseline 0.002 -20"><span class='ocrx_word' id='word_1_376' title='bbox 166 4286 479 4326; x_wconf 78' lang='lat' dir='ltr'>assensum</span> <span class='ocrx_word' id='word_1_377' title='bbox 514 4275 576 4325; x_wconf 91' lang='lat' dir='ltr'>ut</span> <span class='ocrx_word' id='word_1_378' title='bbox 609 4272 889 4341; x_wconf 67' lang='lat' dir='ltr'>prazberct</span> <span class='ocrx_word' id='word_1_379' title='bbox 920 4288 1053 4326; x_wconf 90' lang='lat' dir='ltr'>cum</span> <span class='ocrx_word' id='word_1_380' title='bbox 1081 4271 1261 4327; x_wconf 91' lang='lat' dir='ltr'>nullis</span> <span class='ocrx_word' id='word_1_381' title='bbox 1292 4273 1623 4327; x_wconf 85' lang='lat' dir='ltr'>ﬂecteretur</span> <span class='ocrx_word' id='word_1_382' title='bbox 1644 4274 1828 4344; x_wconf 87' lang='lat' dir='ltr'>preci-</span> 
     </span>
    </p>
   </div>
   <div class='ocr_carea' id='block_1_58' title="bbox 167 4358 1831 4433">
    <p class='ocr_par' dir='ltr' id='par_1_58' title="bbox 167 4358 1831 4433">
     <span class='ocr_line' id='line_1_58' title="bbox 167 4358 1831 4433; baseline 0.002 -21"><span class='ocrx_word' id='word_1_383' title='bbox 167 4358 298 4424; x_wconf 87' lang='lat' dir='ltr'>bus,</span> <span class='ocrx_word' id='word_1_384' title='bbox 324 4358 513 4413; x_wconf 87' lang='lat' dir='ltr'>abbas</span> <span class='ocrx_word' id='word_1_385' title='bbox 534 4359 686 4414; x_wconf 90' lang='lat' dir='ltr'>bono</span> <span class='ocrx_word' id='word_1_386' title='bbox 720 4377 864 4415; x_wconf 89' lang='lat' dir='ltr'>usus</span> <span class='ocrx_word' id='word_1_387' title='bbox 896 4361 1161 4425; x_wconf 90' lang='lat' dir='ltr'>consilio,</span> <span class='ocrx_word' id='word_1_388' title='bbox 1187 4362 1343 4432; x_wconf 88' lang='lat' dir='ltr'>quod</span> <span class='ocrx_word' id='word_1_389' title='bbox 1368 4361 1476 4415; x_wconf 89' lang='lat' dir='ltr'>sibi</span> <span class='ocrx_word' id='word_1_390' title='bbox 1505 4361 1831 4433; x_wconf 73' lang='lat' dir='ltr'>denegabat</span> 
     </span>
    </p>
   </div>
   <div class='ocr_carea' id='block_1_59' title="bbox 165 4444 1825 4520">
    <p class='ocr_par' dir='ltr' id='par_1_59' title="bbox 165 4444 1825 4520">
     <span class='ocr_line' id='line_1_59' title="bbox 165 4444 1825 4520; baseline 0.001 -19"><span class='ocrx_word' id='word_1_391' title='bbox 165 4444 473 4518; x_wconf 87' lang='lat' dir='ltr'>possibile,</span> <span class='ocrx_word' id='word_1_392' title='bbox 505 4446 557 4501; x_wconf 87' lang='lat' dir='ltr'>ei</span> <span class='ocrx_word' id='word_1_393' title='bbox 590 4448 691 4518; x_wconf 91' lang='lat' dir='ltr'>qui</span> <span class='ocrx_word' id='word_1_394' title='bbox 726 4448 924 4503; x_wconf 87' lang='lat' dir='ltr'>omnia</span> <span class='ocrx_word' id='word_1_395' title='bbox 956 4453 1148 4520; x_wconf 85' lang='lat' dir='ltr'>potest</span> <span class='ocrx_word' id='word_1_396' title='bbox 1182 4448 1409 4503; x_wconf 86' lang='lat' dir='ltr'>studuit</span> <span class='ocrx_word' id='word_1_397' title='bbox 1441 4450 1825 4505; x_wconf 87' lang='lat' dir='ltr'>committere.</span> 
     </span>
    </p>
   </div>
   <div class='ocr_carea' id='block_1_60' title="bbox 165 4535 1827 4609">
    <p class='ocr_par' dir='ltr' id='par_1_60' title="bbox 165 4535 1827 4609">
     <span class='ocr_line' id='line_1_60' title="bbox 165 4535 1827 4609; baseline 0.003 -21"><span class='ocrx_word' id='word_1_398' title='bbox 165 4535 451 4600; x_wconf 87' lang='lat' dir='ltr'>Quocirca</span> <span class='ocrx_word' id='word_1_399' title='bbox 483 4540 614 4605; x_wconf 89' lang='lat' dir='ltr'>post</span> <span class='ocrx_word' id='word_1_400' title='bbox 639 4535 1008 4609; x_wconf 83' lang='lat' dir='ltr'>singularum</span> <span class='ocrx_word' id='word_1_401' title='bbox 1057 4536 1603 4592; x_wconf 88' lang='lat' dir='ltr'>determinationem</span> <span class='ocrx_word' id='word_1_402' title='bbox 1657 4537 1827 4593; x_wconf 87' lang='lat' dir='ltr'>hora-</span> 
     </span>
    </p>
   </div>
   <div class='ocr_carea' id='block_1_61' title="bbox 163 4623 1826 4698">
    <p class='ocr_par' dir='ltr' id='par_1_61' title="bbox 163 4623 1826 4698">
     <span class='ocr_line' id='line_1_61' title="bbox 163 4623 1826 4698; baseline 0.004 -22"><span class='ocrx_word' id='word_1_403' title='bbox 163 4638 321 4689; x_wconf 88' lang='lat' dir='ltr'>rum,</span> <span class='ocrx_word' id='word_1_404' title='bbox 354 4637 535 4693; x_wconf 88' lang='lat' dir='ltr'>super</span> <span class='ocrx_word' id='word_1_405' title='bbox 565 4623 674 4680; x_wconf 85' lang='lat' dir='ltr'>hac</span> <span class='ocrx_word' id='word_1_406' title='bbox 706 4625 985 4696; x_wconf 87' lang='lat' dir='ltr'>petitione</span> <span class='ocrx_word' id='word_1_407' title='bbox 1018 4624 1325 4698; x_wconf 87' lang='lat' dir='ltr'>prostratis</span> <span class='ocrx_word' id='word_1_408' title='bbox 1356 4625 1413 4681; x_wconf 90' lang='lat' dir='ltr'>in</span> <span class='ocrx_word' id='word_1_409' title='bbox 1464 4631 1680 4682; x_wconf 87' lang='lat' dir='ltr'>terram</span> <span class='ocrx_word' id='word_1_410' title='bbox 1713 4627 1826 4682; x_wconf 88' lang='lat' dir='ltr'>fra-</span> 
     </span>
    </p>
   </div>
   <div class='ocr_carea' id='block_1_62' title="bbox 161 4709 1825 4786">
    <p class='ocr_par' dir='ltr' id='par_1_62' title="bbox 161 4709 1825 4786">
     <span class='ocr_line' id='line_1_62' title="bbox 161 4709 1825 4786; baseline 0.003 -21"><span class='ocrx_word' id='word_1_411' title='bbox 161 4709 380 4778; x_wconf 87' lang='lat' dir='ltr'>tribus,</span> <span class='ocrx_word' id='word_1_412' title='bbox 415 4712 813 4784; x_wconf 87' lang='lat' dir='ltr'>octogesimus</span> <span class='ocrx_word' id='word_1_413' title='bbox 848 4720 1045 4769; x_wconf 85' lang='lat' dir='ltr'>sextus</span> <span class='ocrx_word' id='word_1_414' title='bbox 1078 4714 1496 4769; x_wconf 86' lang='lat' dir='ltr'>decantabatur</span> <span class='ocrx_word' id='word_1_415' title='bbox 1538 4713 1825 4786; x_wconf 88' lang='lat' dir='ltr'>psalmus.</span> 
     </span>
    </p>
   </div>
   <div class='ocr_carea' id='block_1_63' title="bbox 1942 2145 3591 2218">
    <p class='ocr_par' dir='ltr' id='par_1_63' title="bbox 1942 2145 3591 2218">
     <span class='ocr_line' id='line_1_63' title="bbox 1942 2145 3591 2218; baseline -0.002 -16"><span class='ocrx_word' id='word_1_416' title='bbox 1942 2146 2159 2202; x_wconf 87' lang='lat' dir='ltr'>bellum</span> <span class='ocrx_word' id='word_1_417' title='bbox 2175 2163 2346 2218; x_wconf 84' lang='lat' dir='ltr'>quem</span> <span class='ocrx_word' id='word_1_418' title='bbox 2368 2147 2509 2202; x_wconf 88' lang='lat' dir='ltr'>forte</span> <span class='ocrx_word' id='word_1_419' title='bbox 2525 2164 2657 2201; x_wconf 89' lang='lat' dir='ltr'>man</span> <span class='ocrx_word' id='word_1_420' title='bbox 2670 2165 2703 2200; x_wconf 93' lang='lat' dir='ltr'>u</span> <span class='ocrx_word' id='word_1_421' title='bbox 2719 2147 2983 2217; x_wconf 79' lang='lat' dir='ltr'>gestabat</span> <span class='ocrx_word' id='word_1_422' title='bbox 2995 2145 3387 2217; x_wconf 67' lang='lat' dir='ltr'>prtetcndens:</span> <span class='ocrx_word' id='word_1_423' title='bbox 3408 2145 3591 2210; x_wconf 85' lang='lat' dir='ltr'>Hunc,</span> 
     </span>
    </p>
   </div>
   <div class='ocr_carea' id='block_1_64' title="bbox 1942 2234 3595 2307">
    <p class='ocr_par' dir='ltr' id='par_1_64' title="bbox 1942 2234 3595 2307">
     <span class='ocr_line' id='line_1_64' title="bbox 1942 2234 3595 2307; baseline -0.003 -16"><span class='ocrx_word' id='word_1_424' title='bbox 1942 2236 2151 2307; x_wconf 83' lang='lat' dir='ltr'>inquit,</span> <span class='ocrx_word' id='word_1_425' title='bbox 2186 2243 2247 2290; x_wconf 90' lang='lat' dir='ltr'>tu</span> <span class='ocrx_word' id='word_1_426' title='bbox 2281 2236 2554 2291; x_wconf 90' lang='lat' dir='ltr'>comitem</span> <span class='ocrx_word' id='word_1_427' title='bbox 2586 2236 2818 2301; x_wconf 86' lang='lat' dir='ltr'>habeto,</span> <span class='ocrx_word' id='word_1_428' title='bbox 2844 2237 3089 2306; x_wconf 84' lang='lat' dir='ltr'>ejusque</span> <span class='ocrx_word' id='word_1_429' title='bbox 3111 2234 3446 2288; x_wconf 83' lang='lat' dir='ltr'>testimonio</span> <span class='ocrx_word' id='word_1_430' title='bbox 3469 2250 3595 2304; x_wconf 71' lang='lat' dir='ltr'>qua:</span> 
     </span>
    </p>
   </div>
   <div class='ocr_carea' id='block_1_65' title="bbox 1943 2320 3596 2397">
    <p class='ocr_par' dir='ltr' id='par_1_65' title="bbox 1943 2320 3596 2397">
     <span class='ocr_line' id='line_1_65' title="bbox 1943 2320 3596 2397; baseline -0.002 -18"><span class='ocrx_word' id='word_1_431' title='bbox 1943 2325 2168 2397; x_wconf 86' lang='lat' dir='ltr'>agenda</span> <span class='ocrx_word' id='word_1_432' title='bbox 2199 2329 2337 2379; x_wconf 82' lang='lat' dir='ltr'>sunt</span> <span class='ocrx_word' id='word_1_433' title='bbox 2359 2325 2536 2397; x_wconf 81' lang='lat' dir='ltr'>agito.</span> <span class='ocrx_word' id='word_1_434' title='bbox 2552 2324 2681 2379; x_wconf 65' lang='lat' dir='ltr'>Haec</span> <span class='ocrx_word' id='word_1_435' title='bbox 2704 2330 2900 2378; x_wconf 88' lang='lat' dir='ltr'>autem</span> <span class='ocrx_word' id='word_1_436' title='bbox 2922 2323 3022 2394; x_wconf 91' lang='lat' dir='ltr'>qui</span> <span class='ocrx_word' id='word_1_437' title='bbox 3048 2322 3420 2388; x_wconf 85' lang='lat' dir='ltr'>fabatur,non</span> <span class='ocrx_word' id='word_1_438' title='bbox 3446 2320 3596 2376; x_wconf 89' lang='lat' dir='ltr'>alius</span> 
     </span>
    </p>
   </div>
   <div class='ocr_carea' id='block_1_66' title="bbox 1942 2409 3596 2485">
    <p class='ocr_par' dir='ltr' id='par_1_66' title="bbox 1942 2409 3596 2485">
     <span class='ocr_line' id='line_1_66' title="bbox 1942 2409 3596 2485; baseline -0.002 -17"><span class='ocrx_word' id='word_1_439' title='bbox 1942 2415 2053 2469; x_wconf 84' lang='lat' dir='ltr'>sibi</span> <span class='ocrx_word' id='word_1_440' title='bbox 2089 2426 2267 2485; x_wconf 86' lang='lat' dir='ltr'>quam</span> <span class='ocrx_word' id='word_1_441' title='bbox 2300 2414 2363 2469; x_wconf 87' lang='grc' dir='ltr'><strong>Β.</strong></span> <span class='ocrx_word' id='word_1_442' title='bbox 2398 2413 2747 2468; x_wconf 88' lang='lat' dir='ltr'>Benedictus</span> <span class='ocrx_word' id='word_1_443' title='bbox 2784 2412 3109 2467; x_wconf 83' lang='lat' dir='ltr'>videbatur.</span> <span class='ocrx_word' id='word_1_444' title='bbox 3146 2411 3346 2482; x_wconf 83' lang='lat' dir='ltr'>Itaque</span> <span class='ocrx_word' id='word_1_445' title='bbox 3376 2409 3486 2465; x_wconf 83' lang='lat' dir='ltr'>hac</span> <span class='ocrx_word' id='word_1_446' title='bbox 3513 2409 3596 2464; x_wconf 89' lang='lat' dir='ltr'>vi-</span> 
     </span>
    </p>
   </div>
   <div class='ocr_carea' id='block_1_67' title="bbox 1941 2498 3596 2574">
    <p class='ocr_par' dir='ltr' id='par_1_67' title="bbox 1941 2498 3596 2574">
     <span class='ocr_line' id='line_1_67' title="bbox 1941 2498 3596 2574; baseline -0.002 -18"><span class='ocrx_word' id='word_1_447' title='bbox 1941 2502 2103 2557; x_wconf 86' lang='lat' dir='ltr'>sione</span> <span class='ocrx_word' id='word_1_448' title='bbox 2135 2501 2565 2574; x_wconf 89' lang='lat' dir='ltr'>aliquantulum</span> <span class='ocrx_word' id='word_1_449' title='bbox 2600 2507 2914 2567; x_wconf 86' lang='lat' dir='ltr'>recreatus,</span> <span class='ocrx_word' id='word_1_450' title='bbox 2949 2499 3201 2554; x_wconf 86' lang='lat' dir='ltr'>titubare</span> <span class='ocrx_word' id='word_1_451' title='bbox 3245 2498 3507 2570; x_wconf 79' lang='lat' dir='ltr'>nequivit</span> <span class='ocrx_word' id='word_1_452' title='bbox 3535 2513 3596 2552; x_wconf 84' lang='lat' dir='ltr'>se</span> 
     </span>
    </p>
   </div>
   <div class='ocr_carea' id='block_1_68' title="bbox 1941 2586 3595 2661">
    <p class='ocr_par' dir='ltr' id='par_1_68' title="bbox 1941 2586 3595 2661">
     <span class='ocr_line' id='line_1_68' title="bbox 1941 2586 3595 2661; baseline -0.003 -16"><span class='ocrx_word' id='word_1_453' title='bbox 1941 2591 2011 2645; x_wconf 88' lang='lat' dir='ltr'>ad</span> <span class='ocrx_word' id='word_1_454' title='bbox 2046 2590 2155 2645; x_wconf 86' lang='lat' dir='ltr'>hoc</span> <span class='ocrx_word' id='word_1_455' title='bbox 2188 2607 2335 2661; x_wconf 90' lang='lat' dir='ltr'>opus</span> <span class='ocrx_word' id='word_1_456' title='bbox 2359 2588 2555 2644; x_wconf 87' lang='lat' dir='ltr'>divina</span> <span class='ocrx_word' id='word_1_457' title='bbox 2576 2590 2701 2661; x_wconf 82' lang='lat' dir='ltr'>cogi</span> <span class='ocrx_word' id='word_1_458' title='bbox 2725 2587 3179 2659; x_wconf 80' lang='lat' dir='ltr'>dispensatione.</span> <span class='ocrx_word' id='word_1_459' title='bbox 3197 2586 3437 2641; x_wconf 82' lang='lat' dir='ltr'>Jactans</span> <span class='ocrx_word' id='word_1_460' title='bbox 3458 2602 3595 2658; x_wconf 86' lang='lat' dir='ltr'>ergo</span> 
     </span>
    </p>
   </div>
   <div class='ocr_carea' id='block_1_69' title="bbox 1941 2674 3593 2747">
    <p class='ocr_par' dir='ltr' id='par_1_69' title="bbox 1941 2674 3593 2747">
     <span class='ocr_line' id='line_1_69' title="bbox 1941 2674 3593 2747; baseline -0.003 -14"><span class='ocrx_word' id='word_1_461' title='bbox 1941 2679 1997 2734; x_wconf 91' lang='lat' dir='ltr'>in</span> <span class='ocrx_word' id='word_1_462' title='bbox 2032 2678 2278 2734; x_wconf 90' lang='lat' dir='ltr'>Domino</span> <span class='ocrx_word' id='word_1_463' title='bbox 2309 2693 2511 2732; x_wconf 89' lang='lat' dir='ltr'>curam</span> <span class='ocrx_word' id='word_1_464' title='bbox 2544 2694 2735 2742; x_wconf 89' lang='lat' dir='ltr'>suam,</span> <span class='ocrx_word' id='word_1_465' title='bbox 2771 2680 3075 2747; x_wconf 87' lang='lat' dir='ltr'>totumque</span> <span class='ocrx_word' id='word_1_466' title='bbox 3106 2690 3281 2729; x_wconf 86' lang='lat' dir='ltr'>suum</span> <span class='ocrx_word' id='word_1_467' title='bbox 3333 2690 3505 2746; x_wconf 87' lang='lat' dir='ltr'>posse</span> <span class='ocrx_word' id='word_1_468' title='bbox 3533 2674 3593 2728; x_wconf 89' lang='lat' dir='ltr'>in</span> 
     </span>
    </p>
   </div>
   <div class='ocr_carea' id='block_1_70' title="bbox 1940 2762 3588 2839">
    <p class='ocr_par' dir='ltr' id='par_1_70' title="bbox 1940 2762 3588 2839">
     <span class='ocr_line' id='line_1_70' title="bbox 1940 2762 3588 2839; baseline -0.004 -18"><span class='ocrx_word' id='word_1_469' title='bbox 1940 2768 2069 2839; x_wconf 87' lang='lat' dir='ltr'>ejus</span> <span class='ocrx_word' id='word_1_470' title='bbox 2098 2783 2321 2839; x_wconf 87' lang='lat' dir='ltr'>ponens</span> <span class='ocrx_word' id='word_1_471' title='bbox 2346 2765 2524 2832; x_wconf 87' lang='lat' dir='ltr'>velle;</span> <span class='ocrx_word' id='word_1_472' title='bbox 2559 2766 2711 2821; x_wconf 86' lang='lat' dir='ltr'>facto</span> <span class='ocrx_word' id='word_1_473' title='bbox 2735 2780 2905 2819; x_wconf 87' lang='lat' dir='ltr'>mane</span> <span class='ocrx_word' id='word_1_474' title='bbox 2926 2764 2983 2818; x_wconf 90' lang='lat' dir='ltr'>in</span> <span class='ocrx_word' id='word_1_475' title='bbox 3008 2768 3291 2818; x_wconf 86' lang='lat' dir='ltr'>conventu</span> <span class='ocrx_word' id='word_1_476' title='bbox 3317 2762 3588 2828; x_wconf 82' lang='lat' dir='ltr'>fratrum,</span> 
     </span>
    </p>
   </div>
   <div class='ocr_carea' id='block_1_71' title="bbox 1940 2849 3587 2928">
    <p class='ocr_par' dir='ltr' id='par_1_71' title="bbox 1940 2849 3587 2928">
     <span class='ocr_line' id='line_1_71' title="bbox 1940 2849 3587 2928; baseline -0.004 -18"><span class='ocrx_word' id='word_1_477' title='bbox 1940 2870 2178 2928; x_wconf 87' lang='lat' dir='ltr'>corpore</span> <span class='ocrx_word' id='word_1_478' title='bbox 2226 2854 2283 2909; x_wconf 93' lang='lat' dir='ltr'>in</span> <span class='ocrx_word' id='word_1_479' title='bbox 2336 2861 2551 2909; x_wconf 87' lang='lat' dir='ltr'>terram</span> <span class='ocrx_word' id='word_1_480' title='bbox 2604 2858 2913 2926; x_wconf 84' lang='lat' dir='ltr'>prostrato,</span> <span class='ocrx_word' id='word_1_481' title='bbox 2966 2856 3085 2906; x_wconf 90' lang='lat' dir='ltr'>tam</span> <span class='ocrx_word' id='word_1_482' title='bbox 3147 2849 3364 2916; x_wconf 86' lang='lat' dir='ltr'>abbati,</span> <span class='ocrx_word' id='word_1_483' title='bbox 3408 2866 3587 2921; x_wconf 85' lang='lat' dir='ltr'>quam</span> 
     </span>
    </p>
   </div>
   <div class='ocr_carea' id='block_1_72' title="bbox 1941 2938 3590 3010">
    <p class='ocr_par' dir='ltr' id='par_1_72' title="bbox 1941 2938 3590 3010">
     <span class='ocr_line' id='line_1_72' title="bbox 1941 2938 3590 3010; baseline -0.004 -11"><span class='ocrx_word' id='word_1_484' title='bbox 1941 2944 2216 2999; x_wconf 88' lang='lat' dir='ltr'>omnibus</span> <span class='ocrx_word' id='word_1_485' title='bbox 2250 2942 2528 2997; x_wconf 83' lang='lat' dir='ltr'>fratribus</span> <span class='ocrx_word' id='word_1_486' title='bbox 2560 2941 2843 2997; x_wconf 84' lang='lat' dir='ltr'>satisfecit</span> <span class='ocrx_word' id='word_1_487' title='bbox 2876 2942 2930 2994; x_wconf 87' lang='lat' dir='ltr'>in</span> <span class='ocrx_word' id='word_1_488' title='bbox 2956 2938 3228 3010; x_wconf 88' lang='lat' dir='ltr'>capitulo,</span> <span class='ocrx_word' id='word_1_489' title='bbox 3255 2955 3508 3010; x_wconf 86' lang='lat' dir='ltr'>arguens</span> <span class='ocrx_word' id='word_1_490' title='bbox 3527 2954 3590 2993; x_wconf 83' lang='lat' dir='ltr'>se</span> 
     </span>
    </p>
   </div>
   <div class='ocr_carea' id='block_1_73' title="bbox 1941 3025 3591 3104">
    <p class='ocr_par' dir='ltr' id='par_1_73' title="bbox 1941 3025 3591 3104">
     <span class='ocr_line' id='line_1_73' title="bbox 1941 3025 3591 3104; baseline -0.004 -16"><span class='ocrx_word' id='word_1_491' title='bbox 1941 3033 2147 3104; x_wconf 62' lang='lat' dir='ltr'>culpae,</span> <span class='ocrx_word' id='word_1_492' title='bbox 2183 3031 2400 3103; x_wconf 88' lang='lat' dir='ltr'>talique</span> <span class='ocrx_word' id='word_1_493' title='bbox 2432 3046 2530 3086; x_wconf 90' lang='lat' dir='ltr'>eos</span> <span class='ocrx_word' id='word_1_494' title='bbox 2561 3031 2910 3086; x_wconf 85' lang='lat' dir='ltr'>conveniens</span> <span class='ocrx_word' id='word_1_495' title='bbox 2941 3026 3445 3083; x_wconf 85' lang='lat' dir='ltr'>sermocinatione.</span> <span class='ocrx_word' id='word_1_496' title='bbox 3485 3047 3513 3074; x_wconf 83' lang='lat'>«</span> <span class='ocrx_word' id='word_1_497' title='bbox 3544 3025 3591 3081; x_wconf 93' lang='grc' dir='ltr'>Ο</span> 
     </span>
    </p>
   </div>
   <div class='ocr_carea' id='block_1_74' title="bbox 1943 3113 3589 3187">
    <p class='ocr_par' dir='ltr' id='par_1_74' title="bbox 1943 3113 3589 3187">
     <span class='ocr_line' id='line_1_74' title="bbox 1943 3113 3589 3187; baseline -0.004 -11"><span class='ocrx_word' id='word_1_498' title='bbox 1943 3123 2163 3187; x_wconf 86' lang='lat' dir='ltr'>Patres,</span> <span class='ocrx_word' id='word_1_499' title='bbox 2198 3137 2229 3175; x_wconf 95' lang='lat' dir='ltr'>o</span> <span class='ocrx_word' id='word_1_500' title='bbox 2264 3123 2492 3184; x_wconf 85' lang='lat' dir='ltr'>fratres,</span> <span class='ocrx_word' id='word_1_501' title='bbox 2524 3118 2631 3174; x_wconf 89' lang='lat' dir='ltr'>hoc</span> <span class='ocrx_word' id='word_1_502' title='bbox 2662 3117 3039 3172; x_wconf 52' lang='lat' dir='ltr'>contumacia)</span> <span class='ocrx_word' id='word_1_503' title='bbox 3072 3117 3351 3187; x_wconf 85' lang='lat' dir='ltr'>deputare</span> <span class='ocrx_word' id='word_1_504' title='bbox 3385 3113 3589 3182; x_wconf 84' lang='lat' dir='ltr'>nolite,</span> 
     </span>
    </p>
   </div>
   <div class='ocr_carea' id='block_1_75' title="bbox 1944 3202 3595 3282">
    <p class='ocr_par' dir='ltr' id='par_1_75' title="bbox 1944 3202 3595 3282">
     <span class='ocr_line' id='line_1_75' title="bbox 1944 3202 3595 3282; baseline -0.004 -17"><span class='ocrx_word' id='word_1_505' title='bbox 1944 3210 2097 3282; x_wconf 90' lang='lat' dir='ltr'>quod</span> <span class='ocrx_word' id='word_1_506' title='bbox 2132 3208 2422 3264; x_wconf 86' lang='lat' dir='ltr'>obstinato</span> <span class='ocrx_word' id='word_1_507' title='bbox 2457 3210 2651 3263; x_wconf 90' lang='lat' dir='ltr'>animo</span> <span class='ocrx_word' id='word_1_508' title='bbox 2681 3211 2882 3261; x_wconf 68' lang='lat' dir='ltr'>vestrae</span> <span class='ocrx_word' id='word_1_509' title='bbox 2906 3205 3163 3277; x_wconf 83' lang='lat' dir='ltr'>jussioni</span> <span class='ocrx_word' id='word_1_510' title='bbox 3213 3202 3416 3259; x_wconf 89' lang='lat' dir='ltr'>distuli</span> <span class='ocrx_word' id='word_1_511' title='bbox 3457 3203 3595 3258; x_wconf 86' lang='lat' dir='ltr'>obe-</span> 
     </span>
    </p>
   </div>
   <div class='ocr_carea' id='block_1_76' title="bbox 1944 3291 3596 3368">
    <p class='ocr_par' dir='ltr' id='par_1_76' title="bbox 1944 3291 3596 3368">
     <span class='ocr_line' id='line_1_76' title="bbox 1944 3291 3596 3368; baseline -0.004 -16"><span class='ocrx_word' id='word_1_512' title='bbox 1944 3299 2086 3353; x_wconf 88' lang='lat' dir='ltr'>dire.</span> <span class='ocrx_word' id='word_1_513' title='bbox 2121 3299 2463 3353; x_wconf 87' lang='lat' dir='ltr'>Animarum</span> <span class='ocrx_word' id='word_1_514' title='bbox 2488 3296 2644 3351; x_wconf 84' lang='lat' dir='ltr'>enim</span> <span class='ocrx_word' id='word_1_515' title='bbox 2669 3296 2783 3368; x_wconf 80' lang='lat' dir='ltr'>regi</span> <span class='ocrx_word' id='word_1_516' title='bbox 2796 3295 2971 3349; x_wconf 88' lang='lat' dir='ltr'>minis</span> <span class='ocrx_word' id='word_1_517' title='bbox 2992 3294 3133 3349; x_wconf 89' lang='lat' dir='ltr'>dum</span> <span class='ocrx_word' id='word_1_518' title='bbox 3156 3291 3273 3347; x_wconf 87' lang='lat' dir='ltr'>vim</span> <span class='ocrx_word' id='word_1_519' title='bbox 3296 3297 3353 3347; x_wconf 90' lang='lat' dir='ltr'>et</span> <span class='ocrx_word' id='word_1_520' title='bbox 3373 3291 3596 3364; x_wconf 85' lang='lat' dir='ltr'>magni-</span> 
     </span>
    </p>
   </div>
   <div class='ocr_carea' id='block_1_77' title="bbox 1943 3379 3591 3456">
    <p class='ocr_par' dir='ltr' id='par_1_77' title="bbox 1943 3379 3591 3456">
     <span class='ocr_line' id='line_1_77' title="bbox 1943 3379 3591 3456; baseline -0.005 -15"><span class='ocrx_word' id='word_1_521' title='bbox 1943 3388 2208 3442; x_wconf 86' lang='lat' dir='ltr'>tudinem</span> <span class='ocrx_word' id='word_1_522' title='bbox 2242 3390 2436 3440; x_wconf 88' lang='lat' dir='ltr'>mente</span> <span class='ocrx_word' id='word_1_523' title='bbox 2478 3391 2784 3456; x_wconf 75' lang='lat' dir='ltr'>pertracto,</span> <span class='ocrx_word' id='word_1_524' title='bbox 2820 3399 2962 3437; x_wconf 74' lang='lat' dir='ltr'>mezs</span> <span class='ocrx_word' id='word_1_525' title='bbox 3011 3379 3408 3436; x_wconf 87' lang='lat' dir='ltr'>imbecilitatis</span> <span class='ocrx_word' id='word_1_526' title='bbox 3455 3396 3591 3434; x_wconf 86' lang='lat' dir='ltr'>con-</span> 
     </span>
    </p>
   </div>
   <div class='ocr_carea' id='block_1_78' title="bbox 1944 3467 3592 3545">
    <p class='ocr_par' dir='ltr' id='par_1_78' title="bbox 1944 3467 3592 3545">
     <span class='ocr_line' id='line_1_78' title="bbox 1944 3467 3592 3545; baseline -0.006 -14"><span class='ocrx_word' id='word_1_527' title='bbox 1944 3475 2121 3543; x_wconf 87' lang='lat' dir='ltr'>scius,</span> <span class='ocrx_word' id='word_1_528' title='bbox 2158 3476 2226 3529; x_wconf 90' lang='lat' dir='ltr'>ad</span> <span class='ocrx_word' id='word_1_529' title='bbox 2263 3475 2370 3530; x_wconf 90' lang='lat' dir='ltr'>hoc</span> <span class='ocrx_word' id='word_1_530' title='bbox 2417 3473 2858 3545; x_wconf 89' lang='lat' dir='ltr'>suscipiendum</span> <span class='ocrx_word' id='word_1_531' title='bbox 2910 3470 3150 3525; x_wconf 88' lang='lat' dir='ltr'>minimc</span> <span class='ocrx_word' id='word_1_532' title='bbox 3196 3485 3287 3524; x_wconf 87' lang='lat' dir='ltr'>me</span> <span class='ocrx_word' id='word_1_533' title='bbox 3318 3468 3437 3523; x_wconf 86' lang='lat' dir='ltr'>fore</span> <span class='ocrx_word' id='word_1_534' title='bbox 3468 3467 3592 3521; x_wconf 86' lang='lat' dir='ltr'>ido-</span> 
     </span>
    </p>
   </div>
   <div class='ocr_carea' id='block_1_79' title="bbox 1942 3554 3593 3629">
    <p class='ocr_par' dir='ltr' id='par_1_79' title="bbox 1942 3554 3593 3629">
     <span class='ocr_line' id='line_1_79' title="bbox 1942 3554 3593 3629; baseline -0.005 -10"><span class='ocrx_word' id='word_1_535' title='bbox 1942 3581 2115 3619; x_wconf 88' lang='lat' dir='ltr'>neum</span> <span class='ocrx_word' id='word_1_536' title='bbox 2150 3563 2371 3629; x_wconf 86' lang='lat' dir='ltr'>sentio;</span> <span class='ocrx_word' id='word_1_537' title='bbox 2407 3566 2460 3617; x_wconf 88' lang='lat' dir='ltr'>et</span> <span class='ocrx_word' id='word_1_538' title='bbox 2491 3562 2617 3615; x_wconf 90' lang='lat' dir='ltr'>ideo</span> <span class='ocrx_word' id='word_1_539' title='bbox 2648 3561 2755 3615; x_wconf 85' lang='lat' dir='ltr'>fuit</span> <span class='ocrx_word' id='word_1_540' title='bbox 2802 3557 3142 3614; x_wconf 76' lang='lat' dir='ltr'>obedient-ite</span> <span class='ocrx_word' id='word_1_541' title='bbox 3194 3555 3417 3622; x_wconf 88' lang='lat' dir='ltr'>dilatio,</span> <span class='ocrx_word' id='word_1_542' title='bbox 3450 3554 3593 3625; x_wconf 86' lang='lat' dir='ltr'>quia</span> 
     </span>
    </p>
   </div>
   <div class='ocr_carea' id='block_1_80' title="bbox 1940 3643 3586 3723">
    <p class='ocr_par' dir='ltr' id='par_1_80' title="bbox 1940 3643 3586 3723">
     <span class='ocr_line' id='line_1_80' title="bbox 1940 3643 3586 3723; baseline -0.007 -16"><span class='ocrx_word' id='word_1_543' title='bbox 1940 3656 2086 3707; x_wconf 81' lang='lat' dir='ltr'>tanti</span> <span class='ocrx_word' id='word_1_544' title='bbox 2121 3652 2393 3723; x_wconf 80' lang='lat' dir='ltr'>ponderis</span> <span class='ocrx_word' id='word_1_545' title='bbox 2425 3650 2534 3703; x_wconf 88' lang='lat' dir='ltr'>sub</span> <span class='ocrx_word' id='word_1_546' title='bbox 2568 3649 2717 3703; x_wconf 83' lang='lat' dir='ltr'>mole</span> <span class='ocrx_word' id='word_1_547' title='bbox 2758 3648 2988 3701; x_wconf 86' lang='lat' dir='ltr'>ruinam</span> <span class='ocrx_word' id='word_1_548' title='bbox 3044 3644 3263 3716; x_wconf 84' lang='lat' dir='ltr'>perpeti</span> <span class='ocrx_word' id='word_1_549' title='bbox 3314 3643 3586 3698; x_wconf 85' lang='lat' dir='ltr'>formido.</span> 
     </span>
    </p>
   </div>
   <div class='ocr_carea' id='block_1_81' title="bbox 1940 3732 3589 3798">
    <p class='ocr_par' dir='ltr' id='par_1_81' title="bbox 1940 3732 3589 3798">
     <span class='ocr_line' id='line_1_81' title="bbox 1940 3732 3589 3798; baseline -0.007 0"><span class='ocrx_word' id='word_1_550' title='bbox 1940 3744 2120 3798; x_wconf 79' lang='lat' dir='ltr'>Nemo</span> <span class='ocrx_word' id='word_1_551' title='bbox 2152 3740 2306 3795; x_wconf 88' lang='lat' dir='ltr'>enim</span> <span class='ocrx_word' id='word_1_552' title='bbox 2340 3741 2485 3794; x_wconf 89' lang='lat' dir='ltr'>alter</span> <span class='ocrx_word' id='word_1_553' title='bbox 2514 3739 2676 3793; x_wconf 87' lang='lat' dir='ltr'>alteri</span> <span class='ocrx_word' id='word_1_554' title='bbox 2709 3738 2792 3792; x_wconf 83' lang='lat' dir='ltr'>sic</span> <span class='ocrx_word' id='word_1_555' title='bbox 2823 3741 2912 3791; x_wconf 85' lang='lat' dir='ltr'>est</span> <span class='ocrx_word' id='word_1_556' title='bbox 2934 3740 3106 3789; x_wconf 87' lang='lat' dir='ltr'>notus</span> <span class='ocrx_word' id='word_1_557' title='bbox 3129 3737 3195 3788; x_wconf 90' lang='lat' dir='ltr'>ut</span> <span class='ocrx_word' id='word_1_558' title='bbox 3216 3732 3522 3789; x_wconf 89' lang='lat' dir='ltr'>sibi.Undc</span> <span class='ocrx_word' id='word_1_559' title='bbox 3539 3732 3589 3788; x_wconf 89' lang='lat' dir='ltr'>si</span> 
     </span>
    </p>
   </div>
   <div class='ocr_carea' id='block_1_82' title="bbox 1940 3821 3593 3900">
    <p class='ocr_par' dir='ltr' id='par_1_82' title="bbox 1940 3821 3593 3900">
     <span class='ocr_line' id='line_1_82' title="bbox 1940 3821 3593 3900; baseline -0.005 -14"><span class='ocrx_word' id='word_1_560' title='bbox 1940 3848 2033 3886; x_wconf 89' lang='lat' dir='ltr'>me</span> <span class='ocrx_word' id='word_1_561' title='bbox 2066 3834 2127 3885; x_wconf 93' lang='lat' dir='ltr'>ut</span> <span class='ocrx_word' id='word_1_562' title='bbox 2158 3846 2263 3900; x_wconf 84' lang='lat' dir='ltr'>ego</span> <span class='ocrx_word' id='word_1_563' title='bbox 2296 3827 2631 3891; x_wconf 82' lang='lat' dir='ltr'>nosceretis,</span> <span class='ocrx_word' id='word_1_564' title='bbox 2658 3827 2728 3881; x_wconf 90' lang='lat' dir='ltr'>ad</span> <span class='ocrx_word' id='word_1_565' title='bbox 2755 3827 2812 3879; x_wconf 89' lang='lat' dir='ltr'>id</span> <span class='ocrx_word' id='word_1_566' title='bbox 2845 3825 3104 3879; x_wconf 80' lang='lat' dir='ltr'>officium</span> <span class='ocrx_word' id='word_1_567' title='bbox 3136 3821 3479 3877; x_wconf 89' lang='lat' dir='ltr'>nullatenus</span> <span class='ocrx_word' id='word_1_568' title='bbox 3501 3836 3593 3877; x_wconf 84' lang='lat' dir='ltr'>co-</span> 
     </span>
    </p>
   </div>
   <div class='ocr_carea' id='block_1_83' title="bbox 1939 3908 3589 3992">
    <p class='ocr_par' dir='ltr' id='par_1_83' title="bbox 1939 3908 3589 3992">
     <span class='ocr_line' id='line_1_83' title="bbox 1939 3908 3589 3992; baseline -0.007 -18"><span class='ocrx_word' id='word_1_569' title='bbox 1939 3919 2173 3992; x_wconf 86' lang='lat' dir='ltr'>gcrctis.</span> <span class='ocrx_word' id='word_1_570' title='bbox 2209 3918 2315 3972; x_wconf 86' lang='lat' dir='ltr'>Sed</span> <span class='ocrx_word' id='word_1_571' title='bbox 2351 3915 2489 3988; x_wconf 88' lang='lat' dir='ltr'>quia</span> <span class='ocrx_word' id='word_1_572' title='bbox 2517 3920 2709 3969; x_wconf 83' lang='lat' dir='ltr'>vestra</span> <span class='ocrx_word' id='word_1_573' title='bbox 2735 3919 2901 3985; x_wconf 81' lang='lat' dir='ltr'>urget</span> <span class='ocrx_word' id='word_1_574' title='bbox 2924 3911 3135 3984; x_wconf 89' lang='lat' dir='ltr'>jussio,</span> <span class='ocrx_word' id='word_1_575' title='bbox 3169 3910 3264 3966; x_wconf 92' lang='lat' dir='ltr'>cui</span> <span class='ocrx_word' id='word_1_576' title='bbox 3296 3908 3589 3965; x_wconf 82' lang='lat' dir='ltr'>contradi-</span> 
     </span>
    </p>
   </div>
   <div class='ocr_carea' id='block_1_84' title="bbox 1941 3996 3590 4074">
    <p class='ocr_par' dir='ltr' id='par_1_84' title="bbox 1941 3996 3590 4074">
     <span class='ocr_line' id='line_1_84' title="bbox 1941 3996 3590 4074; baseline -0.007 -11"><span class='ocrx_word' id='word_1_577' title='bbox 1941 4025 2067 4063; x_wconf 83' lang='lat' dir='ltr'>cere</span> <span class='ocrx_word' id='word_1_578' title='bbox 2098 4023 2212 4061; x_wconf 90' lang='lat' dir='ltr'>non</span> <span class='ocrx_word' id='word_1_579' title='bbox 2243 4007 2427 4060; x_wconf 85' lang='lat' dir='ltr'>audeo</span> <span class='ocrx_word' id='word_1_580' title='bbox 2464 4022 2476 4058; x_wconf 90' lang='lat'>:</span> <span class='ocrx_word' id='word_1_581' title='bbox 2512 4021 2666 4058; x_wconf 89' lang='lat' dir='ltr'>nunc</span> <span class='ocrx_word' id='word_1_582' title='bbox 2698 4004 2755 4057; x_wconf 92' lang='lat' dir='ltr'>in</span> <span class='ocrx_word' id='word_1_583' title='bbox 2786 4020 2852 4059; x_wconf 90' lang='lat' dir='ltr'>eo</span> <span class='ocrx_word' id='word_1_584' title='bbox 2876 4001 2973 4074; x_wconf 91' lang='lat' dir='ltr'>qui</span> <span class='ocrx_word' id='word_1_585' title='bbox 2998 4000 3179 4056; x_wconf 86' lang='lat' dir='ltr'>lenire</span> <span class='ocrx_word' id='word_1_586' title='bbox 3208 3996 3590 4071; x_wconf 77' lang='lat' dir='ltr'>aspera,relc-</span> 
     </span>
    </p>
   </div>
   <div class='ocr_carea' id='block_1_85' title="bbox 1938 4086 3593 4167">
    <p class='ocr_par' dir='ltr' id='par_1_85' title="bbox 1938 4086 3593 4167">
     <span class='ocr_line' id='line_1_85' title="bbox 1938 4086 3593 4167; baseline -0.005 -17"><span class='ocrx_word' id='word_1_587' title='bbox 1938 4113 2073 4151; x_wconf 88' lang='lat' dir='ltr'>vare</span> <span class='ocrx_word' id='word_1_588' title='bbox 2101 4094 2252 4150; x_wconf 87' lang='lat' dir='ltr'>valet</span> <span class='ocrx_word' id='word_1_589' title='bbox 2282 4094 2500 4167; x_wconf 74' lang='lat' dir='ltr'>gravia,</span> <span class='ocrx_word' id='word_1_590' title='bbox 2524 4109 2801 4164; x_wconf 83' lang='lat' dir='ltr'>superare</span> <span class='ocrx_word' id='word_1_591' title='bbox 2829 4090 2979 4145; x_wconf 84' lang='lat' dir='ltr'>valet</span> <span class='ocrx_word' id='word_1_592' title='bbox 3007 4090 3283 4153; x_wconf 86' lang='lat' dir='ltr'>adversa;</span> <span class='ocrx_word' id='word_1_593' title='bbox 3309 4086 3464 4142; x_wconf 89' lang='lat' dir='ltr'>omni</span> <span class='ocrx_word' id='word_1_594' title='bbox 3489 4103 3593 4158; x_wconf 84' lang='lat' dir='ltr'>spe</span> 
     </span>
    </p>
   </div>
   <div class='ocr_carea' id='block_1_86' title="bbox 1940 4175 3592 4256">
    <p class='ocr_par' dir='ltr' id='par_1_86' title="bbox 1940 4175 3592 4256">
     <span class='ocr_line' id='line_1_86' title="bbox 1940 4175 3592 4256; baseline -0.007 -16"><span class='ocrx_word' id='word_1_595' title='bbox 1940 4184 2149 4256; x_wconf 88' lang='lat' dir='ltr'>posita,</span> <span class='ocrx_word' id='word_1_596' title='bbox 2182 4188 2375 4239; x_wconf 87' lang='lat' dir='ltr'>vestra</span> <span class='ocrx_word' id='word_1_597' title='bbox 2407 4187 2603 4236; x_wconf 88' lang='lat' dir='ltr'>mutor</span> <span class='ocrx_word' id='word_1_598' title='bbox 2632 4182 2704 4236; x_wconf 91' lang='lat' dir='ltr'>ab</span> <span class='ocrx_word' id='word_1_599' title='bbox 2732 4181 3043 4235; x_wconf 88' lang='lat' dir='ltr'>immutata</span> <span class='ocrx_word' id='word_1_600' title='bbox 3076 4178 3385 4234; x_wconf 87' lang='lat' dir='ltr'>sententia.</span> <span class='ocrx_word' id='word_1_601' title='bbox 3416 4198 3436 4223; x_wconf 68' lang='grc' dir='ltr'><strong>κ</strong></span> <span class='ocrx_word' id='word_1_602' title='bbox 3476 4175 3592 4230; x_wconf 85' lang='lat' dir='ltr'>Hoc</span> 
     </span>
    </p>
   </div>
   <div class='ocr_carea' id='block_1_87' title="bbox 1941 4262 3595 4340">
    <p class='ocr_par' dir='ltr' id='par_1_87' title="bbox 1941 4262 3595 4340">
     <span class='ocr_line' id='line_1_87' title="bbox 1941 4262 3595 4340; baseline -0.007 -12"><span class='ocrx_word' id='word_1_603' title='bbox 1941 4276 2150 4328; x_wconf 86' lang='lat' dir='ltr'>fratres</span> <span class='ocrx_word' id='word_1_604' title='bbox 2168 4271 2367 4326; x_wconf 89' lang='lat' dir='ltr'>audito</span> <span class='ocrx_word' id='word_1_605' title='bbox 2386 4285 2589 4325; x_wconf 86' lang='lat' dir='ltr'>omnes</span> <span class='ocrx_word' id='word_1_606' title='bbox 2613 4268 3061 4340; x_wconf 85' lang='lat' dir='ltr'>gratulabantur</span> <span class='ocrx_word' id='word_1_607' title='bbox 3082 4266 3219 4333; x_wconf 91' lang='lat' dir='ltr'>Deo,</span> <span class='ocrx_word' id='word_1_608' title='bbox 3245 4265 3416 4335; x_wconf 85' lang='lat' dir='ltr'>cujus</span> <span class='ocrx_word' id='word_1_609' title='bbox 3436 4262 3595 4318; x_wconf 87' lang='lat' dir='ltr'>beni-</span> 
     </span>
    </p>
   </div>
   <div class='ocr_carea' id='block_1_88' title="bbox 1941 4350 3595 4433">
    <p class='ocr_par' dir='ltr' id='par_1_88' title="bbox 1941 4350 3595 4433">
     <span class='ocr_line' id='line_1_88' title="bbox 1941 4350 3595 4433; baseline -0.007 -18"><span class='ocrx_word' id='word_1_610' title='bbox 1941 4361 2227 4433; x_wconf 87' lang='lat' dir='ltr'>gnissima</span> <span class='ocrx_word' id='word_1_611' title='bbox 2280 4357 2654 4414; x_wconf 86' lang='lat' dir='ltr'>miseratione</span> <span class='ocrx_word' id='word_1_612' title='bbox 2705 4356 2966 4411; x_wconf 82' lang='lat' dir='ltr'>exaudiri</span> <span class='ocrx_word' id='word_1_613' title='bbox 3019 4356 3360 4409; x_wconf 84' lang='lat' dir='ltr'>meruerunt</span> <span class='ocrx_word' id='word_1_614' title='bbox 3394 4350 3454 4406; x_wconf 89' lang='lat' dir='ltr'>in</span> <span class='ocrx_word' id='word_1_615' title='bbox 3486 4367 3595 4405; x_wconf 83' lang='lat' dir='ltr'>sua</span> 
     </span>
    </p>
   </div>
   <div class='ocr_carea' id='block_1_89' title="bbox 1941 4441 3594 4522">
    <p class='ocr_par' dir='ltr' id='par_1_89' title="bbox 1941 4441 3594 4522">
     <span class='ocr_line' id='line_1_89' title="bbox 1941 4441 3594 4522; baseline -0.007 -18"><span class='ocrx_word' id='word_1_616' title='bbox 1941 4448 2239 4522; x_wconf 82' lang='lat' dir='ltr'>petitione.</span> <span class='ocrx_word' id='word_1_617' title='bbox 2273 4449 2436 4503; x_wconf 89' lang='lat' dir='ltr'>Tunc</span> <span class='ocrx_word' id='word_1_618' title='bbox 2468 4446 2720 4500; x_wconf 88' lang='lat' dir='ltr'>domnus</span> <span class='ocrx_word' id='word_1_619' title='bbox 2743 4445 2894 4499; x_wconf 89' lang='lat' dir='ltr'>abba</span> <span class='ocrx_word' id='word_1_620' title='bbox 2916 4441 3355 4497; x_wconf 88' lang='lat' dir='ltr'>multitudinem</span> <span class='ocrx_word' id='word_1_621' title='bbox 3389 4453 3594 4493; x_wconf 89' lang='lat' dir='ltr'>convo-</span> 
     </span>
    </p>
   </div>
   <div class='ocr_carea' id='block_1_90' title="bbox 1940 4524 3594 4605">
    <p class='ocr_par' dir='ltr' id='par_1_90' title="bbox 1940 4524 3594 4605">
     <span class='ocr_line' id='line_1_90' title="bbox 1940 4524 3594 4605; baseline -0.008 -12"><span class='ocrx_word' id='word_1_622' title='bbox 1940 4554 2078 4594; x_wconf 87' lang='lat' dir='ltr'>cans</span> <span class='ocrx_word' id='word_1_623' title='bbox 2101 4535 2407 4601; x_wconf 90' lang='lat' dir='ltr'>nobilium,</span> <span class='ocrx_word' id='word_1_624' title='bbox 2425 4534 2763 4605; x_wconf 81' lang='lat' dir='ltr'>pontiﬁcum</span> <span class='ocrx_word' id='word_1_625' title='bbox 2784 4536 2839 4586; x_wconf 87' lang='lat' dir='ltr'>et</span> <span class='ocrx_word' id='word_1_626' title='bbox 2861 4524 3440 4595; x_wconf 86' lang='lat' dir='ltr'>abbatum,adbibuit</span> <span class='ocrx_word' id='word_1_627' title='bbox 3461 4540 3594 4580; x_wconf 84' lang='lat' dir='ltr'>con-</span> 
     </span>
    </p>
   </div>
   <div class='ocr_carea' id='block_1_91' title="bbox 1939 4613 3588 4695">
    <p class='ocr_par' dir='ltr' id='par_1_91' title="bbox 1939 4613 3588 4695">
     <span class='ocr_line' id='line_1_91' title="bbox 1939 4613 3588 4695; baseline -0.009 -14"><span class='ocrx_word' id='word_1_628' title='bbox 1939 4624 2234 4692; x_wconf 88' lang='lat' dir='ltr'>silium,in</span> <span class='ocrx_word' id='word_1_629' title='bbox 2251 4638 2503 4695; x_wconf 91' lang='lat' dir='ltr'>quorum</span> <span class='ocrx_word' id='word_1_630' title='bbox 2525 4619 2833 4692; x_wconf 68' lang='lat' dir='ltr'>praesentia</span> <span class='ocrx_word' id='word_1_631' title='bbox 2853 4619 2975 4673; x_wconf 73' lang='lat' dir='ltr'>haec</span> <span class='ocrx_word' id='word_1_632' title='bbox 2996 4616 3263 4690; x_wconf 89' lang='lat' dir='ltr'>prorupit</span> <span class='ocrx_word' id='word_1_633' title='bbox 3280 4616 3337 4669; x_wconf 89' lang='lat' dir='ltr'>in</span> <span class='ocrx_word' id='word_1_634' title='bbox 3365 4613 3543 4669; x_wconf 86' lang='lat' dir='ltr'>verba</span> <span class='ocrx_word' id='word_1_635' title='bbox 3575 4629 3588 4666; x_wconf 90' lang='lat'>:</span> 
     </span>
    </p>
   </div>
   <div class='ocr_carea' id='block_1_92' title="bbox 1942 4700 3591 4777">
    <p class='ocr_par' dir='ltr' id='par_1_92' title="bbox 1942 4700 3591 4777">
     <span class='ocr_line' id='line_1_92' title="bbox 1942 4700 3591 4777; baseline -0.006 -11"><span class='ocrx_word' id='word_1_636' title='bbox 1942 4738 1967 4764; x_wconf 90' lang='grc'>‹‹</span> <span class='ocrx_word' id='word_1_637' title='bbox 1997 4713 2265 4770; x_wconf 82' lang='lat' dir='ltr'>Vestram</span> <span class='ocrx_word' id='word_1_638' title='bbox 2299 4709 2542 4767; x_wconf 88' lang='lat' dir='ltr'>minimc</span> <span class='ocrx_word' id='word_1_639' title='bbox 2572 4707 2712 4763; x_wconf 87' lang='lat' dir='ltr'>latet</span> <span class='ocrx_word' id='word_1_640' title='bbox 2744 4704 3265 4777; x_wconf 85' lang='lat' dir='ltr'>industriam,quia</span> <span class='ocrx_word' id='word_1_641' title='bbox 3293 4703 3364 4758; x_wconf 87' lang='lat' dir='ltr'>ad</span> <span class='ocrx_word' id='word_1_642' title='bbox 3388 4700 3591 4775; x_wconf 64' lang='lat' dir='ltr'>praela-</span> 
     </span>
    </p>
   </div>
   <div class='ocr_carea' id='block_1_93' title="bbox 162 4790 3592 4874">
    <p class='ocr_par' dir='ltr' id='par_1_93' title="bbox 162 4790 3592 4874">
     <span class='ocr_line' id='line_1_93' title="bbox 162 4790 3592 4874; baseline -0.002 -20"><span class='ocrx_word' id='word_1_643' title='bbox 162 4798 405 4869; x_wconf 82' lang='lat' dir='ltr'>Hocque</span> <span class='ocrx_word' id='word_1_644' title='bbox 436 4799 578 4855; x_wconf 87' lang='lat' dir='ltr'>dum</span> <span class='ocrx_word' id='word_1_645' title='bbox 614 4802 777 4857; x_wconf 81' lang='lat' dir='ltr'>ﬁeret</span> <span class='ocrx_word' id='word_1_646' title='bbox 799 4819 901 4873; x_wconf 88' lang='lat' dir='ltr'>per</span> <span class='ocrx_word' id='word_1_647' title='bbox 933 4802 1336 4870; x_wconf 87' lang='lat' dir='ltr'>triduum,tale</span> <span class='ocrx_word' id='word_1_648' title='bbox 1360 4802 1457 4857; x_wconf 90' lang='lat' dir='ltr'>Dei</span> <span class='ocrx_word' id='word_1_649' title='bbox 1485 4803 1716 4873; x_wconf 87' lang='lat' dir='ltr'>pietatis</span> <span class='ocrx_word' id='word_1_650' title='bbox 1742 4805 1827 4859; x_wconf 89' lang='lat' dir='ltr'>in-</span> <span class='ocrx_word' id='word_1_651' title='bbox 1858 4790 1904 4855; x_wconf 89' lang='lat' dir='ltr'>D</span> <span class='ocrx_word' id='word_1_652' title='bbox 1937 4809 2027 4860; x_wconf 89' lang='lat' dir='ltr'>tos</span> <span class='ocrx_word' id='word_1_653' title='bbox 2059 4800 2313 4874; x_wconf 72' lang='lat' dir='ltr'>reapicit,</span> <span class='ocrx_word' id='word_1_654' title='bbox 2350 4797 2637 4871; x_wconf 85' lang='lat' dir='ltr'>quidquid</span> <span class='ocrx_word' id='word_1_655' title='bbox 2671 4814 2703 4852; x_wconf 85' lang='lat' dir='ltr'>a</span> <span class='ocrx_word' id='word_1_656' title='bbox 2737 4795 2991 4852; x_wconf 88' lang='lat' dir='ltr'>subditis</span> <span class='ocrx_word' id='word_1_657' title='bbox 3021 4792 3404 4866; x_wconf 89' lang='lat' dir='ltr'>delinquitur.</span> <span class='ocrx_word' id='word_1_658' title='bbox 3434 4794 3592 4857; x_wconf 86' lang='lat' dir='ltr'>Qua-</span> 
     </span>
    </p>
   </div>
   <div class='ocr_carea' id='block_1_94' title="bbox 144 4885 647 4944">
    <p class='ocr_par' dir='ltr' id='par_1_94' title="bbox 144 4885 647 4944">
     <span class='ocr_line' id='line_1_94' title="bbox 144 4885 647 4944; baseline 0.002 -1"><span class='ocrx_word' id='word_1_659' title='bbox 144 4886 302 4943; x_wconf 78' lang='lat' dir='ltr'>‘tulit</span> <span class='ocrx_word' id='word_1_660' title='bbox 332 4885 647 4944; x_wconf 84' lang='lat' dir='ltr'>indicium.</span> 
     </span>
    </p>
   </div>
   <div class='ocr_carea' id='block_1_95' title="bbox 237 4974 1832 5051">
    <p class='ocr_par' dir='ltr' id='par_1_95' title="bbox 237 4974 1832 5051">
     <span class='ocr_line' id='line_1_95' title="bbox 237 4974 1832 5051; baseline 0.003 -21"><span class='ocrx_word' id='word_1_661' title='bbox 237 4974 311 5030; x_wconf 89' lang='lat' dir='ltr'>II.</span> <span class='ocrx_word' id='word_1_662' title='bbox 346 4975 411 5029; x_wconf 90' lang='grc' dir='ltr'>Β.</span> <span class='ocrx_word' id='word_1_663' title='bbox 445 4976 723 5034; x_wconf 79' lang='lat' dir='ltr'>Benedicti</span> <span class='ocrx_word' id='word_1_664' title='bbox 752 4983 975 5036; x_wconf 70' lang='lat' dir='ltr'>monitis</span> <span class='ocrx_word' id='word_1_665' title='bbox 1026 4980 1242 5036; x_wconf 73' lang='lat' dir='ltr'>tandem</span> <span class='ocrx_word' id='word_1_666' title='bbox 1288 4981 1599 5051; x_wconf 80' lang='lat' dir='ltr'>acquiescit.</span> <span class='ocrx_word' id='word_1_667' title='bbox 1632 5011 1699 5019; x_wconf 87' lang='lat'>-—</span> <span class='ocrx_word' id='word_1_668' title='bbox 1730 4979 1832 5034; x_wconf 83' lang='lat' dir='ltr'>Vir</span> 
     </span>
    </p>
   </div>
   <div class='ocr_carea' id='block_1_96' title="bbox 167 5062 1828 5139">
    <p class='ocr_par' dir='ltr' id='par_1_96' title="bbox 167 5062 1828 5139">
     <span class='ocr_line' id='line_1_96' title="bbox 167 5062 1828 5139; baseline 0.004 -22"><span class='ocrx_word' id='word_1_669' title='bbox 167 5077 429 5135; x_wconf 85' lang='lat' dir='ltr'>namque</span> <span class='ocrx_word' id='word_1_670' title='bbox 458 5062 559 5120; x_wconf 87' lang='lat' dir='ltr'>Dei</span> <span class='ocrx_word' id='word_1_671' title='bbox 594 5067 781 5123; x_wconf 88' lang='lat' dir='ltr'>nimia</span> <span class='ocrx_word' id='word_1_672' title='bbox 811 5068 1096 5124; x_wconf 85' lang='lat' dir='ltr'>sollicitus</span> <span class='ocrx_word' id='word_1_673' title='bbox 1128 5085 1288 5138; x_wconf 88' lang='lat' dir='ltr'>cura,</span> <span class='ocrx_word' id='word_1_674' title='bbox 1321 5084 1455 5122; x_wconf 90' lang='lat' dir='ltr'>cum</span> <span class='ocrx_word' id='word_1_675' title='bbox 1488 5073 1828 5139; x_wconf 88' lang='lat' dir='ltr'>sequentem</span> 
     </span>
    </p>
   </div>
   <div class='ocr_carea' id='block_1_97' title="bbox 170 5152 1829 5228">
    <p class='ocr_par' dir='ltr' id='par_1_97' title="bbox 170 5152 1829 5228">
     <span class='ocr_line' id='line_1_97' title="bbox 170 5152 1829 5228; baseline 0.004 -24"><span class='ocrx_word' id='word_1_676' title='bbox 170 5156 405 5206; x_wconf 85' lang='lat' dir='ltr'>noctem</span> <span class='ocrx_word' id='word_1_677' title='bbox 468 5152 587 5209; x_wconf 83' lang='lat' dir='ltr'>fere</span> <span class='ocrx_word' id='word_1_678' title='bbox 633 5156 763 5227; x_wconf 88' lang='lat' dir='ltr'>jam</span> <span class='ocrx_word' id='word_1_679' title='bbox 820 5157 1074 5215; x_wconf 88' lang='lat' dir='ltr'>mediam</span> <span class='ocrx_word' id='word_1_680' title='bbox 1143 5156 1407 5211; x_wconf 79' lang='lat' dir='ltr'>duxisset</span> <span class='ocrx_word' id='word_1_681' title='bbox 1472 5154 1829 5228; x_wconf 89' lang='lat' dir='ltr'>insomnem,</span> 
     </span>
    </p>
   </div>
   <div class='ocr_carea' id='block_1_98' title="bbox 170 5236 1836 5319">
    <p class='ocr_par' dir='ltr' id='par_1_98' title="bbox 170 5236 1836 5319">
     <span class='ocr_line' id='line_1_98' title="bbox 170 5236 1836 5319; baseline 0.005 -26"><span class='ocrx_word' id='word_1_682' title='bbox 170 5236 351 5312; x_wconf 88' lang='lat' dir='ltr'>longa</span> <span class='ocrx_word' id='word_1_683' title='bbox 430 5243 630 5298; x_wconf 83' lang='lat' dir='ltr'>tamen</span> <span class='ocrx_word' id='word_1_684' title='bbox 715 5247 1064 5319; x_wconf 86' lang='lat' dir='ltr'>cogitatione</span> <span class='ocrx_word' id='word_1_685' title='bbox 1152 5246 1362 5312; x_wconf 84' lang='lat' dir='ltr'>fessus,</span> <span class='ocrx_word' id='word_1_686' title='bbox 1440 5260 1576 5298; x_wconf 89' lang='lat' dir='ltr'>cum</span> <span class='ocrx_word' id='word_1_687' title='bbox 1661 5262 1836 5318; x_wconf 92' lang='lat' dir='ltr'>sopor</span> 
     </span>
    </p>
   </div>
   <div class='ocr_carea' id='block_1_99' title="bbox 171 5325 1833 5407">
    <p class='ocr_par' dir='ltr' id='par_1_99' title="bbox 171 5325 1833 5407">
     <span class='ocr_line' id='line_1_99' title="bbox 171 5325 1833 5407; baseline 0.005 -27"><span class='ocrx_word' id='word_1_688' title='bbox 171 5325 256 5383; x_wconf 82' lang='lat' dir='ltr'>ita</span> <span class='ocrx_word' id='word_1_689' title='bbox 307 5326 578 5397; x_wconf 88' lang='lat' dir='ltr'>irrueret,</span> <span class='ocrx_word' id='word_1_690' title='bbox 628 5338 693 5388; x_wconf 88' lang='lat' dir='ltr'>ut</span> <span class='ocrx_word' id='word_1_691' title='bbox 741 5336 935 5391; x_wconf 89' lang='lat' dir='ltr'>adhuc</span> <span class='ocrx_word' id='word_1_692' title='bbox 995 5334 1165 5407; x_wconf 87' lang='lat' dir='ltr'>quasi</span> <span class='ocrx_word' id='word_1_693' title='bbox 1220 5331 1559 5406; x_wconf 87' lang='lat' dir='ltr'>vigilantem</span> <span class='ocrx_word' id='word_1_694' title='bbox 1609 5350 1671 5388; x_wconf 88' lang='lat' dir='ltr'>se</span> <span class='ocrx_word' id='word_1_695' title='bbox 1722 5351 1833 5404; x_wconf 85' lang='lat' dir='ltr'>pu-</span> 
     </span>
    </p>
   </div>
   <div class='ocr_carea' id='block_1_100' title="bbox 178 5418 1834 5497">
    <p class='ocr_par' dir='ltr' id='par_1_100' title="bbox 178 5418 1834 5497">
     <span class='ocr_line' id='line_1_100' title="bbox 178 5418 1834 5497; baseline 0.005 -27"><span class='ocrx_word' id='word_1_696' title='bbox 178 5419 347 5483; x_wconf 81' lang='lat' dir='ltr'>taret,</span> <span class='ocrx_word' id='word_1_697' title='bbox 394 5418 639 5488; x_wconf 89' lang='lat' dir='ltr'>quidam</span> <span class='ocrx_word' id='word_1_698' title='bbox 697 5423 996 5497; x_wconf 81' lang='lat' dir='ltr'>religionis</span> <span class='ocrx_word' id='word_1_699' title='bbox 1051 5422 1255 5479; x_wconf 88' lang='lat' dir='ltr'>habitu</span> <span class='ocrx_word' id='word_1_700' title='bbox 1314 5426 1604 5492; x_wconf 89' lang='lat' dir='ltr'>comptus,</span> <span class='ocrx_word' id='word_1_701' title='bbox 1655 5439 1834 5478; x_wconf 87' lang='lat' dir='ltr'>venu-</span> 
     </span>
    </p>
   </div>
   <div class='ocr_carea' id='block_1_101' title="bbox 175 5504 1831 5578">
    <p class='ocr_par' dir='ltr' id='par_1_101' title="bbox 175 5504 1831 5578">
     <span class='ocr_line' id='line_1_101' title="bbox 175 5504 1831 5578; baseline 0.002 -17"><span class='ocrx_word' id='word_1_702' title='bbox 175 5507 266 5561; x_wconf 73' lang='lat' dir='ltr'>sta</span> <span class='ocrx_word' id='word_1_703' title='bbox 294 5504 445 5561; x_wconf 86' lang='lat' dir='ltr'>facie</span> <span class='ocrx_word' id='word_1_704' title='bbox 479 5507 745 5578; x_wconf 88' lang='lat' dir='ltr'>decorus,</span> <span class='ocrx_word' id='word_1_705' title='bbox 779 5512 940 5567; x_wconf 86' lang='lat' dir='ltr'>visus</span> <span class='ocrx_word' id='word_1_706' title='bbox 972 5515 1060 5568; x_wconf 86' lang='lat' dir='ltr'>est</span> <span class='ocrx_word' id='word_1_707' title='bbox 1091 5511 1203 5567; x_wconf 88' lang='lat' dir='ltr'>sibi</span> <span class='ocrx_word' id='word_1_708' title='bbox 1245 5516 1438 5565; x_wconf 87' lang='lat' dir='ltr'>astare</span> <span class='ocrx_word' id='word_1_709' title='bbox 1490 5514 1545 5565; x_wconf 90' lang='lat' dir='ltr'>ct</span> <span class='ocrx_word' id='word_1_710' title='bbox 1594 5509 1784 5566; x_wconf 88' lang='lat' dir='ltr'>dicere</span> <span class='ocrx_word' id='word_1_711' title='bbox 1820 5528 1831 5565; x_wconf 91' lang='lat'><strong>:</strong></span> 
     </span>
    </p>
   </div>
   <div class='ocr_carea' id='block_1_102' title="bbox 178 5591 1834 5671">
    <p class='ocr_par' dir='ltr' id='par_1_102' title="bbox 178 5591 1834 5671">
     <span class='ocr_line' id='line_1_102' title="bbox 178 5591 1834 5671; baseline 0.004 -23"><span class='ocrx_word' id='word_1_712' title='bbox 178 5591 433 5649; x_wconf 83' lang='lat' dir='ltr'>Securus</span> <span class='ocrx_word' id='word_1_713' title='bbox 503 5602 645 5665; x_wconf 84' lang='lat' dir='ltr'>esto,</span> <span class='ocrx_word' id='word_1_714' title='bbox 706 5602 915 5668; x_wconf 87' lang='lat' dir='ltr'>frater;</span> <span class='ocrx_word' id='word_1_715' title='bbox 977 5618 1049 5657; x_wconf 89' lang='lat' dir='ltr'>ne</span> <span class='ocrx_word' id='word_1_716' title='bbox 1108 5600 1325 5655; x_wconf 87' lang='lat' dir='ltr'>titubes</span> <span class='ocrx_word' id='word_1_717' title='bbox 1382 5598 1439 5652; x_wconf 89' lang='lat' dir='ltr'>in</span> <span class='ocrx_word' id='word_1_718' title='bbox 1508 5599 1834 5671; x_wconf 87' lang='lat' dir='ltr'>suscipien-</span> 
     </span>
    </p>
   </div>
   <div class='ocr_carea' id='block_1_103' title="bbox 179 5681 1836 5762">
    <p class='ocr_par' dir='ltr' id='par_1_103' title="bbox 179 5681 1836 5762">
     <span class='ocr_line' id='line_1_103' title="bbox 179 5681 1836 5762; baseline 0.005 -26"><span class='ocrx_word' id='word_1_719' title='bbox 179 5681 252 5737; x_wconf 89' lang='lat' dir='ltr'>do</span> <span class='ocrx_word' id='word_1_720' title='bbox 277 5682 592 5756; x_wconf 87' lang='lat' dir='ltr'>rcgiminis</span> <span class='ocrx_word' id='word_1_721' title='bbox 634 5688 937 5755; x_wconf 88' lang='lat' dir='ltr'>honorem,</span> <span class='ocrx_word' id='word_1_722' title='bbox 975 5691 1113 5762; x_wconf 90' lang='lat' dir='ltr'>quia</span> <span class='ocrx_word' id='word_1_723' title='bbox 1161 5689 1232 5744; x_wconf 87' lang='lat' dir='ltr'>ad</span> <span class='ocrx_word' id='word_1_724' title='bbox 1280 5688 1389 5743; x_wconf 90' lang='lat' dir='ltr'>hoc</span> <span class='ocrx_word' id='word_1_725' title='bbox 1440 5690 1836 5760; x_wconf 87' lang='lat' dir='ltr'>peragendum</span> 
     </span>
    </p>
   </div>
   <div class='ocr_carea' id='block_1_104' title="bbox 1941 4880 3597 4965">
    <p class='ocr_par' dir='ltr' id='par_1_104' title="bbox 1941 4880 3597 4965">
     <span class='ocr_line' id='line_1_104' title="bbox 1941 4880 3597 4965; baseline -0.007 -18"><span class='ocrx_word' id='word_1_726' title='bbox 1941 4896 2177 4965; x_wconf 85' lang='lat' dir='ltr'>propter</span> <span class='ocrx_word' id='word_1_727' title='bbox 2205 4886 2535 4959; x_wconf 84' lang='lat' dir='ltr'>exemplum</span> <span class='ocrx_word' id='word_1_728' title='bbox 2567 4902 2753 4958; x_wconf 67' lang='lat' dir='ltr'>pravae</span> <span class='ocrx_word' id='word_1_729' title='bbox 2776 4884 3000 4950; x_wconf 57' lang='lat' dir='ltr'>vitamst</span> <span class='ocrx_word' id='word_1_730' title='bbox 3020 4880 3439 4956; x_wconf 87' lang='lat' dir='ltr'>negligentiam</span> <span class='ocrx_word' id='word_1_731' title='bbox 3463 4880 3597 4935; x_wconf 84' lang='lat' dir='ltr'>sub-</span> 
     </span>
    </p>
   </div>
   <div class='ocr_carea' id='block_1_105' title="bbox 1940 4969 3595 5051">
    <p class='ocr_par' dir='ltr' id='par_1_105' title="bbox 1940 4969 3595 5051">
     <span class='ocr_line' id='line_1_105' title="bbox 1940 4969 3595 5051; baseline -0.007 -16"><span class='ocrx_word' id='word_1_732' title='bbox 1940 4982 2194 5037; x_wconf 87' lang='lat' dir='ltr'>ditorum</span> <span class='ocrx_word' id='word_1_733' title='bbox 2213 4978 2363 5051; x_wconf 86' lang='lat' dir='ltr'>ignis</span> <span class='ocrx_word' id='word_1_734' title='bbox 2383 4975 2659 5049; x_wconf 68' lang='lat' dir='ltr'>gehennae</span> <span class='ocrx_word' id='word_1_735' title='bbox 2679 4974 3064 5030; x_wconf 81' lang='lat' dir='ltr'>inexhaustus</span> <span class='ocrx_word' id='word_1_736' title='bbox 3086 4969 3595 5027; x_wconf 82' lang='lat' dir='ltr'>vindicat.ldcirco</span> 
     </span>
    </p>
   </div>
   <div class='ocr_carea' id='block_1_106' title="bbox 1940 5056 3595 5142">
    <p class='ocr_par' dir='ltr' id='par_1_106' title="bbox 1940 5056 3595 5142">
     <span class='ocr_line' id='line_1_106' title="bbox 1940 5056 3595 5142; baseline -0.009 -16"><span class='ocrx_word' id='word_1_737' title='bbox 1940 5086 2045 5142; x_wconf 87' lang='lat' dir='ltr'>ego</span> <span class='ocrx_word' id='word_1_738' title='bbox 2078 5066 2460 5140; x_wconf 84' lang='lat' dir='ltr'>Heymardus,</span> <span class='ocrx_word' id='word_1_739' title='bbox 2495 5063 2677 5119; x_wconf 85' lang='lat' dir='ltr'>sancti</span> <span class='ocrx_word' id='word_1_740' title='bbox 2710 5062 2860 5118; x_wconf 88' lang='lat' dir='ltr'>Petri</span> <span class='ocrx_word' id='word_1_741' title='bbox 2905 5060 3308 5119; x_wconf 88' lang='lat' dir='ltr'>Cluniacensis</span> <span class='ocrx_word' id='word_1_742' title='bbox 3349 5056 3595 5114; x_wconf 70' lang='lat' dir='ltr'>coanobii</span> 
     </span>
    </p>
   </div>
   <div class='ocr_carea' id='block_1_107' title="bbox 1944 5146 3596 5227">
    <p class='ocr_par' dir='ltr' id='par_1_107' title="bbox 1944 5146 3596 5227">
     <span class='ocr_line' id='line_1_107' title="bbox 1944 5146 3596 5227; baseline -0.01 -12"><span class='ocrx_word' id='word_1_743' title='bbox 1944 5159 2095 5215; x_wconf 89' lang='lat' dir='ltr'>abba</span> <span class='ocrx_word' id='word_1_744' title='bbox 2125 5156 2422 5227; x_wconf 86' lang='lat' dir='ltr'>indignus,</span> <span class='ocrx_word' id='word_1_745' title='bbox 2458 5152 2844 5225; x_wconf 50' lang='lat' dir='ltr'>praesentibus</span> <span class='ocrx_word' id='word_1_746' title='bbox 2875 5156 3048 5224; x_wconf 85' lang='lat' dir='ltr'>atque</span> <span class='ocrx_word' id='word_1_747' title='bbox 3076 5148 3291 5205; x_wconf 87' lang='lat' dir='ltr'>futuris</span> <span class='ocrx_word' id='word_1_748' title='bbox 3319 5146 3596 5204; x_wconf 88' lang='lat' dir='ltr'>omnibus</span> 
     </span>
    </p>
   </div>
   <div class='ocr_carea' id='block_1_108' title="bbox 1943 5235 3598 5321">
    <p class='ocr_par' dir='ltr' id='par_1_108' title="bbox 1943 5235 3598 5321">
     <span class='ocr_line' id='line_1_108' title="bbox 1943 5235 3598 5321; baseline -0.008 -18"><span class='ocrx_word' id='word_1_749' title='bbox 1943 5244 2266 5321; x_wconf 88' lang='lat' dir='ltr'>generatim</span> <span class='ocrx_word' id='word_1_750' title='bbox 2298 5246 2503 5298; x_wconf 88' lang='lat' dir='ltr'>notum</span> <span class='ocrx_word' id='word_1_751' title='bbox 2545 5257 2673 5296; x_wconf 85' lang='lat' dir='ltr'>esse</span> <span class='ocrx_word' id='word_1_752' title='bbox 2723 5239 2873 5309; x_wconf 89' lang='lat' dir='ltr'>volo,</span> <span class='ocrx_word' id='word_1_753' title='bbox 2925 5240 3067 5313; x_wconf 89' lang='lat' dir='ltr'>quia</span> <span class='ocrx_word' id='word_1_754' title='bbox 3110 5239 3233 5295; x_wconf 78' lang='lat' dir='ltr'>haec</span> <span class='ocrx_word' id='word_1_755' title='bbox 3280 5242 3340 5293; x_wconf 83' lang='lat' dir='ltr'>et</span> <span class='ocrx_word' id='word_1_756' title='bbox 3388 5235 3598 5292; x_wconf 75' lang='lat' dir='ltr'>husce:</span> 
     </span>
    </p>
   </div>
   <div class='ocr_carea' id='block_1_109' title="bbox 1944 5321 3598 5404">
    <p class='ocr_par' dir='ltr' id='par_1_109' title="bbox 1944 5321 3598 5404">
     <span class='ocr_line' id='line_1_109' title="bbox 1944 5321 3598 5404; baseline -0.01 -11"><span class='ocrx_word' id='word_1_757' title='bbox 1944 5335 2102 5393; x_wconf 86' lang='lat' dir='ltr'>modi</span> <span class='ocrx_word' id='word_1_758' title='bbox 2134 5337 2329 5389; x_wconf 85' lang='lat' dir='ltr'>mente</span> <span class='ocrx_word' id='word_1_759' title='bbox 2355 5334 2737 5404; x_wconf 79' lang='lat' dir='ltr'>pertractans,</span> <span class='ocrx_word' id='word_1_760' title='bbox 2772 5333 2940 5386; x_wconf 59' lang='lat' dir='ltr'>astate</span> <span class='ocrx_word' id='word_1_761' title='bbox 2981 5327 3355 5399; x_wconf 82' lang='lat' dir='ltr'>defatigatus,</span> <span class='ocrx_word' id='word_1_762' title='bbox 3391 5321 3598 5379; x_wconf 80' lang='lat' dir='ltr'>ofﬁciis</span> 
     </span>
    </p>
   </div>
   <div class='ocr_carea' id='block_1_110' title="bbox 1945 5409 3597 5493">
    <p class='ocr_par' dir='ltr' id='par_1_110' title="bbox 1945 5409 3597 5493">
     <span class='ocr_line' id='line_1_110' title="bbox 1945 5409 3597 5493; baseline -0.011 -11"><span class='ocrx_word' id='word_1_763' title='bbox 1945 5426 2123 5482; x_wconf 90' lang='lat' dir='ltr'>etiam</span> <span class='ocrx_word' id='word_1_764' title='bbox 2160 5421 2419 5493; x_wconf 88' lang='lat' dir='ltr'>corporis</span> <span class='ocrx_word' id='word_1_765' title='bbox 2444 5418 2796 5474; x_wconf 89' lang='lat' dir='ltr'>imminutus</span> <span class='ocrx_word' id='word_1_766' title='bbox 2812 5419 2953 5473; x_wconf 90' lang='lat' dir='ltr'>dum</span> <span class='ocrx_word' id='word_1_767' title='bbox 2977 5418 3175 5473; x_wconf 91' lang='lat' dir='ltr'>minus</span> <span class='ocrx_word' id='word_1_768' title='bbox 3202 5431 3295 5470; x_wconf 84' lang='lat' dir='ltr'>me</span> <span class='ocrx_word' id='word_1_769' title='bbox 3320 5409 3597 5485; x_wconf 86' lang='lat' dir='ltr'>pastorali</span> 
     </span>
    </p>
   </div>
   <div class='ocr_carea' id='block_1_111' title="bbox 1946 5498 3599 5580">
    <p class='ocr_par' dir='ltr' id='par_1_111' title="bbox 1946 5498 3599 5580">
     <span class='ocr_line' id='line_1_111' title="bbox 1946 5498 3599 5580; baseline -0.012 -9"><span class='ocrx_word' id='word_1_770' title='bbox 1946 5532 2098 5571; x_wconf 62' lang='lat' dir='ltr'>cura;</span> <span class='ocrx_word' id='word_1_771' title='bbox 2128 5510 2404 5567; x_wconf 89' lang='lat' dir='ltr'>idoneum</span> <span class='ocrx_word' id='word_1_772' title='bbox 2428 5508 2807 5580; x_wconf 89' lang='lat' dir='ltr'>persentisco,</span> <span class='ocrx_word' id='word_1_773' title='bbox 2828 5507 2982 5563; x_wconf 88' lang='lat' dir='ltr'>beati</span> <span class='ocrx_word' id='word_1_774' title='bbox 3007 5503 3299 5562; x_wconf 86' lang='lat' dir='ltr'>Benedicti</span> <span class='ocrx_word' id='word_1_775' title='bbox 3321 5498 3599 5571; x_wconf 88' lang='lat' dir='ltr'>capitula-</span> 
     </span>
    </p>
   </div>
   <div class='ocr_carea' id='block_1_112' title="bbox 1946 5585 3594 5661">
    <p class='ocr_par' dir='ltr' id='par_1_112' title="bbox 1946 5585 3594 5661">
     <span class='ocr_line' id='line_1_112' title="bbox 1946 5585 3594 5661; baseline -0.014 -1"><span class='ocrx_word' id='word_1_776' title='bbox 1946 5605 2053 5660; x_wconf 89' lang='lat' dir='ltr'>tim</span> <span class='ocrx_word' id='word_1_777' title='bbox 2084 5605 2155 5658; x_wconf 88' lang='lat' dir='ltr'>de</span> <span class='ocrx_word' id='word_1_778' title='bbox 2186 5598 2592 5657; x_wconf 87' lang='lat' dir='ltr'>constituendo</span> <span class='ocrx_word' id='word_1_779' title='bbox 2625 5597 2834 5652; x_wconf 88' lang='lat' dir='ltr'>abbate</span> <span class='ocrx_word' id='word_1_780' title='bbox 2865 5592 3257 5652; x_wconf 88' lang='lat' dir='ltr'>sollicitudine</span> <span class='ocrx_word' id='word_1_781' title='bbox 3288 5585 3594 5661; x_wconf 67' lang='lat' dir='ltr'>praemoni-</span> 
     </span>
    </p>
   </div>
   <div class='ocr_carea' id='block_1_113' title="bbox 1947 5671 3588 5760">
    <p class='ocr_par' dir='ltr' id='par_1_113' title="bbox 1947 5671 3588 5760">
     <span class='ocr_line' id='line_1_113' title="bbox 1947 5671 3588 5760; baseline -0.016 -11"><span class='ocrx_word' id='word_1_782' title='bbox 1947 5697 2064 5760; x_wconf 88' lang='lat' dir='ltr'>tus,</span> <span class='ocrx_word' id='word_1_783' title='bbox 2099 5708 2234 5748; x_wconf 90' lang='lat' dir='ltr'>cum</span> <span class='ocrx_word' id='word_1_784' title='bbox 2264 5687 2541 5745; x_wconf 87' lang='lat' dir='ltr'>omnibus</span> <span class='ocrx_word' id='word_1_785' title='bbox 2578 5685 2856 5741; x_wconf 86' lang='lat' dir='ltr'>fratribus</span> <span class='ocrx_word' id='word_1_786' title='bbox 2878 5684 3023 5741; x_wconf 89' lang='lat' dir='ltr'>meis</span> <span class='ocrx_word' id='word_1_787' title='bbox 3046 5680 3180 5737; x_wconf 86' lang='lat' dir='ltr'>ﬁliis</span> <span class='ocrx_word' id='word_1_788' title='bbox 3202 5683 3257 5733; x_wconf 89' lang='lat' dir='ltr'>et</span> <span class='ocrx_word' id='word_1_789' title='bbox 3279 5671 3588 5737; x_wconf 80' lang='lat' dir='ltr'>conservis,</span> 
     </span>
    </p>
   </div>
  </div>
