3906 6356
312 381 431 446 ’255

1446 383 1509 444 S.
1559 379 1833 443 MAIOLI
1880 378 2209 440 ABBATIS
2256 377 2603 441 CLUNIAC.

3611 377 3744 440 756

314 518 470 576 beati
490 519 725 591 quidem
746 517 893 573 Petri
911 516 1135 587 pridem
1155 514 1405 571 electum
1427 515 1664 570 fratrem
1684 531 1749 568 ac
1773 512 1962 567 filium
1992 517 2048 583 Α
2077 512 2261 568 omnia
2291 512 2468 581 factus
2492 529 2633 579 sum,
2667 520 2728 567 ut
2775 529 2956 568 omnes
3007 512 3383 583 lucri/acerem
3418 512 3465 585 (Ι
3494 512 3616 569 Cor.
3652 531 3740 581 Ix,

319 607 597 665 Maiolum
630 606 999 678 reelegimus,
1032 610 1089 659 et
1119 605 1390 659 abbatem
1422 620 1549 658 esse
1572 603 1964 673 decernimus,

318 714 390 752 ne
420 695 732 752 insolentia
764 699 973 749 nostra:
1022 693 1384 747 infirmitatis
1433 694 1573 748 ordo
1621 692 1964 757 deterescat,

317 790 375 840 ct
401 783 695 856 repulsam
727 784 783 837 in
818 783 1012 855 aliquo
1036 783 1447 855 patiatur,Deo
1466 782 1714 853 propitio
1739 798 1970 851 semper

318 874 387 929 ad
410 872 651 927 meliora
672 872 1094 943 provehendus.
1112 872 1256 925 Nam
1283 871 1436 925 sicut
1456 870 1589 941 quis
1612 871 1683 924 ad
1709 870 1965 939 regimen

319 962 593 1017 incautus
625 960 865 1032 aSpirat,
898 960 978 1013 ita
1010 960 1055 1014 si
1092 960 1224 1031 quis
1258 959 1471 1029 dignus
1518 959 1731 1030 refugit
1766 957 1968 1013 merito

280 1060 283 1063 ’
318 1049 808 1121 constringendus
838 1048 1107 1103 habetur.
1143 1050 1208 1103 Et
1238 1047 1391 1101 sicut
1422 1045 1802 1101 Cluniacense
1840 1063 1967 1099 mo-

317 1138 639 1195 nasterium
668 1139 783 1193 Deo
815 1142 1049 1193 auctore
1081 1155 1115 1192 a
1142 1137 1437 1192 Willelmo
1467 1137 1613 1191 duce
1661 1137 1969 1190 fundatum

316 1227 551 1283 nomine
583 1226 863 1300 principis
895 1225 1291 1298 apostolorum
1326 1224 1970 1296 sacratum,privilcgiis

317 1317 590 1372 Romana:
624 1317 782 1371 sedis
806 1315 1483 1386 insignitum,regalibus
1515 1314 1816 1385 prmceptis
1842 1330 1972 1367 con-

316 1406 638 1471 firmatum,
672 1422 705 1459 a
735 1403 1064 1459 reverendis
1094 1421 1325 1476 quoque
1376 1403 1686 1458 abbatibus
1736 1401 1969 1457 domnis

317 1494 578 1549 Bernone
604 1496 660 1548 et
677 1493 875 1548 Odone
892 1492 1228 1548 ordinatum
1254 1496 1516 1559 constat;
1539 1492 1616 1553 ita
1634 1508 1765 1546 cum
1790 1490 1972 1545 omni-

316 1582 428 1638 bus
462 1581 731 1649 abbatiis,
766 1580 929 1649 locis,
965 1584 1019 1636 et
1050 1579 1212 1636 cellis
1247 1582 1341 1635 ubi
1375 1580 1494 1645 ubi,
1530 1597 1731 1634 eorum
1764 1578 1851 1634 vel
1877 1596 1971 1634 no-

315 1674 436 1727 stro
466 1676 727 1742 tempore
758 1669 1082 1743 acquisitis,
1102 1670 1374 1741 pragdicto
1392 1670 1553 1724 fratri
1574 1670 1968 1725 ordinandum

315 1761 628 1827 tradimus,
650 1765 825 1830 atque
850 1764 968 1815 tam
1003 1760 1073 1814 ad
1108 1758 1368 1814 ordinem
1395 1759 1747 1814 servandum
1770 1775 1972 1813 secun-

316 1848 457 1903 dum
483 1847 717 1902 beatum
744 1846 1120 1902 Benedictum
1136 1846 1724 1918 etinstitutapatrum
1749 1851 1971 1901 nostro-

316 1953 469 2002 rum,
497 1952 670 2007 quam
696 1936 764 1989 ad
791 1953 882 1990 res
908 1935 1303 2006 disponendas
1318 1934 1427 1988 sub
1441 1934 1599 1988 omni
1618 1933 1970 2005 integritate,

315 2023 569 2095 propitia
599 2021 1176 2089 divinitate,vinculis
1199 2021 1537 2076 obedientia:
1560 2021 1965 2092 astringimus,

314 2118 372 2169 et
401 2113 672 2168 abbatem
709 2112 1068 2167 unanimiter
1096 2128 1301 2166 omnes
1332 2109 1818 2181 proclamamus.»
1836 2109 1971 2163 Post

314 2202 437 2257 bzec
470 2201 719 2274 denique
752 2201 945 2268 verba,
979 2199 1261 2256 electione
1291 2200 1707 2271 conscripta,et
1737 2198 1967 2252 univer-

314 2291 507 2346 sitatis
540 2307 828 2345 consensu
874 2290 1164 2357 roborata,
1200 2287 1594 2360 impositaque
1646 2286 1971 2359 antiphona

315 2379 551 2435 ducitur
582 2379 639 2434 in
683 2378 1014 2440 ecclesiam.
1046 2377 1430 2445 benedicitur,
1466 2381 1522 2432 et
1569 2376 1627 2430 in
1678 2392 1785 2455 sua
1834 2376 1970 2431 sede

314 2468 591 2525 omnibus
622 2468 1058 2540 gratulantibus
1092 2466 1335 2522 levatur.

385 2558 481 2614 IlI.
512 2558 817 2629 Scriptura:
845 2572 1018 2613 sacra:
1050 2557 1274 2611 lectione
1299 2572 1356 2610 se
1385 2562 1434 2609 cl
1462 2556 1601 2610 alios
1626 2556 1780 2625 regit.
1819 2553 1970 2609 ——Ut

313 2646 535 2719 speculi
569 2647 689 2702 fieri
726 2646 872 2702 solet
903 2643 1281 2717 inspectione,
1318 2644 1396 2698 ita
1426 2642 1749 2698 scintcrius
1774 2642 1970 2698 divina

314 2736 724 2793 considerabat
756 2735 1022 2801 lectione,
1038 2733 1294 2789 etexhac
1320 2732 1533 2787 mentis
1556 2736 1796 2787 ornatus
1818 2748 1971 2786 com-

314 2825 675 2899 ponebatur;
709 2822 1096 2881 deformitatis
1125 2840 1257 2877 vero
1291 2822 1337 2877 si
1379 2821 1518 2893 quid
1569 2821 1968 2893 deprehende-

314 2914 506 2982 batur,
534 2913 781 2985 justitia:
810 2912 1210 2967 moderamine
1242 2910 1661 2983 corrigebatur.
1678 2910 1811 2965 Ideo
1833 2908 1970 2964 divi-

315 3020 524 3058 norum
584 3006 1006 3073 praceptorum
1058 3000 1192 3072 plus
1242 3000 1640 3054 delectabatur
1697 2998 1965 3069 eloquiis,

314 3108 492 3162 quam
546 3090 788 3161 dapium
834 3088 1148 3144 ditissimis
1201 3087 1467 3154 ferculis;
1504 3087 1641 3158 Quia
1693 3104 1761 3141 ex
1792 3086 1883 3141 his
1914 3091 1970 3140 et

313 3195 453 3234 suos
482 3194 676 3232 mores
702 3192 1069 3247 componere,
1105 3180 1161 3230 et
1191 3175 1299 3229 sibi
1335 3174 1683 3229 commissos
1718 3174 1966 3229 instrue-

2074 604 2187 667 22).
2222 600 2516 671 Quidquid
2549 600 2917 672 loquebatur,
2946 602 3244 673 sapientia}
3274 603 3557 675 gravitate
3580 620 3747 658 com-

2078 690 2348 760 ponebat.
2372 690 2573 744 Sermo
2597 691 2724 759 ejus
2748 688 2866 745 sale
2887 691 3178 759 conditus,
3195 708 3310 762 quo
3336 691 3569 747 virtutis
3593 710 3746 763 pon-

2078 778 2211 832 dere
2244 778 2433 832 brevis
2474 782 2529 833 et
2567 796 2837 843 rarus,eo
2861 779 3130 849 prudenti
3155 779 3439 835 suavitate
3478 779 3745 836 habeba-

2082 871 2175 921 tur
2206 867 2516 937 pretiosus.
2543 867 2674 920 Ideo
2698 868 3162 939 quotiescunque
3186 869 3254 922 ad
3289 869 3748 925 (adiﬁcationem

2080 955 2358 1010 moralem
2394 955 2641 1009 faciebat
2674 973 3028 1023 sermonem,
3063 961 3123 1010 ut
3154 956 3635 1023 diiserlisssimus,
3662 960 3750 1013 ita

2080 1044 2407 1099 habebatur
2453 1043 2848 1115 gratissimus.
2884 1045 3129 1117 Gregem
3187 1045 3296 1100 sibi
3350 1047 3746 1102 commissum

2082 1131 2319 1204 provida
2354 1150 2559 1202 regens
2593 1133 2808 1204 pietate
2840 1134 3119 1189 adversus
3150 1134 3470 1205 pessimum
3515 1138 3747 1192 sanctis

2081 1222 2356 1275 omnibus
2384 1220 2712 1287 inimicum,
2749 1221 3019 1277 concordi
3053 1226 3373 1295 sanctoque
3415 1225 3747 1279 certamine

2082 1311 2433 1365 admonebat
2462 1315 2702 1375 certare,
2734 1316 2797 1365 ut.
2830 1328 3030 1366 eorum
3062 1311 3312 1383 quisque
3335 1313 3486 1383 quod
3515 1319 3745 1384 posset,

2081 1399 2305 1470 operari
2330 1400 2549 1454 bonum
2576 1418 2690 1454 non
2714 1399 3043 1466 desisteret,
3063 1418 3132 1455 ne
3154 1404 3292 1456 tunc
3311 1400 3479 1456 vellet
3503 1403 3750 1473 quando

2082 1505 2197 1542 non
2244 1486 2463 1555 liceret,
2500 1487 2621 1543 Illis
2667 1488 2843 1543 etiam
2876 1489 2937 1544 B.
2975 1488 3135 1543 Pauli
3188 1490 3403 1561 smpius
3449 1489 3751 1546 inferebat

2082 1576 2327 1642 monita,
2360 1577 2460 1648 qui
2496 1576 2553 1631 in
2586 1594 2691 1632 sua
2732 1576 2812 1632 ait
2862 1576 3123 1648 Epistola
3154 1595 3165 1633 :
3199 1580 3394 1633 Pacem
3436 1582 3751 1651 sequimini

2079 1681 2205 1720 cum
2233 1666 2485 1721 omnibus
2514 1674 2565 1721 ct
2596 1667 3019 1721 sanctimoniam
3044 1668 3163 1721 sine
3194 1684 3301 1739 qua
3330 1683 3487 1722 nemo
3537 1667 3753 1723 videbit

2080 1755 2268 1809 Deum.
2301 1754 2480 1810 Vetus
2511 1755 2666 1809 enim
2702 1755 3072 1826 proverbium
3110 1761 3217 1821 est,
3254 1772 3451 1828 parem
3494 1757 3619 1827 pari
3658 1758 3747 1811 fa-

2081 1842 2186 1896 cile
2218 1844 2579 1914 congregari.
2616 1844 2747 1898 Ideo
2788 1848 3104 1915 perpetuus
3153 1844 3505 1918 virginitatis
3537 1850 3749 1901 custos

2079 1930 2299 1986 nullius
2332 1932 2711 2004 turpitudinis
2746 1932 3068 2004 ignominia
3100 1932 3380 1988 maculari
3404 1934 3752 2006 patiebatur

2079 2021 2189 2076 sibi
2224 2021 2511 2077 subditos.
2548 2022 2860 2077 Peccantes
2889 2039 3020 2077 vero
3050 2022 3171 2077 zelo
3196 2023 3272 2095 pii
3299 2024 3515 2079 amoris
3539 2042 3748 2080 coram

2079 2109 2353 2166 omnibus
2385 2111 2685 2182 arguebat,
2716 2114 2781 2165 ut
2805 2112 2992 2166 caeteri
3020 2110 3287 2167 timorem
3312 2112 3747 2168 haberent.Sed

2078 2203 2136 2253 et
2164 2200 2340 2253 verba
2371 2216 2495 2270 qua:
2520 2199 2627 2253 sub
2652 2199 3047 2270 increpatione
3078 2201 3613 2272 prot'erebat,quasi
3641 2202 3749 2256 sti-

2079 2285 2223 2341 muli
2257 2288 2405 2342 dura
2434 2287 2786 2342 videbantur
2815 2292 2869 2343 et
2902 2306 3127 2360 aspera,
3157 2289 3328 2360 juxta
3357 2288 3502 2344 illud
3530 2307 3541 2345 :
3573 2291 3751 2345 Verba

2077 2377 2340 2447 sapientis
2372 2378 2531 2449 quasi
2558 2378 2772 2431 stimuli
2798 2386 2849 2433 ct
2875 2381 3035 2449 quasi
3063 2378 3205 2432 clavi
3245 2380 3304 2433 in
3350 2380 3526 2434 altum
3570 2366 3752 2450 deﬁxi

2079 2466 2272 2532 (Ecclc.
2293 2483 2394 2530 xu,
2422 2466 2528 2533 11).
2554 2465 2702 2531 Quin
2724 2466 2900 2521 etiam
2924 2470 3165 2538 paterno
3184 2484 3343 2522 more
3365 2484 3512 2539 quos
3532 2485 3753 2539 aspera

2080 2553 2467 2626 redarguebat
2514 2553 2856 2623 invectione,
2895 2555 3109 2610 mirum
3159 2560 3249 2611 est
3292 2557 3524 2622 referre,
3560 2573 3749 2628 quam

2080 2647 2491 2713 sancte,quam
2522 2643 2613 2714 pie
2635 2661 2734 2698 eos
2764 2644 3139 2715 postmodum
3165 2644 3753 2716 demulcebat,prout

2079 2731 2290 2803 cuique
2323 2732 2592 2803 expedire
2624 2731 2876 2799 videbat,
2903 2733 3202 2804 proferens
3224 2733 3295 2788 de
3318 2732 3596 2788 thesauro
3622 2751 3751 2788 cor-

2080 2820 2170 2875 dis
2201 2821 2290 2874 sui
2325 2837 2472 2875 nova
2502 2825 2558 2874 et
2587 2825 2812 2886 vetera;
2846 2820 2991 2876 alios
3024 2822 3265 2892 quidem
3291 2821 3745 2889 blandimentis,

2080 2907 2224 2963 alios
2255 2907 2776 2975 admonitionibus,
2812 2907 2957 2964 alios
2987 2909 3309 2964 terroribus
3339 2914 3394 2965 et
3425 2910 3508 2964 ita
3540 2913 3747 2967 omni-

2078 2997 2190 3054 bus
2222 2997 2420 3051 omnia
2452 2997 2639 3051 factus
2662 2997 2833 3067 juxta
2863 2995 3229 3068 Apostolum,
3264 2997 3596 3068 prazdicans
3618 3018 3747 3055 ver-

2079 3085 2241 3162 bum,
2278 3085 2505 3140 instans
2536 3090 2881 3155 opportune,
2916 3083 3266 3155 imporl'une,
3292 3090 3750 3157 arguens,obse-

2078 3190 2250 3228 crans
2282 3174 2337 3226 in
2372 3172 2531 3227 omni
2577 3172 2857 3244 patientia
2884 3180 2941 3229 et
2972 3173 3237 3229 doctrina
3268 3176 3341 3246 (Il
3378 3178 3511 3232 Tim.
3547 3196 3624 3246 ιν,
3656 3184 3746 3248 2).

313 3267 487 3322 batur
516 3266 721 3320 docere
753 3269 811 3319 et
841 3263 1172 3335 corrigere..
1203 3263 1442 3318 Cunctis
1474 3268 1667 3318 tamen
1702 3263 1962 3334 seipsum
1995 3250 2038 3315 C
2077 3261 2293 3317 Verum
2327 3261 2463 3332 quia
2492 3262 2774 3316 charitate
2798 3262 3132 3334 replebatur
3151 3262 3389 3331 Christi,
3409 3265 3508 3336 qui
3532 3284 3748 3324 omnes

312 3355 461 3410 bene
490 3353 719 3409 vivendi
751 3353 1045 3425 prmbebat
1073 3351 1427 3424 exemplum.
1462 3354 1533 3407 Et
1565 3353 1693 3407 ideo
1726 3352 1877 3407 sicut
1906 3352 1963 3408 in

312 3443 534 3511 ordine,
561 3442 643 3497 ita
663 3443 894 3515 primus
917 3442 1195 3497 studebat
1222 3447 1284 3496 ut
1314 3447 1469 3497 esset
1499 3441 1559 3496 in
1593 3443 1967 3513 opere,juxta

310 3531 457 3588 illud
490 3530 857 3604 evangelista:
893 3548 905 3587 :
942 3531 1109 3603 Capit
1134 3532 1288 3587 Iesus
1328 3534 1505 3602 facere
1533 3540 1584 3586 et
1611 3531 1798 3586 docere
1830 3532 1962 3601 (Act.

312 3638 349 3689 ι,
387 3622 459 3689 1).
495 3621 651 3676 Adeo
680 3619 913 3676 lectioni
944 3637 1177 3692 semper
1219 3625 1342 3675 erat
1391 3621 1644 3687 deditus,
1682 3624 1744 3675 ut
1777 3620 1833 3674 in
1866 3619 1965 3675 iti-

310 3724 446 3763 nere
478 3707 725 3780 positus,
759 3706 1021 3762 libellum
1055 3705 1268 3779 smpius
1298 3710 1553 3779 gestaret
1585 3706 1641 3761 in
1666 3706 1962 3761 manibus.

310 3796 509 3868 Itaque
542 3796 598 3849 in
631 3796 954 3868 equitando
995 3796 1366 3850 reficiebatur
1417 3795 1651 3850 animus
1698 3794 1961 3867 legendo.

381 3884 473 3940 ιν.
507 3886 775 3956 Pro/unos
806 3893 871 3939 ut
898 3885 1047 3955 legit.
1067 3883 1529 3956 —Philosopbos
1563 3902 1693 3940 vero
1724 3883 1963 3939 smcula-

309 3972 506 4045 risque
538 3973 836 4046 sapientiae
871 3972 1052 4028 libros
1082 3973 1318 4044 quando
1342 3972 1586 4043 legebat,
1606 3973 1742 4028 illud
1769 3974 1962 4045 sagaci

308 4063 645 4117 sectabatur
674 4061 991 4126 industria,
1019 4062 1171 4132 quod
1207 4061 1278 4115 ad
1324 4060 1718 4131 legislaturem
1769 4063 1965 4118 divina

308 4166 417 4204 vox
437 4148 497 4203 in
529 4148 674 4221 legis
701 4148 1117 4205 secundatione
1137 4149 1216 4218 (iil
1236 4158 1314 4204 est
1344 4150 1813 4219 Deuterunomio)
1830 4170 1966 4223 pra:-

309 4237 451 4309 cipit
499 4238 569 4293 de
617 4238 846 4309 captiva
893 4255 1043 4308 quae,
1092 4242 1329 4309 sumpto
1380 4237 1628 4305 calvitio,
1663 4239 1963 4311 unguibus

308 4328 626 4398 praesectis,
658 4326 793 4399 pilis
818 4325 1064 4393 abrasis,
1086 4326 1360 4381 omnibus
1393 4334 1637 4399 purgata
1664 4330 1959 4396 sordibus,

306 4417 435 4487 ejus
467 4434 499 4471 a
531 4433 645 4488 quo
672 4421 843 4488 capta
874 4415 1062 4470 fuerat
1091 4415 1380 4471 transibat
1413 4417 1469 4470 in
1503 4416 1962 4489 amplexus.Hac

307 4504 522 4577 quippe
557 4504 965 4571 similitudine,
1002 4522 1127 4576 qua:
1156 4503 1212 4558 in
1260 4504 1741 4577 philosOphorum
1794 4506 1960 4561 libris

306 4593 748 4665 reperiebantur
776 4594 1099 4664 utilia,ha3c
1123 4612 1229 4649 sua
1252 4594 1607 4667 dignabatur
1636 4596 1919 4650 memoria
1944 4612 1955 4651 :
1991 4621 2038 4684 υ

306 4697 434 4753 qua:
466 4700 597 4738 vero
630 4682 947 4755 superflua,
965 4682 1035 4738 de
1052 4698 1250 4738 amore
1272 4682 1494 4739 scilicet
1526 4701 1839 4756 rerumque
1862 4702 1960 4740 sae-

305 4769 595 4825 cularium
629 4788 788 4839 cura,
817 4771 938 4827 haec
965 4772 1133 4843 quasi
1165 4776 1448 4828 venenata
1468 4774 1711 4828 radebat
1733 4779 1790 4829 et
1813 4791 1961 4829 mor-

303 4858 493 4927 tifera,
526 4858 618 4913 his
649 4859 947 4915 calvitium
980 4861 1316 4929 inducebat,
1353 4861 1474 4917 hinc
1508 4862 1753 4934 ungium
1798 4880 1959 4918 more

304 4947 454 5002 ferro
486 4946 828 5003 acutissimo
859 4949 1192 5005 desecabat.
1227 4951 1307 5005 Ex
1338 4950 1604 5006 lectionis
1635 4968 1770 5023 ergo
1803 4953 1957 5007 assi-

304 5035 549 5102 duitate,
597 5035 1032 5107 Scripturarum
1082 5037 1434 5094 informatus
1481 5040 1848 5107 auctoritate,
1880 5040 1963 5095 ita

303 5122 364 5178 in
387 5123 686 5178 canonicis
705 5141 769 5177 ac
794 5126 1133 5179 monasticis
1156 5125 1384 5181 valebat
1406 5126 1788 5197 institutis,ut
1810 5129 1958 5184 nulii

303 5211 600 5267 videretur
629 5212 925 5267 secundus
976 5214 1033 5266 in
1086 5213 1281 5285 legum
1331 5216 1577 5271 decretis
1606 5235 1671 5270 ac
1702 5218 1956 5288 philoso-

303 5299 494 5370 pliicis
526 5300 911 5370 argumentis.

376 5386 442 5440 V.
474 5388 613 5457 Erga
641 5386 882 5441 subditos
913 5396 971 5442 ut
999 5405 1054 5442 se
1085 5391 1241 5459 gerit.
1278 5421 1341 5427 —
1375 5392 1524 5444 Tum
1557 5390 1767 5447 virtute
1788 5398 1844 5447 et
1865 5411 1956 5447 sa-

305 5475 523 5545 pientia
555 5474 934 5544 compositus,
970 5476 1129 5529 fandi
1162 5493 1393 5548 quoque
1424 5478 1839 5534 honestissima
1872 5498 1959 5536 co-

306 5560 399 5631 pia
432 5562 673 5625 ditatus,
706 5561 785 5614 ita
820 5578 881 5614 se
914 5564 1223 5632 coaptabat
1263 5564 1530 5634 singulis,
1569 5571 1631 5619 ut
1681 5567 1955 5623 omnibus

303 5654 457 5705 esset
503 5646 828 5720 diligibilis,
858 5648 1109 5719 implens
1157 5648 1301 5705 illud
1350 5653 1608 5724 Apostoli
1646 5671 1656 5708 :
1694 5656 1956 5712 Omnibus

2077 3350 2346 3406 homines
2376 3350 2498 3405 vult
2530 3349 2719 3405 salvos
2752 3350 2874 3405 ﬁeri
2904 3354 2961 3405 et
2981 3352 3052 3405 ad
3086 3350 3443 3423 agnitionem
3477 3354 3748 3412 veritatis

2038 3430 2045 3435 ’
2078 3439 2396 3512 pervenire,
2431 3439 2695 3494 omnium
2729 3440 3017 3494 bonorum
3041 3445 3105 3494 ut
3124 3441 3375 3513 propriis
3405 3443 3747 3514 gratulaba-

2078 3532 2176 3583 tur
2207 3528 2601 3600 provectibus,
2632 3528 2922 3583 malorum
2957 3529 3379 3601 ingemiscebat
3412 3531 3744 3604 iniquitati-

2078 3618 2188 3672 bus
2222 3634 2233 3671 :
2272 3618 2620 3672 miserorum
2651 3635 2804 3681 vero,
2841 3618 2994 3673 haud
3032 3635 3200 3674 secus
3234 3636 3299 3675 ac
3330 3619 3378 3676 si
3412 3620 3537 3692 ipse
3567 3626 3744 3694 pate-

2078 3711 2256 3773 retur,
2291 3706 2658 3761 afliciebatur
2689 3706 3146 3764 calamitatibUS.

2146 3795 2239 3849 Vl.
2271 3795 2333 3849 In
2366 3797 2594 3866 palatiis
2645 3812 2809 3867 quam
2854 3805 3009 3852 caute
3051 3814 3107 3852 se
3155 3797 3329 3853 habet.
3363 3798 3551 3854 Multos
3605 3817 3737 3855 con-

2076 3886 2235 3939 vortit
2261 3902 2294 3939 a
2324 3886 2543 3941 sa’culo.
2573 3885 2897 3940 Monasteria
2926 3888 3204 3956 reformat.
3239 3918 3304 3928 —
3333 3889 3737 3959 Augustorum

2072 3990 2205 4027 vero
2239 3990 2341 4027 seu
2376 3990 2577 4045 regum
2614 3973 2829 4045 palatia
2850 3992 2983 4029 cum
3008 3993 3111 4047 per
3132 3975 3390 4031 diversas
3412 3981 3605 4049 partes
3630 3978 3740 4033 fre-

2076 4066 2321 4133 quenter
2351 4062 2516 4129 adiit,
2552 4061 2611 4116 in
2644 4062 2730 4117 eis
2756 4081 2869 4119 non
2905 4082 3029 4136 qua:
3063 4082 3169 4120 sua
3190 4067 3454 4134 sunt,scd
3480 4084 3609 4137 qum
3640 4067 3733 4122 Je-

2075 4168 2141 4205 su
2177 4149 2389 4204 Christi
2424 4150 2708 4222 quaesivit,
2746 4156 2809 4206 ut
2839 4169 2905 4207 ex
2937 4170 3138 4208 eorum
3190 4152 3413 4209 scilicet
3452 4154 3731 4209 famiiiari

2074 4238 2477 4306 collocutione,
2496 4240 2830 4295 subveniret
2845 4241 3140 4312 oppressis
3160 4259 3267 4296 sua
3283 4242 3729 4307 interventiouc,

2073 4333 2175 4382 aut
2204 4333 2357 4382 certe
2389 4327 2620 4399 aliquos
2669 4347 2737 4383 ex
2787 4329 3053 4383 saeculari
3086 4330 3170 4385 vel
3221 4329 3471 4385 clericali
3523 4331 3731 4387 habitu

2072 4417 2187 4472 Deo
2206 4416 2349 4471 lucri
2362 4417 2589 4483 faceret,
2608 4418 2849 4489 utjuxta
2866 4418 3095 4473 Domini
3118 4424 3469 4491 praeceptum
3496 4420 3732 4492 propria

2072 4505 2487 4577 relinquerent,
2523 4511 2580 4561 et
2619 4505 3001 4563 srecularibus
3052 4507 3209 4563 curis
3261 4508 3489 4574 semoti,
3525 4508 3642 4563 Deo
3671 4508 3726 4564 in

2070 4593 2495 4665 tranquillitate
2526 4595 2741 4650 servire
2772 4596 3092 4651 studerent.
3132 4597 3335 4668 Itaque
3356 4595 3492 4651 licet
3513 4598 3731 4669 saepius

2072 4684 2128 4737 in
2162 4687 2390 4738 terreno
2423 4689 2867 4739 conversaretur
2898 4684 3136 4757 palatio,
3169 4686 3406 4741 animus
3436 4691 3636 4741 tamen
3672 4687 3729 4741 in

2070 4771 2230 4827 nullo
2262 4789 2324 4827 se
2347 4772 2926 4829 flectebatacoelestis
2945 4774 3072 4829 vitae
3097 4774 3423 4847 proposito;
3445 4775 3727 4847 quoniam

2068 4860 2348 4916 humanis
2393 4860 2650 4916 cwlestia
2701 4879 3063 4934 prmpcnens,
3097 4863 3227 4919 ideo
3259 4878 3292 4919 a
3322 4862 3544 4918 caelesti
3596 4880 3729 4936 rege

2068 4950 2325 5021 separari
2362 4967 2477 5005 non
2526 4954 2771 5021 poterat,
2807 4951 2902 5005 cui
2954 4951 3071 5008 toia
3130 4956 3325 5008 mente
3370 4952 3726 5008 adhaerebat.

2069 5038 2286 5093 Deinde
2318 5041 2381 5092 ut
2410 5039 2644 5093 obsceni
2681 5038 2934 5095 rumoris
2986 5040 3148 5095 nulla
3176 5040 3245 5095 de
3276 5057 3337 5095 se
3370 5039 3593 5109 fabula,
3626 5042 3731 5096 sed

2068 5126 2214 5181 bene
2246 5127 2474 5182 vivendi
2507 5128 2839 5199 exemplum
2873 5146 2941 5183 ex
2991 5147 3099 5184 sua
3148 5130 3485 5201 procederet
3534 5130 3729 5183 contis

2069 5216 2286 5281 nentia,
2324 5215 2378 5269 in
2416 5216 2672 5281 incessu,
2706 5216 2763 5270 in
2795 5218 2954 5271 omni
2998 5218 3259 5289 corporis
3311 5222 3496 5283 motu,
3529 5218 3631 5273 tali
3668 5235 3729 5273 se

2068 5306 2420 5375 perm-nabat
2452 5305 2675 5369 habitu,
2702 5311 2767 5359 ut
2787 5305 2979 5359 omnis
3012 5307 3141 5377 ejus
3171 5307 3552 5372 actio,omnis
3576 5306 3729 5361 locu-

2070 5392 2148 5446 tio
2173 5393 2439 5447 doctrina
2467 5396 2863 5464 apostolorum
2897 5400 3053 5450 esset
3086 5400 3141 5451 et
3171 5395 3568 5450 institutio.Os
3599 5397 3729 5467 ejus

2070 5479 2148 5534 ita
2182 5481 2514 5552 replebatur
2563 5501 2630 5537 ex
2679 5484 2874 5538 cordis
2917 5483 3305 5549 abundantia,
3339 5488 3404 5537 ut
3428 5483 3487 5537 in
3521 5485 3725 5538 eodem

2069 5587 2164 5625 ore
2200 5588 2344 5641 pene
2377 5571 2517 5626 nihil
2556 5572 2713 5627 aliud
2760 5574 2870 5627 nisi
2926 5573 3011 5629 lex
3064 5579 3363 5628 resonaret
3411 5573 3629 5626 divina.
3661 5573 3726 5627 Et

2067 5660 2205 5729 quia
2237 5661 2532 5732 Scriptura
2560 5662 2730 5732 jubet
2765 5679 2776 5715 2
2815 5665 2930 5734 Qui
2961 5663 3117 5718 audit
3148 5664 3290 5718 dicat
3320 5682 3336 5715 :
3375 5663 3506 5716 Veni
3534 5662 3721 5733 (Apoc.
