1968 3231
93 206 145 239 I97

560 205 882 242 PRIELOQUIORUM
904 203 1119 238 LIBRI.SEX.
1135 223 1175 229 —
1189 207 1263 238 LIB.
1288 205 1327 238 II.

1742 207 1800 238 198

124 274 150 302 9.
162 273 244 307 Quod
259 271 287 302 si
301 275 432 310 opponat
446 274 518 302 mihi
533 274 623 302 Jacob
639 274 713 301 duas
726 281 841 307 uxores,
859 273 917 302 Da—
932 272 960 308 Α
975 273 1055 301 illum
1069 281 1177 307 vocans,
1193 274 1272 309 cujus
1288 275 1351 301 estis
1365 274 1435 310 ﬁlix
1449 274 1515 302 bene
1537 273 1668 310 facientes
1682 276 1707 308 (Ι
1726 275 1798 304 Petr.

91 318 135 347 vid
149 326 267 355 quoque
281 319 312 346 at
326 318 492 347 Salomonis
501 319 590 347 ctiam
601 318 701 355 plures
714 328 720 352 ;
737 318 827 346 invito
837 320 867 349 te
879 319 915 346 ad

91 362 256 400 mysterium
270 363 486 400 indagandum,
502 363 575 400 quia
596 364 692 391 omnia
707 363 764 391 hac
779 364 810 391 in
827 363 918 399 ﬁgura

90 407 278 443 contingebant
288 408 316 443 (Ι
333 407 394 436 Cor.
411 416 439 436 x.
457 408 488 436 ll
505 408 526 444 ;)
542 410 571 436 et
600 408 741 436 audacter
768 408 916 444 proﬁteor,

90 452 171 481 etiam
185 451 235 480 hic
249 451 398 480 civitatem
410 452 459 480 Dei
471 453 577 486 nostri,
587 455 616 480 et
627 454 758 480 montem
779 454 915 480 sanctum

91 496 384 533 ejusprophetatum,
402 496 430 524 in
443 505 502 533 quo
518 505 577 524 non
588 496 656 525 licet
671 497 732 524 viro
740 496 848 524 habere
859 496 916 523 nisi

90 548 173 569 unam
187 544 324 575 uxorem,
340 543 370 568 et
392 540 475 569 uxori
505 540 564 568 nisi
589 549 682 569 unum
711 541 816 575 virum,
847 549 914 568 cum

91 593 143 622 quo
152 584 260 622 pudice
271 584 371 613 vivens
386 594 475 613 causa
491 585 530 613 sit
545 584 646 621 prolis,
661 588 712 613 aut
726 587 807 614 metu
823 585 916 613 forni-

90 629 218 663 cationis,
229 629 319 658 ﬁdem
331 629 355 657 ai
364 629 507 658 illibatam
516 632 656 666 perpetuo
672 629 862 663 custodiat,et
872 638 916 657 ss-

89 676 280 707 cramentum,
301 673 429 702 maxime
449 682 515 702 cum
532 676 561 702 et
585 674 613 701 id
639 675 674 702 ad
696 674 794 710 majus
823 674 914 710 perti—

88 721 161 752 neat,
176 718 234 747 hoc
247 720 293 747 est
316 717 477 746 Ecclesium
493 720 522 746 et
551 718 700 746 Christum
714 727 721 753 ;
739 718 810 746 dicit
835 719 914 746 enim

87 762 241 800 Apostolus
256 763 293 790 de
306 763 408 791 eadem
424 763 588 792 sententia:
605 763 815 791 Sacramentmn
830 763 858 791 id
870 765 915 791 est

87 807 270 844 mysterium,
290 807 342 836 hoc
368 816 502 842 magnum
528 811 575 841 est,
601 815 650 842 ego
676 810 768 836 autem
796 808 856 835 dico
885 809 915 835 in

89 851 190 881 Christo
213 856 242 880 ει
259 853 290 880 in
304 852 426 880 Ecclesia
451 852 560 887 (Ephes.
576 861 604 880 v.
619 853 658 881 32
670 855 692 887 :)
721 852 855 881 videlicet
883 855 916 880 ut

88 896 131 926 51
147 896 371 933 aliquantulum
389 905 424 924 cx
454 897 507 925 hoc
523 897 652 932 proferre
680 897 816 931 audeam,
846 898 916 934 quia

87 941 159 970 sicut
169 940 212 970 illi
223 941 286 969 duo
297 941 328 968 in
342 949 429 970 carne
440 943 510 969 sunt
521 949 589 976 una,
606 942 647 970 ita
655 941 788 970 Christus
799 950 865 970 cum
877 942 916 970 sit

87 994 168 1015 verus
182 986 277 1019 Deus,
294 988 324 1014 et
339 994 426 1014 verus
441 986 529 1014 homo
539 986 569 1013 in
584 994 703 1022 corpore
719 987 861 1023 sao,quod
873 989 917 1016 est

89 1030 211 1059 Ecclesia
223 1030 340 1066 (Colon.
356 1039 375 1063 ι,
391 1031 426 1057 24
438 1032 459 1064 ς)
470 1038 562 1058 unum
573 1039 609 1058 ex
623 1031 738 1059 duabus
754 1035 852 1060 manet
868 1041 917 1060 na—

88 1074 167 1109 turis,
181 1083 240 1103 nec
259 1074 350 1102 dividi
365 1074 402 1103 ob
418 1083 452 1102 ea
466 1077 562 1111 potest
576 1075 605 1102 in
621 1077 771 1109 aeternum,
790 1084 841 1112 pro
857 1085 916 1113 qua

86 1119 157 1147 fudit
165 1119 197 1147 in
203 1118 400 1155 sponsalibus
410 1119 585 1155 sanguinem
597 1119 852 1156 proprium,sicuti
863 1129 915 1149 nec

85 1163 141 1192 viro
156 1171 294 1196 uxorem,
311 1171 364 1191 nec
376 1163 459 1191 uxori
468 1163 601 1199 linquere
612 1164 764 1200 proprium
776 1165 842 1192 licet
853 1174 914 1194 ma-

86 1208 182 1236 ritum.
198 1208 285 1236 sicut
299 1210 400 1236 autem
415 1216 505 1236 causa
515 1208 717 1237 fornicationis
727 1209 764 1236 ab
775 1209 915 1238 alterutro

85 1251 428 1290 lcgitimumcontingere
438 1254 534 1288 potest
543 1252 713 1288 divortium,
720 1254 761 1282 ita
771 1257 799 1282 et
809 1263 826 1282 a
836 1254 917 1282 Chri—

88 1299 129 1326 sto
142 1304 332 1333 unaquaque
348 1296 448 1324 anima
463 1299 530 1332 post
545 1300 691 1325 amatores
706 1297 861 1332 alicnos,id
873 1300 918 1326 est

89 1341 210 1370 crimina
224 1341 352 1375 diversa,
377 1340 421 1369 vel
437 1341 574 1378 spiritum
604 1342 827 1371 immundorum
845 1351 917 1379 sug-

89 1386 233 1423 gestiones
244 1386 406 1419 fornicans,
417 1386 454 1414 ab
469 1395 502 1414 eo
518 1386 700 1422 repudiatur,
711 1387 771 1415 nisi
783 1387 858 1415 forte
867 1387 919 1415 ite-

89 1439 152 1459 rum
165 1431 192 1460 ei
217 1439 273 1467 per
300 1430 504 1467 penitentiam
532 1431 736 1459 reconcilietur
751 1432 775 1467 (Ι
790 1432 850 1460 Cor.
868 1441 918 1467 νη,

88 1475 143 1512 11.)
157 1475 237 1504 sicut
251 1477 283 1503 et
296 1482 417 1503 uxorem
434 1474 496 1503 viro
507 1475 567 1503 ﬁeri
582 1483 668 1511 posse
684 1483 736 1511 per
745 1473 918 1512 Ap'ostolum

89 1519 243 1549 docemur-

120 1564 165 1593 ιο.
180 1564 267 1598 Quod
282 1566 383 1593 autem
394 1564 482 1592 etiam
495 1573 547 1601 per
557 1565 728 1601 Apostolum
746 1574 833 1594 carne
848 1567 918 1602 duo,

88 1608 116 1637 in
130 1617 218 1639 cerne
233 1610 307 1637 sunt
319 1617 380 1637 una
394 1609 503 1645 (Ephcs.
519 1618 546 1643 v,
558 1609 618 1644 31,)
629 1618 680 1637 nec
697 1609 750 1638 hoc
764 1612 919 1639 transeun-

90 1655 132 1682 ter
143 1653 352 1691 accipiendum
365 1662 372 1688 ;
385 1643 436 1681 sed
447 1643 685 1690 dicendumrquia
696 1657 724 1682 et
733 1654 762 1682 in
775 1655 918 1693 principio
935 1643 956 1676 (ἶ

91 1698 147 1727 duo
161 1698 296 1733 fuerunt,
309 1697 380 1735 quis
395 1706 489 1726 unum
504 1698 588 1734 quasi
600 1707 706 1736 corpus
723 1699 846 1728 invicem
862 1701 922 1730 fue-

92 1745 170 1778 runt,
183 1742 295 1780 ipsein
311 1750 346 1770 es
358 1744 449 1776 costa,
466 1751 530 1778 quae
542 1743 671 1772 detracta
686 1747 730 1772 est
742 1744 808 1778 sibi,
826 1744 877 1773 illa
890 1746 920 1773 in

93 1786 155 1824 ipso
165 1789 266 1816 totum
281 1794 391 1823 corpus
410 1786 532 1821 habens,
547 1796 581 1815 ex
610 1797 668 1824 quo
684 1791 764 1817 costa
779 1789 920 1824 detracta,

93 1834 188 1864 creata
200 1834 247 1862 est
261 1831 319 1860 illi.
331 1831 474 1860 Similiter
485 1834 513 1859 et
529 1832 663 1860 Christus
679 1841 771 1861 unum
792 1835 838 1861 est
853 1842 921 1862 cum

93 1875 231 1910 Ecclesia,
246 1876 280 1905 in
296 1877 444 1912 quantum
459 1878 547 1912 caput
562 1877 696 1912 ejusdem
711 1879 756 1905 est
775 1877 920 1912 Ecclesiae,

93 1919 166 1949 sicut
179 1920 244 1958 ipse
259 1928 382 1957 quoque
397 1919 426 1948 in
450 1920 605 1958 Evangelio
635 1923 771 1956 testatur,
796 1922 897 1951 dicens
914 1933 920 1951 :

92 1964 312 1998 Nemeaeum!!!
325 1966 355 1993 in
371 1965 479 1999 caelum,
495 1966 553 1993 nisi
564 1967 614 2001 qui
637 1966 775 1994 descendit
798 1967 831 1995 de
844 1968 921 2002 celo,

92 2009 175 2039 Filius
189 2010 317 2045 honinis,
331 2010 381 2047 qui
394 2012 435 2038 est
450 2010 481 2038 in
491 2012 558 2038 cwto
574 2011 666 2046 (Joan.
685 2020 725 2043 Ill,
757 2012 814 2048 13.)
831 2013 919 2046 Quasi

93 2053 220 2090 dixisset,
234 2055 339 2092 aptius
355 2062 442 2083 nemo
457 2054 578 2083 intrabit
589 2055 618 2083 in
635 2064 757 2092 regnum
769 2056 918 2092 caelorum,

93 2098 302 2134 nisiunitus,et
311 2098 398 2136 quasi
409 2101 637 2136 concorporatus
643 2100 733 2136 ei.qui
745 2100 787 2129 sic
798 2101 919 2130 descen-

93 2142 134 2172 dit
145 2143 234 2173 homo
249 2143 350 2175 factus
364 2143 401 2172 de
415 2143 497 2177 coelo,
525 2146 556 2172 ut
572 2152 624 2180 per
637 2144 801 2174 divinitatis
816 2149 919 2182 poten-

92 2186 159 2217 tiam
173 2187 213 2218 sit
226 2189 263 2218 in
276 2188 363 2223 caelo,
379 2190 488 2217 terram
513 2188 624 2217 scilicet
649 2189 799 2226 complens
817 2193 845 2218 et
859 2199 919 2219 cm-

92 2231 160 2262 lum.
174 2233 240 2262 Duo
254 2241 326 2262 vero
338 2235 413 2261 sunt
427 2232 561 2261 Christus
577 2235 605 2261 et
620 2233 758 2268 Ecclesia,
780 2235 810 2263 in
826 2244 919 2272 quan-

94 2277 151 2306 tum
165 2277 234 2315 ipsa
245 2285 283 2307 cx
297 2276 482 2311 hominibus,
498 2279 528 2305 et
541 2277 624 2314 puris
653 2281 767 2306 constat
791 2279 919 2312 homini:

972 326 1014 352 In,
1029 318 1058 345 6.
1075 317 1111 345 Ut
1125 326 1194 354 ergo
1215 318 1276 346 lilia
1304 319 1444 346 merearis
1473 319 1535 346 ﬁeri
1565 319 1799 354 patriarcharum

971 362 1045 390 bene
1060 361 1182 396 faciens,
1194 363 1312 391 obedire
1328 363 1413 392 stude
1428 363 1489 391 viro
1505 363 1593 391 etiam
1620 363 1649 391 in
1665 364 1729 400 ipso
1742 372 1800 392 scr-

971 415 1058 434 mone
1073 407 1262 441 humilitatis,
1278 408 1492 442 subjectionem
1508 410 1536 434 et
1544 407 1716 444 gravitatem
1730 417 1801 445 prac-

970 450 1067 478 ferens
1084 454 1363 487 morum,quatenus
1371 453 1549 488 praeconium
1558 452 1639 480 illius
1649 453 1801 481 conveniat

972 495 1118 531 Sapientis
1133 496 1258 524 dicentis
1275 505 1281 524 :
1300 497 1427 525 Mulieris
1443 498 1521 526 bonae
1531 498 1624 525 beatus
1638 499 1692 531 vir,
1708 506 1802 526 nume-

972 548 1020 567 rus
1035 548 1173 568 annorum
1188 541 1266 568 illius
1280 541 1384 577 duplex
1398 541 1497 575 (Eccti.
1518 550 1594 575 xxvx,
1612 542 1650 578 1,)
1667 542 1695 570 id
1714 544 1759 570 est
1773 545 1801 570 et

971 585 1124 621 prmsentis
1141 585 1240 615 szeculi
1253 588 1281 613 et
1291 586 1573 621 futurijucuncilatc
1587 586 1800 622 fclithemque

971 629 1070 656 Mulier
1083 630 1165 664 fortis
1191 630 1307 658 oblectat
1334 631 1427 658 cirum
1453 639 1546 664 suum,
1574 635 1601 658 et
1626 639 1713 659 anno:
1735 632 1801 660 vitae

971 674 1050 701 illius
1065 674 1096 701 in
1109 682 1176 709 paco
1193 675 1327 710 implebit.
1356 678 1427 702 Pars
1443 676 1523 707 bona,
1546 676 1648 703 mulier
1673 676 1743 703 bona
1770 677 1801 703 in

968 720 1048 754 parte
1063 719 1134 746 bona
1148 718 1261 747 dabitur
1273 720 1332 747 viro
1346 727 1396 754 pro
1412 719 1489 747 bonis
1502 720 1584 755 [il-clis
1600 719 1692 754 (Ibid,
1708 721 1748 752 2.)
1766 721 1801 748 Et

971 771 1036 790 vere
1053 772 1059 790 :
1077 763 1238 790 Saluabitur
1265 765 1350 796 enim,
1381 766 1455 791 teste
1484 763 1632 800 Apostolo,
1657 765 1743 792 etium
1758 765 1802 792 vir

972 807 1093 842 inﬁdelis
1104 816 1154 842 per
1165 808 1315 844 mulierem
1325 808 1433 842 ﬁdelem
1448 809 1470 844 (l
1486 808 1546 836 Cor.
1562 817 1612 841 vn,
1630 809 1674 837 44.
1695 809 1801 841 Contra

969 859 1037 879 vero
1053 852 1215 879 secundum
1233 853 1370 880 eumdem
1387 852 1436 888 qui
1454 860 1560 888 supra:
1577 854 1660 881 Dolor
1670 854 1761 881 cordis
1776 856 1802 882 et

971 895 1060 924 luctus
1075 897 1178 923 mulier
1201 897 1326 933 zelotypa
1344 897 1439 928 (Eccli.
1456 906 1532 930 xxvx,
1559 897 1610 934 8;)
1626 900 1655 926 et
1671 907 1677 926 :
1694 899 1725 925 In
1739 907 1801 926 mu-

971 940 1039 968 liere
1060 941 1185 977 zelotypa
1212 942 1354 977 ﬂagellum
1384 942 1489 977 lingutc
1505 942 1595 978 (lbid.,
1612 942 1654 976 9.)
1667 942 1803 979 Zelotypa

970 993 1038 1012 vero
1050 985 1157 1013 mulier
1171 988 1216 1013 est
1232 986 1338 1019 rixosa,
1356 987 1399 1014 vel
1416 995 1451 1014 ea
1466 995 1530 1022 quas
1559 985 1680 1015 zelotem
1705 988 1801 1015 virum

972 1029 1070 1057 efﬁcit.
1086 1029 1198 1058 Zelotes
1213 1033 1310 1057 autem
1328 1031 1370 1057 vir
1380 1033 1433 1062 est,
1447 1031 1496 1067 qui
1508 1039 1576 1059 cum
1585 1040 1655 1060 cura
1666 1034 1695 1059 et
1705 1032 1802 1060 cordis

972 1073 1100 1101 cruciatu
1117 1074 1283 1102 castitatem
1300 1075 1430 1102 custodit
1446 1075 1557 1103 uxoris.
1576 1076 1657 1104 Unde
1667 1080 1695 1104 et
1705 1076 1802 1104 Domi-

972 1125 1027 1145 nus
1042 1118 1149 1146 zelotes
1166 1119 1262 1155 (Exod.
1278 1128 1372 1147 xxxxv.
1388 1120 1434 1155 44)
1463 1128 1514 1156 per
1533 1120 1652 1157 Moysen
1681 1120 1799 1155 dicitur,

971 1162 1041 1198 quia
1053 1162 1139 1190 sicuti
1157 1164 1282 1191 maritus
1295 1172 1362 1191 cum
1380 1173 1450 1192 cura
1461 1165 1626 1193 castitatem
1641 1166 1749 1200 uxoris,
1762 1166 1803 1194 ita

971 1209 1000 1234 et
1013 1207 1077 1242 ipse
1090 1207 1177 1236 modo
1189 1206 1302 1235 terrore
1330 1208 1478 1244 supplicii,
1497 1210 1584 1237 modo
1605 1210 1802 1245 promissione

972 1251 1053 1286 regni
1081 1259 1145 1284 nos,
1173 1260 1210 1279 ne
1239 1252 1276 1279 ab
1298 1252 1362 1288 ipso
1393 1252 1581 1286 fornicamur,
1610 1254 1802 1282 Custodiendo

973 1294 1137 1331 restringit.
1153 1295 1285 1331 Itemque
1302 1305 1308 1323 :
1325 1296 1425 1324 Mulier
1447 1298 1542 1325 rixose.
1569 1298 1613 1325 ira
1635 1305 1739 1332 magna
1752 1307 1763 1326 :
1777 1301 1803 1326 et

973 1339 1152 1373 contumelia,
1168 1344 1194 1367 et
1219 1340 1360 1376 turpitudo
1388 1341 1465 1369 illius
1491 1349 1547 1369 non
1571 1346 1691 1377 tngetur;
1711 1344 1805 1377 gratia

972 1391 1034 1411 vero
1049 1391 1130 1418 super
1148 1385 1269 1419 gratiam
1296 1385 1398 1413 mulier
1429 1386 1479 1414 58
1494 1388 1591 1414 sancta
1619 1389 1644 1414 ct
1667 1388 1802 1423 pudorata

974 1428 1068 1460 (Eccti.
1085 1437 1161 1461 xxv1,
1177 1429 1233 1463 11.)
1248 1429 1404 1465 Apostolus
1420 1438 1537 1467 quoque
1550 1431 1648 1459 Titum
1665 1432 1700 1460 de
1716 1432 1803 1461 rebus

974 1471 1378 1508 ecclesiasticisinstruens,te
1389 1484 1505 1512 quoque
1517 1477 1664 1512 quomodo
1676 1485 1803 1506 commo-

974 1517 1109 1550 nefaciat,
1126 1518 1219 1552 docet,
1236 1518 1359 1547 dicendo
1375 1519 1452 1547 inter
1466 1523 1569 1548 caetera
1585 1529 1591 1548 :
1607 1523 1728 1557 Loquere
1743 1530 1802 1558 qua

973 1562 1066 1589 decent
1077 1570 1174 1590 sanam
1188 1563 1351 1598 doctrinam,
1365 1572 1439 1593 senes
1454 1569 1485 1593 ut
1498 1566 1588 1594 sobrii
1600 1567 1667 1600 sint,
1692 1566 1801 1602 pudici,

969 1607 1131 1642 prudentes,
1146 1608 1210 1635 sani
1230 1609 1260 1636 in
1274 1608 1336 1643 ﬁde,
1362 1610 1391 1637 in
1419 1610 1573 1644 dilectione,
1600 1611 1630 1638 in
1654 1612 1801 1647 patientia.

974 1651 1051 1679 Anus
1063 1652 1194 1680 similiter
1209 1653 1239 1680 in
1263 1653 1362 1681 habitu
1387 1658 1492 1689 sancto,
1512 1663 1569 1683 non
1587 1655 1801 1691 criminatrz‘ces,

975 1704 1029 1724 non
1042 1697 1106 1724 vino
1119 1697 1206 1725 multo
1219 1698 1377 1732 servientes,
1394 1699 1461 1727 bene
1484 1699 1616 1732 docentes,
1632 1703 1663 1728 ut
1681 1700 1803 1735 pruden-

976 1741 1046 1768 tiam
1063 1741 1177 1769 doceant
1203 1741 1394 1776 adolescentes,
1422 1744 1455 1770 ut
1482 1743 1555 1771 uiros
1582 1751 1645 1771 suos
1673 1743 1803 1779 diligant,

974 1784 1131 1820 prudentes,
1146 1787 1244 1818 castas,
1274 1786 1390 1819 sobrias,
1420 1786 1515 1814 domus
1541 1795 1639 1822 curam
1664 1787 1803 1823 habentes,

978 1829 1120 1863 benignas,
1135 1829 1258 1857 subditas
1279 1831 1347 1857 viris
1375 1831 1444 1864 suis,
1474 1833 1505 1858 ut
1528 1839 1582 1859 non
1605 1831 1806 1868 blasphemelur

976 1873 1089 1901 verbum
1103 1874 1153 1901 Dei
1177 1874 1238 1910 (Tit.
1255 1883 1286 1909 Π,
1306 1875 1317 1902 1
1332 1876 1353 1911 ;)
1371 1876 1405 1904 ad
1421 1876 1547 1911 Ephesio
1570 1885 1687 1914 quoque
1708 1886 1715 1906 ι
1742 1879 1804 1906 Mu-

979 1918 1070 1952 lieres,
1086 1918 1135 1953 ait,
1151 1919 1271 1948 subditw
1285 1921 1342 1948 sint
1357 1921 1424 1948 viris
1438 1922 1579 1955 sui.s,sicut
1594 1922 1710 1951 Domino
1721 1932 1730 1956 ς
1741 1932 1805 1959 quo-

976 1964 1054 1990 niam
1070 1964 1112 1991 vir
1122 1968 1204 1999 caput
1216 1966 1255 1992 est
1274 1965 1410 2000 mulieris,
1426 1967 1496 1994 sicut
1526 1966 1649 1995 Christus
1668 1968 1802 2002 Ecclesia,

976 2008 1033 2043 ipsc
1047 2008 1167 2036 salvator
1180 2010 1302 2045 corporis
1316 2010 1394 2047 ejus.-
1410 2010 1456 2039 ιςεά
1483 2015 1514 2039 ut
1537 2011 1657 2040 Ecclesia
1685 2012 1805 2048 subjecta

975 2057 1014 2080 cst
1028 2054 1148 2088 Christo,
1168 2055 1209 2081 ita
1237 2058 1263 2082 et
1291 2055 1422 2083 mulieres
1449 2056 1518 2084 viris
1532 2057 1591 2084 suis
1619 2057 1649 2084 in
1678 2057 1806 2085 mnibus

975 2097 1082 2134 (Ephos.
1100 2106 1125 2125 v.
1139 2098 1202 2132 22.)
1217 2098 1296 2126 Viris
1325 2107 1442 2135 quoque
1470 2100 1644 2136 praecipiens
1657 2110 1666 2129 :
1681 2101 1803 2137 Diligite,

974 2142 1083 2178 inquit,
1099 2150 1201 2170 uxores
1216 2147 1328 2176 vestras,
1344 2144 1416 2171 sicut
1431 2145 1456 2171 et
1467 2143 1594 2171 Christus
1606 2144 1706 2172 dilexit
1713 2145 1804 2174 Eccle-

974 2187 1055 2219 sium,
1071 2188 1098 2214 et
1108 2187 1228 2222 scipsum
1241 2186 1357 2215 tradidit
1368 2195 1419 2223 pro
1429 2195 1473 2220 ca,
1497 2191 1528 2215 ut
1553 2188 1635 2219 illam
1648 2189 1806 2224 sanctiﬁca-

974 2235 1024 2259 rel.
1043 2231 1083 2258 ιια
1094 2233 1120 2258 cl
1131 2232 1186 2258 viri
1199 2231 1297 2259 debent
1312 2231 1428 2267 diligere
1443 2240 1542 2260 uxores
1555 2240 1621 2260 sua:
1636 2237 1667 2261 ut
1691 2241 1806 2270 corpora

975 2284 1046 2309 sua;
1061 2283 1139 2303 nemo
1155 2276 1229 2303 cnim
1240 2284 1361 2312 unquam
1377 2284 1488 2304 carnem
1503 2285 1585 2304 suam
1609 2277 1670 2306 odio
1698 2278 1805 2314 habuit,

91 2319 153 2357 bus,
167 2321 232 2359 ipse
251 2330 324 2351 vero
336 2330 423 2350 verus
451 2321 551 2356 homo,
566 2331 654 2351 verus
684 2325 778 2351 exstat
791 2326 819 2352 et
832 2325 920 2353 Deus,
938 2331 961 2363 D
976 2321 1022 2348 scd
1045 2321 1134 2348 nutrit
1149 2324 1175 2348 et
1188 2322 1261 2356 fovet
1285 2329 1357 2354 eam,
1373 2322 1443 2349 sicut
1458 2325 1483 2350 et
1498 2322 1624 2350 Christus
1643 2323 1805 2357 Ecclesium,

91 2364 147 2394 Ista
158 2365 320 2402 hactenus,
335 2375 415 2395 nunc
431 2367 468 2395 ad
484 2366 597 2403 reliqua
612 2375 814 2404 properemus.

321 2442 385 2471 Tl’l‘.
401 2442 448 2471 IV.
468 2442 507 2471 De
526 2443 670 2471 uxoribus.

126 2501 167 2530 11.
182 2501 331 2531 Uxores?
345 2501 453 2530 Omnia
468 2501 521 2530 tibi
547 2501 700 2530 convenire
726 2501 831 2538 cogita,
857 2510 921 2538 qua:

94 2544 320 2581 pralihavimus,
337 2546 537 2582 superadditis
552 2545 610 2580 his,
626 2555 690 2582 quis
707 2548 735 2574 et
750 2555 801 2582 per
816 2549 922 2575 semet-

94 2588 290 2628 ipsalnetper
298 2598 402 2619 servos
421 2598 491 2619 suos
510 2592 571 2618 tam
591 2590 744 2627 exemplis,
759 2599 848 2627 quam
859 2599 923 2620 ver-

94 2632 279 2668 bisanaxime
285 2643 356 2664 vero
366 2643 420 2672 per
427 2633 600 2671 Apostolum
612 2635 666 2662 tibi
683 2635 851 2672 specialiter
860 2635 923 2672 ipse

94 2679 236 2709 mandavit
254 2679 396 2709 conditor
423 2679 503 2708 Deus
520 2688 528 2714 ;
543 2679 600 2707 Sub
613 2679 678 2712 viri,
708 2679 857 2715 inquiens,
873 2688 922 2716 po-

93 2723 182 2754 ιϐεωσ
193 2725 262 2759 erit,
281 2729 310 2754 et
338 2724 397 2760 ipse
414 2723 616 2752 dominabitur
643 2725 687 2752 tui
713 2723 789 2758 (Gen.
805 2732 849 2758 m,
864 2724 922 2760 61.)

95 2766 168 2798 Unda
178 2769 288 2799 Petrus
302 2767 459 2806 apostolus
471 2770 573 2796 Suram
589 2768 618 2796 in
635 2767 803 2804 exemplum
821 2768 922 2804 trahit,

95 2819 156 2842 sum
167 2815 206 2850 te,
221 2814 296 2852 quid
314 2813 412 2842 facere
424 2812 558 2848 deberes,
575 2821 694 2841 monere
709 2812 861 2847 voluisset,
876 2813 921 2840 di-

96 2865 157 2891 seu
171 2856 186 2891 ς’
207 2859 288 2891 Sicut
314 2859 390 2890 Sara
417 2857 556 2889 obediebat
597 2857 745 2897 Abraham,
780 2857 922 2889 dominum

979 2367 1045 2401 quia
1059 2365 1182 2393 membra
1196 2374 1291 2394 sumus
1305 2366 1364 2402 ejus
1387 2367 1508 2403 corporis
1523 2367 1556 2395 de
1582 2375 1667 2396 came
1694 2368 1764 2404 ejus,
1779 2370 1806 2397 et

976 2409 1009 2437 dc
1023 2410 1128 2437 ossibus
1143 2410 1212 2446 ejus,
1228 2410 1345 2446 Propter
1359 2410 1418 2444 hoc,
1435 2411 1543 2448 inquit,
1566 2412 1704 2449 relinquet
1726 2413 1806 2442 homo

974 2456 1083 2490 patrem
1097 2459 1121 2482 cl
1135 2460 1252 2483 matrem
1265 2464 1355 2489 suam,
1371 2458 1397 2484 et
1423 2456 1574 2485 adiuvabit
1596 2457 1681 2486 uxori
1694 2464 1764 2490 suae,
1780 2459 1807 2486 et

977 2500 1058 2527 erunt
1070 2499 1122 2527 duo
1141 2501 1168 2527 in
1184 2508 1266 2528 carne
1280 2509 1346 2528 una.
1373 2501 1583 2530 Sacramentum
1597 2501 1647 2530 hoc
1672 2510 1807 2537 magnum

977 2548 1026 2578 est,
1042 2552 1107 2579 ergo
1125 2546 1215 2572 autem
1231 2544 1291 2573 dico
1305 2546 1337 2584 in
1353 2545 1459 2574 Christo
1474 2548 1499 2574 et
1528 2547 1559 2574 in
1580 2545 1699 2574 Ecclesia
1714 2546 1805 2583 (Ibid.,

979 2588 1039 2617 25).
1058 2588 1089 2616 Id
1105 2591 1149 2617 est
1162 2589 1231 2617 licet
1246 2591 1275 2617 et
1291 2590 1320 2617 in
1337 2589 1469 2618 humana
1482 2590 1652 2627 carnalique
1666 2592 1806 2626 conjunc-

978 2632 1056 2661 tione
1071 2632 1145 2662 illud
1158 2634 1318 2671 contingat,
1335 2637 1367 2662 ut
1381 2635 1439 2663 duo
1454 2634 1588 2665 videlicet
1602 2635 1658 2664 sibi
1683 2634 1807 2664 invicem

978 2677 1170 2712 adhaerentes,
1182 2686 1243 2706 una
1252 2678 1323 2706 {lant
1333 2687 1401 2707 caro
1413 2688 1420 2714 ;
1433 2681 1649 2708 sacramentum
1661 2681 1759 2708 tamen
1770 2678 1807 2708 ad

977 2722 1127 2750 Christum
1143 2721 1269 2758 pertinet
1283 2725 1372 2759 atque
1387 2723 1549 2754 Ecclesium
1560 2734 1571 2758 ,-
1584 2723 1656 2760 quia
1670 2723 1748 2751 sicut
1771 2723 1806 2752 de

977 2769 1059 2796 costa
1073 2766 1127 2794 viri
1140 2766 1282 2795 fabricata
1297 2770 1342 2795 est
1356 2767 1424 2802 Eva,
1442 2767 1482 2796 ita
1495 2768 1531 2796 de
1542 2767 1749 2796 Christilatere
1765 2775 1808 2796 re-

977 2812 1097 2848 dempta
1111 2811 1202 2839 crevit
1216 2811 1346 2840 Ecclesia
1359 2820 1366 2846 ;
1383 2813 1412 2840 et
1425 2812 1503 2840 sicut
1516 2813 1606 2850 caput
1632 2810 1733 2839 uxoris
1750 2811 1805 2846 vir,

976 2857 1018 2891 ita
1025 2858 1124 2896 caput
1137 2855 1274 2885 Ecclesia
1281 2855 1428 2899 Christus,
1437 2857 1515 2896 unde
1525 2858 1554 2887 et
1565 2855 1677 2903 subditi
1690 2855 1811 2903 Veron;
