3906 6358
148 394 273 455 757'

1553 400 1761 461 VlTA.
1800 433 1875 443 —-
1906 400 2055 462 LIB.
2108 403 2181 464 ll.

3465 408 3581 476 758

145 547 287 597 χχιι,
328 530 451 597 17);
484 528 613 586 ideo
665 546 1047 602 quoscunque
1099 536 1341 604 poterat,
1387 550 1420 587 a
1470 533 1664 588 smculi
1716 549 1812 587 ne-
1846 532 1899 599 Α
1931 550 2077 590 cere.
2113 538 2395 602 Quocirca
2447 541 2794 597 discretione
2846 561 3009 611 usus,
3066 543 3214 601 inter
3264 550 3582 620 utrumque

150 620 344 692 quitia
406 620 709 674 suadendo
770 620 1208 675 subtrahebat:
1258 627 1313 676 et
1371 623 1523 676 sicut
1581 621 1814 677 cmleste

148 726 255 779 per
304 706 667 762 desiderium
730 709 865 763 totis
920 710 1043 779 ipse
1094 709 1316 764 viribus
1366 711 1435 764 ad
1489 727 1810 781 supernum

150 814 405 868 regnum
440 795 773 862 anhelabat,
812 796 892 852 ita
934 815 1132 851 secum
1196 816 1431 868 pergere
1481 816 1684 853 omnes
1717 798 1812 853 lio-

150 886 369 952 mines,
426 885 471 941 si
522 887 647 940 ﬁeri
698 892 913 957 posset,
952 888 1278 957 exoptabat.
1318 888 1423 941 Sed
1478 887 1809 940 nullatenus

149 980 237 1030 est
270 976 583 1029 fraudatus
624 992 657 1029 a
701 976 1007 1041 desiderio,
1044 976 1197 1045 quod
1254 977 1308 1029 in
1360 994 1419 1029 se
1468 982 1810 1046 conceperat

148 1082 283 1118 vera
315 1064 573 1118 dilectio.
600 1064 701 1118 llle
742 1066 897 1118 enim
941 1066 1035 1134 qui
1083 1064 1336 1119 Charitas
1370 1070 1477 1130 est,
1513 1064 1611 1135 qui
1648 1084 1707 1117 se
1742 1065 1808 1118 ti-

149 1153 445 1207 mentium
487 1153 739 1223 complet
771 1153 1147 1218 voluntatem,
1181 1153 1284 1206 viri
1340 1155 1438 1208 Dei
1495 1157 1806 1208 ferventem

150 1242 429 1297 allectum
465 1241 733 1313 perduxit
764 1243 831 1295 ad
869 1242 1158 1296 effectum.
1184 1243 1267 1295 Ad
1292 1244 1421 1311 ejus
1444 1244 1656 1313 quippe
1691 1259 1810 1296 mo-

149 1331 273 1385 nita
303 1328 481 1384 multi
513 1346 642 1401 qua}
674 1330 1053 1400 possederant
1103 1330 1521 1400 relinquentes,
1555 1330 1802 1401 regulari

150 1438 209 1474 se
232 1418 561 1489 disciplina:
589 1420 1059 1485 subdiderunt,et
1084 1419 1233 1473 beati
1256 1420 1546 1474 Benedicti
1566 1438 1807 1490 sequen~

151 1514 237 1564 tes
264 1509 539 1579 vestigia,
567 1508 911 1579 semetipsos
945 1509 1324 1579 abnegantcs,
1358 1527 1489 1563 vero
1520 1511 1633 1579 regi
1670 1509 1805 1563 totis

147 1597 371 1652 viribus
406 1596 828 1651 militaverunt.
856 1596 1123 1651 Partibus
1156 1615 1407 1668 namque
1447 1616 1513 1651 ex
1563 1598 1805 1652 diversis

150 1686 220 1742 ad
252 1688 386 1758 ejus
419 1685 755 1740 ecenobium
796 1685 1113 1740 multitudo
1145 1688 1425 1741 conﬂuxit
1470 1686 1804 1741 innumera-

149 1775 321 1831 bilis:
347 1776 454 1830 sed
490 1774 826 1829 nationibus
856 1774 989 1828 licet
1011 1775 1246 1843 diversi,
1271 1782 1464 1830 mente
1500 1782 1693 1831 tamen
1728 1777 1805 1831 ita

148 1869 315 1920 erant
346 1864 523 1929 uniti,
550 1869 614 1918 ut
652 1862 796 1918 illud
844 1863 912 1917 ad
946 1863 1199 1917 litteram
1255 1865 1310 1918 in
1363 1866 1445 1919 eis
1496 1864 1803 1937 impletum
1838 1897 1883 1961 Β

149 1954 465 2019 videretur,
492 1954 646 2023 quod
674 1954 744 2007 de
769 1952 932 2006 initio
962 1954 1256 2008 nascentis
1280 1954 1545 2008 Ecclesia!
1578 1956 1636 2010 in
1669 1972 1804 2027 apo-

152 2041 435 2097 stolorum
468 2042 714 2095 Actibus
758 2039 973 2111 legitur
1006 2058 1017 2094 ε
1055 2042 1185 2097 Erat
1234 2044 1347 2096 illis
1396 2060 1487 2097 cor
1536 2061 1709 2097 unum
1758 2052 1809 2099 et

151 2131 335 2184 anima
386 2146 501 2183 una
529 2129 668 2195 (Act.
703 2146 776 2193 iv,
810 2130 919 2194 3‘3).
976 2130 1306 2184 Lartabatur
1357 2138 1557 2202 pastor
1605 2133 1661 2186 in
1715 2132 1805 2187 sui

152 2218 339 2290 gregis
367 2222 711 2288 augmento,
737 2218 1044 2288 magisque
1073 2219 1388 2288 gaudebat,
1412 2221 1566 2290 quod
1600 2237 1804 2275 omnes

152 2307 455 2362 instabant
494 2307 654 2377 operi
701 2306 1019 2378 proposito.
1054 2306 1269 2361 Verum
1302 2309 1441 2379 quia
1473 2325 1647 2380 super
1677 2326 1803 2381 gre-

152 2412 277 2468 gem
309 2393 425 2450 sibi
466 2393 853 2449 commissum
888 2394 1085 2449 solerti
1116 2394 1375 2466 vigilavit
1415 2413 1573 2461 cura,
1611 2397 1806 2452 divina

154 2482 477 2555 promeruit
507 2481 696 2554 gratia
721 2481 791 2536 de
824 2483 1013 2537 fructu
1039 2482 1303 2538 laborum
1329 2501 1570 2538 suorum
1607 2485 1662 2538 in
1698 2485 1804 2539 bac

153 2574 403 2644 gaudere
434 2572 577 2627 vita.
597 2571 743 2625 Nam
780 2571 1063 2643 regularis
1094 2573 1222 2629 vita:
1255 2573 1649 2643 disciplinam,
1677 2576 1817 2645 qua!

147 2662 266 2733 jam
322 2678 473 2733 pene
534 2658 829 2715 deciderat
887 2676 988 2732 per
1044 2666 1305 2715 veterum
1367 2661 1801 2734 negligentiam,

156 2755 321 2822 prout
350 2751 415 2805 B.
453 2748 802 2804 Benedictus
842 2766 969 2803 eam
1003 2750 1353 2821 composuit,
1388 2750 1445 2804 in
1490 2751 1802 2823 pristinum

158 2843 369 2895 statum
402 2838 752 2910 corrigendo
784 2838 1058 2905 restituit,
1085 2856 1150 2894 ac
1182 2856 1285 2909 per
1308 2840 1567 2894 diversas
1600 2839 1804 2894 mundi

159 2932 365 2999 partes,
393 2925 672 2999 perplura
702 2927 1055 2981 monasteria
1085 2943 1117 2981 a
1150 2926 1401 2998 regulari
1444 2928 1675 2984 tramite
1707 2929 1804 2983 de-

160 3016 262 3085 via,
295 3022 416 3072 tam
452 3033 559 3087 per
588 3032 670 3080 se,
706 3032 881 3086 quam
915 3033 1017 3086 per
1048 3032 1187 3071 suos
1210 3034 1358 3087 quos
1387 3018 1629 3072 abbates
1660 3016 1806 3072 ordi-

160 3109 407 3173 naverat,
444 3105 773 3159 monastieo
808 3104 997 3158 ordini
1020 3105 1095 3175 (3)
1130 3105 1414 3161 subdidit.
1449 3105 1508 3160 ln
1541 3106 1649 3161 hoc
1676 3124 1806 3162 vero

159 3195 413 3267 gaudens
443 3192 856 3266 gratulabatur
893 3192 1029 3262 Deo,
1064 3193 1217 3264 quod
1268 3211 1467 3248 eorum
1502 3212 1650 3265 quos
1702 3213 1808 3250 sua

1925 624 2163 681 incessit
2196 630 2447 693 medius,
2482 635 2546 684 ut
2580 648 2679 685 nec
2704 633 3003 702 jactantia:
3037 635 3201 706 argui
3237 636 3423 705 possit
3452 652 3579 707 pre-

1923 715 2090 767 tiosis
2123 716 2191 769 de
2228 719 2509 783 vestibus,
2546 736 2648 772 nec
2691 720 2981 775 simulata:
3024 722 3356 777 sanctitatis
3389 724 3457 778 de
3489 723 3578 779 ui-

1922 803 2105 857 miuxn
2141 806 2385 873 abjectis
2413 812 2467 860 et
2490 807 2724 863 vilibus.
2753 810 3000 864 Disertis
3023 828 3255 882 quoque
3277 812 3416 867 viris
3439 828 3578 883 quo-

1922 892 2429 963 tiesjungebatur,
2456 899 2511 948 et
2561 898 2628 950 de
2671 898 2990 968 Scripturis
3022 899 3169 963 (ticri
3223 906 3287 953 ut
3337 899 3571 969 assolet)

1921 980 2140 1051 aliquid
2178 984 2631 1052 proponebatur,
2655 984 2904 1039 libenter
2934 988 3226 1051 audiebat,
3254 988 3572 1058 prudenter

1920 1074 1973 1121 et
2005 1072 2326 1123 verecunde
2362 1074 2764 1142 respondebat,
2801 1073 3045 1128 libenter
3086 1093 3149 1129 ac
3200 1075 3575 1131 laudabiliter

1894 1158 2299 1227 suscipiebat.
2328 1160 2505 1214 l’rava
2524 1178 2655 1214 vero
2684 1162 2728 1216 si
2768 1180 2893 1232 qua.-
2934 1164 3428 1234 proponebantur,
3454 1181 3571 1220 non

1920 1247 2146 1310 acriter,
2183 1248 2285 1300 sed
2318 1249 2568 1315 ingenuo
2605 1250 2821 1319 pudore
2854 1252 3284 1317 confutabatur,
3311 1269 3425 1306 non
3459 1252 3575 1307 cal-

1917 1333 2037 1387 lida
2070 1337 2575 1404 argumentatione
2623 1338 3019 1409 disputantem
3066 1346 3266 1393 contra
3297 1358 3355 1395 se
3388 1357 3568 1412 supe-

1918 1423 2120 1485 rando,
2166 1425 2263 1478 sed
2318 1441 2418 1494 per
2466 1425 2885 1480 venerabilium
2938 1427 3243 1481 doctorum
3305 1428 3567 1499 exempla

1917 1509 2167 1580 benigne
2199 1510 2479 1565 docendo.
2517 1513 2678 1566 Tune
2713 1512 2868 1567 dicta
2899 1512 3350 1567 ortbodoxorum
3383 1512 3570 1568 trahe-

1915 1597 2016 1651 bat
2048 1599 2118 1652 ad
2154 1598 2413 1652 medium
2449 1616 2581 1653 cum
2607 1600 2958 1671 evangelicis
2981 1607 3033 1655 et
3060 1600 3393 1671 apostolicis
3426 1602 3571 1656 toni-

1917 1686 2128 1753 tribus,
2146 1688 2396 1757 atquein
2417 1686 2571 1741 hunc
2592 1689 2830 1743 modum
2855 1696 2909 1743 et
2930 1688 3369 1744 eruditissimus
3387 1688 3572 1744 decla-

1917 1776 2173 1839 rabatur,
2199 1780 2253 1829 et
2284 1776 2994 1845 eruditionisjactantiam
3020 1778 3217 1851 fugere
3238 1777 3566 1832 videbatur.

1988 1863 2076 1918 IX.
2112 1862 2357 1917 Secessui
2401 1872 2451 1918 ct
2496 1865 2756 1935 lacrymis
2803 1864 3035 1919 deditus.
3061 1896 3128 1905 -—-
3160 1864 3217 1919 lu
3250 1865 3567 1921 diversorio

1919 1957 1983 2006 ut
2032 1953 2256 2016 itinere,
2309 1970 2408 2023 per
2460 1953 2723 2023 singulos
2784 1954 2929 2019 dies,
2979 1954 3336 2025 ubicumque
3395 1958 3567 2018 esset,

1919 2048 2206 2095 secretum
2242 2043 2350 2095 sibi
2386 2041 2701 2095 adhibebat
2751 2041 2944 2096 locum
2979 2042 3243 2097 mazroris
3288 2042 3567 2107 amicum,

1918 2135 1981 2183 ut
2030 2134 2290 2184 remotus
2339 2130 2408 2183 ab
2458 2130 2800 2184 hominibus
2858 2129 2974 2184 Deo
3021 2131 3375 2201 jungeretur
3434 2147 3570 2201 pro-

1917 2220 2083 2290 pius;
2147 2218 2244 2272 sed
2307 2219 2497 2273 dicere
2557 2235 2673 2273 non
2735 2235 3076 2289 possumus,
3136 2219 3374 2290 quantis
3432 2223 3571 2273 tunc

1916 2307 2256 2379 gemitibus,
2292 2308 2527 2377 quantis
2578 2307 2949 2362 afﬁciebatur
2997 2308 3254 2363 ﬂetibus.
3310 2306 3573 2361 Plerum-

1916 2414 2028 2468 que
2060 2402 2212 2450 terra
2242 2401 2378 2450 ante
2419 2394 2617 2450 oculos
2662 2396 2743 2450 ita
2784 2394 3058 2468 lacrymis
3100 2396 3405 2451 videbatur
3441 2392 3571 2449 irri-

1915 2490 2071 2556 gata,
2107 2502 2172 2538 ac
2206 2485 2253 2539 si
2289 2486 2433 2539 foret
2464 2485 2621 2539 unda
2668 2486 2927 2555 perfusa.
2970 2485 3025 2540 Si
3064 2502 3190 2556 qua:
3240 2483 3387 2538 levia
3434 2499 3570 2538 con-

1914 2575 2225 2645 tingerent,
2261 2591 2385 2645 qua)
2421 2589 2523 2644 pro
2566 2572 2827 2628 humana
2874 2572 3189 2644 fragilitate
3223 2571 3411 2626 solent
3444 2587 3571 2626 eve-

1916 2662 2040 2716 nire
2087 2662 2144 2715 in
2179 2661 2549 2733 cogitatione,
2579 2660 2679 2715 tali
2721 2660 2842 2714 haec
2886 2662 3088 2716 eadem
3130 2659 3396 2732 plorabat
3428 2674 3571 2715 mm-

1917 2767 2064 2817 rore,
2114 2756 2179 2804 ut
2228 2750 2711 2821 gravissimorum
2760 2748 3077 2804 criminum
3126 2766 3262 2805 eum
3311 2748 3572 2804 crederet

1917 2856 2102 2893 reum.
2140 2839 2311 2893 Porro
2347 2839 2485 2909 quia
2507 2840 2709 2909 justus
2740 2838 2797 2891 in
2832 2836 3116 2909 principio
3147 2840 3452 2892 accusator
3480 2840 3571 2892 est

1918 2929 2030 2995 sui,
2066 2928 2189 2999 ipse
2218 2928 2434 2998 saepius
2465 2944 2525 2981 se
2559 2926 2892 2993 accusabat,
2924 2943 2985 2981 se
3014 2942 3178 2981 reum
3211 2942 3339 2981 esse
3361 2923 3573 2980 clama-

1916 3018 2035 3083 bat,
2074 3015 2218 3071 illud
2251 3016 2401 3070 beati
2435 3015 2544 3071 Job
2588 3015 2875 3086 frequenti
2917 3015 3200 3070 memoria
3231 3012 3521 3086 replicans
3556 3029 3569 3066 :

1918 3107 2105 3161 Nonne
2134 3106 2403 3176 cognoscit
2443 3105 2580 3159 Deus
2635 3107 2747 3158 vias
2798 3120 2967 3168 meas,
3000 3112 3051 3159 et
3096 3111 3313 3158 cunctos
3361 3118 3575 3173 gressus

1918 3211 2063 3249 meos
2107 3194 2456 3248 dinumerat?
2509 3193 2622 3264 (Job
2654 3211 2806 3257 xxx1,
2842 3194 2917 3263 4.)
2949 3192 3010 3247 ln
3072 3192 3277 3247 itinere
3327 3192 3575 3264 positus,

162 3284 262 3337 sub
293 3300 435 3338 cura
460 3283 827 3346 educaverat,
855 3281 925 3335 ad
962 3282 1354 3337 monasticam
1380 3283 1697 3353 regendum
1723 3300 1808 3337 or-
1839 3259 1881 3326 Ο
1922 3284 2135 3355 smpius
2169 3282 2276 3336 iter
2297 3282 2572 3352 carpebat
2594 3282 2664 3336 ab
2690 3282 2821 3336 aliis
2853 3281 3409 3337 semotus.0rationi
3433 3282 3574 3336 dum

162 3370 348 3425 dinem
382 3372 505 3425 fore
539 3368 757 3425 multos
792 3370 1029 3424 idoneos
1064 3369 1314 3425 videbat.

225 3459 342 3516 VII.
373 3458 711 3515 Discretione
752 3462 925 3513 utitur
977 3462 1035 3513 in
1078 3459 1216 3515 cibo.
1242 3491 1309 3499 ——
1341 3460 1397 3515 Si
1452 3459 1708 3532 quidem,
1746 3467 1809 3516 ut

161 3547 619 3604 discretissimus
675 3553 859 3619 pater,
911 3548 1187 3603 omnibus
1244 3565 1371 3619 quin
1422 3550 1630 3620 agebat
1684 3549 1807 3605 dis-

161 3638 470 3692 cretionem
529 3636 904 3708 praeferebat,
966 3640 1023 3690 et
1084 3635 1183 3691 tali
1241 3637 1590 3693 discretione
1650 3656 1805 3693 com-

161 3726 350 3781 munis
393 3725 527 3780 vita:
585 3724 861 3779 utebatur
918 3725 1162 3790 ratione,
1212 3729 1275 3779 ut
1331 3731 1387 3781 et
1441 3727 1805 3782 abstinentia)

161 3831 330 3886 supra
358 3820 601 3870 caeteros
647 3814 925 3879 studeret,
959 3819 1014 3867 et
1045 3831 1113 3868 ex
1158 3815 1360 3870 eadem
1396 3820 1590 3870 tamen
1625 3817 1804 3871 absti-

162 3903 349 3958 nentia
380 3921 444 3959 sc
477 3902 757 3958 laudandi
791 3902 1094 3957 materiam
1128 3903 1347 3957 nemini
1379 3905 1679 3974 prasberet.
1707 3905 1808 3959 Re-

160 3991 336 4061 gulari
360 3991 530 4047 enim
562 3996 848 4062 praecepto
882 3992 1177 4047 concessis
1200 3991 1280 4046 ita
1304 3993 1577 4047 utebatur
1606 3998 1661 4048 et
1688 3993 1808 4048 lici-

162 4078 251 4145 tis,
276 4097 390 4134 non
426 4084 492 4135 ut
520 4077 789 4149 voluptas
812 4076 1083 4145 aleretur,
1110 4079 1209 4132 sed
1237 4084 1297 4133 ut
1324 4079 1581 4150 corporis
1615 4097 1807 4135 neces-

164 4166 298 4222 sitas
329 4167 488 4222 brevi
521 4171 763 4238 sumptu
794 4166 1065 4221 aleretur.
1098 4168 1359 4237 Apostoli
1397 4168 1807 4237 obtemperans

164 4263 463 4327 praecepto,
499 4255 633 4309 vino
664 4255 936 4309 utebatur
966 4254 1321 4321 modicoysic
1346 4256 1567 4310 sanctis
1597 4260 1653 4310 et
1683 4273 1804 4311 mo-

164 4342 370 4399 deratis
410 4344 662 4415 jejuniis
711 4360 922 4414 corpus
976 4359 1208 4414 semper
1257 4344 1689 4413 attenuabatur,
1722 4345 1807 4400 sic

164 4431 522 4487 adulantium
557 4430 759 4501 lingua
804 4430 1115 4497 vitabatur,
1151 4430 1234 4486 sic
1284 4436 1475 4487 mente
1518 4432 1807 4502 jactantia

165 4518 499 4589 pellebatur.

1921 3372 2248 3437 insistebat,
2285 3376 2385 3425 aut
2426 3371 2658 3425 lectioni
2706 3372 2848 3424 dum
2900 3370 3296 3436 incumbebat,
3331 3385 3572 3425 suorum

1921 3460 2118 3515 nullus
2149 3476 2283 3513 eum
2316 3459 2551 3529 aggredi
2606 3459 2995 3529 prmsumebat
3039 3458 3197 3529 quia,
3224 3458 3396 3527 juxta
3427 3456 3571 3513 illud

1918 3549 2069 3604 beati
2120 3548 2250 3609 Job.
2289 3546 2531 3601 Subditis
2580 3555 2697 3601 erat
2755 3546 3081 3610 trmiwndus,
3136 3554 3188 3600 ct
3236 3545 3336 3599 tua:
3390 3544 3571 3599 vultus

1916 3640 2031 3709 ejus
2062 3653 2169 3690 non
2201 3635 2420 3689 cadebat
2466 3637 2524 3688 in
2573 3643 2775 3688 terram
2823 3634 2939 3701 (Job
2986 3650 3142 3697 xxxx,
3171 3634 3285 3701 24).
3322 3632 3569 3687 Omnem

1918 3726 2297 3780 intentionem
2332 3740 2500 3777 suam
2545 3723 2671 3776 ideo
2711 3723 2831 3775 fore
2862 3720 3091 3775 volebat
3121 3721 3181 3775 in
3212 3718 3461 3787 occulto,
3496 3736 3569 3775 ne

1918 3831 2034 3886 qua
2064 3812 2339 3868 laudandi
2374 3811 2612 3864 daretur
2634 3811 2860 3864 occasio
2890 3826 2957 3864 ex
2980 3825 3097 3880 qua
3127 3808 3342 3865 mentis
3374 3808 3571 3864 subre-

1918 3921 2049 3975 pere
2100 3902 2386 3973 potuisset
2435 3899 2628 3954 elatio.
2667 3900 2775 3953 Sed
2813 3898 3130 3970 quominus
3179 3898 3412 3969 petebat
3441 3896 3571 3970 glo-

1918 3995 2087 4055 riam,
2113 4008 2178 4046 eo
2210 3990 2376 4044 illum
2411 3989 2600 4060 magis
2642 3988 3020 4059 sequebatur,
3046 3987 3327 4058 quoniam
3359 3990 3422 4041 ut
3452 3988 3573 4041 Au-

1918 4082 2192 4155 gustinus
2226 4080 2342 4133 ait:
2372 4103 2395 4125 α
2422 4078 2627 4132 Melior
2656 4081 2742 4131 est
2775 4077 2980 4143 virtus,
3014 4092 3141 4147 quae
3172 4076 3432 4130 humano
3464 4078 3578 4131 tes-

1916 4168 2163 4225 timonio
2193 4171 2466 4222 contenta
2508 4182 2624 4219 non
2670 4171 2777 4229 est,
2814 4165 2925 4220 nisi
2978 4165 3347 4219 conscientia:
3380 4181 3519 4219 sua}.
3544 4186 3571 4213 η

1915 4259 2064 4314 Vera
2095 4257 2251 4312 enim
2288 4261 2377 4310 est
2406 4255 2591 4309 virtus
2620 4272 2747 4325 quae
2780 4255 2850 4308 ad
2875 4271 3009 4308 eum
3037 4255 3214 4308 ﬁnem
3242 4252 3447 4319 tendit,
3472 4252 3571 4306 ubi

1918 4353 2007 4404 est
2040 4348 2258 4401 bonum
2297 4343 2557 4397 hominis
2608 4360 2723 4412 quo
2774 4341 2981 4395 melior
3029 4359 3142 4396 non
3195 4344 3301 4395 est.
3332 4341 3399 4394 Et
3444 4339 3571 4394 ideo

1915 4438 2163 4492 virtutes
2194 4432 2429 4487 babenti
2463 4447 2681 4502 magna
2711 4429 2895 4483 virtus
2925 4433 3015 4483 est
3046 4433 3425 4483 contumnere
3454 4426 3548 4497 glo

1918 4528 2097 4591 riam;
2134 4523 2271 4593 quia
2303 4523 2674 4589 contemptus
2707 4518 2833 4587 ejus
2876 4516 2932 4570 in
2975 4520 3291 4587 conspectu
3324 4514 3422 4569 Dei
3455 4518 3563 4579 est,

226 4607 372 4664 VIII.
408 4609 473 4664 In
518 4610 718 4664 mensis
766 4610 929 4663 etiam
987 4607 1220 4663 diritnm
1276 4618 1326 4663 et
1385 4612 1437 4662 in
1495 4611 1799 4682 colloquiis.
1835 4622 1881 4687 D
1906 4613 2132 4687 judicio
2166 4613 2360 4667 autem
2394 4624 2509 4661 non
2541 4605 2802 4677 aperitur
2834 4604 3115 4660 humano.

164 4725 226 4735 —
253 4696 549 4753 Nobilium
597 4698 818 4751 mensis
863 4698 1093 4767 quoties
1123 4702 1360 4752 coactus
1393 4697 1687 4764 intererat,
1721 4699 1803 4755 sic

165 4786 421 4856 apposita
453 4785 695 4853 libabat,
731 4790 796 4840 ut
837 4789 894 4841 et
944 4786 1418 4856 superstitionem
1472 4786 1714 4858 fugeret,
1750 4792 1806 4843 et

166 4874 574 4930 continentiam
598 4879 945 4941 reservaret;
971 4873 1248 4945 quoniam
1269 4874 1506 4945 quidem
1531 4892 1806 4931 mensura

170 4960 371 5034 ubique
412 4967 504 5021 est
553 4961 889 5019 laudabilis.
944 4963 1137 5019 Rebus
1182 4963 1338 5018 enim
1393 4963 1449 5017 in
1505 4962 1806 5035 omnibus,

168 5049 334 5107 etiam
365 5053 424 5107 in
457 5052 647 5120 bonis,
672 5057 760 5107 est
790 5051 996 5106 vitium
1027 5050 1315 5122 quidquid
1350 5052 1661 5107 excesserit
1691 5070 1807 5109 mo-

169 5136 319 5193 dum.
345 5141 432 5195 Ita
459 5141 571 5195 sibi
594 5145 934 5211 competens
956 5143 1013 5195 et
1033 5139 1371 5195 moderatus
1395 5146 1520 5195 erat
1544 5140 1802 5211 habitus,

170 5229 228 5279 ut
245 5244 345 5284 nec
368 5229 615 5285 nimium
639 5228 940 5300 speciosus
963 5232 1065 5284 aut
1088 5228 1328 5296 nitidus,
1356 5246 1457 5284 nec
1482 5229 1803 5301 plurimum

169 5313 447 5371 videretur
496 5318 779 5389 abjectus.
812 5318 893 5372 Ex
924 5316 1018 5373 his
1047 5316 1202 5371 enim
1246 5316 1460 5388 saepius
1505 5334 1567 5372 se
1618 5318 1807 5374 solent

170 5398 422 5461 homines
449 5407 536 5461 vcl
568 5405 888 5461 insolenter
912 5407 1157 5476 jactare,
1181 5405 1268 5460 vel
1311 5405 1621 5462 indiscrete
1657 5407 1804 5478 abji-

209 5528 302 5606 .(3)
335 5529 391 5606 1d
428 5502 518 5585 est
560 5532 834 5606 restituit,
870 5532 1153 5606 severiore
1170 5530 1499 5606 disciplina
1540 5532 1801 5589 inducta.

170 5594 256 5673 §ic
287 5594 442 5673 intra,
486 5619 609 5673 cap.
769 5594 829 5657 B.
863 5602 1215 5672 Apollinaris
1262 5594 1590 5657 cw‘nobium
1633 5606 1705 5659 ad
1740 5606 1801 5659 B.

172 5665 448 5726 Benedicti
481 5665 694 5729 dicitur
744 5665 1044 5729 instituisse
1077 5675 1366 5728 tramitem.
1401 5674 1482 5728 Ex
1532 5673 1638 5730 hoc
1670 5693 1803 5733 vero

1985 4702 2051 4757 Χ.
2088 4702 2315 4755 Virtutes
2348 4698 2462 4766 cjus
2518 4702 2645 4766 quot
2689 4701 2738 4748 et
2785 4693 2990 4764 quales.
3024 4693 3345 4745 Animarum
3392 4693 3566 4746 susci-

1917 4794 2140 4848 tatio.——
2164 4785 2387 4842 Diversi
2416 4799 2668 4853 namque
2696 4781 2898 4836 ﬁdeles
2919 4780 3023 4834 viri
3052 4778 3301 4835 diversis
3329 4779 3571 4835 laudau-

1918 4885 2014 4936 tur
2042 4875 2390 4939 virtutibus;
2426 4872 2633 4926 beatus
2667 4874 2862 4925 tamen
2896 4866 3143 4924 Maiolus
3187 4884 3303 4922 non
3340 4868 3395 4922 in
3430 4884 3567 4935 una,

1917 4969 2016 5024 sed
2051 4967 2109 5020 in
2141 4962 2415 5020 omnibus
2436 4963 2525 5014 est
2546 4959 2899 5014 laudandus.
2924 4956 3140 5012 Verum
3165 4973 3273 5013 nos
3297 4973 3395 5012 eas
3424 4955 3481 5009 in
3504 4972 3570 5012 eo

1915 5056 2153 5112 laudare
2177 5052 2480 5114 debemus,
2497 5065 2645 5120 quas
2670 5051 2791 5102 tota
2815 5046 2971 5102 novit
2996 5044 3182 5112 Italia,
3204 5062 3320 5102 non
3344 5044 3574 5117 ignorat

1917 5143 2249 5208 Germania,
2271 5141 2328 5193 in
2351 5138 2567 5209 quibus
2603 5142 2721 5191 tota
2753 5134 3005 5191 exsultat
3025 5134 3213 5190 Gallia
3239 5151 3250 5190 :
3276 5138 3569 5190 restaura-

1917 5236 2135 5289 tionem
2169 5230 2391 5286 scilicet
2432 5226 2853 5292 cmnobiorum,
2891 5240 3092 5296 pacem
3136 5223 3408 5279 Ecclesiis
3441 5222 3568 5276 red-

1916 5322 2121 5387 ditam,
2148 5334 2349 5389 regum
2374 5319 2431 5369 et
2454 5313 2811 5385 principium
2843 5311 3238 5380 concordiam,
3264 5312 3570 5366 interuers-

1916 5415 2035 5465 tam
2070 5407 2278 5479 regula
2303 5403 2757 5468 observantiam,
2782 5401 3009 5457 lucrum
3040 5401 3395 5467 animarum,
3418 5412 3565 5469 quas

1914 5535 2039 5590 loco
2092 5536 2251 5605 patet
2274 5530 2538 5605 abbates,
2573 5544 2688 5605 non
2740 5526 2959 5605 priores
2992 5520 3557 5605 fuissenprzeposit‘os

1916 5589 2197 5662 cwnobiis
2228 5601 2503 5657 Cluniaco
2528 5589 2843 5669 adjunc'tis,
2872 5598 3042 5667 idque
3072 5589 3246 5649 variis
3277 5589 3556 5660 exemplis

1906 5678 2035 5748 jam
2064 5673 2459 5748 probavimus.
