3906 6398
293 414 411 473 759

1417 414 1482 475 S.
1528 411 1803 474 MAIOLI
1850 408 2178 469 ABBATIS
2224 406 2583 471 CLUNIAC.

3594 406 3745 468 760

297 546 383 619 (ut
413 546 710 617 quondam
735 543 936 613 David)
957 562 1132 600 manu
1161 545 1327 600 fortis
1354 564 1386 600 a
1418 544 1756 600 szevissimis
1790 559 1948 598 urso-
1977 542 2030 608 Α
2060 542 2344 598 virtutum
2375 544 2626 615 dapibus
2677 542 2944 615 explevit,
2982 541 3370 598 diversorium
3421 546 3740 614 repetens,

297 653 427 692 rum
461 635 718 690 brachiis
752 635 1055 696 abstraxit,
1080 639 1133 689 et
1160 652 1192 689 a
1224 636 1482 690 cruentis
1513 635 1747 690 leonum
1779 632 1954 688 fauci-

295 726 406 780 bus
451 723 687 794 eripuit,
721 739 936 794 easque
984 722 1229 777 Domino
1280 725 1361 777 ita
1408 723 1686 789 restituit,
1722 729 1785 775 ut
1817 739 1950 776 cum

288 815 452 884 justo
486 812 603 866 viro
648 811 839 866 dicere
872 818 1069 882 posset
1106 829 1116 867 :
1154 808 1498 867 Conterebam
1534 813 1706 869 molas
1749 800 1946 881 iniam;

295 911 346 958 et
391 903 455 957 de
493 902 743 956 dentibus
795 902 949 956 illius
997 902 1309 971 (urgendum:
1358 902 1603 973 praedam
1638 902 1752 963 (Job
1800 917 1951 965 xxrx,

300 992 410 1056 17).
443 992 639 1046 Toties
672 991 828 1044 enim
877 1008 945 1045 ex
990 990 1200 1061 iniqui,
1235 991 1340 1045 hoc
1373 996 1459 1045 est
1493 990 1731 1054 diaboli,
1765 988 1951 1043 «lenti-

297 1080 409 1135 bus
432 1080 683 1151 plit‘tlanl
709 1079 864 1145 tulit,
890 1078 1117 1151 quoties
1142 1098 1207 1133 ex
1232 1079 1444 1133 erroris
1470 1097 1665 1132 morsu
1693 1076 1951 1132 animam

297 1168 668 1241 przedieamio
702 1167 966 1238 diripuit.
990 1171 1034 1222 Α
1069 1168 1270 1222 multis
1304 1169 1517 1239 quippe
1548 1167 1835 1221 dzemonia
1866 1185 1954 1220 ex-

298 1257 466 1330 pulit,
484 1274 632 1328 quos
663 1257 1000 1329 przeripicns
1024 1256 1507 1325 diabole,Christi
1536 1257 1770 1311 servitio
1809 1256 1949 1310 sub—

287 1346 540 1419 jugavit.
570 1344 946 1416 Perplurilius
970 1363 1199 1416 quoque
1229 1362 1445 1401 veneno
1471 1345 1758 1416 serpentis
1784 1345 1953 1399 tumi-

297 1435 390 1491 dis
420 1452 523 1506 per
549 1434 879 1489 antidotum
922 1434 1193 1488 subvenit
1226 1452 1343 1489 suae
1386 1433 1824 1489 exhortationis.
1860 1433 1952 1488 In-

299 1525 499 1579 firmos
532 1523 589 1576 in
624 1522 774 1577 bono
798 1537 969 1593 opere.
1001 1539 1103 1594 per
1127 1538 1338 1577 manus
1366 1522 1800 1594 impositionem
1832 1537 1955 1593 per-

299 1611 496 1684 plures
529 1610 776 1678 sanavit,
811 1609 950 1665 dum
988 1628 1104 1665 sua:
1139 1610 1497 1683 Operationis
1528 1611 1791 1683 exemplo
1826 1610 1951 1665 illo-

298 1718 431 1756 rum
460 1699 639 1754 vitam
673 1699 981 1755 roboravit.
1019 1700 1319 1771 Leguntur
1350 1697 1590 1772 plurimi
1622 1699 1780 1755 mirae
1813 1716 1953 1755 san-

299 1788 519 1844 ctitatis
563 1788 691 1855 viri,
726 1788 823 1859 qui
880 1788 1005 1842 suis
1050 1788 1433 1843 obtinuerunt
1484 1789 1755 1860 precibus
1789 1795 1852 1843 ut
1882 1788 1952 1843 ad

2061 634 2317 688 occurrit
2348 635 2616 690 mendica
2647 651 2879 702 manus,
2905 635 3234 706 stipemque
3266 632 3518 705 petebat,
3545 633 3746 687 docta

2061 727 2117 777 et
2151 724 2448 777 sullieiens
2477 723 2665 778 aliena
2688 724 2872 777 vivere
2897 723 3137 795 quadra.
3167 723 3321 777 Inter
3344 738 3491 793 quos
3521 738 3747 776 occur-

2063 815 2131 867 rit
2172 832 2344 879 unus,
2372 814 2471 885 qui
2507 813 2724 868 multos
2764 816 2887 883 jam
2925 831 3025 884 per
3056 830 3240 867 annos
3270 811 3493 866 lumine
3527 813 3743 866 fuerat

2063 902 2343 974 privatus,
2378 904 2519 956 dum
2554 903 2740 956 (‘Lt‘tL‘t‘i
2794 918 3133 973 corporemn
3169 901 3567 967 sublevamen,
3594 902 3745 971 ipse

2064 992 2225 1048 Solus
2260 994 2485 1063 petebat
2516 994 2712 1047 lumen
2739 1010 2751 1046 ε
2780 990 3173 1062 apostolorum
3210 1008 3243 1045 a
3276 990 3536 1061 principe
3558 990 3743 1045 scili-

2064 1088 2154 1137 cet
2186 1083 2293 1136 sibi
2334 1084 2655 1135 testabatur
2706 1080 3019 1135 revelatum
3056 1079 3260 1146 fuisse,
3286 1082 3349 1134 ut
3380 1080 3427 1133 si
3462 1098 3528 1133 ex
3559 1079 3745 1133 unda

2064 1188 2179 1242 qua
2211 1172 2297 1224 vir
2328 1172 2425 1225 Dei
2463 1188 2672 1225 manus
2702 1169 2982 1237 ablueret,
3009 1166 3207 1223 oculos
3249 1167 3484 1231 lavaret,
3509 1168 3744 1239 expul-

2064 1261 2147 1315 sis
2171 1262 2425 1315 tenebris
2451 1258 2750 1314 oculorum
2778 1257 2975 1313 lumen
3001 1257 3122 1329 ipse
3148 1256 3744 1328 recuperaret.Cum-

2064 1367 2176 1421 que
2208 1350 2280 1403 ab
2302 1349 2501 1404 eodem
2528 1365 2735 1420 aspera
2757 1347 2963 1402 fuisset
2994 1344 3389 1417 increpatione
3420 1343 3740 1416 repulsus,

2064 1445 2327 1509 expetere
2360 1437 2416 1492 id
2452 1444 2646 1492 tamen
2674 1453 2787 1491 non
2813 1436 3038 1491 destitit
3070 1452 3102 1490 ει
3124 1433 3234 1490 sibi
3268 1432 3741 1488 famulantibus.

2064 1528 2179 1582 Hoc
2201 1529 2354 1582 idem
2373 1530 2670 1599 comperto
2693 1524 2776 1581 eis
2801 1524 3101 1580 interdixit
3116 1523 3224 1579 sub
3242 1522 3745 1578 interminatioue

2063 1617 2170 1671 hoc
2202 1617 2389 1672 facere
2433 1619 2702 1671 caverent
2752 1613 3060 1669 temeraria
3094 1611 3578 1685 praesumptione;
3619 1611 3743 1666 sed

2064 1706 2288 1761 lumine
2322 1705 2417 1777 qui
2454 1704 2690 1759 carebat
2719 1703 2921 1758 eadem
2970 1703 3109 1774 quin
3155 1701 3375 1772 peteret
3417 1699 3745 1771 quiescere

2065 1794 2379 1850 nesciebat.
2406 1793 2669 1864 Denique
2700 1809 2808 1847 sua
2840 1791 3054 1863 sazpius
3078 1790 3392 1845 frustratus
3415 1787 3742 1860 petitione,

299 1894 537 1948 corpora
573 1876 631 1931 hi
658 1878 754 1947 qui
788 1877 929 1932 olim
964 1877 1268 1948 suppliciis
1302 1878 1564 1950 deputati
1589 1881 1753 1932 erant
1787 1878 1956 1931 infer-
1984 1914 2030 1978 Β
2064 1901 2197 1939 cum
2219 1884 2369 1955 quod
2392 1881 2762 1954 qumrebatin
2783 1879 3011 1935 civitate
3031 1895 3142 1934 non
3165 1876 3739 1949 possetimpetrare,

298 1966 534 2022 natibus
569 1966 825 2021 redirent
855 1983 867 2020 :
894 1967 994 2021 sed
1027 1966 1073 2021 si
1108 1967 1215 2021 hoc
1245 1971 1331 2023 est
1364 1966 1649 2035 mirabile,
1677 1983 1808 2022 cum
1836 1967 1955 2022 ani-

301 2073 397 2110 ma
427 2074 530 2127 per
575 2055 1021 2111 dissolutionem
1055 2055 1125 2110 ad
1159 2056 1308 2111 hanc
1339 2056 1519 2110 vitam
1570 2056 1956 2111 resuscitator

299 2143 760 2215 corruptibilem,
797 2143 939 2198 illud
992 2148 1081 2199 est
1128 2144 1458 2199 mirabilius
1508 2149 1566 2199 et
1615 2143 1952 2215 gloriosius,

299 2249 434 2288 cum
468 2233 538 2286 ad
573 2248 748 2288 suum
798 2236 1100 2287 revocatur
1144 2237 1462 2300 auctorem,
1500 2234 1744 2305 ejusque
1775 2251 1808 2288 a
1839 2249 1955 2305 quo

299 2320 667 2378 alienabatur
715 2334 981 2393 perverse
1028 2321 1276 2393 agendo,
1310 2320 1391 2377 ita
1436 2329 1638 2394 postea
1686 2326 1749 2377 ut
1798 2339 1954 2379 unus

300 2427 434 2465 cum
467 2427 535 2465 ao
568 2410 646 2464 sit
676 2407 942 2482 spiritus,
969 2410 1225 2465 adhteret
1264 2410 1411 2466 bene
1440 2409 1701 2466 vivendo.
1737 2410 1954 2468 Multos

301 2498 456 2554 enim
491 2503 755 2554 mortuos
805 2503 1021 2563 mente,
1055 2499 1261 2554 beatus
1310 2500 1677 2555 resuscitavit
1710 2499 1954 2556 Maiolus

301 2588 371 2644 ad
405 2587 619 2659 gaudia
659 2591 884 2642 internas
927 2587 1079 2653 vitm,
1112 2592 1168 2643 ct
1197 2589 1537 2644 submersos
1574 2587 1635 2643 in
1678 2588 1955 2644 fluetibus

300 2675 499 2749 magni
532 2676 713 2732 maris
765 2676 990 2731 retibus
1035 2693 1153 2731 sua:
1186 2676 1617 2749 prmdicationis
1665 2677 1735 2733 ad
1788 2677 1955 2734 littus

300 2766 476 2820 traxit
509 2766 688 2820 firma:
712 2764 1044 2820 soliditatis.
1079 2766 1443 2821 Mortuorum
1476 2783 1612 2839 ergo
1639 2767 1955 2823 suscitato—

302 2855 466 2911 ribus
484 2855 823 2911 nullatenus
843 2854 1084 2910 inferior
1100 2854 1305 2909 beatus
1323 2856 1656 2911 decernitur
1675 2856 1843 2911 Maiol
1856 2875 1921 2912 us
1940 2876 1953 2926 ;

303 2947 403 3001 sed
430 2945 624 3018 sagaci
650 2949 843 3000 mente
863 2944 909 2999 si
934 2944 1068 3016 quis
1086 2944 1208 2999 vult
1233 2944 1670 3017 indagare,quis
1694 2963 1954 3017 unquam

302 3034 455 3089 valet
486 3051 757 3089 enarrare
790 3038 932 3104 quot
962 3034 1017 3086 in
1044 3033 1297 3088 tenebris
1329 3038 1384 3087 et
1416 3036 1623 3088 umbra
1644 3034 1849 3087 mortis
1872 3051 1956 3088 se-

303 3124 580 3179 dentibus
610 3123 763 3176 viam
800 3125 1014 3175 rectam
1048 3121 1319 3187 ostendit,
1346 3125 1402 3176 et
1426 3122 1492 3175 ad
1532 3122 1825 3175 civitatem
1858 3121 1958 3176 ha-

302 3212 626 3280 bitationis,
660 3209 952 3265 cuilestem
1005 3207 1229 3263 scilicet
1276 3207 1624 3271 Jerusalem,
1670 3212 1732 3262 ut
1778 3208 1950 3276 irent,

300 3298 565 3364 edocuit;
603 3298 701 3369 qui
734 3296 793 3351 in
839 3297 989 3351 bono
1033 3295 1437 3350 claudieabant
1472 3313 1661 3366 opere,
1697 3296 1827 3351 illos
1860 3314 1950 3351 sa-
1985 3278 2027 3343 Ο

296 3388 487 3443 lutare
518 3387 629 3442 iter
650 3386 849 3441 docuit
880 3402 1130 3440 currere.
1155 3384 1368 3439 Verum
1395 3388 1531 3439 sunt.
1562 3385 1827 3439 nonnulli
1850 3386 1951 3458 qui

297 3494 396 3533 eos
440 3480 671 3531 tantum
725 3476 992 3540 efferunt,
1029 3489 1175 3545 quos
1226 3473 1396 3544 signa
1444 3474 1649 3529 fecisse
1696 3475 1952 3530 visibilia

297 3566 577 3630 audiunt;
613 3568 947 3637 Operatores
973 3579 1107 3617 vero
1142 3561 1523 3615 invisibilium
1550 3581 1677 3634 qua).
1711 3581 1954 3635 perpen-

297 3655 432 3710 dere
488 3652 786 3719 nesciunt,
842 3650 1087 3707 minoris
1148 3650 1266 3704 fore
1326 3649 1515 3704 meriti
1566 3652 1947 3707 contendunt.

296 3745 577 3812 Quocirca
614 3742 899 3799 exteriora
947 3740 1338 3812 perpetranda
1382 3740 1618 3794 beatum
1670 3741 1949 3796 Maiolum

295 3837 362 3888 ut
391 3836 722 3903 compotem
758 3830 936 3885 fuisse
970 3832 1389 3895 monstremus,
1427 3846 1613 3900 pauca
1645 3830 1713 3884 de
1748 3832 1949 3886 multis

296 3937 425 3993 quae
458 3920 805 3976 mirabiliter
833 3917 1017 3989 gessit
1047 3916 1333 3972 dicemus.

367 4011 460 4064 X1.
491 4011 552 4063 Β.
585 4009 817 4063 Mariam
848 4008 1034 4060 Anicii
1055 4006 1190 4060 adit.
1212 4038 1278 4044 —-
1301 4007 1562 4071 Quodam
1597 4012 1857 4078 tempore
1888 4013 1952 4063 ut

297 4097 543 4169 supplici
569 4096 871 4150 devotione
890 4094 1302 4148 misericordia:
1323 4095 1658 4165 deposceret
1679 4103 1792 4150 mat
1805 4115 1949 4169 rem,

298 4186 397 4242 Dei
445 4184 667 4239 scilicet
700 4182 1072 4248 Genitricem,
1117 4183 1356 4253 aggredi
1407 4184 1635 4238 studuit
1680 4185 1949 4243 Vallavo-

297 4290 429 4330 rum
479 4273 795 4328 civitatem.
829 4272 975 4326 Tota
1022 4275 1162 4325 tunc
1214 4270 1415 4325 civitas
1464 4273 1769 4344 tripudiat,
1822 4278 1950 4346 ejus

294 4363 517 4417 visione
558 4364 803 4432 uterque
862 4376 1036 4414 sexus
1082 4358 1398 4414 indiscreta
1447 4364 1585 4416 altas
1634 4364 1945 4433 gaudebat.

295 4453 510 4509 Omnes
542 4454 751 4523 petunt
780 4449 1267 4516 benedictionem,
1292 4450 1493 4504 audire
1516 4456 1789 4523 emptant
1822 4455 1949 4526 ejus

295 4546 557 4597 sanctam
584 4538 1157 4602 sermocinationem,
1177 4543 1493 4593 occurrunt
1517 4557 1801 4610 proceres,
1826 4560 1952 4614 pro-

295 4635 455 4701 perat
488 4627 822 4701 promiseua
868 4626 1050 4698 plebs,
1085 4630 1213 4681 tum
1264 4643 1428 4682 sacer
1476 4628 1731 4684 ecclesiae
1765 4631 1944 4688 denso
1978 4646 2024 4709 D

295 4718 413 4774 ruit
443 4719 675 4789 agmine
706 4717 916 4772 clerus.
954 4714 1250 4770 Laudibus
1283 4715 1341 4769 hi
1376 4717 1683 4787 plaudunt,
1722 4722 1944 4790 persul-

294 4811 422 4861 tant
451 4804 760 4875 plausibus
807 4803 914 4873 illi,
946 4808 1004 4858 et
1035 4821 1347 4859 commune
1398 4806 1581 4861 decus
1622 4808 1789 4879 parili
1825 4812 1950 4883 pie-

295 4899 414 4948 tate
447 4892 903 4949 salutant.'Exin
952 4892 1248 4948 multillua
1293 4894 1611 4950 comitante
1644 4899 1816 4955 turba
1845 4902 1956 4960 iter

297 4981 498 5053 dirigit
547 4983 618 5036 ad
671 4987 935 5047 sanetam
986 4981 1316 5051 ecclesiam,
1350 4984 1649 5052 stcrnitur,
1684 4992 1741 5042 et
1782 4989 1950 5047 Chri-

296 5074 453 5126 stum
486 5068 656 5125 solito
691 5073 1014 5142 prostratus
1065 5071 1290 5136 adorat,
1325 5071 1477 5143 rigat
1529 5070 1806 5147 lacrymis
1858 5099 1950 5137 so-

294 5157 620 5227 lum,vocat
650 5158 985 5229 planctibus
1006 5158 1326 5223 Christum,
1351 5158 1448 5213 cui
1474 5160 1741 5234 lacrymzn
1769 5166 1952 5226 fecere

295 5245 446 5299 viam
481 5263 660 5316 super
689 5251 848 5300 astra
875 5246 1115 5300 volanti.

363 5334 481 5388 XII.
508 5333 694 5389 Circus
723 5336 1090 5388 illumirmtus.
1119 5365 1187 5373 —
1212 5335 1525 5405 Postquam
1560 5337 1754 5409 itaque
1786 5345 1952 5415 9pm-

292 5421 391 5476 tali
429 5422 714 5477 suavitate
742 5421 797 5475 in
824 5422 1052 5475 Christo
1079 5422 1381 5476 debriatus
1405 5424 1863 5493 jueuudissimis
1890 5455 1951 5491 sc

366 5546 439 5615 (-1)
461 5552 515 5600 Ξ.
547 5547 735 5602 Maioli
763 5548 976 5600 festum
1005 5547 1133 5615 ejus
1158 5546 1425 5600 miraculi
1456 5565 1633 5601 causa
1672 5552 1724 5605 in
1767 5556 1952 5611 Κνοιθ-

298 5618 383 5671 sia
414 5618 705 5673 Anieiensi
742 5617 1017 5671 celebrari
1053 5616 1288 5669 solitum
1325 5619 1505 5671 tradit
1536 5620 1656 5673 Odo
1691 5624 1952 5686 (lisseiug

302 5688 358 5742 in
388 5689 632 5745 historia
672 5690 927 5760 Dciparae
970 5687 1290 5749 Podicnsis,
1324 5689 1421 5742 ubi
1459 5689 1564 5743 hoc
1599 5694 1949 5757 miraculum

2061 1973 2251 2027 virum
2284 1971 2537 2027 Deisum
2569 1970 2922 2043 egressionis
2972 1969 3029 2023 in
3077 1968 3286 2023 itinere
3316 1983 3424 2021 sua
3452 1966 3746 2021 tentabat

2064 2061 2438 2131 improbitate
2468 2058 2760 2124 laeessire,
2798 2056 2879 2113 illi
2916 2074 3018 2127 per
3055 2054 3253 2110 omnia
3284 2053 3495 2108 similis
3525 2052 3586 2106 in
3612 2068 3743 2124 ’ρο-

2061 2151 2256 2216 tendo,
2283 2150 2351 2204 de
2385 2166 2499 2220 quo
2532 2148 2818 2203 Dominus
2849 2146 2929 2201 ait
2960 2146 3017 2198 in
3051 2140 3360 2215 Evangelia
3395 2158 3409 2196 :
3446 2144 3519 2196 Et
3549 2142 3658 2196 ille
3685 2145 3746 2196 si

2058 2240 2485 2311 perseveraverit
2519 2236 2766 2309 pulsans,
2800 2234 2918 2290 dico
2967 2233 3133 2300 vobis,
3163 2234 3264 2287 etsi
3310 2248 3417 2286 non
3448 2228 3601 2285 dabit
3639 2230 3748 2285 illi

2061 2345 2309 2399 surgens,
2336 2344 2395 2383 eo
2429 2325 2567 2399 quod
2609 2326 2819 2380 amicus
2850 2325 2965 2392 eius
3007 2324 3096 2387 sit,
3137 2328 3359 2393 propter
3407 2318 3747 2391 improbita-

2064 2426 2165 2474 tem
2193 2424 2371 2473 tamen
2403 2419 2519 2488 ejus
2548 2421 2731 2487 surget
2759 2421 2807 2469 et
2836 2412 2989 2467 dabit
3032 2410 3120 2466 illt
3148 2415 3399 2482 quotquot
3442 2406 3603 2462 habet
3638 2425 3747 2463 ηε-

2064 2508 2348 2562 cessarios.
2380 2506 2439 2560 In
2474 2505 2689 2571 locum,
2714 2502 2813 2576 qui
2848 2501 3014 2556 Mons
3046 2498 3243 2571 gaudii
3277 2500 3535 2563 vocatur,
3561 2497 3741 2568 quod

2063 2594 2201 2652 hinc
2234 2594 2447 2651 Christi
2482 2592 2651 2649 matri
2687 2590 2942 2647 ecclesiae
2972 2592 3216 2661 Spectat,
3240 2591 3378 2642 tunc
3401 2585 3592 2640 virum
3624 2585 3743 2641 Dei

2065 2685 2362 2759 praecessit
2382 2686 2511 2755 ejus
2532 2682 2800 2756 operiens
2822 2681 3159 2745 adventum,
3175 2680 3232 2732 et
3253 2691 3469 2749 equum
3489 2674 3745 2730 venien-

2065 2776 2142 2831 tis
2174 2792 2275 2846 per
2305 2774 2535 2828 frenum
2586 2770 2873 2843 arripiens
2921 2768 3131 2835 tenuit,
3166 2770 3341 2838 atque
3372 2780 3504 2820 cum
3553 2765 3741 2835 jura-

2066 2870 2261 2920 mento
2295 2863 2441 2917 dixit
2473 2879 2486 2917 :
2522 2862 2687 2916 Hunc
2719 2874 2936 2931 equum
2972 2873 3087 2913 non
3130 2856 3450 2922 dimittam,
3484 2853 3739 2909 etiamsi

2063 2953 2430 3025 val'iulavcro,
2457 2950 2568 3004 nisi
2604 2948 2767 3021 prius
2801 2947 2956 3019 quod
2989 2946 3269 3016 deprecor
3309 2942 3741 3015 impetravero.

2061 3044 2288 3111 Aquam
2324 3054 2577 3110 quoque,
2612 3053 2684 3091 ne
2715 3035 2920 3091 exinde
2957 3032 3155 3104 aliqua
3185 3031 3499 3087 excusandi
3536 3030 3744 3086 subri-

2063 3134 2297 3201 peretur
2327 3127 2576 3189 occasio,
2600 3141 2798 3179 secum
2833 3122 2928 3175 ille
2950 3120 3243 3175 deferebat
3266 3121 3320 3174 in
3346 3118 3585 3175 vasculo
3612 3119 3742 3175 sibi

2064 3217 2353 3288 pendente
2384 3234 2415 3269 a
2437 3213 2777 3269 coll0.Tunc
2797 3211 2882 3263 vir
2904 3208 3000 3264 Dei
3028 3208 3088 3262 in
3112 3207 3299 3262 multa
3321 3207 3743 3262 sollicitudine

2063 3305 2437 3371 constitutus,
2472 3303 2705 3357 tandem
2740 3298 2994 3354 ﬂectitur
3022 3295 3092 3350 ad
3126 3294 3602 3351 misericordiam
3644 3314 3748 3368 pe-

2062 3394 2239 3449 tentis
2263 3392 2474 3465 pietate
2494 3406 2858 3461 compassus.
2876 3384 3245 3441 Descendens
3264 3383 3482 3453 itaque,
3499 3399 3743 3454 aquam

2064 3500 2222 3537 more
2253 3480 2647 3537 ecclesiastico
2697 3475 3055 3542 exorcisavit,
3083 3490 3149 3529 ac
3194 3472 3306 3544 ipsi
3351 3470 3619 3528 salutare
3656 3474 3742 3527 si-

2061 3589 2240 3645 gnum
2274 3570 2585 3626 Dominicm
2610 3567 2803 3622 crucis
2827 3565 3060 3633 infudit,
3085 3567 3142 3617 et
3163 3578 3339 3633 super
3358 3560 3491 3614 εει)ςὶ
3518 3561 3740 3618 oculos

2062 3661 2265 3717 eadem
2298 3661 2367 3714 de
2402 3676 2551 3730 aqua
2594 3656 2851 3711 salutare
2894 3653 3128 3726 signum
3171 3650 3475 3723 imposuit,
3508 3650 3581 3705 de
3616 3667 3739 3707 sua

2064 3749 2207 3803 nihil
2229 3751 2440 3803 virtute
2466 3762 2849 3819 pI‘zrsmncns,
2865 3760 2969 3799 nec
2990 3748 3186 3798 tamen
3205 3741 3263 3794 in
3283 3740 3395 3794 fido
3415 3739 3732 3807 haesitans,

2063 3841 2204 3894 dum
2240 3856 2397 3903 eum,
2426 3838 2595 3905 cujus
2619 3852 2830 3889 nomen
2866 3849 3043 3904 super
3064 3847 3280 3903 aquam
3303 3829 3550 3897 vocavit,
3574 3832 3640 3884 et
3662 3844 3737 3884 ex

2062 3929 2169 3983 bac
2205 3926 2459 3982 salutare
2491 3925 2715 3995 lignum
2752 3923 2912 3988 lavit,
2942 3920 3141 3975 lumen
3190 3935 3361 3991 posse
3409 3934 3558 3972 caaco
3592 3917 3735 3972 red-

2062 4019 2197 4071 dere
2230 4015 2566 4070 nullatenus
2589 4011 2897 4066 dubitavit.
2917 4010 2975 4065 Εἰ
3002 4008 3138 4081 quia
3169 4008 3278 4062 hoc
3311 4005 3562 4061 fideliter
3592 4022 3729 4060 ere-

2061 4106 2229 4171 didit,
2263 4104 2470 4159 clfectu
2502 4121 2618 4157 sua:
2666 4100 2797 4155 fidei
2852 4099 3096 4154 minimc
3127 4095 3337 4152 caruit.
3371 4095 3518 4149 Nam
3553 4094 3729 4149 ﬂexis

2061 4195 2273 4250 dehinc
2306 4194 2363 4247 in
2394 4196 2608 4246 terram
2644 4189 2891 4262 genibus
2912 4205 3047 4243 cum
3080 4185 3174 4241 his
3205 4184 3304 4256 qui
3342 4200 3541 4238 secum
3577 4186 3725 4237 tunc

2062 4286 2303 4341 aderant
2335 4281 2614 4338 fratribus
2650 4272 2891 4335 Matrem
2922 4274 3335 4332 misericordiae
3365 4273 3512 4328 fusis
3542 4272 3727 4344 cmpit

2062 4374 2335 4444 lacrymis
2361 4370 2676 4444 postulare.
2692 4369 2838 4423 Mira
2862 4367 2980 4422 res!
3009 4364 3103 4420 ille
3122 4366 3219 4436 qui
3244 4363 3505 4435 privatus
3530 4361 3723 4416 fuerat

2061 4462 2307 4528 lumine,
2332 4466 2648 4531 antequam
2681 4457 2768 4510 vir
2798 4457 2896 4511 Dei
2932 4459 3199 4526 surgeret
3229 4452 3300 4507 ab
3334 4451 3622 4517 oratione,
3646 4455 3725 4503 te-

2061 4551 2257 4608 nebris
2288 4549 2582 4605 evacuatis
2609 4547 2809 4601 lumen
2833 4546 2907 4616 (4)
2932 4543 3150 4613 recepit
3171 4538 3463 4613 veritatis;
3498 4538 3723 4610 quique

2057 4657 2322 4713 gressum
2360 4640 2533 4710 figere
2558 4635 2782 4691 solebat
2813 4633 3101 4703 dirigente
3122 4629 3324 4697 altero,
3345 4627 3515 4682 laetus
3537 4626 3715 4682 rediit

2059 4730 2131 4784 ad
2165 4746 2272 4784 sua
2303 4726 2463 4781 nullo
2486 4726 2697 4780 ductus
2728 4721 3148 4792 auxilio.Cujus
3178 4734 3379 4773 vocem
3405 4733 3439 4771 a
3460 4715 3717 4770 clamore

2063 4818 2151 4872 vir
2180 4816 2408 4873 Domini
2462 4829 2860 4885 compescens,
2896 4810 3005 4866 hoc
3055 4810 3112 4863 in
3161 4804 3457 4863 mandatis
3507 4804 3713 4859 dedit:

2061 4905 2240 4973 Vade,
2268 4903 2479 4976 inquit,
2505 4903 2563 4956 in
2588 4918 2727 4974 pace
2750 4901 2993 4956 domum
3016 4903 3200 4964 tuam,
3217 4899 3274 4951 et
3301 4911 3474 4949 narra
3495 4895 3718 4965 quanta

2061 4995 2166 5050 tibi
2202 4994 2401 5049 fecerit
2418 4992 2605 5046 virtus
2627 4992 2687 5046 B.
2710 4989 2903 5045 Maria:
2928 4986 3188 5059 virginis.
3216 4984 3334 5039 Hoc
3362 4982 3715 5037 miraculum

2064 5102 2179 5140 non
2212 5081 2448 5138 aliunde
2492 5079 2994 5144 commendatum,
3028 5091 3229 5131 verum
3264 5089 3333 5127 ex
3381 5087 3584 5127 eorum
3617 5063 3738 5140 qui'

2065 5174 2456 5227 interfuerunt
2488 5169 2717 5224 sincera
2745 5167 3025 5222 relatione
3053 5165 3345 5218 inscrtum
3379 5164 3486 5216 est.

2057 5322 2065 5329 _
2135 5261 2280 5317 Xlll.
2316 5261 2445 5315 Item
2470 5260 2636 5313 alius.
2662 5255 2921 5311 ——Aliud
2955 5269 3186 5327 quoque
3215 5250 3373 5306 haud
3407 5244 3716 5303 dissimula

2063 5352 2299 5406 virtutis
2335 5348 2618 5404 indicium
2664 5364 2766 5419 per
2803 5330 3075 5399 eumdem
3108 5340 3379 5395 novimus
3400 5340 3710 5408 'operatum

2064 5441 2332 5512 Opificem
2354 5438 2620 5493 omnium
2638 5436 2975 5491 Dominum.
2993 5433 3053 5487 In
3066 5426 3383 5485 Viennensi
3405 5436 3712 5498 pago,qua-

2065 5564 2145 5619 ait
2177 5564 2495 5635 contigisse
2528 5580 2678 5635 anno
2705 5562 2837 5635 950;
2874 5550 3593 5635 atseriusaeei‘dithege
3621 5547 3706 5635 dq-

2065 5622 2425 5690 nationeuia
2473 5633 2750 5687 canonico
2800 5622 3091 5684 Auieiensi
3147 5623 3356 5681 Maiolo
3410 5622 3617 5677 factum
3653 5622 3705 5669 in

2064 5708 2251 5779 elogio
2285 5723 2447 5760 num.
2482 5708 2572 5758 29.
