3906 6358
142 420 271 479 ’761

1564 423 1770 481 VI'I‘A.
1799 453 1879 465 —
1905 419 2054 480 LIB.
2104 420 2179 481 II.

3469 432 3587 493 762

149 552 298 609 dam
332 552 392 610 in
424 553 840 628 villa,quidam
875 554 1129 611 rusticus
1164 555 1344 610 filium
1368 573 1538 627 quem
1564 554 1817 610 habebat
1845 552 1904 621 Α
1934 551 2333 610 indesircntcr
2353 558 2724 614 cruciabatur
2756 559 3074 616 doloribus.
3097 561 3204 627 Qui
3228 560 3334 618 viri
3364 563 3463 620 Dri
3495 567 3593 623 ad-

149 643 388 698 lumine
411 643 703 715 privatum
738 644 1033 699 flebat..»\d
1058 646 1323 699 eamdem
1360 646 1517 715 (quia
1559 646 1822 714 suijuris

152 736 311 800 erat)
343 733 596 787 domnus
630 739 794 805 pater
815 733 1062 789 Maiolus
1086 751 1217 788 cum
1245 735 1367 788 suis
1403 734 1471 787 ad
1498 733 1820 805 hospitium

150 828 418 877 venerat.
444 822 722 877 Rusticus
744 840 877 895 ergo
903 828 1139 894 sumpta
1159 823 1372 877 fiducia
1400 823 1597 877 lumen
1635 825 1820 878 filium

154 929 336 983 posse
351 911 652 983 consequi,
670 912 715 965 si
741 929 891 984 aqua
916 932 1030 983 qua
1052 912 1137 966 vir
1160 913 1388 967 Domini
1408 932 1615 967 manus
1633 913 1821 969 ablue-

156 1006 255 1056 rat
288 1002 417 1071 ejus
436 1000 1155 1072 abluerenturoculi,quia
1180 1002 1365 1055 virum
1396 1003 1487 1055 Dei
1518 1020 1693 1072 super
1714 1002 1821 1057 hoc

156 1090 474 1145 convenire
508 1089 853 1156 timuit,hoe
885 1091 957 1145 ab
999 1093 1123 1160 ejus
1158 1090 1426 1147 ministro
1450 1090 1598 1144 clam
1634 1096 1824 1161 petere

158 1178 413 1234 studuit.
449 1178 697 1249 Accepta
746 1195 881 1248 ergo
941 1180 1186 1233 latenter
1230 1196 1402 1251 aqua,
1437 1197 1587 1243 mox,
1627 1188 1683 1235 ut
1719 1181 1822 1234 filii

157 1268 367 1323 oculos
392 1267 812 1333 abluit,lumen
837 1270 988 1339 quod
1016 1268 1287 1323 amiserat
1312 1271 1564 1340 recipere
1589 1272 1821 1325 IneruiI.

158 1358 283 1413 Hoc
316 1355 403 1413 vir
434 1355 553 1421 Dei,
591 1361 655 1414 ut
686 1358 987 1429 comperit,
1024 1358 1159 1427 quia
1195 1358 1463 1412 humanm
1489 1358 1679 1412 laudis
1703 1359 1823 1425 glo-

161 1447 318 1501 riam
343 1445 846 1516 fugiobat,aquam
866 1446 1159 1518 deinceps,
1178 1464 1288 1517 qua
1307 1464 1516 1501 manus
1541 1447 1821 1511 abluerat,

161 1540 305 1590 ante
325 1552 385 1589 se
409 1551 681 1604 spargere
707 1534 982 1601 faciebat;
1016 1537 1112 1591 sed
1140 1554 1205 1590 ex
1229 1537 1335 1591 hac
1358 1539 1577 1593 furtum
1612 1541 1824 1610 sapius

160 1624 388 1679 factum
406 1620 703 1678 laudabile
725 1623 941 1679 multos
963 1623 1135 1696 longa
1156 1626 1467 1679 debilitatis
1491 1628 1825 1682 infirmitate

159 1713 333 1768 lattos
355 1717 552 1784 eptata
582 1712 835 1767 reddidit
867 1715 1165 1785 sospitate.

236 1800 385 1856 XIV.
415 1801 749 1856 Fcbrict'ams
770 1810 1013 1856 sanatus.
1039 1836 1105 1842 —
1129 1805 1388 1868 Quodam
1414 1822 1543 1860 vero
1568 1812 1824 1877 tempore

158 1877 305 1947 eum
331 1891 442 1945 iter
473 1891 882 1962 ageret,frater
908 1893 1005 1963 qui
1046 1910 1243 1947 secum
1291 1896 1703 1961 comitabatur,
1726 1896 1827 1950 im-
1855 1920 1904 1987 Β

161 1979 397 2034 mensis
418 1977 589 2050 cccpit
620 1980 827 2049 agitari
856 1980 1135 2045 febribus,
1154 1984 1251 2053 qui
1279 1982 1357 2037 ita
1380 1984 1560 2037 nimio
1587 1985 1827 2055 irriguo-

157 2073 258 2123 rat
291 2067 506 2140 algore,
542 2085 605 2122 ac
639 2066 687 2122 si
720 2068 987 2123 funditur
1015 2069 1174 2123 vitali
1208 2079 1427 2126 careret
1469 2074 1686 2135 calore;
1715 2076 1825 2129 fra-

158 2164 287 2211 tres
318 2156 419 2228 qui
470 2156 716 2211 aderant
764 2156 891 2212 suis
938 2175 1071 2213 eum
1121 2160 1484 2215 vestimentis
1519 2164 1823 2233 tegebant;

160 2245 292 2317 ipse
315 2250 511 2299 tamen
536 2244 720 2299 calere
754 2245 913 2299 nullo
937 2248 1108 2301 modo
1145 2249 1574 2305 valcbut.Tune
1607 2252 1692 2305 vir
1724 2242 1824 2308 Dei

163 2351 277 2391 sua
309 2350 372 2388 se
401 2334 597 2388 tunica
651 2333 827 2401 exuit,
862 2351 974 2406 qua
998 2353 1130 2390 eum
1163 2336 1413 2393 inducas
1445 2339 1525 2393 sic
1560 2339 1827 2395 collocari

163 2424 476 2497 prtecepit;
509 2421 635 2496 ipse
675 2437 809 2479 vero
859 2424 929 2479 ad
980 2424 1219 2480 solitum
1272 2426 1550 2484 orationis
1584 2432 1830 2485 accessit

169 2513 539 2583 confugium.
568 2512 679 2567 Sed
710 2513 851 2585 quid
873 2514 1139 2569 Christus
1169 2533 1280 2569 non
1308 2521 1576 2588 eperetur
1606 2518 1661 2573 in
1699 2535 1831 2574 san-

170 2602 328 2657 ctis?
360 2599 663 2671 Extemplo
694 2600 852 2656 enim
893 2603 1077 2657 sancti
1110 2604 1215 2657 viri
1250 2604 1447 2659 tunica
1482 2604 1827 2677 frigoretrici

165 2707 386 2763 corpus
445 2694 511 2744 ut
570 2689 977 2757 obtexit,illico
1026 2707 1128 2763 per
1174 2694 1301 2763 ejus
1352 2695 1453 2766 qui
1500 2696 1832 2767 patiebatur

166 2780 442 2835 membra
463 2779 733 2851 placidus
757 2797 815 2834 se
839 2798 1012 2851 sopor
1034 2782 1270 2845 infudit;
1305 2788 1359 2837 et
1392 2785 1624 2841 sudoris
1665 2786 1831 2840 inun-

167 2868 333 2923 datio
368 2871 556 2922 totum
588 2884 803 2940 corpus
834 2870 986 2940 quod
1023 2870 1204 2925 nimio
1250 2871 1413 2943 prius
1463 2872 1829 2930 inhorruerat

163 2957 973 3029 algore,resnmpto,operuit
1004 2964 1201 3031 Optato
1233 2959 1440 3015 calore.
1475 2961 1609 3017 Post
1644 2963 1828 3019 modi-

162 3063 303 3101 cum
339 3044 711 3100 intervallum
744 3050 810 3099 ut
851 3048 1103 3102 surrexit
1140 3065 1171 3103 a
1205 3065 1429 3113 somno,
1464 3050 1541 3106 ita
1584 3053 1832 3124 pristina

164 3152 317 3190 usus
349 3140 437 3189 est
470 3134 851 3206 sospitate,ac
885 3135 932 3189 si
986 3136 1147 3192 nulla
1199 3138 1361 3209 prius
1403 3140 1832 3211 opprimeretur

162 3224 533 3280 infirmitate.
550 3225 631 3279 Ex
655 3241 767 3296 qua
786 3242 844 3280 re
869 3230 1058 3296 potest
1082 3226 1619 3299 animadverti,ejus
1635 3231 1726 3285 ani
1752 3249 1831 3287 na

164 3313 311 3386 quid
350 3312 589 3367 virtutis
638 3312 819 3380 intus,
856 3313 1065 3385 quidve
1122 3315 1358 3370 haberet
1409 3318 1622 3383 meriti,
1658 3322 1828 3390 cujus

162 3402 350 3458 vestis
382 3400 637 3457 exterius
669 3401 978 3457 sanitatem
1014 3404 1273 3457 restituit
1306 3404 1651 3463 infirmanti.

239 3490 359 3546 XV.
395 3490 580 3545 Haioli
637 3491 844 3545 devotio
904 3493 963 3545 in
1023 3495 1219 3548 itinere
1276 3494 1533 3550 Romano.
1583 3529 1651 3537 —
1685 3498 1831 3555 Illud

157 3596 297 3634 vero
330 3578 463 3650 quis
495 3577 745 3649 explicet
794 3578 988 3649 digne,
1026 3580 1253 3650 quoties
1308 3580 1378 3634 ad
1431 3584 1831 3653 apostolorum

157 3668 371 3724 limina
404 3668 514 3722 iter
535 3666 835 3738 dirigeret,
858 3684 973 3738 qua
1006 3669 1312 3723 devotione
1342 3670 1481 3727 illud
1520 3673 1629 3727 iter
1650 3674 1835 3747 θηριο-

160 3754 302 3811 bat?
326 3754 548 3809 Cuncta
569 3759 906 3808 sanctorum
935 3754 1290 3821 loca,sancto
1314 3757 1508 3813 itineri
1532 3762 1828 3845 contigua,

160 3842 414 3916 spiritali
430 3842 705 3898 visitabat
718 3844 934 3910 studio;
961 3845 1157 3915 ibique
1175 3846 1422 3900 fundens
1438 3842 1829 3922 lacrymarum

158 3930 560 3999 ﬂumina,sibi
594 3948 692 3986 eos
725 3949 838 4004 quo
880 3939 1294 3989 succurrerent
1346 3936 1624 3992 orationis
1656 3940 1831 4011 depo-

159 4022 363 4078 scebat
411 4020 1060 4093 instantia.Pauperum
1094 4042 1241 4095 quos
1275 4023 1331 4079 in
1364 4025 1453 4079 via
1506 4028 1831 4097 reperiebat

160 4110 460 4165 neminem
479 4109 605 4164 sine
624 4111 1021 4166 consolatione
1048 4113 1292 4168 transire
1317 4114 1573 4181 sinebat;
1602 4116 1829 4173 fidelem

162 4216 266 4271 per
296 4197 640 4253 ministrum
667 4199 760 4253 cui
792 4199 913 4255 hinc
944 4217 1083 4255 cura
1116 4202 1433 4257 commissa
1468 4204 1679 4273 fuerat,
1715 4206 1826 4261 sin-

162 4286 319 4359 gulis
353 4286 756 4354 subveniebat,
782 4290 839 4342 et
870 4289 1157 4361 quidquid
1190 4290 1247 4343 in
1271 4306 1369 4345 eos
1395 4291 1741 4359 contulerat,
1772 4295 1827 4349 in

162 4375 466 4431 Christum
516 4392 577 4430 se
609 4376 927 4431 contulisse
959 4378 1271 4450 gaudebat.
1304 4380 1720 4451 Apostolorum
1757 4384 1826 4438 ad

163 4463 437 4537 sepulcra
459 4481 594 4520 cum
632 4465 976 4536 perveniret,
995 4467 1106 4521 dici
1135 4484 1249 4522 non
1277 4474 1623 4540 potestquot
1651 4470 1829 4545 lacry-

164 4557 791 4625 marum,quantumve
803 4553 1302 4627 gemituum,quid
1320 4556 1397 4612 ibi
1415 4557 1629 4615 doloris
1648 4561 1831 4615 effun-

1930 648 2165 697 ventum
2204 645 2397 716 populi
2446 665 2679 702 rumore
2729 654 2794 703 ut
2843 650 3223 722 comperit,ut
3254 654 3327 709 ad
3362 670 3422 709 se
3453 653 3588 710 visi-

1931 732 2174 786 tanilum
2226 742 2485 804 pergeret
2517 737 2785 807 precibus
2817 738 3089 794 obtinuit.
3132 740 3239 805 Qui
3273 744 3475 798 morbo
3508 745 3591 799 in-

1931 828 2303 890 gravescente
2343 825 2466 893 jain
2503 826 2846 895 desperatus
2878 828 2948 881 de
2978 829 3093 882 vita
3126 846 3251 897 sua,
3277 832 3327 885 ei
3362 833 3589 888 studuit

1933 910 2191 963 Coiimeri
2229 911 2456 977 delicta,
2493 913 2549 968 in
2581 914 2781 970 multis
2814 932 2873 969 se
2918 919 3200 973 confitens
3253 921 3584 989 offendisse,

1934 998 2184 1053 maxime
2218 1001 2273 1053 in
2310 1002 2652 1065 el'aiione,et
2687 1004 2839 1074 quod
2889 1006 3025 1059 boni
3064 1013 3277 1077 egerat,
3314 1026 3417 1081 per
3459 1010 3588 1065 ina-

1934 1104 2065 1141 nem
2100 1088 2343 1155 g‘oriani
2370 1108 2427 1141 se
2454 1092 2776 1161 perdidisse
2800 1095 3060 1149 timebat.
3083 1096 3230 1149 Dum
3258 1096 3374 1153 hinc
3402 1102 3455 1153 et
3479 1098 3592 1153 alia

1934 1176 2120 1230 eidem
2138 1178 2775 1233 eimfitercturmaxime
2796 1199 2927 1236 cum
2944 1185 3286 1248 nurrore,ab
3302 1186 3590 1242 immenso

1936 1281 2051 1335 quo
2083 1267 2465 1335 torquebatur
2495 1266 2690 1321 dolere
2723 1269 3155 1340 aliquantulum
3206 1274 3495 1331 sublevari
3530 1295 3590 1331 se.

1936 1353 2121 1405 Sensit
2153 1353 2305 1407 benti
2341 1354 2442 1408 viri
2480 1355 2827 1422 visitatione,
2858 1363 2911 1411 ct
2945 1359 3071 1413 ideo
3100 1379 3199 1431 per
3248 1365 3374 1433 ejus
3418 1365 3589 1419 meri-

1937 1445 2063 1495 tum
2096 1458 2155 1495 se
2191 1441 2425 1496 sanitati
2474 1445 2721 1499 credidit
2772 1447 3157 1502 reddendum.
3198 1450 3268 1505 Et
3318 1450 3593 1522 quoniam

1936 1530 2229 1600 paschalis
2281 1532 2404 1586 dies
2444 1533 2569 1603 jam
2606 1534 3194 1607 apprOpinquaverat,
3228 1543 3283 1593 et
3315 1539 3438 1595 dies
3483 1558 3598 1613 qua

1936 1623 2205 1673 sanctum
2241 1620 2498 1675 chrisma
2544 1622 2855 1678 conficitur
2882 1625 3009 1695 jam
3062 1626 3427 1696 imminebat,
3461 1646 3595 1684 cum

1937 1707 2006 1762 ad
2065 1706 2245 1763 altare
2294 1726 2405 1763 non
2461 1716 2657 1782 posset
2704 1713 2998 1779 accedere,
3033 1718 3089 1769 et
3120 1714 3382 1771 debitum
3430 1718 3595 1775 obse-

1936 1797 2142 1868 quium
2174 1796 2517 1867 persolvere,
2554 1798 2679 1855 idco
2714 1799 2812 1855 Dei
2848 1799 3049 1856 famuli
3088 1802 3459 1860 clementiam
3493 1807 3593 1862 ob-

1938 1884 2131 1939 nixius
2181 1886 2353 1957 ca‘pit
2384 1887 2715 1958 deposcere,
2749 1893 3038 1960 quatenus
3078 1891 3190 1947 sibi
3242 1892 3475 1950 virtutis
3520 1896 3593 1951 ab

1938 1975 2335 2046 omnipotente
2377 1975 2491 2031 Deo
2516 1994 2621 2031 sua
2654 1977 2839 2049 ipsius
2872 1980 3208 2051 deposceret
3239 1982 3592 2055 deprecatio,

1939 2068 2224 2136 quantum
2267 2081 2333 2118 ea
2374 2064 2466 2119 die
2515 2066 2827 2136 sufficeret,
2862 2084 2979 2139 qua
3010 2085 3171 2124 more
3200 2070 3595 2127 ecclesiastico

1940 2157 2207 2206 sanctum
2227 2154 2484 2207 chrisma
2502 2156 2826 2211 conficeret.
2844 2157 2953 2211 Sed
2978 2161 3132 2213 totus
3146 2158 3245 2230 qui
3268 2160 3598 2229 possideba-

1939 2247 2036 2294 tur
2066 2259 2099 2294 a
2120 2241 2352 2313 pietate,
2378 2244 2526 2313 quod
2546 2245 2706 2312 justo
2738 2244 3063 2316 petebatur,
3090 2248 3334 2303 nescivit
3365 2266 3597 2321 negare.

1941 2331 2072 2384 Mox
2094 2330 2413 2385 oratorium
2434 2332 2618 2402 potiit,
2644 2349 2886 2404 seseque
2909 2349 3040 2389 cum
3074 2334 3349 2409 lacrymis
3378 2337 3438 2392 in
3472 2354 3599 2395 ora-

1941 2419 2161 2473 tionem
2192 2418 2454 2485 dedit,et
2497 2421 2757 2476 oratione
2805 2421 2863 2477 in
2916 2421 3072 2478 brevi
3122 2423 3413 2497 completa
3441 2425 3598 2482 exiit.

1939 2508 2045 2560 Ant
2061 2508 2152 2561 isti
2165 2512 2277 2561 tem
2294 2508 2575 2579 (egritudo
2591 2511 2853 2565 deserere
2869 2511 3311 2584 cmpit,prmfata
3324 2514 3599 2570 nimirum

1941 2597 2172 2667 die,pro
2205 2613 2319 2669 qua
2352 2598 2674 2668 petebatur,
2710 2617 2769 2653 se
2803 2599 3033 2656 laetatus
3080 2606 3168 2656 est
3217 2604 3440 2659 tantam
3485 2604 3600 2660 vir-

1940 2685 2083 2739 tutis
2116 2686 2441 2757 sumpsisso
2471 2686 2883 2755 constantiam,
2920 2693 2986 2743 ut
3012 2687 3378 2761 :egritudinis
3425 2691 3485 2747 in
3538 2710 3600 2749 sc

1940 2773 2162 2828 nullam
2197 2773 2437 2829 sentiret
2460 2774 3090 2832 molestiam.Gaudcre
3117 2777 3369 2850 denique
3400 2780 3595 2853 cmpit,

1940 2863 2094 2934 quod
2130 2861 2320 2917 Maioli
2348 2862 2617 2934 precibus
2650 2879 2717 2918 ex
2752 2862 3091 2920 infirmitate
3136 2866 3460 2935 convaluit;
3496 2869 3597 2923 sed

1939 2968 2006 3005 ex
2039 2951 2147 3005 hoc
2180 2949 2332 3023 plus,
2368 2951 2520 3023 quod
2567 2952 2903 3024 prsescripto
2936 2952 3074 3008 vitio
3096 2954 3275 3021 (sicut
3302 2954 3427 3028 ipso
3461 2957 3601 3013 fate-

1939 3041 2135 3108 batur)
2170 3058 2381 3112 magna
2414 3057 2479 3095 ex
2512 3048 2673 3112 parte
2707 3043 2912 3097 caruit.
2947 3043 3087 3098 Inde
3136 3044 3311 3099 datur
3350 3044 3599 3118 intelligi

1940 3147 2056 3184 non
2113 3135 2233 3183 tam
2286 3148 2388 3202 pro
2454 3131 2712 3202 corporis
2772 3132 3071 3203 sospitate,
3124 3150 3301 3205 quam
3351 3151 3454 3207 pro
3508 3152 3601 3189 sa-

1939 3217 2061 3273 lute
2085 3218 2292 3273 anima:
2328 3219 2561 3273 beatum
2592 3219 2779 3274 virum
2814 3219 3094 3276 libentius
3135 3220 3453 3279 Dominum
3504 3240 3599 3279 ex-

1945 3324 2162 3363 OPOSRO.

2015 3396 2183 3451 XVII.
2217 3398 2504 3452 (Economi
2530 3401 2727 3469 punita
2759 3402 3037 3454 (dilucidis.
3068 3431 3135 3439 —
3169 3400 3364 3455 Romae
3416 3418 3601 3473 quon-

1944 3485 2079 3539 dam
2112 3486 2252 3539 dum
2287 3491 2631 3553 moraretur,
2668 3488 2738 3541 ad
2773 3488 2833 3541 B.
2871 3487 3031 3542 Pauli
3065 3486 3263 3554 limen,
3286 3488 3506 3561 placuit
3536 3493 3603 3543 ut

1943 3574 2221 3627 orationis
2256 3591 2435 3627 causa
2468 3573 2958 3644 proficisceretur.
2992 3576 3075 3629 Ad
3109 3575 3325 3648 egrrgii
3348 3576 3603 3631 doctoris

1944 3663 2123 3716 aedem
2149 3667 2213 3716 ut
2242 3663 2417 3727 venit,
2452 3666 2583 3717 ante
2615 3661 2950 3733 sepulcrum
2984 3680 3112 3717 sese
3152 3680 3286 3718 cum
3328 3663 3602 3737 iacrymis

1942 3752 2000 3806 in
2030 3752 2287 3805 oratione
2319 3752 2615 3807 solotenus
2648 3752 3147 3823 stravit.Surgons
3175 3769 3305 3807 vero
3352 3753 3427 3808 ab
3472 3770 3600 3809 ora-

1941 3842 2119 3908 tione,
2161 3841 2423 3910 ejusdem
2484 3839 2593 3894 loci
2656 3839 2976 3894 monachos
3035 3840 3289 3896 fraterno
3346 3840 3603 3897 visitavit

1943 3946 2139 3985 amore
2167 3946 2179 3983 2
2206 3929 2420 4000 quibus
2438 3929 2676 3984 verbum
2700 3928 2838 3983 dum
2865 3929 3161 3996 faceret,et
3178 3946 3380 3985 eorum
3405 3947 3598 3985 mores

1942 4022 2004 4072 ut
2038 4018 2166 4089 pius
2203 4022 2365 4089 pater
2386 4016 2863 4084 instrueret,suis
2897 4034 3011 4089 quo
3044 4018 3380 4074 subveniret
3410 4037 3602 4075 neces-

1942 4106 2237 4174 sitatibus,
2268 4123 2436 4177 agere
2468 4098 2575 4177 ipsi
2620 4111 2923 4179 cmperunt
2954 4124 3087 4162 cum
3118 4108 3411 4180 precibus.
3445 4109 3596 4163 Tum

1940 4194 2059 4262 ille,
2094 4199 2157 4249 ut
2189 4212 2420 4268 semper
2470 4194 2881 4251 misericordia:
2932 4196 3256 4253 visceribus
3300 4197 3603 4263 affluebat,

1940 4284 2325 4356 dispensatori
2353 4284 2727 4356 praecepit,ut
2757 4284 2840 4339 eis
2872 4286 3095 4358 argenti
3127 4284 3337 4340 libram
3384 4286 3601 4341 tribue-

1942 4379 2048 4427 ret.
2076 4374 2183 4428 Sed
2219 4372 2611 4443 dispensator,
2640 4388 2877 4443 parvam
2912 4374 3299 4445 quantitatem
3322 4374 3459 4445 quia
3482 4374 3601 4429 fore

1940 4461 2157 4516 sciebat
2180 4460 2236 4513 in
2258 4460 2616 4530 sumptibus,
2633 4459 3006 4515 medietatem
3030 4465 3258 4515 tantum
3283 4460 3443 4516 libra)
3466 4478 3597 4516 con-

1940 4550 2136 4615 cessit,
2163 4553 2227 4603 ut
2255 4547 2553 4620 providus.
2592 4547 2721 4603 Mox
2750 4564 2883 4602 vero
2917 4552 2983 4603 ut
3012 4549 3083 4603 ad
3121 4548 3183 4603 Β.
3218 4548 3365 4603 Petri
3399 4548 3597 4604 basili-

162 4640 361 4705 dcrct;
398 4641 660 4711 corporis
682 4641 810 4712 ejus
830 4645 895 4696 ut
934 4642 1027 4697 hic
1052 4649 1204 4699 esset
1245 4644 1709 4713 dissolutio,illic
1732 4650 1781 4703 vi

1962 4657 2067 4694 :am
2100 4634 2507 4709 repedavit,vir
2529 4634 2767 4706 quidam
2799 4636 3004 4703 adfuit,
3022 4636 3121 4708 qui
3155 4636 3205 4691 ei
3237 4637 3435 4692 decem
3464 4637 3601 4693 soli-

162 4744 281 4799 quo
312 4732 613 4798 tegeretur
643 4729 938 4785 mausoleo
970 4732 1127 4785 omni
1168 4747 1484 4803 exposcens
1515 4736 1823 4793 desiderio.

161 4815 361 4871 Roma:
394 4815 536 4871 dum
570 4817 788 4883 aderat,
806 4819 998 4874 cordis
1028 4819 1086 4875 in
1120 4820 1319 4876 lmtitia
1351 4822 1484 4894 plus
1536 4824 1706 4881 solito
1738 4844 1831 4883 ex-

159 4904 443 4970 sultabat,
477 4910 536 4959 et
568 4906 750 4960 nimio
782 4924 897 4978 pra:
921 4909 1134 4980 gaudio
1158 4911 1332 4977 (sicut
1362 4912 1485 4983 ipse
1516 4914 1831 4984 fatebatur)

160 4993 275 5048 sibi
289 4993 507 5064 saepius
521 4993 806 5065 gloriosos
822 4996 1115 5069 principes
1130 4999 1295 5070 quasi
1314 5002 1580 5070 presenti
1597 5019 1832 5060 cernere

157 5078 385 5136 lntuitu
407 5080 734 5151 videbatur,
760 5084 869 5139 hac
899 5085 970 5139 de
1001 5102 1061 5140 re
1094 5086 1299 5141 festiva
1338 5088 1449 5142 sibi
1483 5094 1540 5145 et
1587 5091 1833 5147 celeber-

166 5168 319 5224 rima
349 5168 476 5224 dies
498 5170 824 5227 ducebatur
842 5173 1195 5228 accessionis
1217 5194 1228 5241 ;
1254 5191 1459 5246 expers
1475 5195 1608 5233 vero
1630 5182 1831 5251 gaudii

165 5262 222 5311 et
249 5256 425 5329 plena
457 5260 726 5314 mmroris
759 5260 1154 5333 deputabatur
1182 5264 1548 5322 recessionis.

236 5345 380 5400 XVI.
417 5345 676 5418 Arperlus
726 5348 1010 5405 Curiensis
1057 5360 1335 5422 eptscopus
1376 5357 1581 5425 [meum
1630 5360 1837 5428 confes-

166 5432 320 5487 sione
347 5450 381 5487 a
408 5433 595 5489 morbo
627 5444 918 5491 recreatus.
943 5468 1011 5476 —
1036 5437 1363 5508 Aliquando
1396 5458 1527 5497 vero
1551 5442 1662 5496 iter
1684 5443 1827 5499 illud

169 5538 301 5575 cum
336 5526 555 5592 ageret,
573 5528 629 5577 et
659 5524 885 5580 Coriam
933 5526 1136 5593 (σοίγε)
1171 5544 1273 5597 per
1322 5529 1609 5585 Penninas
1657 5532 1832 5602 Alpes

169 5610 470 5679 transiret,
490 5613 778 5681 przndictze
803 5612 1054 5668 civitatis
1085 5615 1413 5687 cpiscopus,
1436 5619 1650 5674 virtute
1672 5638 1837 5675 vene-

170 5698 372 5755 rabilis
422 5702 705 5769 Arpertus
756 5704 913 5774 gravi
967 5708 1126 5774 peste
1159 5722 1495 5774 percussus,
1531 5708 1833 5765 acerrimis

1938 4729 2043 4783 dos
2066 4726 2294 4782 obtulit.
2328 4726 2398 4780 At
2431 4724 2525 4779 ille
2557 4724 2890 4796 suscipiens
2921 4724 3043 4780 hinc
3076 4741 3089 4780 :
3120 4725 3250 4781 Haec
3296 4742 3456 4799 cape,
3490 4725 3599 4782 mi-

1943 4817 2127 4873 nistro
2150 4814 2313 4881 dixit,

2585 4920 2650 4957 ac
2681 4906 2736 4959 te
2768 4904 3148 4959 succumbere
3174 4922 3335 4960 noxa:

1941 4992 2303 5064 Disce,quod
2334 4992 2395 5046 in
2432 4989 2712 5046 fratribus
2735 4991 3001 5047 fraudem
3032 4992 3354 5049 meditatus
3378 4994 3598 5065 egenis,

1942 5082 2217 5139 Malueris
2240 5097 2366 5135 esse
2399 5084 2591 5143 tenax,
2624 5096 2761 5134 nam
2796 5080 2843 5135 si
2877 5081 3033 5152 quod
3063 5082 3293 5138 tradere
3317 5082 3473 5153 jussi

1941 5171 2253 5236 Cessisscs,
2282 5168 2474 5235 solito,
2513 5168 2741 5224 Christo
2776 5170 3094 5235 tribuente,
3127 5172 3354 5227 refusos

1944 5259 2167 5333 Viginti
2197 5275 2431 5328 caperes
2463 5256 2744 5312 hodierno
2774 5258 2969 5313 fenore
3000 5257 3217 5315 soldos.

1946 5350 2173 5406 Invadit
2205 5347 2452 5402 formido
2485 5346 2784 5403 hominem
2816 5353 3041 5403 secreta
3075 5354 3273 5405 reatus

1947 5438 2156 5495 Maiolo
2184 5436 2447 5508 patuisse
2478 5436 2591 5502 sui,
2626 5452 2740 5491 non
2775 5454 2915 5493 sane
2948 5442 3168 5509 putato.

1947 5530 2064 5584 Hoc
2096 5524 2498 5590 mirum,bone
2528 5524 2633 5590 vir,
2650 5531 2812 5581 tanto
2854 5528 3007 5597 quod
3041 5526 3242 5584 clausa
3272 5527 3561 5599 prophetae

1945 5617 2147 5674 Cordis
2181 5614 2345 5668 hiant
2378 5630 2390 5667 :
2424 5613 2633 5685 plenus
2667 5614 2765 5685 qui
2797 5617 2982 5670 sancti
3013 5618 3253 5671 numine
3288 5617 3479 5670 flatus.

1944 5708 2075 5764 Jam
2108 5706 2261 5760 Deus
2294 5707 2401 5769 est,
2426 5703 2553 5776 jam
2585 5703 2813 5760 divinos
2838 5706 3080 5760 sortitur
3107 5706 3377 5760 honores.
