3906 6350
358 365 476 429 763

1484 368 1546 431 S.
1597 371 1868 433 MAIOLI
1916 372 2248 436 ABBATIS
2295 372 2653 437 CLUNIAC.

3671 381 3792 442 764

428 504 623 561 XVIII.
643 502 832 560 Nudus
854 504 1092 559 vestitus.
1112 534 1175 544 --
1197 502 1319 558 Alio
1344 520 1575 576 quoque
1596 508 1855 576 tempore
1875 520 2009 560 cum
2042 504 2095 570 Α
2125 503 2346 561 alterno
2377 507 2509 561 ﬁdei
2544 508 2696 562 bono
2729 507 3134 581 salvabuntur,
3168 509 3356 566 multo
3389 512 3578 585 magis
3608 511 3676 568 hi
3732 514 3792 568 in

358 595 468 651 iter
496 598 780 666 carperet,
812 610 1033 665 pauper
1081 592 1137 647 in
1170 593 1376 648 itinere
1425 599 1514 649 est
1558 598 1822 665 repertus
1867 595 2013 665 pede

359 686 575 752 nudus,
610 681 838 738 cucullo
884 699 1124 736 vacuus.
1161 683 1348 753 Super
1391 699 1565 754 quem
1614 681 2015 738 misericordia

356 774 445 829 vir
463 772 564 829 Dei
590 776 786 827 motus
818 788 953 826 eum
976 770 1167 825 induit
1196 775 1352 825 veste
1385 790 1500 843 qua
1539 772 1845 842 tegebatur
1875 788 2010 825 exu-

360 867 473 918 tus.
496 863 577 916 Ad
612 860 932 931 hospitium
967 875 1081 930 quo
1114 859 1388 914 tendebat
1439 864 1500 913 ut
1543 861 1718 925 venit,
1748 861 2009 928 ejusdem

357 948 798 1023 compositionis
811 947 1287 1003 etsimilitudinis
1301 948 1410 1003 sibi
1434 948 1731 1003 meliorem
1748 951 2010 1019 ejusdem

356 1039 606 1095 civitatis
628 1038 940 1110 episcolius
977 1036 1206 1090 obtulit.
1233 1037 1389 1091 Ilane
1423 1038 1508 1090 vir
1538 1038 1916 1092 beatissimus
1949 1043 2014 1092 ut

356 1129 631 1200 sumpsit,
674 1145 812 1182 suos
860 1126 1021 1180 atl‘ari
1058 1125 1248 1180 taliter
1296 1126 1468 1197 cu'pit
1502 1143 1514 1181 ε
1552 1149 1577 1175 ‹‹
1614 1126 1698 1181 Illi
1744 1127 2012 1182 lizesitare

354 1222 555 1273 nostra
604 1235 717 1273 non
766 1217 1047 1271 debemus
1100 1216 1569 1287 impendere,qui
1614 1216 2011 1271 abundantius

352 1312 473 1362 tam
507 1308 618 1362 cito
652 1324 777 1378 quas
810 1304 1127 1359 tribuimus
1160 1304 1308 1359 valet
1340 1305 1663 1359 restituere.

422 1396 562 1451 XIX.
597 1395 800 1451 Ollonis
832 1395 1061 1464 Augusti
1089 1395 1273 1464 opinio
1305 1393 1369 1447 de
1399 1394 1589 1449 Maiolo
1630 1402 1679 1448 el
1726 1394 1790 1447 de
1821 1411 2008 1448 mona-

351 1486 487 1543 chis.
520 1485 724 1541 Otlonis
771 1485 1007 1554 elogium
1054 1490 1103 1538 et
1144 1482 1450 1537 Adalaidis.
1485 1514 1553 1522 —
1585 1483 1773 1552 Hujus
1832 1483 2011 1555 igitur

351 1574 682 1631 sanctitatis
714 1573 929 1645 Opinio,
947 1572 1095 1626 mira
1121 1588 1223 1643 per
1242 1571 1512 1625 eumdem
1537 1576 1804 1643 patrante
1828 1572 2011 1626 omni-

350 1666 589 1737 potente
619 1663 754 1728 Deo,
775 1679 909 1717 cum
933 1661 1085 1732 apud
1110 1659 1418 1715 hominum
1439 1660 1706 1716 notitiam
1731 1662 1921 1733 magis
1938 1678 2008 1717 ac

349 1752 539 1825 magis
569 1752 960 1806 innotesceret
988 1750 1234 1821 ejusque
1263 1748 1521 1804 nominis
1553 1749 1709 1805 fama
1730 1748 1901 1823 longe
1932 1749 2009 1807 la-

2123 593 2354 649 Christo
2388 596 2662 666 cepulati,
2686 598 2787 667 qui
2820 602 2957 652 sunt
2989 615 3092 669 per
3121 600 3293 654 ﬁdem
3321 601 3618 672 justitiam
3657 620 3792 674 ope-

2124 683 2253 749 rati,
2288 683 2474 755 ipsius
2508 686 2843 740 testimonio
2875 687 3359 757 repromissiones
3391 707 3536 761 quas
3579 709 3791 762 repro-

2125 772 2286 826 misit
2309 772 2407 844 qui
2432 790 2545 828 non
2570 776 2853 829 mentitur
2875 776 3194 842 Deus,sunt
3216 777 3535 834 sinedubio
3559 781 3789 853 adepti.

2121 863 2307 915 Ambo
2339 864 2494 917 enim
2526 862 2818 935 Evangelii
2856 865 3171 932 auditores,
3204 872 3261 920 et
3290 868 3428 938 quia
3459 870 3789 934 auditores,

2123 951 2251 1004 ideo
2284 954 2920 1024 opm'atores,quoniam
2948 953 3183 1024 quidem
3210 972 3275 1009 ex
3300 956 3611 1027 Evangelio
3640 958 3792 1011 didi-

2122 1046 2321 1093 cerant
2348 1056 2359 1093 :
2398 1042 2501 1107 Qui
2532 1044 2724 1111 recipit
2732 1043 2944 1110 justum
2979 1045 3036 1096 in
3064 1046 3286 1098 nomine
3302 1046 3789 1115 justimicn'almu

2112 1128 2252 1199 justi
2282 1122 2741 1200 accipiotiilattli.
2776 1148 2829 1195 Χ,
2866 1132 2950 1200 41)
2979 1149 2991 1198 ;
3028 1132 3155 1185 ideo
3182 1149 3329 1203 quos
3359 1133 3416 1186 in
3456 1134 3554 1188 Dei
3588 1136 3788 1189 famu-

2123 1214 2337 1272 lamine
2370 1219 2684 1272 cernebant
2705 1219 3158 1285 devotiores,eos
3180 1221 3290 1275 sibi
3314 1220 3613 1278 habebant
3646 1225 3789 1280 cha-

2123 1304 2323 1360 riores.
2358 1307 2469 1361 Sed
2505 1306 2582 1360 illi
2621 1325 2733 1377 pra:
2769 1309 2991 1364 czeteris
3039 1308 3454 1380 diligebantur,
3485 1313 3586 1383 qui
3636 1314 3789 1370 falsa

2122 1394 2605 1451 abrenuntiantes
2639 1397 2872 1469 gaudia,
2900 1398 3046 1452 beati
3074 1397 3370 1454 Benedicti
3401 1403 3792 1459 sectabantur

2118 1483 2365 1555 vestigia
2397 1484 2699 1540 devotione
2731 1486 3192 1557 promptissima.

2190 1572 2592 1628 XXI.Mai01us
2644 1591 2744 1645 per
2799 1574 3111 1630 Heldrioum
3158 1579 3375 1649 utrique
3422 1579 3647 1636 Charus.
3686 1582 3791 1637 Mo-

2117 1662 2375 1717 nasteriis
2408 1662 2772 1732 reformandi:
2798 1666 3147 1735 prmpositus.
3184 1696 3250 1705 —
3282 1665 3485 1739 Itaque
3517 1671 3608 1736 (ut
3642 1687 3788 1741 pra:-

2116 1749 2366 1806 libatum
2397 1752 2506 1822 est)
2541 1753 2601 1807 Β.
2639 1750 2833 1808 Maioli
2866 1752 3024 1808 fama
3056 1752 3443 1825 plurimorum
3497 1756 3789 1815 relatione

351 1847 521 1915 teque
554 1857 616 1896 se
648 1844 965 1913 spargeret,
989 1840 1236 1910 Magnus
1269 1838 1399 1894 Otto
1430 1839 1531 1910 qui
1564 1843 1703 1895 tunc
1726 1840 2007 1912 temporis
2036 1871 2085 1938 Β
2118 1845 2432 1912 comperta,
2450 1841 2603 1897 haud
2630 1858 2798 1897 secus
2820 1858 2887 1897 ac
2909 1841 3126 1913 perfrui
3161 1843 3297 1909 vita,
3315 1845 3443 1915 ejus
3482 1847 3664 1917 potiri
3693 1849 3790 1902 de-

345 1935 581 1988 strenue
611 1929 1036 2001 rempublicam
1082 1928 1465 2000 gubernabat,
1494 1929 1640 1983 tanti
1670 1930 1776 1983 viri
1819 1930 2001 2001 pluri-

344 2037 577 2076 morum
602 2012 881 2074 relatione
912 2019 1374 2089 comperta,ejus
1398 2018 1765 2090 praesentiam
1794 2021 2001 2074 arden-

341 2110 462 2165 tius
491 2108 783 2180 cupiebat.
805 2107 909 2162 Hic
940 2106 1097 2161 enim
1128 2106 1215 2160 vir
1244 2106 1378 2161 licet
1409 2107 1695 2178 imperiali
1720 2110 2003 2179 potiretur

341 2198 597 2270 fastigio,
629 2212 845 2268 magna
900 2198 1095 2249 tamen
1145 2200 1269 2249 erat
1314 2194 1397 2249 illi
1449 2196 1602 2251 circa
1646 2197 2002 2253 monasteria

340 2284 599 2353 devotio;
633 2284 773 2356 quia
794 2300 1166 2355 nequaquam
1191 2300 1252 2339 se
1275 2283 1520 2339 feliciter
1542 2286 1852 2356 imperium
1877 2303 1999 2357 spe-

340 2376 510 2431 rabat
540 2376 754 2441 tenere,
777 2371 893 2429 nisi
923 2389 1157 2428 summo
1180 2372 1320 2445 Regi
1350 2375 1612 2429 studeret
1641 2390 1757 2429 non
1789 2375 1995 2447 displi-

339 2480 489 2520 cere.
522 2464 592 2519 Et
639 2462 767 2518 ideo
818 2461 1033 2534 saepius
1082 2461 1523 2534 ingemiscebat,
1559 2464 1699 2519 dum
1750 2466 1850 2536 qui
1898 2482 2000 2537 per

339 2551 639 2626 religionis
664 2551 932 2608 habitum
965 2568 1027 2607 se
1056 2551 1171 2607 Deo
1216 2552 1579 2620 devoverant,
1608 2553 1869 2609 smeulari
1903 2554 1997 2610 in-

339 2647 529 2699 tentos
562 2641 793 2713 negotio
816 2640 898 2697 ire
920 2657 1021 2712 per
1053 2640 1302 2712 abrupta
1340 2642 1630 2696 cernebat.
1667 2643 1813 2698 Nam
1844 2643 1996 2717 regi-

340 2731 519 2787 minis
551 2731 623 2787 ad
656 2730 881 2786 cultum
933 2729 1013 2785 ita
1058 2728 1362 2785 videbatur
1403 2729 1668 2800 idoneus,
1705 2739 1997 2805 quatenus

337 2820 483 2876 nulli
516 2837 633 2876 non
679 2820 853 2875 modo
875 2818 1200 2886 secundus,
1235 2819 1334 2874 sed
1365 2819 1451 2891 (ut
1482 2820 1715 2892 planius
1745 2823 1996 2892 dicatur)

336 2909 543 2982 primis
565 2912 623 2965 et
652 2908 906 2963 summis
937 2908 1325 2963 conferendus
1352 2907 1663 2964 videretur.
1688 2910 1843 2966 Nihil
1876 2911 1996 2968 leve

335 2998 707 3065 moliebatur,
742 2996 882 3068 quia
910 2995 1216 3068 gravitatis
1255 3012 1389 3051 eum
1423 2998 1712 3053 modestia
1760 3000 1994 3055 comita-

333 3085 761 3151 batur;verum
811 3082 1097 3153 quidquid
1148 3080 1483 3151 incipiebat,
1513 3084 1771 3139 efﬁcacia
1831 3084 1992 3141 nullo

335 3171 508 3226 modo
541 3170 657 3224 Deo
685 3173 923 3223 auctore
955 3168 1207 3221 carebat.
1243 3166 1387 3222 Huic
1436 3169 1648 3237 conjux
1695 3169 1990 3227 Adeleidis

335 3257 676 3324 inhaarebat,
707 3274 834 3328 qua:
868 3256 983 3309 Deo
1014 3254 1286 3309 amabilis
1316 3260 1371 3308 et
1403 3234 1742 3312 hominibus
1791 3258 1985 3332 diligi-
2020 3234 2063 3300 C

334 3345 489 3414 bilis,
508 3345 590 3401 ita
619 3344 797 3417 regali
829 3343 1213 3416 copulabatur
1233 3347 1459 3410 toro,ut
1492 3349 1746 3400 mentem
1766 3351 1987 3403 castam

334 3436 495 3492 omni
527 3434 796 3490 custodia
825 3432 965 3506 Regi
1016 3436 1272 3488 servaret
1319 3449 1593 3504 superno.
1628 3433 1990 3507 Pauperibus

274 3553 282 3559 -
333 3524 737 3591 subveniebat,
768 3526 1014 3593 uagi-otes
1046 3525 1102 3577 et
1133 3520 1355 3576 debiles
1388 3522 1513 3591 sine
1553 3522 1988 3582 intermissione

332 3615 581 3671 fovebat.
598 3612 902 3669 Gaudebat
921 3627 1055 3666 eum
1073 3611 1489 3682 gaudentibus,
1505 3611 1679 3668 ﬂebat
1701 3630 1834 3669 cum
1854 3614 1991 3670 ﬁen-

330 3705 512 3769 tibus,
544 3720 678 3775 spes
734 3701 1108 3767 miserorum,
1143 3700 1404 3756 solamen
1466 3701 1791 3773 lugentium
1827 3721 1839 3760 ;
1872 3722 1988 3777 quo

330 3793 510 3865 regali
543 3791 758 3848 nobilis
790 3794 1118 3857 stemmate,
1151 3806 1217 3844 eo
1248 3808 1351 3862 per
1381 3790 1577 3847 omnia
1608 3792 1862 3864 pollebat
1892 3813 1988 3851 no-

329 3882 502 3938 bilior
531 3882 859 3937 sanctitate.

400 3970 513 4025 ΧΧ.
546 3969 846 4024 Virtutum
907 3970 966 4023 in
1025 3968 1281 4023 culmine
1340 3968 1552 4041 posita,
1586 3988 1721 4026 cum
1781 3990 1984 4045 super-

329 4059 525 4115 biendi
547 4076 664 4113 non
686 4058 970 4112 defuisset
992 4057 1257 4121 materia,
1274 4057 1353 4112 ita
1374 4075 1435 4113 se
1466 4058 1816 4115 humilitatis.
1846 4079 1986 4133 pro-

328 4148 472 4203 texit
501 4146 1086 4216 custodia,quatenus
1108 4144 1637 4216 nulliusjaetantiaa
1652 4152 1984 4221 exemplum

327 4252 395 4291 ex
442 4251 549 4289 sua
598 4233 1129 4305 deprehenderetur
1178 4232 1554 4302 continentia,
1589 4235 1731 4290 illud
1791 4243 1986 4294 mente

328 4328 694 4397 pertractans
739 4323 894 4395 quod
945 4321 1277 4377 Salomonis
1326 4322 1589 4395 loquitur
1646 4326 1978 4397 sapientia:

327 4415 601 4469 Rectorem
646 4421 695 4469 te
749 4411 1183 4467 constituerunt?
1214 4412 1332 4466 noli
1383 4413 1593 4478 extolli,
1627 4414 1719 4469 sed
1766 4425 1875 4472 esto
1925 4420 1985 4472 in

326 4503 442 4558 illis
493 4505 653 4574 quasi
697 4518 841 4556 unus
888 4517 957 4556 ex
1002 4501 1118 4556 illis
1166 4502 1553 4569 (Eccli.xxxu,
1599 4503 1669 4573 1).
1707 4504 1764 4559 Si
1800 4506 1978 4574 enim,

2114 1928 2482 1985 Icctabantnr
2504 1931 2732 1997 notitia,
2767 1947 3019 2002 quorum
3052 1930 3373 2005 adimplere
3395 1951 3510 1989 non
3543 1936 3786 1992 distulit

2112 2019 2496 2085 desiderium,
2529 2020 2629 2091 qui
2664 2020 2776 2076 ﬁde
2808 2020 3186 2091 pulsantibus
3216 2022 3398 2076 beata:
3416 2024 3542 2078 vitae
3568 2026 3785 2097 pandit

2110 2106 2465 2179 ingressum.
2501 2108 2805 2164 Enimvero
2838 2109 3353 2181 Heldricus,cujus
3372 2129 3565 2193 .supra
3587 2115 3718 2181 (lib.
3740 2133 3782 2182 ι,

2108 2213 2156 2252 c.
2194 2198 2276 2267 15)
2302 2196 2681 2252 meminimus
2702 2197 2761 2252 in
2794 2197 2984 2253 laicali
3019 2199 3277 2270 potentia
3306 2202 3780 2275 prrecipuus,qui

2111 2286 2404 2358 quondam
2440 2287 2498 2340 in
2551 2286 2716 2342 Italia
2764 2287 2918 2342 inter
2952 2293 3189 2343 caeteros
3222 2287 3518 2347 Palatinos
3548 2293 3782 2348 exstitit

2108 2374 2490 2443 honorabilis,
2511 2376 2675 2430 uxori
2708 2392 2843 2431 cum
2876 2392 3092 2447 magna
3122 2394 3317 2433 rerum
3350 2381 3780 2451 temporalium

2109 2463 2277 2536 copia
2307 2464 2750 2531 abrenuntians,
2786 2465 3049 2537 deposito
3097 2464 3356 2538 cingulo.
3390 2466 3674 2524 Cluniaco
3718 2487 3781 2526 se

2109 2553 2435 2620 conferens,
2460 2553 2521 2607 B.
2548 2553 2843 2609 Benedicti
2864 2571 2926 2610 se
2948 2554 3214 2611 subdidit
3236 2557 3557 2629 proposito.
3582 2559 3781 2632 Hujus

2107 2643 2324 2714 quippe
2349 2640 2718 2697 familiaritas
2747 2643 2986 2714 gignere
3018 2641 3359 2699 ditt'amatur
3389 2662 3634 2702 causam
3660 2665 3781 2720 qua

2109 2734 2409 2789 Romanus
2440 2731 2711 2802 princeps
2746 2730 2955 2787 habuit
2986 2731 3172 2787 sancti
3201 2732 3309 2787 viri
3346 2734 3642 2790 notitiam.
3672 2737 3780 2792 Per

2106 2821 2262 2876 hunc
2284 2819 2439 2875 enim
2472 2835 2607 2874 eum
2648 2818 2760 2873 sibi
2793 2819 3113 2887 accersivit,
3148 2836 3323 2892 quem
3356 2823 3502 2878 adeo
3533 2840 3644 2895 pro
3691 2841 3780 2879 sa-

2104 2908 2279 2964 lutari
2313 2907 2514 2963 dilexit
2543 2907 2830 2975 doctrina,
2863 2912 2927 2961 ut
2957 2925 3082 2979 qua:
3110 2909 3221 2964 sibi
3254 2910 3312 2963 in
3348 2910 3514 2967 Italia
3546 2914 3779 2969 subde-

2102 2998 2321 3053 bantur
2351 2996 2487 3050 etin
2513 2994 2844 3050 Germania.
2876 2996 3142 3065 ejusdem
3175 2999 3564 3056 ordinationis
3593 3019 3773 3057 com-

2104 3084 2333 3141 mittere
2379 3082 2552 3137 vellet
2605 3082 2980 3137 monasteria.
3017 3083 3360 3154 Imperatrix
3406 3105 3564 3153 vero,
3604 3107 3677 3145 ac
3726 3090 3774 3145 si

2102 3172 2448 3229 ancillarum
2469 3169 3044 3242 ultima,impendere
3066 3171 3340 3243 cupiebat
3359 3175 3407 3228 ei
3432 3176 3775 3235 devotionis

2101 3260 2401 3333 obsequia,
2419 3260 2695 3331 quoniam
2720 3258 2872 3313 beati
2899 3259 3091 3314 Maioli
3118 3277 3219 3331 per
3238 3277 3440 3332 preces
3460 3264 3776 3324 abundan-

2100 3350 2232 3406 tiori
2267 3366 2327 3404 se
2358 3347 2576 3403 visitari
2608 3347 2814 3402 divinas
2865 3348 3183 3419 prazsentia:
3228 3352 3503 3421 sperabat
3550 3358 3770 3426 gratia.

2101 3438 2306 3497 Cuncti
2338 3454 2471 3494 eum
2496 3438 2928 3514 venerabantur
2948 3437 3285 3510 optimates,
3301 3443 3622 3514 cunctique
3646 3445 3775 3500 dili-

2099 3529 2316 3602 gebant
2337 3526 2649 3600 principes.
2674 3510 3183 3598 Huncimperator
3203 3527 3457 3584 habebat
3473 3510 3773 3589 auricula-

2100 3619 2279 3687 rium,
2310 3617 2467 3672 hunc
2500 3634 2533 3671 a
2563 3615 2801 3670 secretis
2835 3616 3019 3670 ﬁdum
3051 3616 3507 3673 internuntium.
3530 3619 3593 3675 Si
3629 3624 3766 3694 quis

2098 3707 2253 3779 apud
2288 3706 2697 3777 imperatorem
2732 3704 2967 3776 aliquod
2999 3704 3242 3761 haberet
3274 3708 3597 3780 negotium,
3635 3728 3765 3767 me-

2099 3798 2383 3853 diatorem
2411 3795 2648 3849 beatum
2680 3796 2978 3866 quaerebat
3010 3794 3310 3850 Maiolum.

2168 3885 2306 3940 XXI.
2346 3885 2453 3939 Per
2480 3883 2633 3938 idem
2686 3887 2920 3955 tempus
2970 3883 3122 3938 beati
3171 3884 3523 3957 Apollinaris
3563 3905 3760 3945 emno-

2096 3976 2282 4041 bium,
2304 3973 2457 4046 quod
2492 3989 2594 4044 per
2620 3971 2825 4044 viginti
2857 3975 3109 4044 quatuor
3135 3974 3461 4029 stadiorum
3495 3979 3757 4048 spatium

2097 4080 2130 4118 a
2162 4064 2492 4118 Ravennate
2522 4061 2666 4115 urbe
2695 4061 2878 4114 fertur
2909 4059 3252 4131 sepositum,
3273 4063 3343 4117 ad
3370 4063 3431 4117 B.
3456 4064 3755 4120 Benedicti

2097 4150 2354 4206 instituit
2383 4150 2701 4215 tramitem,
2723 4148 2921 4220 ibique
2946 4166 3118 4203 suum
3143 4150 3432 4205 ordinavit
3451 4152 3751 4209 abbatem.

2096 4239 2377 4294 PraBterea
2408 4236 2797 4309 imperatricis
2829 4255 2943 4293 non
2976 4239 3417 4293 contemnenda:
3453 4240 3753 4311 petitionis

2095 4332 2236 4383 tunc
2268 4330 2537 4382 exoratus
2580 4326 2884 4393 instantia,
2910 4327 3085 4397 juxta
3132 4326 3501 4383 Ticinensem
3544 4331 3748 4386 urbem

2094 4417 2280 4472 sancti
2313 4414 2719 4486 Salvatoris(5)
2743 4415 3031 4471 desudare
3063 4415 3235 4487 coepit
3257 4416 3313 4470 in
3338 4416 3574 4473 fabrica.
3609 4420 3752 4475 Inte-

2093 4506 2203 4560 rim
2227 4505 2502 4576 verojam
2527 4503 2786 4559 debitum
2809 4505 2985 4559 ﬁnem
3010 4505 3306 4559 secundus
3329 4504 3423 4560 hic
3445 4505 3594 4561 liber
3626 4525 3749 4580 pos-

315 4592 485 4663 juxta
503 4590 959 4662 Apostolum,vir
985 4588 1238 4645 inﬁdelis
1263 4608 1364 4661 per
1385 4590 1692 4646 mulierem
1723 4592 1976 4661 ﬁdelem,
2010 4602 2058 4666 D
2091 4593 2342 4660 tulat,ut
2372 4610 2438 4647 ea
2469 4610 2595 4664 quae
2628 4598 2869 4660 restant,
2901 4594 3334 4665 tertius,siguis
3357 4594 3744 4663 evidentibus,

323 4682 382 4735 et
403 4678 657 4736 inﬁdelis
689 4679 901 4735 mulier
942 4696 1043 4751 per
1069 4678 1260 4734 virum
1284 4678 1514 4735 ﬁdelem
1538 4681 1585 4749 (Ι
1616 4678 1735 4735 Cor.
1760 4698 1856 4747 vu,
1890 4683 1978 4750 14)

2087 4683 2160 4739 ad
2191 4683 2365 4737 ﬁnem
2399 4698 2585 4752 usque
2614 4682 2913 4752 perducat.

1580 4951 1907 5037 LIBER
1981 4950 2477 5038 TERTIUS

396 5121 436 5174 Ι.
471 5121 697 5176 Maiolus
728 5122 1052 5178 Cluniacum
1099 5134 1389 5193 revertens,
1424 5144 1459 5181 a
1501 5126 1790 5182 Saracenis
1824 5130 1972 5200 capi-

321 5218 430 5266 tur.
450 5241 512 5249 —-—
535 5208 636 5263 Vir
659 5210 854 5281 itaque
877 5211 1104 5266 Domini
1130 5214 1218 5284 (ut
1240 5231 1418 5285 supra
1439 5214 1715 5287 diximus)
1737 5216 1983 5288 impera-

322 5296 483 5352 tricis
523 5298 736 5353 animis
770 5299 1204 5367 satisfaciendo,
1240 5301 1410 5374 longe
1462 5305 1741 5374 temporis
1789 5306 1979 5376 spatio

312 5387 441 5458 jam
472 5386 701 5441 evoluto
726 5403 857 5440 cum
901 5386 1268 5443 Cluniacensi
1321 5391 1551 5445 deesset
1599 5394 1975 5460 monasterio,

392 5512 465 5581 (5)
496 5509 791 5587 Nalgodus
824 5527 837 5563 :
871 5511 1037 5587 lucta
1089 5513 1354 5578 Ticinum,
1391 5513 1448 5569 id
1492 5522 1571 5587 est
1617 5516 1871 5587 Papiam,
1916 5520 1976 5572 in

319 5582 520 5637 honore
575 5582 632 5636 S.
695 5583 993 5637 Salvawris
1050 5586 1354 5638 construxit
1404 5582 1709 5652 ecclesiam;
1756 5596 1807 5642 et
1859 5606 1972 5643 mo-

318 5655 640 5723 nasterium,
704 5652 842 5726 quod
923 5652 1081 5721 vulgo
1157 5654 1303 5707 Cella
1381 5656 1557 5711 Aurea
1638 5657 1857 5727 dicitur,
1927 5669 1978 5715 et

2084 5129 2333 5184 accessit
2353 5126 2586 5182 libitum
2610 5143 2725 5198 quo
2750 5127 2954 5182 fratres
2974 5130 3236 5198 pergeret
3257 5125 3578 5181 visitatum.
3599 5129 3739 5182 Cun-

2090 5218 2200 5272 ctis
2234 5217 2410 5289 igitur
2458 5215 2517 5270 in
2564 5216 2656 5271 via
2703 5216 3048 5271 necessariis
3082 5214 3438 5287 praeparatis,
3481 5214 3733 5271 laborem

2090 5306 2429 5377 aggreditur
2456 5305 2703 5359 itineris.
2729 5304 2941 5375 Magna
2964 5305 3198 5359 tandem
3230 5321 3365 5359 cum
3397 5304 3734 5359 difﬁcultate

2087 5393 2362 5450 laboriosi
2395 5394 2622 5450 itineris
2655 5410 2787 5448 cum
2813 5393 2939 5465 jam
2981 5393 3292 5448 cacumina
3335 5391 3555 5464 Alpina:
3598 5410 3732 5465 pra:-

2086 5518 2384 5589 collapsum
2430 5535 2567 5589 pene
2619 5519 2800 5587 fuerat
2858 5520 2915 5572 in
2976 5520 3215 5586 ruinam,
3284 5520 3617 5573 restauravit
3670 5513 3729 5569 ad

2086 5606 2339 5659 unguem.
