3906 6350
122 384 240 445 765

1511 383 1721 444 VITA.
1757 414 1833 426 —
1862 382 2010 443 LIB.
2063 383 2167 445 llI.

3431 390 3551 452 766

122 515 399 574 terissent
428 514 781 585 altitudinis,
816 516 885 571 ad
919 515 1115 572 villam
1179 535 1361 588 usque
1422 516 1785 571 descendunt
1815 514 1870 582 Α
1898 515 2159 572 abscisso
2192 518 2352 589 rupis
2384 520 2492 574 sub
2524 525 2708 587 antro,
2741 520 3028 577 horrendo
3074 520 3356 578 claudunt
3385 539 3550 597 erga-

123 626 250 680 qua:
280 624 460 679 prope
494 606 706 661 Dranci
739 607 1011 677 (Drunszv)
1036 606 1192 661 fluvii
1227 607 1539 661 decursum
1576 607 1784 678 posita,

126 696 275 751 Pons
302 695 524 751 Ursarii
550 696 851 767 quondam
884 695 1123 750 vocitari
1158 699 1281 750 erat
1316 693 1507 749 solita.
1542 695 1687 749 Nam
1721 695 1788 749 ri-

122 784 294 841 vulus
327 785 429 856 qui
462 784 765 839 descendit
798 802 826 837 e
862 786 1182 850 montibus,
1218 802 1351 838 cum
1386 786 1674 840 flexuosos
1708 802 1788 839 re-

124 873 402 928 volvendo
435 891 537 945 per
574 873 779 943 globos
840 874 990 928 inter
1041 874 1216 945 Alpes
1263 874 1538 939 decurrit,
1571 892 1678 928 sua
1707 876 1783 929 ibi

125 961 484 1018 revolutione
516 967 749 1017 tantum
785 962 1627 1034 planitieiporrigit,ip1antum
1652 982 1787 1035 pra:-

125 1051 289 1106 dictze
321 1051 469 1105 villa'
499 1068 784 1122 occupare
810 1051 1019 1123 positio
1052 1054 1260 1123 possit.
1307 1052 1471 1107 Multi
1530 1052 1685 1107 enim
1721 1072 1785 1106 ex

126 1140 370 1195 diversis
404 1139 742 1211 regionibus
767 1144 904 1194 tunc
937 1140 1293 1196 D.l\laiolum
1330 1142 1783 1207 comitabantur,

124 1230 259 1301 quia
280 1230 411 1299 ejus
436 1228 744 1283 sanctitate
767 1247 827 1284 se
862 1230 1093 1283 liberari
1128 1248 1295 1301 posse
1329 1231 1783 1286 arbitrabantur.

123 1319 202 1373 Ad
237 1318 395 1372 hunc
433 1317 613 1389 igitur
644 1318 837 1372 locum
870 1336 1001 1372 cum
1038 1319 1163 1373 sine
1214 1319 1554 1373 discrimine
1590 1338 1784 1391 perve-

126 1407 774 1478 nissent,eumdemquc
804 1407 1055 1461 rivulum
1091 1408 1610 1473 transissent,mox
1639 1410 1789 1464 inter

125 1495 280 1568 ipsos
324 1501 465 1551 arta:
496 1495 621 1565 viae,
656 1495 924 1551 difﬁciles
967 1500 1233 1563 reﬂexus,
1270 1498 1368 1567 qui
1404 1516 1576 1569 parvo
1611 1498 1785 1552 inter-

121 1584 268 1640 vallo
292 1602 352 1639 se
377 1584 639 1656 praebent
670 1584 1177 1649 descendentibus,
1214 1586 1409 1640 subito
1442 1604 1540 1641 eos
1573 1588 1787 1641 invasit

123 1675 354 1746 perﬁda:
381 1674 576 1745 gentis
610 1674 1065 1730 Sarracenorum
1098 1676 1409 1729 exercitus.
1447 1676 1655 1730 Subita
1688 1677 1787 1730 ita-

123 1762 586 1834 queincursione
612 1764 914 1830 turbati,et
946 1770 1224 1818 conantes
1259 1764 1513 1835 plurima
1546 1765 1784 1833 frustra,

1898 605 2330 662 stulo.Sanctus
2355 608 2549 681 itaque
2574 609 2803 665 Domini
2828 616 2892 666 ut
2915 629 3011 667 eos
3037 611 3093 667 in
3120 612 3210 667 sui
3234 612 3550 685 perniciem

1897 694 2181 766 conspicit
2208 697 2334 751 dira
2367 698 2679 753 frementes
2715 716 2726 755 ε

1899 784 2115 855 Martyr
2146 790 2208 837 ut
2239 786 2541 841 emeritam
2575 790 2891 844 certamine
2924 807 3155 845 sumere
3188 790 3467 863 palmam,

1897 872 2084 943 thue
2120 874 2206 927 sui
2244 881 2437 945 posset
2470 876 2739 946 perfundi
2775 878 2930 931 fonte
2962 879 3185 934 CPllOl‘lS

1896 962 2089 1033 Optat,
2125 969 2177 1015 et
2212 962 2501 1035 intrepido
2536 966 2836 1036 profundit
2868 967 3003 1021 talia
3034 968 3217 1023 vultu.

1897 1051 2059 1115 Quod
2092 1051 2234 1105 satis
2266 1058 2371 1118 est,
2407 1071 2701 1125 supraque
2734 1056 3027 1122 satis,huc
3056 1057 3310 1113 viximus
3341 1075 3547 1130 usque.

1896 1140 2062 1194 Nunc
2099 1140 2301 1193 faciem
2338 1145 2639 1212 penetrare
2673 1144 2833 1215 cupit
2874 1162 3005 1199 eum
3042 1145 3283 1217 spiritus
3317 1148 3550 1216 ardens,

1896 1229 2147 1293 Christe,
2182 1234 2341 1283 tuam
2377 1246 2390 1283 :
2426 1232 2713 1302 trrdetqne
2743 1232 2867 1297 via),
2896 1235 3181 1305 tmdetque
3214 1235 3451 1291 laboris.

1897 1320 2022 1382 Qua
2053 1318 2311 1372 breviora
2346 1324 2539 1389 patent
2577 1320 2709 1375 recti
2745 1322 3087 1392 Compendia
3119 1323 3301 1391 callis,

1898 1406 1983 1460 lre
2006 1407 2195 1477 juvat,
2225 1407 2313 1460 via
2348 1407 2421 1461 sit
2454 1409 2699 1480 trepidis
2748 1409 2920 1463 nimis
2971 1412 3156 1466 ardua
3194 1430 3552 1484 quanquam,

1897 1494 2141 1566 Propere
2174 1496 2430 1550 sidereos
2466 1497 2703 1552 dabitur
2734 1499 3069 1571 contingere
3100 1516 3358 1572 campos.

1897 1584 2213 1655 Sanguinis
2247 1584 2413 1639 effusi
2447 1584 2492 1640 si
2529 1603 2635 1641 nos
2667 1586 2910 1659 vestigia
2941 1588 3180 1655 ducant,

1898 1672 2157 1744 Martyrii
2190 1672 2429 1727 titulum
2463 1675 2646 1729 tensis
2678 1675 3125 1746 complectimur
3154 1677 3333 1743 ulnis,

1895 1762 1961 1816 Et
1984 1766 2191 1833 sponte
2223 1763 2547 1833 expetimus
2579 1763 2886 1835 pulchram
2906 1764 3261 1835 pervulnera
3284 1771 3552 1822 mortem.

124 1852 399 1923 omnique
424 1869 526 1923 spe
560 1852 785 1907 meliori
817 1853 1106 1923 deposita,
1145 1852 1292 1923 fuga:
1321 1852 1655 1919 consulunt,
1683 1855 1782 1908 sed
1820 1879 1869 1946 B
1898 1852 1984 1906 Tu
2019 1852 2190 1905 modo
2222 1869 2327 1907 nos
2358 1852 2601 1923 dignare
2636 1857 2735 1907 tuo
2767 1870 2869 1924 pro
2903 1854 3138 1908 nomine
3172 1860 3369 1910 testes.

125 1940 544 2012 nequidquam.
580 1940 809 1994 Vesana
862 1940 1017 1995 enim
1072 1940 1387 2012 impiorum
1438 1942 1611 1997 turba
1642 1942 1785 1998 calle

125 2029 295 2083 citato
327 2028 440 2083 hos
472 2046 851 2100 persequens,
874 2046 1079 2083 omnes
1112 2047 1260 2101 quos
1294 2032 1785 2102 comprehendere

127 2118 328 2188 potuit,
366 2117 429 2171 in
459 2117 714 2173 vinculis
772 2119 1040 2187 conjecit.
1076 2118 1339 2189 Cumque
1392 2137 1545 2174 unus
1590 2138 1656 2175 ex
1689 2121 1786 2176 illa

126 2205 440 2277 impiorum
498 2206 674 2261 turba
724 2207 795 2260 ab
846 2206 966 2261 alta
1015 2223 1157 2278 rupe
1211 2225 1394 2261 unum
1447 2224 1513 2262 ex
1544 2209 1651 2263 viri
1685 2210 1784 2264 Dei

127 2294 356 2350 famulis
389 2293 510 2349 telo
540 2298 863 2367 appeteret,
900 2300 965 2349 ut
1008 2295 1268 2351 famulus
1327 2297 1668 2367 eriperetur,
1701 2298 1787 2353 vir

126 2381 219 2438 Dei
264 2382 525 2438 venienti
575 2382 775 2454 jaculo
835 2383 1245 2439 charitativam
1305 2402 1547 2441 manum
1600 2404 1783 2459 oppo-

128 2471 280 2527 suit:
315 2473 374 2526 in
438 2489 561 2544 qua
618 2471 883 2544 quandiu
942 2477 1144 2543 postea
1201 2472 1358 2539 vixit,
1403 2473 1608 2529 inflicti
1666 2476 1787 2531 vul-

127 2560 276 2615 neris
307 2560 553 2615 cieatrix
584 2561 874 2632 apparuit.
908 2561 1063 2615 Nihil
1125 2578 1257 2615 vero
1319 2563 1391 2616 de
1443 2580 1551 2617 sua
1600 2570 1785 2619 morte

130 2648 469 2717 formidans,
512 2666 617 2720 pro
667 2647 910 2721 reliquis
968 2654 1163 2704 tamen
1224 2655 1575 2719 exmstuans,
1608 2651 1784 2707 altius

126 2741 257 2792 tunc
291 2737 741 2810 ingemiscebat,
777 2738 920 2793 dum
971 2738 1063 2793 his
1114 2756 1262 2810 quos
1305 2739 1619 2811 impiorum
1653 2758 1782 2795 cru-

129 2825 328 2881 delitas
388 2826 689 2893 turbabat,
751 2825 1058 2882 subvenire
1139 2827 1436 2899 nequibat.
1490 2829 1782 2884 Evadendi

130 2912 314 2986 itaque
344 2931 485 2969 cum
520 2931 633 2968 non
669 2915 897 2969 deesset
931 2914 1199 2983 facultas,
1236 2916 1390 2971 hunc
1441 2922 1634 2972 tamen
1681 2918 1785 2975 im.-

133 3002 399 3058 mobilem
426 3003 645 3057 mentis
670 3004 901 3058 tenebat
923 3003 1176 3058 Charitas
1204 3023 1216 3070 ;
1242 3004 1379 3075 quia
1402 3022 1501 3060 eos
1524 3023 1625 3077 pro
1648 3022 1786 3077 quo-

132 3109 251 3146 rum
300 3091 621 3146 dilectione
675 3092 934 3146 animam
986 3093 1224 3164 optabat
1255 3110 1488 3164 ponere,
1523 3094 1633 3149 etsi
1667 3112 1782 3149 non

130 3186 346 3251 poterat
368 3183 446 3237 ab
468 3180 785 3252 impiorum
810 3181 1085 3235 manibus
1107 3182 1570 3255 eripere,magno
1588 3189 1782 3238 tamen

1898 1941 2027 1996 llrec
2060 1940 2282 2007 dicens,
2317 1941 2698 2012 animumque
2731 1940 2878 2008 neci,
2912 1940 3247 2013 collumque
3304 1944 3552 2016 parabat

1894 2028 2159 2084 Carniﬁci
2195 2044 2207 2081 :
2245 2031 2335 2081 sat
2362 2030 2474 2082 ﬁxa
2500 2027 2621 2082 viro
2654 2028 2942 2083 sententia
2974 2030 3181 2086 mortis

1896 2115 2188 2187 Intrepido
2215 2133 2227 2181 ;
2264 2117 2386 2182 sed,
2422 2114 2672 2182 Christe,
2702 2117 2822 2170 tuis
2851 2116 3244 2172 mundissima
3275 2118 3482 2175 castris

1898 2204 2043 2259 Lilia
2074 2222 2206 2259 cum
2240 2206 2389 2260 rosis
2422 2205 2639 2277 pariter
2671 2205 2981 2260 candentia
3008 2212 3274 2275 vernant,

1895 2294 2009 2349 Nec
2039 2298 2093 2348 te
2122 2293 2382 2366 martyrii
2416 2294 2752 2348 constantia
2781 2294 2905 2350 sola
2936 2299 3214 2363 meretur,
3343 2363 3349 2369 _

1896 2383 2010 2437 Nec
2039 2382 2167 2437 fuso
2201 2382 2513 2455 quisquam
2547 2386 2776 2437 tantum
2809 2383 2887 2438 sit
2919 2383 3206 2456 sanguine
3238 2391 3479 2457 martyr.

1896 2473 2058 2543 Saepe
2089 2472 2265 2526 etiam
2300 2471 2503 2526 multis
2538 2472 2762 2544 peperit
2794 2472 2890 2543 pia
2918 2472 3037 2527 vita
3069 2490 3343 2528 coronam
3378 2491 3390 2528 :

1895 2560 2113 2632 Estque
2144 2561 2515 2617 sacerdotum
2549 2561 2835 2615 confessio
2869 2562 3091 2616 munda
3120 2566 3356 2618 tuorum

1895 2651 2071 2706 Grata
2101 2649 2231 2715 tibi,
2265 2667 2412 2721 quos
2435 2647 2681 2720 justitite
2716 2648 2988 2721 perfectio
3019 2651 3211 2705 vestit.

1968 2739 2064 2793 Ill.
2094 2738 2161 2793 Se
2192 2738 2537 2793 liberandum
2566 2739 2780 2794 ra’litus
2828 2738 3108 2808 intelligit,
3141 2741 3355 2794 meritis
3387 2739 3553 2797 beatis

1892 2827 2103 2883 Μαι-ίαν.
2126 2828 2375 2898 —Ergo,
2402 2830 2466 2881 ut
2488 2824 2943 2897 prazlibavimus,
2967 2826 3056 2880 vir
3085 2826 3315 2881 Domini
3350 2827 3553 2884 ferreis

1895 2916 2169 2970 astrictus
2200 2914 2473 2981 vinculis,
2505 2914 2794 2969 horrendo
2827 2913 2885 2969 in
2919 2918 3084 2969 antro
3114 2914 3408 2969 tenebrosi
3433 2932 3554 2970 car-

1895 3005 2043 3059 ceris
2078 3022 2179 3075 pro
2211 3004 2538 3058 conﬁtendo
2599 3004 2836 3058 nomine
2894 3002 3237 3071 divinitatis,
3272 3004 3555 3077 sutl‘ragia

1893 3098 1981 3148 est
2006 3098 2277 3165 expertus
2297 3092 2503 3147 divinze
2528 3093 2975 3164 pietatis.Nocte
3007 3091 3186 3164 igitur
3215 3092 3551 3160 subsecuta,

1895 3200 2028 3236 cum
2048 3183 2241 3254 sopori
2261 3182 2519 3237 dedisset
2534 3182 2801 3237 membra
2816 3181 2995 3237 nimio
3010 3198 3253 3237 mcrrore
3270 3199 3375 3237 con
3386 3183 3553 3251 fecta,

132 3246 315 3327 dolore
334 3246 644 3327 convictus
658 3269 891 3324 nolebat
914 3246 1521 3343 relinquereApostoli
1548 3272 1780 3328 interim
1813 3246 1857 3315 (ἶ
1897 3272 2029 3327 talis
2056 3246 2166 3326 sibi
2190 3271 2333 3326 visio
2365 3270 2646 3327 divinitus
2677 3276 2766 3326 est
2797 3276 3050 3327 ostensa.
3083 3271 3432 3343 Apostolicis
3464 3246 3553 3327 in;

130 3374 386 3415 reversus
411 3360 489 3415 ad
520 3358 875 3430 exemplum,
910 3359 1009 3430 qui
1046 3360 1185 3413 dum
1220 3363 1517 3430 pateretur
1547 3363 1782 3416 naufra-

129 3445 561 3518 gium,salvavit
592 3447 851 3503 oratione
884 3448 1113 3502 animas
1146 3447 1410 3503 omnium
1446 3466 1643 3504 secum
1680 3467 1781 3505 na-

126 3535 472 3609 vigantium,
495 3552 628 3590 cum
661 3552 759 3591 eos
792 3535 1051 3592 humano
1084 3536 1301 3591 auxilio
1333 3538 1406 3592 ab
1438 3537 1785 3594 imminente

129 3626 651 3697 nequiretliberare
666 3624 943 3697 periculo,
977 3625 1083 3680 hoc
1108 3626 1231 3681 suis
1256 3627 1409 3697 apud
1436 3627 1619 3682 Deum
1652 3645 1782 3700 pro-

130 3715 334 3769 meruit
383 3714 683 3787 precibus,
716 3717 780 3768 ut
808 3731 875 3769 ex
906 3714 1005 3768 illa
1038 3714 1355 3769 miserabili
1397 3716 1571 3770 turba
1614 3733 1783 3771 nemo

131 3810 451 3859 moreretur
502 3803 656 3857 inter
685 3802 945 3857 hostium
976 3803 1108 3858 tela.
1149 3804 1389 3859 Feroces
1421 3804 1615 3875 itaque
1645 3805 1782 3859 bar-

130 3890 244 3946 bari
274 3896 513 3964 peracto
546 3890 762 3946 scelere
792 3892 862 3946 ad
893 3910 1032 3947 suas
1064 3892 1318 3948 latebras
1350 3894 1491 3947 dum
1528 3877 1785 3948 redirent

129 3997 253 4036 cum
277 3982 644 4053 captivorum
672 3979 1321 4047 multitudine,beatum
1356 3981 1633 4037 Maiolum
1659 3999 1781 4037 eer-

131 4070 519 4141 nuntalonge
551 4068 743 4124 solum
784 4069 1084 4124 sedentem
1117 4070 1174 4123 in
1206 4069 1418 4141 lapide.
1455 4070 1679 4126 Celeres
1711 4071 1781 4125 ad

130 4175 254 4213 eum
279 4163 420 4214 tunc
465 4158 689 4230 pedites
730 4164 1125 4225 accesserunt,
1150 4163 1206 4212 et
1238 4158 1548 4214 sceleratas
1572 4176 1783 4216 manus

131 4246 180 4301 in
202 4254 478 4304 sanctum
511 4247 858 4316 injecerunt,
879 4264 1131 4319 eumque
1154 4251 1580 4313 tenentes,cum
1613 4254 1780 4304 οωὶο-

130 4335 201 4392 ris
219 4336 468 4409 captivis
491 4336 803 4395 duxerunt.
829 4338 993 4391 Tunc
1018 4336 1079 4391 Β.
1108 4336 1390 4392 Maiolum
1424 4339 1521 4409 qui
1556 4337 1781 4393 caeteris

130 4422 492 4481 habebantur
549 4424 1004 4496 prmstantiores,
1038 4425 1343 4491 honorare,
1375 4427 1470 4497 qui
1523 4443 1656 4481 vero
1700 4426 1779 4483 le-

129 4512 305 4570 viores
328 4514 596 4581 illudere,
622 4512 1082 4585 Christianazque
1117 4514 1248 4569 ﬁdei
1283 4520 1582 4586 cceperunt
1600 4515 1783 4571 detra-

130 4599 273 4657 here.

195 4690 260 4745 II.
287 4692 362 4747 0b
395 4691 677 4755 Christum
703 4691 1067 4762 praedicatum
1099 4693 1382 4765 religatur.
1421 4723 1484 4733 —
1511 4692 1780 4749 Protinus

129 4793 254 4850 ergo
284 4780 494 4836 beatus
530 4779 780 4836 Maiolus
810 4780 1186 4851 belligerator
1224 4780 1506 4853 optimus,
1542 4786 1777 4837 scutum

130 4865 253 4922 ﬁdei
284 4868 595 4941 arripiens,
625 4868 867 4940 cuspide
911 4869 1067 4923 verbi
1119 4869 1221 4924 Dei
1268 4869 1632 4939 perfodiebat
1661 4872 1777 4926 ini-

130 4954 304 5011 micos
333 4957 576 5023 Christi,
610 4956 954 5013 Christianae
987 4957 1288 5029 religionis
1323 4956 1549 5013 cultum
1571 4976 1779 5030 appro-

130 5039 287 5111 bans,
311 5051 369 5101 et
391 5062 528 5100 eum
552 5063 727 5118 quem
749 5046 934 5100 Deum
949 5045 1238 5111 colebant,
1274 5062 1378 5101 nec
1403 5064 1465 5101 se
1490 5064 1524 5102 a
1555 5048 1779 5119 suppli-

129 5130 210 5185 cio
222 5131 605 5200 liberare,nec
620 5134 821 5190 illosin
837 5134 1034 5205 aliquo
1052 5152 1221 5205 posse
1234 5135 1713 5205 at.ljuvare,certis
1725 5142 1783 5192 et

129 5219 576 5276 evidentissimis
605 5240 879 5295 agressus
894 5228 981 5276 est
995 5222 1320 5277 rationibus
1352 5223 1775 5279 demonstrare.

129 5307 242 5371 Quo
254 5311 457 5365 audito
474 5311 857 5365 barbarorum
877 5311 1168 5381 jactantia
1189 5311 1381 5366 furore
1413 5310 1781 5369 inﬂammata

128 5403 594 5466 vesano,sanctos
609 5400 783 5471 pedes
796 5400 1074 5471 compede
1088 5400 1554 5471 constringentes
1572 5401 1775 5471 ferreo,

192 5522 730 5587 ((UHunclibellum
756 5542 869 5578 non
905 5524 1259 5596 Hieronymi,
1295 5525 1393 5578 sed
1421 5529 1613 5580 tamen
1648 5544 1775 5596 per-

126 5596 325 5648 vetusti
350 5596 609 5650 auctoris
634 5613 760 5650 esse
791 5596 1001 5651 eruditi
1041 5601 1273 5649 norunt.
1301 5599 1423 5660 Qua
1454 5597 1523 5651 de
1556 5614 1615 5651 re
1648 5615 1779 5652 con-

130 5664 398 5721 troversia
424 5666 533 5721 fuit
565 5667 774 5722 saeculo
808 5684 861 5721 ιχ
893 5667 1045 5721 inter
1078 5668 1457 5722 Hincmarum
1490 5668 1776 5740 archiepi-

1894 3360 2147 3432 signitus
2168 3360 2430 3415 vestibus
2454 3360 2754 3415 Romanus
2777 3360 3022 3415 antistes
3042 3359 3349 3415 videbatur
3362 3364 3554 3415 astare

1893 3449 2048 3504 circa
2062 3466 2286 3517 se,cum
2302 3450 2477 3504 odore
2494 3448 2895 3521 thymiamatis
2908 3447 3274 3503 thuribulum
3288 3449 3554 3504 deferens

1893 3539 2011 3594 Ilac
2032 3537 2287 3609 denique
2316 3536 2539 3592 visione
2570 3536 2782 3591 certior
2811 3536 3101 3604 redditus,
3133 3552 3238 3608 per
3266 3535 3551 3608 apostolo-

1893 3644 2024 3681 rum
2053 3628 2439 3681 interventum
2459 3626 2533 3680 ab
2553 3625 2868 3698 impiorum
2895 3624 3169 3679 manibus
3191 3641 3251 3679 se
3273 3623 3553 3680 intellexit

1892 3716 2374 3771 liberandum.Ad
2400 3715 2509 3769 hoc
2540 3715 2736 3785 itaque
2767 3713 2917 3785 quod
2950 3712 3097 3767 vidit
3129 3730 3231 3785 per
3251 3730 3547 3782 somnum,

1892 3804 2049 3859 aliud
2075 3803 2322 3859 accessit
2344 3803 2533 3874 magis
2554 3802 2789 3857 evidens
2809 3800 3230 3856 indicium.Pro
3244 3800 3552 3858 dilectione

1892 3893 2095 3949 Matris
2126 3890 2829 3957 misericordiazdibellum
2854 3906 3027 3962 quem
3059 3890 3130 3945 de
3160 3892 3288 3961 ejus
3310 3894 3548 3946 Assum-

1892 3982 2087 4054 ptione
2111 3983 2319 4037 beatus
2341 3982 2415 4050 (6)
2439 3980 2625 4035 edidit
2656 3980 3065 4051 Hieronymus,
3090 3979 3301 4051 saapius
3324 3982 3551 4052 gestare

1892 4070 2112 4127 sanctis
2136 4069 2359 4125 solebat
2390 4068 2686 4123 manibus.
2711 4069 2898 4133 Hunc,
2921 4069 3062 4123 dum
3094 4073 3331 4124 caeteros
3353 4085 3551 4127 sacros

1892 4160 2120 4216 codices
2146 4176 2281 4213 cum
2306 4157 2585 4213 omnibus
2607 4175 2734 4229 quze
2758 4157 2851 4212 hic
2874 4157 3126 4213 habebat
3148 4156 3551 4230 perdidit,Vir~

1891 4250 2045 4322 ginis
2079 4249 2165 4319 (ut
2219 4246 2529 4317 fatebatur)
2562 4245 2810 4301 tuitione
2869 4246 2979 4301 sibi
3043 4246 3254 4301 salvari
3313 4246 3548 4301 meruit.

1892 4342 2073 4405 Quem
2105 4337 2284 4392 vestis
2317 4336 2427 4391 sub
2459 4336 2715 4407 tegmine
2747 4336 2888 4389 dum
2920 4352 2980 4390 se
3013 4335 3255 4390 sentiret
3312 4334 3547 4401 habere,

1892 4431 2035 4500 quot
2064 4426 2187 4481 dies
2219 4427 2597 4497 superessent
2624 4424 2694 4477 ab
2727 4422 2862 4477 hinc
2894 4424 2966 4477 ad
2999 4424 3265 4478 eamdem
3305 4423 3548 4478 Assum-

1891 4516 2153 4588 ptionem
2214 4512 2418 4568 Matris
2476 4511 2907 4578 misericordim,
2942 4510 3190 4566 sollicita
3248 4511 3415 4566 nisus
3459 4516 3549 4567 est

1811 4615 1858 4680 Ι)
1892 4608 2083 4660 mente
2105 4604 2424 4657 discutere:
2453 4600 2551 4671 qui
2572 4616 2817 4655 numero
2849 4598 3151 4670 supputati
3182 4598 3385 4670 viginti
3403 4615 3547 4671 qua-

1891 4699 2024 4749 tuor
2056 4696 2196 4747 sunt
2225 4689 2466 4745 inventi.
2493 4690 2657 4744 Tunc
2688 4703 2818 4742 eam
2848 4704 2958 4742 sua
2989 4687 3410 4742 interventione
3439 4686 3548 4743 hoc

1890 4781 2046 4854 apud
2079 4797 2255 4836 suum
2290 4777 2502 4834 Filium
2543 4761 2670 4833 orat
2701 4775 2983 4843 obtinere,
3020 4779 3086 4831 ut
3113 4776 3239 4847 ipse
3266 4776 3550 4848 eripiatur

1891 4872 1964 4927 ab
1987 4871 2096 4926 hac
2118 4867 2457 4941 captivitate
2483 4885 2495 4922 :
2526 4870 2816 4938 quatenus
2840 4864 3037 4921 divina
3056 4864 3168 4921 sibi
3191 4865 3377 4938 pietas
3396 4865 3552 4923 inter

1890 4960 2257 5016 Christianos
2279 4957 2561 5019 concedat
2583 4972 2716 5010 cum
2741 4954 2866 5011 suis
2886 4954 3246 5025 concaptivis
3266 4958 3441 5010 tanta;
3463 4971 3551 5010 so-

1889 5046 2211 5105 lemnitatis
2244 5045 2417 5118 potiri
2448 5043 2802 5099 celebritate.
2837 5043 2955 5099 Hae
2997 5043 3166 5099 ﬁnita
3195 5043 3455 5100 oratione
3485 5047 3550 5099 ut

1891 5139 1963 5193 ad
1994 5153 2197 5207 rupem
2243 5139 2421 5206 caput
2468 5132 2751 5200 convexit,
2786 5149 2816 5187 e
2846 5130 3088 5205 vestigio
3136 5149 3252 5205 pra:
3303 5150 3548 5188 mcerore

1890 5244 2064 5298 sopor
2084 5224 2483 5296 irrepsit.Post
2507 5221 2813 5295 paululum
2835 5239 2967 5277 vero
2990 5223 3452 5293 expergefactus,
3487 5240 3548 5276 se

1888 5316 2092 5371 ferreis
2142 5314 2356 5386 reperit
2406 5312 2664 5367 solutum
2711 5311 3115 5383 compedibus.
3150 5311 3319 5366 Mane
3349 5315 3545 5366 autem

1887 5406 2063 5472 facto,
2095 5403 2204 5459 hoc
2255 5401 2486 5458 barbari
2539 5404 2842 5472 stupentes
2889 5399 3194 5470 miraculo,
3225 5400 3379 5471 quod
3410 5415 3542 5455 eum

1889 5547 2130 5601 scepum
2159 5532 2212 5583 et
2242 5532 2474 5601 nostros
2504 5522 3246 5601 Corbeienses,_gui_istu_m
3274 5520 3541 5601 libellum

1888 5590 2236 5671 Hieronymo
2270 5598 2708 5669 adjudieabant,
2732 5600 2877 5651 teste
2912 5590 3236 5651 Frodoardo
3271 5593 3329 5645 in
3361 5590 3543 5645 Νικω-

1888 5672 2151 5727 Historia:
2184 5688 2308 5740 cap.
2346 5671 2434 5724 23.
2950 5672 2959 5677 ’
