  <div class='ocr_page' id='page_1' title='image "/cluster/home/n/w/nwhite01/storage/ocr_20150623/136-137/uc1.31175019686917/1065.png"; bbox 0 0 3906 6424; ppageno 0'>
   <div class='ocr_carea' id='block_1_1' title="bbox 375 409 491 472">
    <p class='ocr_par' dir='ltr' id='par_1_1' title="bbox 375 409 491 472">
     <span class='ocr_line' id='line_1_1' title="bbox 375 409 491 472; baseline 0 0"><span class='ocrx_word' id='word_1_1' title='bbox 375 409 491 472; x_wconf 82' lang='lat'><strong>767</strong></span> 
     </span>
    </p>
   </div>
   <div class='ocr_carea' id='block_1_2' title="bbox 1503 408 2665 475">
    <p class='ocr_par' dir='ltr' id='par_1_2' title="bbox 1503 408 2665 475">
     <span class='ocr_line' id='line_1_2' title="bbox 1503 408 2665 475; baseline 0.002 -4"><span class='ocrx_word' id='word_1_2' title='bbox 1503 410 1565 471; x_wconf 90' lang='lat' dir='ltr'>S.</span> <span class='ocrx_word' id='word_1_3' title='bbox 1612 410 1886 473; x_wconf 82' lang='lat' dir='ltr'>MAIOLI</span> <span class='ocrx_word' id='word_1_4' title='bbox 1931 408 2262 472; x_wconf 68' lang='lat' dir='ltr'><strong>ABBATES</strong></span> <span class='ocrx_word' id='word_1_5' title='bbox 2308 411 2665 475; x_wconf 69' lang='lat' dir='ltr'>CLUNIAC.</span> 
     </span>
    </p>
   </div>
   <div class='ocr_carea' id='block_1_3' title="bbox 3693 414 3810 476">
    <p class='ocr_par' dir='ltr' id='par_1_3' title="bbox 3693 414 3810 476">
     <span class='ocr_line' id='line_1_3' title="bbox 3693 414 3810 476; baseline -0.009 0"><span class='ocrx_word' id='word_1_6' title='bbox 3693 414 3810 476; x_wconf 79' lang='lat'>768</span> 
     </span>
    </p>
   </div>
   <div class='ocr_carea' id='block_1_4' title="bbox 374 540 3809 620">
    <p class='ocr_par' dir='ltr' id='par_1_4' title="bbox 374 540 3809 620">
     <span class='ocr_line' id='line_1_4' title="bbox 374 540 3809 620; baseline 0.001 -19"><span class='ocrx_word' id='word_1_7' title='bbox 374 544 689 605; x_wconf 81' lang='lat' dir='ltr'>cernebant</span> <span class='ocrx_word' id='word_1_8' title='bbox 710 542 987 615; x_wconf 88' lang='lat' dir='ltr'>compede</span> <span class='ocrx_word' id='word_1_9' title='bbox 1012 540 1206 597; x_wconf 86' lang='lat' dir='ltr'>divino</span> <span class='ocrx_word' id='word_1_10' title='bbox 1229 540 1483 598; x_wconf 83' lang='lat' dir='ltr'>solutum</span> <span class='ocrx_word' id='word_1_11' title='bbox 1511 542 2026 610; x_wconf 81' lang='lat' dir='ltr'>numine,ulterius</span> <span class='ocrx_word' id='word_1_12' title='bbox 2055 546 2108 612; x_wconf 80' lang='grc' dir='ltr'><strong>Α</strong></span> <span class='ocrx_word' id='word_1_13' title='bbox 2140 560 2380 601; x_wconf 87' lang='lat' dir='ltr'>munere</span> <span class='ocrx_word' id='word_1_14' title='bbox 2439 562 2776 602; x_wconf 65' lang='lat' dir='ltr'>concessum</span> <span class='ocrx_word' id='word_1_15' title='bbox 2828 546 3184 619; x_wconf 70' lang='lat' dir='ltr'>proveniret.</span> <span class='ocrx_word' id='word_1_16' title='bbox 3222 547 3359 603; x_wconf 68' lang='lat' dir='ltr'>Vita&quot;:</span> <span class='ocrx_word' id='word_1_17' title='bbox 3394 564 3663 620; x_wconf 82' lang='lat' dir='ltr'>namque</span> <span class='ocrx_word' id='word_1_18' title='bbox 3694 547 3809 603; x_wconf 84' lang='lat' dir='ltr'>hu—</span> 
     </span>
    </p>
   </div>
   <div class='ocr_carea' id='block_1_5' title="bbox 374 631 2025 704">
    <p class='ocr_par' dir='ltr' id='par_1_5' title="bbox 374 631 2025 704">
     <span class='ocr_line' id='line_1_5' title="bbox 374 631 2025 704; baseline -0.002 -14"><span class='ocrx_word' id='word_1_19' title='bbox 374 639 440 690; x_wconf 89' lang='lat' dir='ltr'>ut</span> <span class='ocrx_word' id='word_1_20' title='bbox 472 633 791 688; x_wconf 72' lang='lat' dir='ltr'>vinciretur</span> <span class='ocrx_word' id='word_1_21' title='bbox 818 631 946 686; x_wconf 88' lang='lat' dir='ltr'>ausi</span> <span class='ocrx_word' id='word_1_22' title='bbox 979 636 1119 687; x_wconf 88' lang='lat' dir='ltr'>sunt</span> <span class='ocrx_word' id='word_1_23' title='bbox 1151 631 1486 687; x_wconf 82' lang='lat' dir='ltr'>nullomodo</span> <span class='ocrx_word' id='word_1_24' title='bbox 1518 649 1887 704; x_wconf 43' lang='lat' dir='ltr'>praisumcre,</span> <span class='ocrx_word' id='word_1_25' title='bbox 1926 634 2025 687; x_wconf 86' lang='lat' dir='ltr'>sed</span> 
     </span>
    </p>
   </div>
   <div class='ocr_carea' id='block_1_6' title="bbox 375 720 2028 794">
    <p class='ocr_par' dir='ltr' id='par_1_6' title="bbox 375 720 2028 794">
     <span class='ocr_line' id='line_1_6' title="bbox 375 720 2028 794; baseline -0.003 -15"><span class='ocrx_word' id='word_1_26' title='bbox 375 724 670 780; x_wconf 83' lang='lat' dir='ltr'>ferocitate</span> <span class='ocrx_word' id='word_1_27' title='bbox 700 721 999 794; x_wconf 86' lang='lat' dir='ltr'>paulisper</span> <span class='ocrx_word' id='word_1_28' title='bbox 1024 721 1312 791; x_wconf 69' lang='lat' dir='ltr'>mitigata,</span> <span class='ocrx_word' id='word_1_29' title='bbox 1333 720 1590 774; x_wconf 70' lang='lat' dir='ltr'>venerari</span> <span class='ocrx_word' id='word_1_30' title='bbox 1627 721 1898 793; x_wconf 77' lang='lat' dir='ltr'>deinceps</span> <span class='ocrx_word' id='word_1_31' title='bbox 1924 739 2028 775; x_wconf 67' lang='lat' dir='ltr'>ca:-</span> 
     </span>
    </p>
   </div>
   <div class='ocr_carea' id='block_1_7' title="bbox 370 809 1746 885">
    <p class='ocr_par' dir='ltr' id='par_1_7' title="bbox 370 809 1746 885">
     <span class='ocr_line' id='line_1_7' title="bbox 370 809 1746 885; baseline -0.003 -17"><span class='ocrx_word' id='word_1_32' title='bbox 370 815 582 885; x_wconf 87' lang='lat' dir='ltr'>perunt</span> <span class='ocrx_word' id='word_1_33' title='bbox 614 828 787 883; x_wconf 86' lang='lat' dir='ltr'>quem</span> <span class='ocrx_word' id='word_1_34' title='bbox 820 811 984 881; x_wconf 86' lang='lat' dir='ltr'>prius</span> <span class='ocrx_word' id='word_1_35' title='bbox 1014 809 1068 864; x_wconf 91' lang='lat' dir='ltr'>in</span> <span class='ocrx_word' id='word_1_36' title='bbox 1102 810 1361 865; x_wconf 81' lang='lat' dir='ltr'>derisum</span> <span class='ocrx_word' id='word_1_37' title='bbox 1396 809 1746 865; x_wconf 80' lang='lat' dir='ltr'>habuerunt.</span> 
     </span>
    </p>
   </div>
   <div class='ocr_carea' id='block_1_8' title="bbox 443 900 2023 970">
    <p class='ocr_par' dir='ltr' id='par_1_8' title="bbox 443 900 2023 970">
     <span class='ocr_line' id='line_1_8' title="bbox 443 900 2023 970; baseline -0.003 -13"><span class='ocrx_word' id='word_1_38' title='bbox 443 900 534 957; x_wconf 81' lang='grc' dir='ltr'>ιν.</span> <span class='ocrx_word' id='word_1_39' title='bbox 598 901 1050 956; x_wconf 71' lang='lat' dir='ltr'>Cluniaemzsibus</span> <span class='ocrx_word' id='word_1_40' title='bbox 1122 915 1223 970; x_wconf 87' lang='lat' dir='ltr'>pro</span> <span class='ocrx_word' id='word_1_41' title='bbox 1279 917 1377 954; x_wconf 69' lang='lat' dir='ltr'>sua</span> <span class='ocrx_word' id='word_1_42' title='bbox 1443 901 1760 954; x_wconf 68' lang='lat' dir='ltr'>liberutimw</span> <span class='ocrx_word' id='word_1_43' title='bbox 1814 900 2023 954; x_wconf 63' lang='lat' dir='ltr'>scribit.</span> 
     </span>
    </p>
   </div>
   <div class='ocr_carea' id='block_1_9' title="bbox 371 989 2027 1063">
    <p class='ocr_par' dir='ltr' id='par_1_9' title="bbox 371 989 2027 1063">
     <span class='ocr_line' id='line_1_9' title="bbox 371 989 2027 1063; baseline -0.001 -19"><span class='ocrx_word' id='word_1_44' title='bbox 371 991 649 1063; x_wconf 72' lang='lat' dir='ltr'>Quosdam</span> <span class='ocrx_word' id='word_1_45' title='bbox 706 992 986 1045; x_wconf 72' lang='lat' dir='ltr'>convertit.</span> <span class='ocrx_word' id='word_1_46' title='bbox 1023 991 1265 1043; x_wconf 68' lang='lat' dir='ltr'>Pretium</span> <span class='ocrx_word' id='word_1_47' title='bbox 1321 989 1412 1042; x_wconf 69' lang='lat' dir='ltr'>dat</span> <span class='ocrx_word' id='word_1_48' title='bbox 1462 990 1729 1043; x_wconf 74' lang='lat' dir='ltr'>barbaris.</span> <span class='ocrx_word' id='word_1_49' title='bbox 1762 1017 1831 1028; x_wconf 92' lang='grc'><strong><em>--</em></strong></span> <span class='ocrx_word' id='word_1_50' title='bbox 1863 990 2027 1043; x_wconf 87' lang='lat' dir='ltr'>Tunc</span> 
     </span>
    </p>
   </div>
   <div class='ocr_carea' id='block_1_10' title="bbox 366 1076 2027 1148">
    <p class='ocr_par' dir='ltr' id='par_1_10' title="bbox 366 1076 2027 1148">
     <span class='ocr_line' id='line_1_10' title="bbox 366 1076 2027 1148; baseline -0.005 -13"><span class='ocrx_word' id='word_1_51' title='bbox 366 1080 455 1135; x_wconf 90' lang='lat' dir='ltr'>vir</span> <span class='ocrx_word' id='word_1_52' title='bbox 496 1078 751 1145; x_wconf 80' lang='lat' dir='ltr'>Domini,</span> <span class='ocrx_word' id='word_1_53' title='bbox 806 1079 1205 1133; x_wconf 83' lang='lat' dir='ltr'>annuentibus</span> <span class='ocrx_word' id='word_1_54' title='bbox 1262 1076 1370 1131; x_wconf 68' lang='lat' dir='ltr'>sibi</span> <span class='ocrx_word' id='word_1_55' title='bbox 1438 1077 1724 1141; x_wconf 80' lang='lat' dir='ltr'>barbaris,</span> <span class='ocrx_word' id='word_1_56' title='bbox 1760 1095 1861 1148; x_wconf 81' lang='lat' dir='ltr'>per</span> <span class='ocrx_word' id='word_1_57' title='bbox 1901 1094 2027 1131; x_wconf 82' lang='lat' dir='ltr'>mo-</span> 
     </span>
    </p>
   </div>
   <div class='ocr_carea' id='block_1_11' title="bbox 368 1166 2026 1241">
    <p class='ocr_par' dir='ltr' id='par_1_11' title="bbox 368 1166 2026 1241">
     <span class='ocr_line' id='line_1_11' title="bbox 368 1166 2026 1241; baseline -0.004 -15"><span class='ocrx_word' id='word_1_58' title='bbox 368 1170 625 1226; x_wconf 86' lang='lat' dir='ltr'>nachum</span> <span class='ocrx_word' id='word_1_59' title='bbox 651 1168 750 1241; x_wconf 88' lang='lat' dir='ltr'>qui</span> <span class='ocrx_word' id='word_1_60' title='bbox 783 1185 979 1222; x_wconf 75' lang='lat' dir='ltr'>secum</span> <span class='ocrx_word' id='word_1_61' title='bbox 1024 1171 1231 1237; x_wconf 85' lang='lat' dir='ltr'>captus</span> <span class='ocrx_word' id='word_1_62' title='bbox 1264 1168 1469 1232; x_wconf 68' lang='lat' dir='ltr'>fuerat,</span> <span class='ocrx_word' id='word_1_63' title='bbox 1504 1166 1811 1237; x_wconf 59' lang='lat' dir='ltr'>el‘iistolam</span> <span class='ocrx_word' id='word_1_64' title='bbox 1848 1183 2026 1220; x_wconf 79' lang='lat' dir='ltr'>inanu</span> 
     </span>
    </p>
   </div>
   <div class='ocr_carea' id='block_1_12' title="bbox 367 1255 2023 1332">
    <p class='ocr_par' dir='ltr' id='par_1_12' title="bbox 367 1255 2023 1332">
     <span class='ocr_line' id='line_1_12' title="bbox 367 1255 2023 1332; baseline -0.003 -18"><span class='ocrx_word' id='word_1_65' title='bbox 367 1277 603 1332; x_wconf 77' lang='lat' dir='ltr'>propria</span> <span class='ocrx_word' id='word_1_66' title='bbox 618 1257 1011 1329; x_wconf 80' lang='lat' dir='ltr'>conscriptam</span> <span class='ocrx_word' id='word_1_67' title='bbox 1036 1255 1244 1309; x_wconf 69' lang='lat' dir='ltr'>direxit.</span> <span class='ocrx_word' id='word_1_68' title='bbox 1264 1256 1562 1309; x_wconf 71' lang='lat' dir='ltr'>fratribus.</span> <span class='ocrx_word' id='word_1_69' title='bbox 1590 1257 1805 1309; x_wconf 75' lang='lat' dir='ltr'>&#39;l‘cxtus</span> <span class='ocrx_word' id='word_1_70' title='bbox 1829 1273 1897 1309; x_wconf 85' lang='lat' dir='ltr'>an</span> <span class='ocrx_word' id='word_1_71' title='bbox 1910 1260 2023 1309; x_wconf 81' lang='lat' dir='ltr'>tem</span> 
     </span>
    </p>
   </div>
   <div class='ocr_carea' id='block_1_13' title="bbox 367 1343 2024 1420">
    <p class='ocr_par' dir='ltr' id='par_1_13' title="bbox 367 1343 2024 1420">
     <span class='ocr_line' id='line_1_13' title="bbox 367 1343 2024 1420; baseline -0.004 -17"><span class='ocrx_word' id='word_1_72' title='bbox 367 1347 624 1420; x_wconf 71' lang='lat' dir='ltr'>epistola:</span> <span class='ocrx_word' id='word_1_73' title='bbox 684 1346 803 1400; x_wconf 70' lang='lat' dir='ltr'>hme</span> <span class='ocrx_word' id='word_1_74' title='bbox 862 1344 1203 1400; x_wconf 83' lang='lat' dir='ltr'>continebat</span> <span class='ocrx_word' id='word_1_75' title='bbox 1238 1361 1249 1397; x_wconf 91' lang='lat'><strong>:</strong></span> <span class='ocrx_word' id='word_1_76' title='bbox 1288 1366 1312 1391; x_wconf 84' lang='grc'>‹‹</span> <span class='ocrx_word' id='word_1_77' title='bbox 1349 1344 1613 1398; x_wconf 85' lang='lat' dir='ltr'>Dominis</span> <span class='ocrx_word' id='word_1_78' title='bbox 1659 1350 1711 1397; x_wconf 85' lang='lat' dir='ltr'>et</span> <span class='ocrx_word' id='word_1_79' title='bbox 1747 1343 2024 1397; x_wconf 72' lang='lat' dir='ltr'>fratribus</span> 
     </span>
    </p>
   </div>
   <div class='ocr_carea' id='block_1_14' title="bbox 366 1431 2017 1503">
    <p class='ocr_par' dir='ltr' id='par_1_14' title="bbox 366 1431 2017 1503">
     <span class='ocr_line' id='line_1_14' title="bbox 366 1431 2017 1503; baseline -0.002 -11"><span class='ocrx_word' id='word_1_80' title='bbox 366 1435 784 1492; x_wconf 88' lang='lat' dir='ltr'>Cluniensibus</span> <span class='ocrx_word' id='word_1_81' title='bbox 835 1431 1083 1488; x_wconf 80' lang='lat' dir='ltr'>Maiolus</span> <span class='ocrx_word' id='word_1_82' title='bbox 1114 1432 1292 1488; x_wconf 86' lang='lat' dir='ltr'>miser</span> <span class='ocrx_word' id='word_1_83' title='bbox 1321 1434 1584 1503; x_wconf 83' lang='lat' dir='ltr'>captivus</span> <span class='ocrx_word' id='word_1_84' title='bbox 1613 1438 1667 1486; x_wconf 84' lang='lat' dir='ltr'>et.</span> <span class='ocrx_word' id='word_1_85' title='bbox 1698 1438 2017 1489; x_wconf 79' lang='lat' dir='ltr'>catenatus.</span> 
     </span>
    </p>
   </div>
   <div class='ocr_carea' id='block_1_15' title="bbox 367 1522 2024 1593">
    <p class='ocr_par' dir='ltr' id='par_1_15' title="bbox 367 1522 2024 1593">
     <span class='ocr_line' id='line_1_15' title="bbox 367 1522 2024 1593; baseline -0.003 -12"><span class='ocrx_word' id='word_1_86' title='bbox 367 1527 680 1582; x_wconf 87' lang='lat' dir='ltr'>Torrentes</span> <span class='ocrx_word' id='word_1_87' title='bbox 713 1522 891 1579; x_wconf 88' lang='lat' dir='ltr'>Belial</span> <span class='ocrx_word' id='word_1_88' title='bbox 922 1522 1435 1577; x_wconf 88' lang='lat' dir='ltr'>circumdederunt</span> <span class='ocrx_word' id='word_1_89' title='bbox 1468 1537 2024 1593; x_wconf 70' lang='lat' dir='ltr'>me,prazoccupave-</span> 
     </span>
    </p>
   </div>
   <div class='ocr_carea' id='block_1_16' title="bbox 367 1608 2019 1686">
    <p class='ocr_par' dir='ltr' id='par_1_16' title="bbox 367 1608 2019 1686">
     <span class='ocr_line' id='line_1_16' title="bbox 367 1608 2019 1686; baseline -0.004 -16"><span class='ocrx_word' id='word_1_90' title='bbox 367 1620 507 1671; x_wconf 89' lang='lat' dir='ltr'>runt</span> <span class='ocrx_word' id='word_1_91' title='bbox 537 1631 630 1669; x_wconf 88' lang='lat' dir='ltr'>me</span> <span class='ocrx_word' id='word_1_92' title='bbox 679 1613 870 1686; x_wconf 78' lang='lat' dir='ltr'>laquei</span> <span class='ocrx_word' id='word_1_93' title='bbox 924 1610 1152 1666; x_wconf 86' lang='lat' dir='ltr'>mortis.</span> <span class='ocrx_word' id='word_1_94' title='bbox 1189 1610 1630 1683; x_wconf 80' lang='lat' dir='ltr'>Redemptionis</span> <span class='ocrx_word' id='word_1_95' title='bbox 1663 1611 1938 1684; x_wconf 77' lang='lat' dir='ltr'>pretium,</span> <span class='ocrx_word' id='word_1_96' title='bbox 1973 1608 2019 1663; x_wconf 90' lang='lat' dir='ltr'>si</span> 
     </span>
    </p>
   </div>
   <div class='ocr_carea' id='block_1_17' title="bbox 365 1698 2020 1779">
    <p class='ocr_par' dir='ltr' id='par_1_17' title="bbox 365 1698 2020 1779">
     <span class='ocr_line' id='line_1_17' title="bbox 365 1698 2020 1779; baseline -0.004 -18"><span class='ocrx_word' id='word_1_97' title='bbox 365 1704 572 1779; x_wconf 82' lang='lat' dir='ltr'>placet,</span> <span class='ocrx_word' id='word_1_98' title='bbox 608 1701 822 1758; x_wconf 86' lang='lat' dir='ltr'>mittite</span> <span class='ocrx_word' id='word_1_99' title='bbox 863 1718 966 1775; x_wconf 91' lang='lat' dir='ltr'>pro</span> <span class='ocrx_word' id='word_1_100' title='bbox 1002 1717 1093 1755; x_wconf 88' lang='lat' dir='ltr'>me</span> <span class='ocrx_word' id='word_1_101' title='bbox 1115 1705 1171 1756; x_wconf 90' lang='lat' dir='ltr'>et</span> <span class='ocrx_word' id='word_1_102' title='bbox 1198 1700 1291 1757; x_wconf 93' lang='lat' dir='ltr'>his</span> <span class='ocrx_word' id='word_1_103' title='bbox 1323 1701 1422 1772; x_wconf 88' lang='lat' dir='ltr'>qui</span> <span class='ocrx_word' id='word_1_104' title='bbox 1455 1717 1572 1756; x_wconf 86' lang='lat' dir='ltr'>una</span> <span class='ocrx_word' id='word_1_105' title='bbox 1603 1715 1832 1755; x_wconf 84' lang='lat' dir='ltr'>mecum</span> <span class='ocrx_word' id='word_1_106' title='bbox 1865 1698 2020 1771; x_wconf 85' lang='lat' dir='ltr'>capti</span> 
     </span>
    </p>
   </div>
   <div class='ocr_carea' id='block_1_18' title="bbox 363 1787 2022 1863">
    <p class='ocr_par' dir='ltr' id='par_1_18' title="bbox 363 1787 2022 1863">
     <span class='ocr_line' id='line_1_18' title="bbox 363 1787 2022 1863; baseline -0.005 -12"><span class='ocrx_word' id='word_1_107' title='bbox 363 1797 658 1852; x_wconf 87' lang='lat' dir='ltr'>tenentur.</span> <span class='ocrx_word' id='word_1_108' title='bbox 690 1813 719 1844; x_wconf 69' lang='grc' dir='ltr'>τ»</span> <span class='ocrx_word' id='word_1_109' title='bbox 756 1791 885 1847; x_wconf 76' lang='lat' dir='ltr'>Haec</span> <span class='ocrx_word' id='word_1_110' title='bbox 918 1789 1168 1863; x_wconf 88' lang='lat' dir='ltr'>epistola</span> <span class='ocrx_word' id='word_1_111' title='bbox 1200 1788 1498 1846; x_wconf 84' lang='lat' dir='ltr'>Cluniensi</span> <span class='ocrx_word' id='word_1_112' title='bbox 1545 1787 1800 1862; x_wconf 82' lang='lat' dir='ltr'>perlecta</span> <span class='ocrx_word' id='word_1_113' title='bbox 1827 1787 1887 1843; x_wconf 89' lang='lat' dir='ltr'>in</span> <span class='ocrx_word' id='word_1_114' title='bbox 1920 1804 2022 1844; x_wconf 88' lang='lat' dir='ltr'>ca-</span> 
     </span>
    </p>
   </div>
   <div class='ocr_carea' id='block_1_19' title="bbox 363 1877 2024 1959">
    <p class='ocr_par' dir='ltr' id='par_1_19' title="bbox 363 1877 2024 1959">
     <span class='ocr_line' id='line_1_19' title="bbox 363 1877 2024 1959; baseline -0.004 -19"><span class='ocrx_word' id='word_1_115' title='bbox 363 1883 569 1959; x_wconf 88' lang='lat' dir='ltr'>pitulo,</span> <span class='ocrx_word' id='word_1_116' title='bbox 603 1898 837 1940; x_wconf 87' lang='lat' dir='ltr'>omnem</span> <span class='ocrx_word' id='word_1_117' title='bbox 872 1880 1035 1936; x_wconf 88' lang='lat' dir='ltr'>illam</span> <span class='ocrx_word' id='word_1_118' title='bbox 1068 1877 1310 1951; x_wconf 79' lang='lat' dir='ltr'>stirpem</span> <span class='ocrx_word' id='word_1_119' title='bbox 1343 1895 1471 1951; x_wconf 72' lang='lat' dir='ltr'>qua:</span> <span class='ocrx_word' id='word_1_120' title='bbox 1502 1880 1630 1950; x_wconf 83' lang='lat' dir='ltr'>ejus</span> <span class='ocrx_word' id='word_1_121' title='bbox 1671 1877 1938 1934; x_wconf 78' lang='lat' dir='ltr'>doctrina</span> <span class='ocrx_word' id='word_1_122' title='bbox 1967 1881 2024 1933; x_wconf 91' lang='lat' dir='ltr'>et</span> 
     </span>
    </p>
   </div>
   <div class='ocr_carea' id='block_1_20' title="bbox 361 1967 2016 2044">
    <p class='ocr_par' dir='ltr' id='par_1_20' title="bbox 361 1967 2016 2044">
     <span class='ocr_line' id='line_1_20' title="bbox 361 1967 2016 2044; baseline -0.005 -15"><span class='ocrx_word' id='word_1_123' title='bbox 361 1972 625 2044; x_wconf 83' lang='lat' dir='ltr'>exemplo</span> <span class='ocrx_word' id='word_1_124' title='bbox 679 1971 964 2027; x_wconf 73' lang='lat' dir='ltr'>hactenus</span> <span class='ocrx_word' id='word_1_125' title='bbox 1014 1968 1146 2024; x_wconf 53' lang='lat' dir='ltr'>lauta</span> <span class='ocrx_word' id='word_1_126' title='bbox 1189 1967 1639 2023; x_wconf 78' lang='lat' dir='ltr'>fructificaverat</span> <span class='ocrx_word' id='word_1_127' title='bbox 1669 1968 1730 2023; x_wconf 90' lang='lat' dir='ltr'>in</span> <span class='ocrx_word' id='word_1_128' title='bbox 1763 1967 2016 2035; x_wconf 88' lang='lat' dir='ltr'>Christo,</span> 
     </span>
    </p>
   </div>
   <div class='ocr_carea' id='block_1_21' title="bbox 362 2056 2020 2132">
    <p class='ocr_par' dir='ltr' id='par_1_21' title="bbox 362 2056 2020 2132">
     <span class='ocr_line' id='line_1_21' title="bbox 362 2056 2020 2132; baseline -0.004 -14"><span class='ocrx_word' id='word_1_129' title='bbox 362 2061 640 2118; x_wconf 73' lang='lat' dir='ltr'>mmstitia</span> <span class='ocrx_word' id='word_1_130' title='bbox 663 2058 953 2132; x_wconf 77' lang='lat' dir='ltr'>extemplo</span> <span class='ocrx_word' id='word_1_131' title='bbox 979 2074 1084 2113; x_wconf 90' lang='lat' dir='ltr'>suo</span> <span class='ocrx_word' id='word_1_132' title='bbox 1108 2056 2020 2128; x_wconf 62' lang='lat' dir='ltr'>confecitauditoriodixprimerc</span> 
     </span>
    </p>
   </div>
   <div class='ocr_carea' id='block_1_22' title="bbox 360 2145 2015 2220">
    <p class='ocr_par' dir='ltr' id='par_1_22' title="bbox 360 2145 2015 2220">
     <span class='ocr_line' id='line_1_22' title="bbox 360 2145 2015 2220; baseline -0.005 -14"><span class='ocrx_word' id='word_1_133' title='bbox 360 2151 513 2206; x_wconf 87' lang='lat' dir='ltr'>valet</span> <span class='ocrx_word' id='word_1_134' title='bbox 542 2150 741 2205; x_wconf 90' lang='lat' dir='ltr'>nullus</span> <span class='ocrx_word' id='word_1_135' title='bbox 791 2152 1048 2220; x_wconf 89' lang='lat' dir='ltr'>quantus</span> <span class='ocrx_word' id='word_1_136' title='bbox 1107 2149 1248 2202; x_wconf 87' lang='lat' dir='ltr'>tunc</span> <span class='ocrx_word' id='word_1_137' title='bbox 1305 2146 1383 2201; x_wconf 90' lang='lat' dir='ltr'>ibi</span> <span class='ocrx_word' id='word_1_138' title='bbox 1435 2146 1698 2200; x_wconf 89' lang='lat' dir='ltr'>omnium</span> <span class='ocrx_word' id='word_1_139' title='bbox 1739 2145 2015 2217; x_wconf 79' lang='lat' dir='ltr'>gemitus.</span> 
     </span>
    </p>
   </div>
   <div class='ocr_carea' id='block_1_23' title="bbox 362 2233 2018 2312">
    <p class='ocr_par' dir='ltr' id='par_1_23' title="bbox 362 2233 2018 2312">
     <span class='ocr_line' id='line_1_23' title="bbox 362 2233 2018 2312; baseline -0.005 -16"><span class='ocrx_word' id='word_1_140' title='bbox 362 2239 591 2312; x_wconf 83' lang='lat' dir='ltr'>Ubique</span> <span class='ocrx_word' id='word_1_141' title='bbox 624 2238 778 2294; x_wconf 88' lang='lat' dir='ltr'>inter</span> <span class='ocrx_word' id='word_1_142' title='bbox 816 2253 913 2293; x_wconf 89' lang='lat' dir='ltr'>eos</span> <span class='ocrx_word' id='word_1_143' title='bbox 944 2233 1158 2303; x_wconf 87' lang='lat' dir='ltr'>luctus,</span> <span class='ocrx_word' id='word_1_144' title='bbox 1184 2252 1302 2290; x_wconf 90' lang='lat' dir='ltr'>una</span> <span class='ocrx_word' id='word_1_145' title='bbox 1321 2253 1425 2290; x_wconf 78' lang='lat' dir='ltr'>vox</span> <span class='ocrx_word' id='word_1_146' title='bbox 1447 2235 1711 2289; x_wconf 88' lang='lat' dir='ltr'>omnium</span> <span class='ocrx_word' id='word_1_147' title='bbox 1736 2233 2018 2307; x_wconf 88' lang='lat' dir='ltr'>plangen-</span> 
     </span>
    </p>
   </div>
   <div class='ocr_carea' id='block_1_24' title="bbox 362 2322 2018 2397">
    <p class='ocr_par' dir='ltr' id='par_1_24' title="bbox 362 2322 2018 2397">
     <span class='ocr_line' id='line_1_24' title="bbox 362 2322 2018 2397; baseline -0.005 -13"><span class='ocrx_word' id='word_1_148' title='bbox 362 2329 535 2395; x_wconf 85' lang='lat' dir='ltr'>tium,</span> <span class='ocrx_word' id='word_1_149' title='bbox 571 2343 726 2383; x_wconf 90' lang='lat' dir='ltr'>unus</span> <span class='ocrx_word' id='word_1_150' title='bbox 757 2324 1105 2382; x_wconf 79' lang='lat' dir='ltr'>audiebatur</span> <span class='ocrx_word' id='word_1_151' title='bbox 1134 2322 1355 2380; x_wconf 89' lang='lat' dir='ltr'>clamor</span> <span class='ocrx_word' id='word_1_152' title='bbox 1384 2323 1915 2397; x_wconf 85' lang='lat' dir='ltr'>lugentium,atque</span> <span class='ocrx_word' id='word_1_153' title='bbox 1938 2323 2018 2377; x_wconf 90' lang='lat' dir='ltr'>di-</span> 
     </span>
    </p>
   </div>
   <div class='ocr_carea' id='block_1_25' title="bbox 363 2411 2020 2477">
    <p class='ocr_par' dir='ltr' id='par_1_25' title="bbox 363 2411 2020 2477">
     <span class='ocr_line' id='line_1_25' title="bbox 363 2411 2020 2477; baseline -0.005 -4"><span class='ocrx_word' id='word_1_154' title='bbox 363 2416 621 2474; x_wconf 84' lang='lat' dir='ltr'>centium</span> <span class='ocrx_word' id='word_1_155' title='bbox 656 2433 669 2471; x_wconf 89' lang='lat'><strong>:</strong></span> <span class='ocrx_word' id='word_1_156' title='bbox 701 2414 885 2469; x_wconf 85' lang='lat' dir='ltr'>Versa</span> <span class='ocrx_word' id='word_1_157' title='bbox 930 2418 1018 2469; x_wconf 85' lang='lat' dir='ltr'>est</span> <span class='ocrx_word' id='word_1_158' title='bbox 1065 2412 1124 2469; x_wconf 90' lang='lat' dir='ltr'>in</span> <span class='ocrx_word' id='word_1_159' title='bbox 1157 2411 1381 2468; x_wconf 89' lang='lat' dir='ltr'>luctum</span> <span class='ocrx_word' id='word_1_160' title='bbox 1435 2412 1661 2468; x_wconf 78' lang='lat' dir='ltr'>cithara</span> <span class='ocrx_word' id='word_1_161' title='bbox 1707 2416 1928 2477; x_wconf 88' lang='lat' dir='ltr'>nostra,</span> <span class='ocrx_word' id='word_1_162' title='bbox 1963 2415 2020 2465; x_wconf 86' lang='lat' dir='ltr'>et</span> 
     </span>
    </p>
   </div>
   <div class='ocr_carea' id='block_1_26' title="bbox 362 2498 2016 2581">
    <p class='ocr_par' dir='ltr' id='par_1_26' title="bbox 362 2498 2016 2581">
     <span class='ocr_line' id='line_1_26' title="bbox 362 2498 2016 2581; baseline -0.004 -20"><span class='ocrx_word' id='word_1_163' title='bbox 362 2504 646 2581; x_wconf 83' lang='lat' dir='ltr'>gaudium</span> <span class='ocrx_word' id='word_1_164' title='bbox 673 2506 940 2573; x_wconf 72' lang='lat' dir='ltr'>nostrum</span> <span class='ocrx_word' id='word_1_165' title='bbox 960 2500 1017 2556; x_wconf 91' lang='lat' dir='ltr'>in</span> <span class='ocrx_word' id='word_1_166' title='bbox 1038 2517 1341 2557; x_wconf 75' lang='lat' dir='ltr'>mmrorem</span> <span class='ocrx_word' id='word_1_167' title='bbox 1364 2519 1376 2569; x_wconf 90' lang='lat'><strong>;</strong></span> <span class='ocrx_word' id='word_1_168' title='bbox 1398 2500 1723 2573; x_wconf 79' lang='lat' dir='ltr'>quiajuxta</span> <span class='ocrx_word' id='word_1_169' title='bbox 1744 2498 1887 2555; x_wconf 89' lang='lat' dir='ltr'>illud</span> <span class='ocrx_word' id='word_1_170' title='bbox 1921 2500 2016 2556; x_wconf 87' lang='lat' dir='ltr'>Je-</span> 
     </span>
    </p>
   </div>
   <div class='ocr_carea' id='block_1_27' title="bbox 363 2587 2015 2661">
    <p class='ocr_par' dir='ltr' id='par_1_27' title="bbox 363 2587 2015 2661">
     <span class='ocr_line' id='line_1_27' title="bbox 363 2587 2015 2661; baseline -0.004 -11"><span class='ocrx_word' id='word_1_171' title='bbox 363 2593 558 2650; x_wconf 66' lang='lat' dir='ltr'>remiai</span> <span class='ocrx_word' id='word_1_172' title='bbox 588 2592 936 2659; x_wconf 87' lang='lat' dir='ltr'>lamentum,</span> <span class='ocrx_word' id='word_1_173' title='bbox 970 2588 1240 2645; x_wconf 78' lang='lat' dir='ltr'>Christus</span> <span class='ocrx_word' id='word_1_174' title='bbox 1279 2588 1566 2645; x_wconf 88' lang='lat' dir='ltr'>Dominus</span> <span class='ocrx_word' id='word_1_175' title='bbox 1597 2592 1803 2661; x_wconf 84' lang='lat' dir='ltr'>captus</span> <span class='ocrx_word' id='word_1_176' title='bbox 1837 2592 1926 2643; x_wconf 87' lang='lat' dir='ltr'>est</span> <span class='ocrx_word' id='word_1_177' title='bbox 1955 2587 2015 2643; x_wconf 92' lang='lat' dir='ltr'>in</span> 
     </span>
    </p>
   </div>
   <div class='ocr_carea' id='block_1_28' title="bbox 362 2677 2017 2756">
    <p class='ocr_par' dir='ltr' id='par_1_28' title="bbox 362 2677 2017 2756">
     <span class='ocr_line' id='line_1_28' title="bbox 362 2677 2017 2756; baseline -0.004 -18"><span class='ocrx_word' id='word_1_178' title='bbox 362 2679 616 2756; x_wconf 85' lang='lat' dir='ltr'>peccatis</span> <span class='ocrx_word' id='word_1_179' title='bbox 638 2678 875 2746; x_wconf 88' lang='lat' dir='ltr'>nostris,</span> <span class='ocrx_word' id='word_1_180' title='bbox 897 2677 991 2734; x_wconf 90' lang='lat' dir='ltr'>cui</span> <span class='ocrx_word' id='word_1_181' title='bbox 1014 2677 1269 2733; x_wconf 78' lang='lat' dir='ltr'>diximus</span> <span class='ocrx_word' id='word_1_182' title='bbox 1294 2694 1307 2733; x_wconf 86' lang='lat'><strong>:</strong></span> <span class='ocrx_word' id='word_1_183' title='bbox 1332 2678 1393 2733; x_wconf 83' lang='lat' dir='ltr'>In</span> <span class='ocrx_word' id='word_1_184' title='bbox 1418 2678 1627 2734; x_wconf 78' lang='lat' dir='ltr'>lumine</span> <span class='ocrx_word' id='word_1_185' title='bbox 1655 2687 1745 2734; x_wconf 87' lang='lat' dir='ltr'>tuo</span> <span class='ocrx_word' id='word_1_186' title='bbox 1780 2678 2017 2733; x_wconf 64' lang='lat' dir='ltr'>vivemus</span> 
     </span>
    </p>
   </div>
   <div class='ocr_carea' id='block_1_29' title="bbox 362 2765 2016 2844">
    <p class='ocr_par' dir='ltr' id='par_1_29' title="bbox 362 2765 2016 2844">
     <span class='ocr_line' id='line_1_29' title="bbox 362 2765 2016 2844; baseline -0.004 -17"><span class='ocrx_word' id='word_1_187' title='bbox 362 2771 581 2844; x_wconf 82' lang='lat' dir='ltr'>(Thren.</span> <span class='ocrx_word' id='word_1_188' title='bbox 625 2787 699 2838; x_wconf 71' lang='grc' dir='ltr'>ιγ,</span> <span class='ocrx_word' id='word_1_189' title='bbox 740 2768 853 2838; x_wconf 85' lang='grc'>20).</span> <span class='ocrx_word' id='word_1_190' title='bbox 901 2767 1043 2824; x_wconf 85' lang='lat' dir='ltr'>Ecce</span> <span class='ocrx_word' id='word_1_191' title='bbox 1068 2765 1223 2822; x_wconf 88' lang='lat' dir='ltr'>enim</span> <span class='ocrx_word' id='word_1_192' title='bbox 1256 2766 1509 2839; x_wconf 61' lang='lat' dir='ltr'>profana}</span> <span class='ocrx_word' id='word_1_193' title='bbox 1541 2766 1733 2840; x_wconf 86' lang='lat' dir='ltr'>gentis</span> <span class='ocrx_word' id='word_1_194' title='bbox 1756 2765 2016 2821; x_wconf 77' lang='lat' dir='ltr'>irretitus</span> 
     </span>
    </p>
   </div>
   <div class='ocr_carea' id='block_1_30' title="bbox 361 2854 2014 2931">
    <p class='ocr_par' dir='ltr' id='par_1_30' title="bbox 361 2854 2014 2931">
     <span class='ocr_line' id='line_1_30' title="bbox 361 2854 2014 2931; baseline -0.005 -14"><span class='ocrx_word' id='word_1_195' title='bbox 361 2864 451 2917; x_wconf 87' lang='lat' dir='ltr'>est</span> <span class='ocrx_word' id='word_1_196' title='bbox 493 2860 723 2931; x_wconf 86' lang='lat' dir='ltr'>laqueo,</span> <span class='ocrx_word' id='word_1_197' title='bbox 759 2857 931 2927; x_wconf 88' lang='lat' dir='ltr'>cujus</span> <span class='ocrx_word' id='word_1_198' title='bbox 972 2854 1031 2911; x_wconf 90' lang='lat' dir='ltr'>in</span> <span class='ocrx_word' id='word_1_199' title='bbox 1065 2856 1179 2912; x_wconf 87' lang='lat' dir='ltr'>Deo</span> <span class='ocrx_word' id='word_1_200' title='bbox 1211 2855 1611 2929; x_wconf 85' lang='lat' dir='ltr'>gloriabsmur</span> <span class='ocrx_word' id='word_1_201' title='bbox 1641 2856 2014 2911; x_wconf 88' lang='lat' dir='ltr'>documento.</span> 
     </span>
    </p>
   </div>
   <div class='ocr_carea' id='block_1_31' title="bbox 359 2943 2016 3021">
    <p class='ocr_par' dir='ltr' id='par_1_31' title="bbox 359 2943 2016 3021">
     <span class='ocr_line' id='line_1_31' title="bbox 359 2943 2016 3021; baseline -0.004 -18"><span class='ocrx_word' id='word_1_202' title='bbox 359 2950 538 3021; x_wconf 83' lang='lat' dir='ltr'>Cujus</span> <span class='ocrx_word' id='word_1_203' title='bbox 572 2946 790 3002; x_wconf 78' lang='lat' dir='ltr'>interea</span> <span class='ocrx_word' id='word_1_204' title='bbox 822 2945 917 3001; x_wconf 84' lang='lat' dir='ltr'>isti</span> <span class='ocrx_word' id='word_1_205' title='bbox 971 2944 1379 3000; x_wconf 73' lang='lat' dir='ltr'>efficiebantur</span> <span class='ocrx_word' id='word_1_206' title='bbox 1437 2946 1508 3000; x_wconf 88' lang='lat' dir='ltr'>de</span> <span class='ocrx_word' id='word_1_207' title='bbox 1553 2943 1825 3012; x_wconf 83' lang='lat' dir='ltr'>vinculis,</span> <span class='ocrx_word' id='word_1_208' title='bbox 1858 2943 2016 2998; x_wconf 90' lang='lat' dir='ltr'>hunc</span> 
     </span>
    </p>
   </div>
   <div class='ocr_carea' id='block_1_32' title="bbox 359 3031 2014 3108">
    <p class='ocr_par' dir='ltr' id='par_1_32' title="bbox 359 3031 2014 3108">
     <span class='ocr_line' id='line_1_32' title="bbox 359 3031 2014 3108; baseline -0.004 -16"><span class='ocrx_word' id='word_1_209' title='bbox 359 3036 460 3093; x_wconf 88' lang='lat' dir='ltr'>Dei</span> <span class='ocrx_word' id='word_1_210' title='bbox 475 3034 734 3108; x_wconf 82' lang='lat' dir='ltr'>dignatio</span> <span class='ocrx_word' id='word_1_211' title='bbox 753 3031 1722 3106; x_wconf 80' lang='lat' dir='ltr'>magniﬁcabatmiraculis.Eorum</span> <span class='ocrx_word' id='word_1_212' title='bbox 1738 3047 2014 3103; x_wconf 84' lang='lat' dir='ltr'>namque,</span> 
     </span>
    </p>
   </div>
   <div class='ocr_carea' id='block_1_33' title="bbox 360 3119 2012 3196">
    <p class='ocr_par' dir='ltr' id='par_1_33' title="bbox 360 3119 2012 3196">
     <span class='ocr_line' id='line_1_33' title="bbox 360 3119 2012 3196; baseline -0.004 -17"><span class='ocrx_word' id='word_1_213' title='bbox 360 3141 509 3196; x_wconf 90' lang='lat' dir='ltr'>quos</span> <span class='ocrx_word' id='word_1_214' title='bbox 534 3124 605 3179; x_wconf 87' lang='lat' dir='ltr'>ad</span> <span class='ocrx_word' id='word_1_215' title='bbox 627 3121 842 3177; x_wconf 86' lang='lat' dir='ltr'>Christi</span> <span class='ocrx_word' id='word_1_216' title='bbox 866 3119 1090 3176; x_wconf 89' lang='lat' dir='ltr'>cultum</span> <span class='ocrx_word' id='word_1_217' title='bbox 1105 3120 1209 3174; x_wconf 83' lang='lat' dir='ltr'>viri</span> <span class='ocrx_word' id='word_1_218' title='bbox 1235 3120 1333 3175; x_wconf 94' lang='lat' dir='ltr'>Dei</span> <span class='ocrx_word' id='word_1_219' title='bbox 1356 3121 1649 3191; x_wconf 81' lang='lat' dir='ltr'>persuasit</span> <span class='ocrx_word' id='word_1_220' title='bbox 1671 3119 2012 3192; x_wconf 89' lang='lat' dir='ltr'>disputatio,</span> 
     </span>
    </p>
   </div>
   <div class='ocr_carea' id='block_1_34' title="bbox 360 3205 2014 3284">
    <p class='ocr_par' dir='ltr' id='par_1_34' title="bbox 360 3205 2014 3284">
     <span class='ocr_line' id='line_1_34' title="bbox 360 3205 2014 3284; baseline -0.004 -17"><span class='ocrx_word' id='word_1_221' title='bbox 360 3214 673 3284; x_wconf 82' lang='lat' dir='ltr'>postquam</span> <span class='ocrx_word' id='word_1_222' title='bbox 696 3207 1037 3266; x_wconf 69' lang='lat' dir='ltr'>Christianae</span> <span class='ocrx_word' id='word_1_223' title='bbox 1072 3208 1417 3279; x_wconf 80' lang='lat' dir='ltr'>professioni</span> <span class='ocrx_word' id='word_1_224' title='bbox 1444 3227 1476 3264; x_wconf 91' lang='lat' dir='ltr'>a</span> <span class='ocrx_word' id='word_1_225' title='bbox 1507 3210 1621 3264; x_wconf 90' lang='lat' dir='ltr'>ritu</span> <span class='ocrx_word' id='word_1_226' title='bbox 1657 3224 1717 3265; x_wconf 84' lang='lat' dir='ltr'>se</span> <span class='ocrx_word' id='word_1_227' title='bbox 1748 3205 2014 3264; x_wconf 88' lang='lat' dir='ltr'>contule-</span> 
     </span>
    </p>
   </div>
   <div class='ocr_carea' id='block_1_35' title="bbox 2129 635 3809 705">
    <p class='ocr_par' dir='ltr' id='par_1_35' title="bbox 2129 635 3809 705">
     <span class='ocr_line' id='line_1_35' title="bbox 2129 635 3809 705; baseline 0.001 -16"><span class='ocrx_word' id='word_1_228' title='bbox 2129 635 2231 705; x_wconf 87' lang='lat' dir='ltr'>jus</span> <span class='ocrx_word' id='word_1_229' title='bbox 2284 636 2340 688; x_wconf 91' lang='lat' dir='ltr'>in</span> <span class='ocrx_word' id='word_1_230' title='bbox 2403 636 2857 704; x_wconf 76' lang='lat' dir='ltr'>conversatione,</span> <span class='ocrx_word' id='word_1_231' title='bbox 2894 637 3027 691; x_wconf 84' lang='lat' dir='ltr'>licet</span> <span class='ocrx_word' id='word_1_232' title='bbox 3087 637 3365 692; x_wconf 84' lang='lat' dir='ltr'>humanis</span> <span class='ocrx_word' id='word_1_233' title='bbox 3426 638 3809 692; x_wconf 78' lang='lat' dir='ltr'>contraheret</span> 
     </span>
    </p>
   </div>
   <div class='ocr_carea' id='block_1_36' title="bbox 2138 725 3809 790">
    <p class='ocr_par' dir='ltr' id='par_1_36' title="bbox 2138 725 3809 790">
     <span class='ocr_line' id='line_1_36' title="bbox 2138 725 3809 790; baseline 0.003 -14"><span class='ocrx_word' id='word_1_234' title='bbox 2138 739 2206 777; x_wconf 80' lang='lat' dir='ltr'>ex</span> <span class='ocrx_word' id='word_1_235' title='bbox 2239 725 2566 790; x_wconf 68' lang='lat' dir='ltr'>affectibus,</span> <span class='ocrx_word' id='word_1_236' title='bbox 2628 726 2783 780; x_wconf 83' lang='lat' dir='ltr'>unde</span> <span class='ocrx_word' id='word_1_237' title='bbox 2844 726 3101 780; x_wconf 74' lang='lat' dir='ltr'>diceret:</span> <span class='ocrx_word' id='word_1_238' title='bbox 3137 728 3357 781; x_wconf 65' lang='lat' dir='ltr'>Dimitte</span> <span class='ocrx_word' id='word_1_239' title='bbox 3413 728 3580 783; x_wconf 63' lang='lat' dir='ltr'>not/is</span> <span class='ocrx_word' id='word_1_240' title='bbox 3631 728 3809 781; x_wconf 64' lang='lat' dir='ltr'>debita</span> 
     </span>
    </p>
   </div>
   <div class='ocr_carea' id='block_1_37' title="bbox 2135 812 3807 886">
    <p class='ocr_par' dir='ltr' id='par_1_37' title="bbox 2135 812 3807 886">
     <span class='ocr_line' id='line_1_37' title="bbox 2135 812 3807 886; baseline 0.002 -21"><span class='ocrx_word' id='word_1_241' title='bbox 2135 820 2318 866; x_wconf 71' lang='lat' dir='ltr'>nostra</span> <span class='ocrx_word' id='word_1_242' title='bbox 2380 813 2395 881; x_wconf 61' lang='grc' dir='ltr'><em>ζ</em></span> <span class='ocrx_word' id='word_1_243' title='bbox 2407 816 2458 867; x_wconf 82' lang='lat' dir='ltr'>si</span> <span class='ocrx_word' id='word_1_244' title='bbox 2516 816 2662 868; x_wconf 78' lang='lat' dir='ltr'>enim</span> <span class='ocrx_word' id='word_1_245' title='bbox 2734 812 3039 869; x_wconf 63' lang='lat' dir='ltr'>dixerimus</span> <span class='ocrx_word' id='word_1_246' title='bbox 3121 818 3248 886; x_wconf 70' lang='lat' dir='ltr'>quia</span> <span class='ocrx_word' id='word_1_247' title='bbox 3332 824 3622 886; x_wconf 63' lang='lat' dir='ltr'>precatum</span> <span class='ocrx_word' id='word_1_248' title='bbox 3702 833 3807 870; x_wconf 63' lang='lat' dir='ltr'>neri</span> 
     </span>
    </p>
   </div>
   <div class='ocr_carea' id='block_1_38' title="bbox 2137 900 3806 973">
    <p class='ocr_par' dir='ltr' id='par_1_38' title="bbox 2137 900 3806 973">
     <span class='ocr_line' id='line_1_38' title="bbox 2137 900 3806 973; baseline 0.003 -19"><span class='ocrx_word' id='word_1_249' title='bbox 2137 900 2415 966; x_wconf 63' lang='lat' dir='ltr'>habemus,</span> <span class='ocrx_word' id='word_1_250' title='bbox 2452 919 2548 957; x_wconf 76' lang='lat' dir='ltr'>nos</span> <span class='ocrx_word' id='word_1_251' title='bbox 2573 900 2738 973; x_wconf 63' lang='lat' dir='ltr'>&#39;ipses</span> <span class='ocrx_word' id='word_1_252' title='bbox 2785 903 3156 971; x_wconf 64' lang='lat' dir='ltr'>sudavimus);</span> <span class='ocrx_word' id='word_1_253' title='bbox 3187 904 3258 958; x_wconf 86' lang='lat' dir='ltr'>ab</span> <span class='ocrx_word' id='word_1_254' title='bbox 3296 904 3407 958; x_wconf 84' lang='lat' dir='ltr'>hoc</span> <span class='ocrx_word' id='word_1_255' title='bbox 3461 908 3669 957; x_wconf 73' lang='lat' dir='ltr'>tamen</span> <span class='ocrx_word' id='word_1_256' title='bbox 3704 923 3806 959; x_wconf 36' lang='lat' dir='ltr'>sar-</span> 
     </span>
    </p>
   </div>
   <div class='ocr_carea' id='block_1_39' title="bbox 2137 989 3806 1062">
    <p class='ocr_par' dir='ltr' id='par_1_39' title="bbox 2137 989 3806 1062">
     <span class='ocr_line' id='line_1_39' title="bbox 2137 989 3806 1062; baseline 0.002 -18"><span class='ocrx_word' id='word_1_257' title='bbox 2137 989 2287 1053; x_wconf 85' lang='lat' dir='ltr'>culo,</span> <span class='ocrx_word' id='word_1_258' title='bbox 2317 996 2487 1061; x_wconf 86' lang='lat' dir='ltr'>prout</span> <span class='ocrx_word' id='word_1_259' title='bbox 2517 993 2725 1062; x_wconf 87' lang='lat' dir='ltr'>potuit,</span> <span class='ocrx_word' id='word_1_260' title='bbox 2761 991 3205 1046; x_wconf 72' lang='lat' dir='ltr'>immaculatum</span> <span class='ocrx_word' id='word_1_261' title='bbox 3243 1010 3305 1047; x_wconf 72' lang='lat' dir='ltr'>se</span> <span class='ocrx_word' id='word_1_262' title='bbox 3336 994 3644 1047; x_wconf 72' lang='lat' dir='ltr'>custodire</span> <span class='ocrx_word' id='word_1_263' title='bbox 3681 1002 3806 1048; x_wconf 68' lang='lat' dir='ltr'>stn-</span> 
     </span>
    </p>
   </div>
   <div class='ocr_carea' id='block_1_40' title="bbox 2137 1078 3807 1153">
    <p class='ocr_par' dir='ltr' id='par_1_40' title="bbox 2137 1078 3807 1153">
     <span class='ocr_line' id='line_1_40' title="bbox 2137 1078 3807 1153; baseline 0.002 -22"><span class='ocrx_word' id='word_1_264' title='bbox 2137 1078 2284 1131; x_wconf 84' lang='lat' dir='ltr'>duit.</span> <span class='ocrx_word' id='word_1_265' title='bbox 2322 1079 2429 1133; x_wconf 79' lang='lat' dir='ltr'>Sed</span> <span class='ocrx_word' id='word_1_266' title='bbox 2460 1084 2613 1134; x_wconf 83' lang='lat' dir='ltr'>totus</span> <span class='ocrx_word' id='word_1_267' title='bbox 2638 1080 2959 1151; x_wconf 71' lang='lat' dir='ltr'>quamlibet</span> <span class='ocrx_word' id='word_1_268' title='bbox 2990 1082 3283 1136; x_wconf 76' lang='lat' dir='ltr'>videretur</span> <span class='ocrx_word' id='word_1_269' title='bbox 3313 1083 3602 1147; x_wconf 83' lang='lat' dir='ltr'>mundus,</span> <span class='ocrx_word' id='word_1_270' title='bbox 3634 1084 3807 1153; x_wconf 65' lang='lat' dir='ltr'>juxta</span> 
     </span>
    </p>
   </div>
   <div class='ocr_carea' id='block_1_41' title="bbox 2138 1167 3803 1243">
    <p class='ocr_par' dir='ltr' id='par_1_41' title="bbox 2138 1167 3803 1243">
     <span class='ocr_line' id='line_1_41' title="bbox 2138 1167 3803 1243; baseline 0.002 -22"><span class='ocrx_word' id='word_1_271' title='bbox 2138 1167 2502 1223; x_wconf 70' lang='lat' dir='ltr'>Dominfcam</span> <span class='ocrx_word' id='word_1_272' title='bbox 2531 1173 2724 1224; x_wconf 80' lang='lat' dir='ltr'>tamen</span> <span class='ocrx_word' id='word_1_273' title='bbox 2757 1170 3105 1225; x_wconf 73' lang='lat' dir='ltr'>sententiam</span> <span class='ocrx_word' id='word_1_274' title='bbox 3132 1169 3277 1225; x_wconf 83' lang='lat' dir='ltr'>illud</span> <span class='ocrx_word' id='word_1_275' title='bbox 3304 1170 3469 1225; x_wconf 78' lang='lat' dir='ltr'>&quot;uteri</span> <span class='ocrx_word' id='word_1_276' title='bbox 3507 1174 3803 1243; x_wconf 61' lang='lat' dir='ltr'>cogimur,</span> 
     </span>
    </p>
   </div>
   <div class='ocr_carea' id='block_1_42' title="bbox 2136 1257 3803 1331">
    <p class='ocr_par' dir='ltr' id='par_1_42' title="bbox 2136 1257 3803 1331">
     <span class='ocr_line' id='line_1_42' title="bbox 2136 1257 3803 1331; baseline 0.002 -21"><span class='ocrx_word' id='word_1_277' title='bbox 2136 1257 2286 1327; x_wconf 83' lang='lat' dir='ltr'>quod</span> <span class='ocrx_word' id='word_1_278' title='bbox 2326 1274 2534 1329; x_wconf 65' lang='lat' dir='ltr'>negare</span> <span class='ocrx_word' id='word_1_279' title='bbox 2570 1277 2679 1313; x_wconf 68' lang='lat' dir='ltr'>non</span> <span class='ocrx_word' id='word_1_280' title='bbox 2715 1260 3038 1325; x_wconf 74' lang='lat' dir='ltr'>mutemus;</span> <span class='ocrx_word' id='word_1_281' title='bbox 3076 1260 3214 1330; x_wconf 83' lang='lat' dir='ltr'>quia</span> <span class='ocrx_word' id='word_1_282' title='bbox 3245 1260 3438 1314; x_wconf 76' lang='lat' dir='ltr'>adhuc</span> <span class='ocrx_word' id='word_1_283' title='bbox 3493 1261 3803 1331; x_wconf 70' lang='lat' dir='ltr'>indigebat</span> 
     </span>
    </p>
   </div>
   <div class='ocr_carea' id='block_1_43' title="bbox 2135 1347 3805 1420">
    <p class='ocr_par' dir='ltr' id='par_1_43' title="bbox 2135 1347 3805 1420">
     <span class='ocr_line' id='line_1_43' title="bbox 2135 1347 3805 1420; baseline 0.003 -23"><span class='ocrx_word' id='word_1_284' title='bbox 2135 1360 2249 1415; x_wconf 84' lang='lat' dir='ltr'>quo</span> <span class='ocrx_word' id='word_1_285' title='bbox 2279 1363 2550 1400; x_wconf 84' lang='lat' dir='ltr'>summus</span> <span class='ocrx_word' id='word_1_286' title='bbox 2586 1349 2695 1401; x_wconf 82' lang='lat' dir='ltr'>sibi</span> <span class='ocrx_word' id='word_1_287' title='bbox 2732 1348 3006 1418; x_wconf 66' lang='lat' dir='ltr'>Magister</span> <span class='ocrx_word' id='word_1_288' title='bbox 3038 1349 3214 1420; x_wconf 81' lang='lat' dir='ltr'>pedes</span> <span class='ocrx_word' id='word_1_289' title='bbox 3246 1347 3487 1413; x_wconf 81' lang='lat' dir='ltr'>lavarct,</span> <span class='ocrx_word' id='word_1_290' title='bbox 3529 1354 3597 1403; x_wconf 89' lang='lat' dir='ltr'>ut</span> <span class='ocrx_word' id='word_1_291' title='bbox 3633 1350 3696 1404; x_wconf 89' lang='lat' dir='ltr'>in</span> <span class='ocrx_word' id='word_1_292' title='bbox 3742 1367 3805 1404; x_wconf 83' lang='lat' dir='ltr'>eo</span> 
     </span>
    </p>
   </div>
   <div class='ocr_carea' id='block_1_44' title="bbox 2133 1432 3803 1507">
    <p class='ocr_par' dir='ltr' id='par_1_44' title="bbox 2133 1432 3803 1507">
     <span class='ocr_line' id='line_1_44' title="bbox 2133 1432 3803 1507; baseline 0.002 -19"><span class='ocrx_word' id='word_1_293' title='bbox 2133 1432 2276 1488; x_wconf 84' lang='lat' dir='ltr'>illud</span> <span class='ocrx_word' id='word_1_294' title='bbox 2316 1436 2391 1488; x_wconf 90' lang='lat' dir='ltr'>im</span> <span class='ocrx_word' id='word_1_295' title='bbox 2404 1436 2659 1505; x_wconf 72' lang='lat' dir='ltr'>plerctur</span> <span class='ocrx_word' id='word_1_296' title='bbox 2690 1438 2842 1507; x_wconf 75' lang='lat' dir='ltr'>qtiod</span> <span class='ocrx_word' id='word_1_297' title='bbox 2877 1437 3127 1492; x_wconf 74' lang='lat' dir='ltr'>dicitur:</span> <span class='ocrx_word' id='word_1_298' title='bbox 3157 1437 3262 1504; x_wconf 77' lang='lat' dir='ltr'>Qui</span> <span class='ocrx_word' id='word_1_299' title='bbox 3290 1446 3511 1492; x_wconf 74' lang='lat' dir='ltr'>sanctus</span> <span class='ocrx_word' id='word_1_300' title='bbox 3536 1447 3640 1505; x_wconf 72' lang='lat' dir='ltr'>est,</span> <span class='ocrx_word' id='word_1_301' title='bbox 3676 1456 3803 1493; x_wconf 71' lang='lat' dir='ltr'>san-</span> 
     </span>
    </p>
   </div>
   <div class='ocr_carea' id='block_1_45' title="bbox 2132 1524 3805 1598">
    <p class='ocr_par' dir='ltr' id='par_1_45' title="bbox 2132 1524 3805 1598">
     <span class='ocr_line' id='line_1_45' title="bbox 2132 1524 3805 1598; baseline 0.003 -21"><span class='ocrx_word' id='word_1_302' title='bbox 2132 1524 2394 1592; x_wconf 59' lang='lat' dir='ltr'>cti/iretur</span> <span class='ocrx_word' id='word_1_303' title='bbox 2450 1524 2627 1579; x_wconf 66' lang='lat' dir='ltr'>adhue</span> <span class='ocrx_word' id='word_1_304' title='bbox 2656 1527 2836 1597; x_wconf 49' lang='lat' dir='ltr'>(.rtpoe.</span> <span class='ocrx_word' id='word_1_305' title='bbox 2866 1543 2928 1589; x_wconf 79' lang='grc' dir='ltr'>Π,</span> <span class='ocrx_word' id='word_1_306' title='bbox 2963 1525 3071 1592; x_wconf 86' lang='grc'>11).</span> <span class='ocrx_word' id='word_1_307' title='bbox 3135 1525 3442 1598; x_wconf 82' lang='lat' dir='ltr'>Propterea</span> <span class='ocrx_word' id='word_1_308' title='bbox 3492 1525 3624 1581; x_wconf 67' lang='lat' dir='ltr'>haec</span> <span class='ocrx_word' id='word_1_309' title='bbox 3683 1528 3805 1583; x_wconf 69' lang='lat' dir='ltr'>viro</span> 
     </span>
    </p>
   </div>
   <div class='ocr_carea' id='block_1_46' title="bbox 2131 1611 3807 1685">
    <p class='ocr_par' dir='ltr' id='par_1_46' title="bbox 2131 1611 3807 1685">
     <span class='ocr_line' id='line_1_46' title="bbox 2131 1611 3807 1685; baseline 0.003 -20"><span class='ocrx_word' id='word_1_310' title='bbox 2131 1611 2229 1665; x_wconf 81' lang='lat' dir='ltr'>Dei</span> <span class='ocrx_word' id='word_1_311' title='bbox 2266 1612 2583 1681; x_wconf 78' lang='lat' dir='ltr'>tribulatio,</span> <span class='ocrx_word' id='word_1_312' title='bbox 2610 1615 2902 1683; x_wconf 65' lang='lat' dir='ltr'>patientiae</span> <span class='ocrx_word' id='word_1_313' title='bbox 2935 1614 3046 1668; x_wconf 78' lang='lat' dir='ltr'>fuit</span> <span class='ocrx_word' id='word_1_314' title='bbox 3078 1614 3380 1685; x_wconf 85' lang='lat' dir='ltr'>probatio;</span> <span class='ocrx_word' id='word_1_315' title='bbox 3417 1616 3807 1685; x_wconf 82' lang='lat' dir='ltr'>quoniam,ut</span> 
     </span>
    </p>
   </div>
   <div class='ocr_carea' id='block_1_47' title="bbox 2133 1698 3805 1774">
    <p class='ocr_par' dir='ltr' id='par_1_47' title="bbox 2133 1698 3805 1774">
     <span class='ocr_line' id='line_1_47' title="bbox 2133 1698 3805 1774; baseline 0.003 -20"><span class='ocrx_word' id='word_1_316' title='bbox 2133 1698 2215 1754; x_wconf 89' lang='lat' dir='ltr'>ait</span> <span class='ocrx_word' id='word_1_317' title='bbox 2243 1701 2627 1773; x_wconf 78' lang='lat' dir='ltr'>Augustinus,</span> <span class='ocrx_word' id='word_1_318' title='bbox 2664 1701 2864 1757; x_wconf 89' lang='lat' dir='ltr'>nullus</span> <span class='ocrx_word' id='word_1_319' title='bbox 2906 1701 3215 1758; x_wconf 88' lang='lat' dir='ltr'>hominum</span> <span class='ocrx_word' id='word_1_320' title='bbox 3247 1708 3411 1757; x_wconf 83' lang='lat' dir='ltr'>tanta</span> <span class='ocrx_word' id='word_1_321' title='bbox 3441 1708 3536 1757; x_wconf 83' lang='lat' dir='ltr'>est</span> <span class='ocrx_word' id='word_1_322' title='bbox 3556 1705 3805 1774; x_wconf 82' lang='lat' dir='ltr'>justitia</span> 
     </span>
    </p>
   </div>
   <div class='ocr_carea' id='block_1_48' title="bbox 2131 1788 3805 1860">
    <p class='ocr_par' dir='ltr' id='par_1_48' title="bbox 2131 1788 3805 1860">
     <span class='ocr_line' id='line_1_48' title="bbox 2131 1788 3805 1860; baseline 0.004 -18"><span class='ocrx_word' id='word_1_323' title='bbox 2131 1788 2433 1860; x_wconf 71' lang='lat' dir='ltr'>praeditus,</span> <span class='ocrx_word' id='word_1_324' title='bbox 2468 1789 2561 1846; x_wconf 88' lang='lat' dir='ltr'>cui</span> <span class='ocrx_word' id='word_1_325' title='bbox 2586 1807 2701 1846; x_wconf 91' lang='lat' dir='ltr'>non</span> <span class='ocrx_word' id='word_1_326' title='bbox 2726 1791 2801 1845; x_wconf 89' lang='lat' dir='ltr'>sit</span> <span class='ocrx_word' id='word_1_327' title='bbox 2823 1789 3154 1846; x_wconf 84' lang='lat' dir='ltr'>necessaria</span> <span class='ocrx_word' id='word_1_328' title='bbox 3184 1790 3483 1846; x_wconf 83' lang='lat' dir='ltr'>tribulatio</span> <span class='ocrx_word' id='word_1_329' title='bbox 3515 1793 3805 1849; x_wconf 76' lang='lat' dir='ltr'>temtatio-</span> 
     </span>
    </p>
   </div>
   <div class='ocr_carea' id='block_1_49' title="bbox 2129 1876 3803 1952">
    <p class='ocr_par' dir='ltr' id='par_1_49' title="bbox 2129 1876 3803 1952">
     <span class='ocr_line' id='line_1_49' title="bbox 2129 1876 3803 1952; baseline 0.003 -21"><span class='ocrx_word' id='word_1_330' title='bbox 2129 1876 2245 1945; x_wconf 83' lang='lat' dir='ltr'>nis,</span> <span class='ocrx_word' id='word_1_331' title='bbox 2269 1876 2357 1932; x_wconf 92' lang='lat' dir='ltr'>vel</span> <span class='ocrx_word' id='word_1_332' title='bbox 2390 1878 2460 1934; x_wconf 89' lang='lat' dir='ltr'>ad</span> <span class='ocrx_word' id='word_1_333' title='bbox 2487 1879 2926 1952; x_wconf 82' lang='lat' dir='ltr'>perﬁciendam,</span> <span class='ocrx_word' id='word_1_334' title='bbox 2955 1878 3041 1933; x_wconf 86' lang='lat' dir='ltr'>vel</span> <span class='ocrx_word' id='word_1_335' title='bbox 3076 1879 3146 1934; x_wconf 91' lang='lat' dir='ltr'>ad</span> <span class='ocrx_word' id='word_1_336' title='bbox 3179 1880 3683 1948; x_wconf 81' lang='lat' dir='ltr'>conﬁrmandam,</span> <span class='ocrx_word' id='word_1_337' title='bbox 3717 1882 3803 1937; x_wconf 83' lang='lat' dir='ltr'>vel</span> 
     </span>
    </p>
   </div>
   <div class='ocr_carea' id='block_1_50' title="bbox 2128 1966 3803 2040">
    <p class='ocr_par' dir='ltr' id='par_1_50' title="bbox 2128 1966 3803 2040">
     <span class='ocr_line' id='line_1_50' title="bbox 2128 1966 3803 2040; baseline 0.004 -20"><span class='ocrx_word' id='word_1_338' title='bbox 2128 1966 2200 2021; x_wconf 90' lang='lat' dir='ltr'>ad</span> <span class='ocrx_word' id='word_1_339' title='bbox 2227 1968 2585 2037; x_wconf 81' lang='lat' dir='ltr'>probandam</span> <span class='ocrx_word' id='word_1_340' title='bbox 2622 1969 2918 2025; x_wconf 82' lang='lat' dir='ltr'>virtutem.</span> <span class='ocrx_word' id='word_1_341' title='bbox 2937 1969 3229 2039; x_wconf 85' lang='lat' dir='ltr'>Sedjusto</span> <span class='ocrx_word' id='word_1_342' title='bbox 3254 1968 3628 2040; x_wconf 85' lang='lat' dir='ltr'>Deijudicio,</span> <span class='ocrx_word' id='word_1_343' title='bbox 3646 1972 3803 2026; x_wconf 84' lang='lat' dir='ltr'>unde</span> 
     </span>
    </p>
   </div>
   <div class='ocr_carea' id='block_1_51' title="bbox 2126 2056 3803 2131">
    <p class='ocr_par' dir='ltr' id='par_1_51' title="bbox 2126 2056 3803 2131">
     <span class='ocr_line' id='line_1_51' title="bbox 2126 2056 3803 2131; baseline 0.005 -24"><span class='ocrx_word' id='word_1_344' title='bbox 2126 2056 2518 2112; x_wconf 74' lang='lat' dir='ltr'>venerabilem</span> <span class='ocrx_word' id='word_1_345' title='bbox 2573 2065 2795 2129; x_wconf 85' lang='lat' dir='ltr'>patrem</span> <span class='ocrx_word' id='word_1_346' title='bbox 2849 2058 3135 2131; x_wconf 87' lang='lat' dir='ltr'>probatio,</span> <span class='ocrx_word' id='word_1_347' title='bbox 3170 2058 3306 2113; x_wconf 86' lang='lat' dir='ltr'>inde</span> <span class='ocrx_word' id='word_1_348' title='bbox 3345 2076 3405 2113; x_wconf 84' lang='lat' dir='ltr'>se</span> <span class='ocrx_word' id='word_1_349' title='bbox 3439 2057 3803 2115; x_wconf 84' lang='lat' dir='ltr'>tribulantes</span> 
     </span>
    </p>
   </div>
   <div class='ocr_carea' id='block_1_52' title="bbox 2120 2143 3802 2219">
    <p class='ocr_par' dir='ltr' id='par_1_52' title="bbox 2120 2143 3802 2219">
     <span class='ocr_line' id='line_1_52' title="bbox 2120 2143 3802 2219; baseline 0.004 -23"><span class='ocrx_word' id='word_1_350' title='bbox 2120 2143 2285 2214; x_wconf 86' lang='lat' dir='ltr'>justa</span> <span class='ocrx_word' id='word_1_351' title='bbox 2345 2152 2658 2201; x_wconf 82' lang='lat' dir='ltr'>consecuta</span> <span class='ocrx_word' id='word_1_352' title='bbox 2716 2152 2805 2202; x_wconf 85' lang='lat' dir='ltr'>est</span> <span class='ocrx_word' id='word_1_353' title='bbox 2854 2146 3172 2201; x_wconf 86' lang='lat' dir='ltr'>damnatio.</span> <span class='ocrx_word' id='word_1_354' title='bbox 3205 2148 3503 2219; x_wconf 85' lang='lat' dir='ltr'>Angustos</span> <span class='ocrx_word' id='word_1_355' title='bbox 3534 2164 3802 2219; x_wconf 82' lang='lat' dir='ltr'>namque</span> 
     </span>
    </p>
   </div>
   <div class='ocr_carea' id='block_1_53' title="bbox 2130 2231 3797 2306">
    <p class='ocr_par' dir='ltr' id='par_1_53' title="bbox 2130 2231 3797 2306">
     <span class='ocr_line' id='line_1_53' title="bbox 2130 2231 3797 2306; baseline 0.004 -22"><span class='ocrx_word' id='word_1_356' title='bbox 2130 2231 2281 2286; x_wconf 86' lang='lat' dir='ltr'>inter</span> <span class='ocrx_word' id='word_1_357' title='bbox 2332 2232 2505 2304; x_wconf 82' lang='lat' dir='ltr'>Alpes</span> <span class='ocrx_word' id='word_1_358' title='bbox 2557 2236 2894 2291; x_wconf 76' lang='lat' dir='ltr'>obsidentes</span> <span class='ocrx_word' id='word_1_359' title='bbox 2951 2235 3168 2302; x_wconf 85' lang='lat' dir='ltr'>aditus,</span> <span class='ocrx_word' id='word_1_360' title='bbox 3205 2234 3499 2306; x_wconf 85' lang='lat' dir='ltr'>insperato</span> <span class='ocrx_word' id='word_1_361' title='bbox 3545 2236 3797 2291; x_wconf 87' lang='lat' dir='ltr'>insidia-</span> 
     </span>
    </p>
   </div>
   <div class='ocr_carea' id='block_1_54' title="bbox 2128 2320 3796 2396">
    <p class='ocr_par' dir='ltr' id='par_1_54' title="bbox 2128 2320 3796 2396">
     <span class='ocr_line' id='line_1_54' title="bbox 2128 2320 3796 2396; baseline 0.004 -23"><span class='ocrx_word' id='word_1_362' title='bbox 2128 2320 2344 2375; x_wconf 83' lang='lat' dir='ltr'>bantur</span> <span class='ocrx_word' id='word_1_363' title='bbox 2400 2324 2796 2395; x_wconf 86' lang='lat' dir='ltr'>apostolorum</span> <span class='ocrx_word' id='word_1_364' title='bbox 2856 2324 3063 2379; x_wconf 88' lang='lat' dir='ltr'>limina</span> <span class='ocrx_word' id='word_1_365' title='bbox 3118 2325 3503 2396; x_wconf 87' lang='lat' dir='ltr'>petentibus:</span> <span class='ocrx_word' id='word_1_366' title='bbox 3554 2325 3662 2380; x_wconf 82' lang='lat' dir='ltr'>sed</span> <span class='ocrx_word' id='word_1_367' title='bbox 3723 2326 3796 2379; x_wconf 87' lang='lat' dir='ltr'>ab</span> 
     </span>
    </p>
   </div>
   <div class='ocr_carea' id='block_1_55' title="bbox 2128 2408 3798 2485">
    <p class='ocr_par' dir='ltr' id='par_1_55' title="bbox 2128 2408 3798 2485">
     <span class='ocr_line' id='line_1_55' title="bbox 2128 2408 3798 2485; baseline 0.004 -24"><span class='ocrx_word' id='word_1_368' title='bbox 2128 2408 2348 2464; x_wconf 85' lang='lat' dir='ltr'>eisdem</span> <span class='ocrx_word' id='word_1_369' title='bbox 2384 2411 2524 2467; x_wconf 92' lang='lat' dir='ltr'>dum</span> <span class='ocrx_word' id='word_1_370' title='bbox 2559 2414 2790 2485; x_wconf 85' lang='lat' dir='ltr'>capitur</span> <span class='ocrx_word' id='word_1_371' title='bbox 2820 2414 2917 2485; x_wconf 90' lang='lat' dir='ltr'>qui</span> <span class='ocrx_word' id='word_1_372' title='bbox 2949 2414 3020 2468; x_wconf 87' lang='lat' dir='ltr'>ab</span> <span class='ocrx_word' id='word_1_373' title='bbox 3039 2411 3448 2485; x_wconf 87' lang='lat' dir='ltr'>Omnipotente</span> <span class='ocrx_word' id='word_1_374' title='bbox 3477 2413 3798 2485; x_wconf 83' lang='lat' dir='ltr'>quamplu-</span> 
     </span>
    </p>
   </div>
   <div class='ocr_carea' id='block_1_56' title="bbox 2127 2496 3799 2574">
    <p class='ocr_par' dir='ltr' id='par_1_56' title="bbox 2127 2496 3799 2574">
     <span class='ocr_line' id='line_1_56' title="bbox 2127 2496 3799 2574; baseline 0.003 -23"><span class='ocrx_word' id='word_1_375' title='bbox 2127 2496 2346 2553; x_wconf 90' lang='lat' dir='ltr'>rimum</span> <span class='ocrx_word' id='word_1_376' title='bbox 2380 2500 2757 2574; x_wconf 85' lang='lat' dir='ltr'>diligebatur,</span> <span class='ocrx_word' id='word_1_377' title='bbox 2772 2503 2901 2574; x_wconf 78' lang='lat' dir='ltr'>ejus</span> <span class='ocrx_word' id='word_1_378' title='bbox 2920 2500 3249 2557; x_wconf 88' lang='lat' dir='ltr'>sanctitatis</span> <span class='ocrx_word' id='word_1_379' title='bbox 3281 2519 3348 2557; x_wconf 83' lang='lat' dir='ltr'>ex</span> <span class='ocrx_word' id='word_1_380' title='bbox 3378 2502 3590 2556; x_wconf 86' lang='lat' dir='ltr'>merito</span> <span class='ocrx_word' id='word_1_381' title='bbox 3617 2502 3799 2556; x_wconf 86' lang='lat' dir='ltr'>comi-</span> 
     </span>
    </p>
   </div>
   <div class='ocr_carea' id='block_1_57' title="bbox 2129 2589 3370 2660">
    <p class='ocr_par' dir='ltr' id='par_1_57' title="bbox 2129 2589 3370 2660">
     <span class='ocr_line' id='line_1_57' title="bbox 2129 2589 3370 2660; baseline 0.004 -21"><span class='ocrx_word' id='word_1_382' title='bbox 2129 2602 2241 2640; x_wconf 85' lang='lat' dir='ltr'>nus</span> <span class='ocrx_word' id='word_1_383' title='bbox 2274 2604 2450 2660; x_wconf 89' lang='lat' dir='ltr'>super</span> <span class='ocrx_word' id='word_1_384' title='bbox 2476 2607 2572 2645; x_wconf 86' lang='lat' dir='ltr'>eos</span> <span class='ocrx_word' id='word_1_385' title='bbox 2605 2589 2797 2646; x_wconf 82' lang='lat' dir='ltr'>divina</span> <span class='ocrx_word' id='word_1_386' title='bbox 2831 2608 2889 2647; x_wconf 83' lang='lat' dir='ltr'>se</span> <span class='ocrx_word' id='word_1_387' title='bbox 2922 2589 3173 2646; x_wconf 89' lang='lat' dir='ltr'>contulit</span> <span class='ocrx_word' id='word_1_388' title='bbox 3205 2589 3370 2646; x_wconf 84' lang='lat' dir='ltr'>ultio.</span> 
     </span>
    </p>
   </div>
   <div class='ocr_carea' id='block_1_58' title="bbox 2198 2674 3794 2752">
    <p class='ocr_par' dir='ltr' id='par_1_58' title="bbox 2198 2674 3794 2752">
     <span class='ocr_line' id='line_1_58' title="bbox 2198 2674 3794 2752; baseline 0.003 -24"><span class='ocrx_word' id='word_1_389' title='bbox 2198 2674 2292 2731; x_wconf 77' lang='lat' dir='ltr'>VI.</span> <span class='ocrx_word' id='word_1_390' title='bbox 2331 2677 2436 2733; x_wconf 88' lang='lat' dir='ltr'>Pro</span> <span class='ocrx_word' id='word_1_391' title='bbox 2460 2678 2796 2735; x_wconf 81' lang='lat' dir='ltr'>ulciscenda</span> <span class='ocrx_word' id='word_1_392' title='bbox 2818 2679 3105 2752; x_wconf 86' lang='lat' dir='ltr'>siquidem</span> <span class='ocrx_word' id='word_1_393' title='bbox 3130 2678 3348 2751; x_wconf 87' lang='lat' dir='ltr'>injuria</span> <span class='ocrx_word' id='word_1_394' title='bbox 3367 2678 3472 2733; x_wconf 91' lang='lat' dir='ltr'>viri</span> <span class='ocrx_word' id='word_1_395' title='bbox 3500 2679 3601 2733; x_wconf 86' lang='lat' dir='ltr'>Dei</span> <span class='ocrx_word' id='word_1_396' title='bbox 3623 2677 3794 2733; x_wconf 86' lang='lat' dir='ltr'>clade</span> 
     </span>
    </p>
   </div>
   <div class='ocr_carea' id='block_1_59' title="bbox 2128 2763 3794 2841">
    <p class='ocr_par' dir='ltr' id='par_1_59' title="bbox 2128 2763 3794 2841">
     <span class='ocr_line' id='line_1_59' title="bbox 2128 2763 3794 2841; baseline 0.003 -24"><span class='ocrx_word' id='word_1_397' title='bbox 2128 2763 2279 2818; x_wconf 89' lang='lat' dir='ltr'>inter</span> <span class='ocrx_word' id='word_1_398' title='bbox 2310 2783 2406 2822; x_wconf 84' lang='lat' dir='ltr'>eos</span> <span class='ocrx_word' id='word_1_399' title='bbox 2435 2773 2731 2841; x_wconf 77' lang='lat' dir='ltr'>surgente,</span> <span class='ocrx_word' id='word_1_400' title='bbox 2757 2767 3036 2841; x_wconf 88' lang='lat' dir='ltr'>paulatim</span> <span class='ocrx_word' id='word_1_401' title='bbox 3070 2772 3373 2840; x_wconf 86' lang='lat' dir='ltr'>coeperunt</span> <span class='ocrx_word' id='word_1_402' title='bbox 3401 2767 3630 2823; x_wconf 87' lang='lat' dir='ltr'>viribus</span> <span class='ocrx_word' id='word_1_403' title='bbox 3652 2768 3794 2822; x_wconf 69' lang='lat' dir='ltr'>deii-</span> 
     </span>
    </p>
   </div>
   <div class='ocr_carea' id='block_1_60' title="bbox 2127 2856 3791 2931">
    <p class='ocr_par' dir='ltr' id='par_1_60' title="bbox 2127 2856 3791 2931">
     <span class='ocr_line' id='line_1_60' title="bbox 2127 2856 3791 2931; baseline 0.002 -25"><span class='ocrx_word' id='word_1_404' title='bbox 2127 2869 2274 2919; x_wconf 88' lang='lat' dir='ltr'>cere,</span> <span class='ocrx_word' id='word_1_405' title='bbox 2312 2856 2452 2911; x_wconf 77' lang='lat' dir='ltr'>adeo</span> <span class='ocrx_word' id='word_1_406' title='bbox 2507 2863 2570 2912; x_wconf 90' lang='lat' dir='ltr'>ut</span> <span class='ocrx_word' id='word_1_407' title='bbox 2609 2856 2802 2913; x_wconf 83' lang='lat' dir='ltr'>divino</span> <span class='ocrx_word' id='word_1_408' title='bbox 2928 2857 3123 2930; x_wconf 90' lang='lat' dir='ltr'>puniri</span> <span class='ocrx_word' id='word_1_409' title='bbox 3156 2858 3389 2913; x_wconf 85' lang='lat' dir='ltr'>verbere</span> <span class='ocrx_word' id='word_1_410' title='bbox 3422 2873 3519 2912; x_wconf 90' lang='lat' dir='ltr'>ore</span> <span class='ocrx_word' id='word_1_411' title='bbox 3552 2857 3791 2929; x_wconf 85' lang='lat' dir='ltr'>proprio</span> 
     </span>
    </p>
   </div>
   <div class='ocr_carea' id='block_1_61' title="bbox 2129 2940 3787 3020">
    <p class='ocr_par' dir='ltr' id='par_1_61' title="bbox 2129 2940 3787 3020">
     <span class='ocr_line' id='line_1_61' title="bbox 2129 2940 3787 3020; baseline 0.002 -26"><span class='ocrx_word' id='word_1_412' title='bbox 2129 2940 2448 2999; x_wconf 75' lang='lat' dir='ltr'>faterentur</span> <span class='ocrx_word' id='word_1_413' title='bbox 2480 2945 2820 3020; x_wconf 81' lang='lat' dir='ltr'>intelligere.</span> <span class='ocrx_word' id='word_1_414' title='bbox 2854 2946 3071 3002; x_wconf 74' lang='lat' dir='ltr'>Verum</span> <span class='ocrx_word' id='word_1_415' title='bbox 3122 2944 3507 3001; x_wconf 83' lang='lat' dir='ltr'>nobilissimis</span> <span class='ocrx_word' id='word_1_416' title='bbox 3547 2944 3652 2999; x_wconf 87' lang='lat' dir='ltr'>viri</span> <span class='ocrx_word' id='word_1_417' title='bbox 3685 2945 3787 3000; x_wconf 87' lang='lat' dir='ltr'>Dei</span> 
     </span>
    </p>
   </div>
   <div class='ocr_carea' id='block_1_62' title="bbox 2127 3029 3791 3108">
    <p class='ocr_par' dir='ltr' id='par_1_62' title="bbox 2127 3029 3791 3108">
     <span class='ocr_line' id='line_1_62' title="bbox 2127 3029 3791 3108; baseline 0.004 -26"><span class='ocrx_word' id='word_1_418' title='bbox 2127 3029 2293 3085; x_wconf 82' lang='lat' dir='ltr'>dilati</span> <span class='ocrx_word' id='word_1_419' title='bbox 2326 3033 2747 3108; x_wconf 85' lang='lat' dir='ltr'>spoliis,magis</span> <span class='ocrx_word' id='word_1_420' title='bbox 2779 3053 2843 3091; x_wconf 90' lang='lat' dir='ltr'>ac</span> <span class='ocrx_word' id='word_1_421' title='bbox 2874 3034 3063 3107; x_wconf 88' lang='lat' dir='ltr'>magis</span> <span class='ocrx_word' id='word_1_422' title='bbox 3095 3035 3356 3107; x_wconf 87' lang='lat' dir='ltr'>quotidie</span> <span class='ocrx_word' id='word_1_423' title='bbox 3388 3035 3527 3089; x_wconf 90' lang='lat' dir='ltr'>dum</span> <span class='ocrx_word' id='word_1_424' title='bbox 3556 3032 3791 3089; x_wconf 81' lang='lat' dir='ltr'>labora-</span> 
     </span>
    </p>
   </div>
   <div class='ocr_carea' id='block_1_63' title="bbox 2126 3118 3789 3194">
    <p class='ocr_par' dir='ltr' id='par_1_63' title="bbox 2126 3118 3789 3194">
     <span class='ocr_line' id='line_1_63' title="bbox 2126 3118 3789 3194; baseline 0.004 -23"><span class='ocrx_word' id='word_1_425' title='bbox 2126 3122 2255 3172; x_wconf 90' lang='lat' dir='ltr'>rent</span> <span class='ocrx_word' id='word_1_426' title='bbox 2278 3118 2768 3193; x_wconf 76' lang='lat' dir='ltr'>incommodis,ad</span> <span class='ocrx_word' id='word_1_427' title='bbox 2792 3124 3161 3179; x_wconf 82' lang='lat' dir='ltr'>Fraxinetum</span> <span class='ocrx_word' id='word_1_428' title='bbox 3196 3139 3299 3194; x_wconf 89' lang='lat' dir='ltr'>pcr</span> <span class='ocrx_word' id='word_1_429' title='bbox 3320 3126 3599 3177; x_wconf 88' lang='lat' dir='ltr'>consueta</span> <span class='ocrx_word' id='word_1_430' title='bbox 3622 3123 3789 3177; x_wconf 81' lang='lat' dir='ltr'>devia</span> 
     </span>
    </p>
   </div>
   <div class='ocr_carea' id='block_1_64' title="bbox 2125 3208 3789 3283">
    <p class='ocr_par' dir='ltr' id='par_1_64' title="bbox 2125 3208 3789 3283">
     <span class='ocr_line' id='line_1_64' title="bbox 2125 3208 3789 3283; baseline 0.004 -25"><span class='ocrx_word' id='word_1_431' title='bbox 2125 3210 2391 3278; x_wconf 84' lang='lat' dir='ltr'>expetere</span> <span class='ocrx_word' id='word_1_432' title='bbox 2414 3210 2648 3282; x_wconf 88' lang='lat' dir='ltr'>propria</span> <span class='ocrx_word' id='word_1_433' title='bbox 2680 3211 2937 3283; x_wconf 84' lang='lat' dir='ltr'>aggressi</span> <span class='ocrx_word' id='word_1_434' title='bbox 2974 3215 3113 3265; x_wconf 82' lang='lat' dir='ltr'>sunt</span> <span class='ocrx_word' id='word_1_435' title='bbox 3143 3208 3381 3264; x_wconf 87' lang='lat' dir='ltr'>cubilia.</span> <span class='ocrx_word' id='word_1_436' title='bbox 3410 3210 3558 3264; x_wconf 88' lang='lat' dir='ltr'>Tum</span> <span class='ocrx_word' id='word_1_437' title='bbox 3594 3226 3728 3265; x_wconf 86' lang='lat' dir='ltr'>vero</span> <span class='ocrx_word' id='word_1_438' title='bbox 3754 3227 3789 3265; x_wconf 90' lang='lat' dir='ltr'>a</span> 
     </span>
    </p>
   </div>
   <div class='ocr_carea' id='block_1_65' title="bbox 358 3287 3790 3370">
    <p class='ocr_par' dir='ltr' id='par_1_65' title="bbox 358 3287 3790 3370">
     <span class='ocr_line' id='line_1_65' title="bbox 358 3287 3790 3370; baseline -0 -15"><span class='ocrx_word' id='word_1_439' title='bbox 358 3304 497 3356; x_wconf 88' lang='lat' dir='ltr'>runt</span> <span class='ocrx_word' id='word_1_440' title='bbox 512 3297 837 3365; x_wconf 90' lang='lat' dir='ltr'>barbarico,</span> <span class='ocrx_word' id='word_1_441' title='bbox 865 3296 1441 3367; x_wconf 81' lang='lat' dir='ltr'>sicutjurejurando</span> <span class='ocrx_word' id='word_1_442' title='bbox 1465 3298 1899 3369; x_wconf 86' lang='lat' dir='ltr'>protestabatur</span> <span class='ocrx_word' id='word_1_443' title='bbox 1932 3312 2019 3352; x_wconf 88' lang='lat' dir='ltr'>as—</span> <span class='ocrx_word' id='word_1_444' title='bbox 2047 3287 2089 3353; x_wconf 89' lang='lat' dir='ltr'>C</span> <span class='ocrx_word' id='word_1_445' title='bbox 2129 3291 2476 3353; x_wconf 88' lang='lat' dir='ltr'>Christianis</span> <span class='ocrx_word' id='word_1_446' title='bbox 2510 3299 2715 3355; x_wconf 84' lang='lat' dir='ltr'>itinere</span> <span class='ocrx_word' id='word_1_447' title='bbox 2746 3315 2949 3355; x_wconf 86' lang='lat' dir='ltr'>eorum</span> <span class='ocrx_word' id='word_1_448' title='bbox 2980 3298 3299 3370; x_wconf 81' lang='lat' dir='ltr'>explorato,</span> <span class='ocrx_word' id='word_1_449' title='bbox 3325 3298 3431 3353; x_wconf 85' lang='lat' dir='ltr'>iter</span> <span class='ocrx_word' id='word_1_450' title='bbox 3458 3299 3648 3354; x_wconf 88' lang='lat' dir='ltr'>securi</span> <span class='ocrx_word' id='word_1_451' title='bbox 3688 3316 3790 3370; x_wconf 86' lang='lat' dir='ltr'>per</span> 
     </span>
    </p>
   </div>
   <div class='ocr_carea' id='block_1_66' title="bbox 358 3386 2012 3459">
    <p class='ocr_par' dir='ltr' id='par_1_66' title="bbox 358 3386 2012 3459">
     <span class='ocr_line' id='line_1_66' title="bbox 358 3386 2012 3459; baseline -0.003 -14"><span class='ocrx_word' id='word_1_452' title='bbox 358 3387 557 3457; x_wconf 85' lang='lat' dir='ltr'>sertio,</span> <span class='ocrx_word' id='word_1_453' title='bbox 585 3388 726 3444; x_wconf 92' lang='lat' dir='ltr'>dum</span> <span class='ocrx_word' id='word_1_454' title='bbox 758 3386 1125 3459; x_wconf 87' lang='lat' dir='ltr'>quiescerent</span> <span class='ocrx_word' id='word_1_455' title='bbox 1156 3386 1413 3442; x_wconf 88' lang='lat' dir='ltr'>immites</span> <span class='ocrx_word' id='word_1_456' title='bbox 1446 3392 1729 3441; x_wconf 86' lang='lat' dir='ltr'>nocturno</span> <span class='ocrx_word' id='word_1_457' title='bbox 1754 3390 2012 3458; x_wconf 88' lang='lat' dir='ltr'>tempore</span> 
     </span>
    </p>
   </div>
   <div class='ocr_carea' id='block_1_67' title="bbox 358 3473 2010 3549">
    <p class='ocr_par' dir='ltr' id='par_1_67' title="bbox 358 3473 2010 3549">
     <span class='ocr_line' id='line_1_67' title="bbox 358 3473 2010 3549; baseline -0.003 -16"><span class='ocrx_word' id='word_1_458' title='bbox 358 3478 595 3544; x_wconf 88' lang='lat' dir='ltr'>milites,</span> <span class='ocrx_word' id='word_1_459' title='bbox 630 3481 686 3532; x_wconf 89' lang='lat' dir='ltr'>et</span> <span class='ocrx_word' id='word_1_460' title='bbox 703 3477 792 3531; x_wconf 88' lang='lat' dir='ltr'>vir</span> <span class='ocrx_word' id='word_1_461' title='bbox 816 3475 917 3530; x_wconf 85' lang='lat' dir='ltr'>Dei</span> <span class='ocrx_word' id='word_1_462' title='bbox 945 3474 1173 3530; x_wconf 85' lang='lat' dir='ltr'>debitas</span> <span class='ocrx_word' id='word_1_463' title='bbox 1198 3476 1333 3547; x_wconf 82' lang='lat' dir='ltr'>Regi</span> <span class='ocrx_word' id='word_1_464' title='bbox 1359 3492 1561 3549; x_wconf 78' lang='lat' dir='ltr'>regum</span> <span class='ocrx_word' id='word_1_465' title='bbox 1587 3476 1855 3530; x_wconf 88' lang='lat' dir='ltr'>redderet</span> <span class='ocrx_word' id='word_1_466' title='bbox 1885 3473 2010 3529; x_wconf 88' lang='lat' dir='ltr'>lau-</span> 
     </span>
    </p>
   </div>
   <div class='ocr_carea' id='block_1_68' title="bbox 357 3546 2039 3636">
    <p class='ocr_par' dir='ltr' id='par_1_68' title="bbox 357 3546 2039 3636">
     <span class='ocr_line' id='line_1_68' title="bbox 357 3546 2039 3636; baseline -0.003 -13"><span class='ocrx_word' id='word_1_467' title='bbox 357 3568 481 3635; x_wconf 88' lang='lat' dir='ltr'>des,</span> <span class='ocrx_word' id='word_1_468' title='bbox 507 3566 827 3622; x_wconf 90' lang='lat' dir='ltr'>multorum</span> <span class='ocrx_word' id='word_1_469' title='bbox 853 3582 1049 3621; x_wconf 85' lang='lat' dir='ltr'>secum</span> <span class='ocrx_word' id='word_1_470' title='bbox 1084 3565 1419 3621; x_wconf 88' lang='lat' dir='ltr'>canentium</span> <span class='ocrx_word' id='word_1_471' title='bbox 1452 3565 1666 3636; x_wconf 68' lang='lat' dir='ltr'>smpius</span> <span class='ocrx_word' id='word_1_472' title='bbox 1696 3546 2039 3620; x_wconf 39' lang='lat' dir='ltr'>audiebant.</span> 
     </span>
    </p>
   </div>
   <div class='ocr_carea' id='block_1_69' title="bbox 355 3652 2010 3727">
    <p class='ocr_par' dir='ltr' id='par_1_69' title="bbox 355 3652 2010 3727">
     <span class='ocr_line' id='line_1_69' title="bbox 355 3652 2010 3727; baseline -0.003 -15"><span class='ocrx_word' id='word_1_473' title='bbox 355 3673 545 3723; x_wconf 86' lang='lat' dir='ltr'>voces,</span> <span class='ocrx_word' id='word_1_474' title='bbox 580 3672 729 3727; x_wconf 90' lang='lat' dir='ltr'>quas</span> <span class='ocrx_word' id='word_1_475' title='bbox 751 3654 989 3726; x_wconf 85' lang='lat' dir='ltr'>quidem</span> <span class='ocrx_word' id='word_1_476' title='bbox 1014 3652 1153 3725; x_wconf 86' lang='lat' dir='ltr'>quia</span> <span class='ocrx_word' id='word_1_477' title='bbox 1174 3671 1343 3709; x_wconf 89' lang='lat' dir='ltr'>nemo</span> <span class='ocrx_word' id='word_1_478' title='bbox 1368 3653 1476 3709; x_wconf 89' lang='lat' dir='ltr'>sibi</span> <span class='ocrx_word' id='word_1_479' title='bbox 1512 3654 1817 3709; x_wconf 89' lang='lat' dir='ltr'>hominum</span> <span class='ocrx_word' id='word_1_480' title='bbox 1843 3653 2010 3708; x_wconf 77' lang='lat' dir='ltr'>fami-</span> 
     </span>
    </p>
   </div>
   <div class='ocr_carea' id='block_1_70' title="bbox 355 3743 2011 3816">
    <p class='ocr_par' dir='ltr' id='par_1_70' title="bbox 355 3743 2011 3816">
     <span class='ocr_line' id='line_1_70' title="bbox 355 3743 2011 3816; baseline -0.002 -15"><span class='ocrx_word' id='word_1_481' title='bbox 355 3744 497 3801; x_wconf 87' lang='lat' dir='ltr'>liare</span> <span class='ocrx_word' id='word_1_482' title='bbox 515 3750 654 3800; x_wconf 89' lang='lat' dir='ltr'>tunc</span> <span class='ocrx_word' id='word_1_483' title='bbox 669 3743 980 3816; x_wconf 67' lang='lat' dir='ltr'>praestabat</span> <span class='ocrx_word' id='word_1_484' title='bbox 1001 3743 1589 3816; x_wconf 87' lang='lat' dir='ltr'>contubernium,ipsi</span> <span class='ocrx_word' id='word_1_485' title='bbox 1612 3743 1810 3815; x_wconf 88' lang='lat' dir='ltr'>procul</span> <span class='ocrx_word' id='word_1_486' title='bbox 1835 3744 1866 3798; x_wconf 90' lang='lat' dir='ltr'>d</span> <span class='ocrx_word' id='word_1_487' title='bbox 1878 3744 2011 3798; x_wconf 88' lang='lat' dir='ltr'>ubio</span> 
     </span>
    </p>
   </div>
   <div class='ocr_carea' id='block_1_71' title="bbox 356 3832 2011 3906">
    <p class='ocr_par' dir='ltr' id='par_1_71' title="bbox 356 3832 2011 3906">
     <span class='ocr_line' id='line_1_71' title="bbox 356 3832 2011 3906; baseline -0.002 -16"><span class='ocrx_word' id='word_1_488' title='bbox 356 3832 701 3906; x_wconf 87' lang='lat' dir='ltr'>angelorum</span> <span class='ocrx_word' id='word_1_489' title='bbox 726 3834 843 3888; x_wconf 82' lang='lat' dir='ltr'>fore</span> <span class='ocrx_word' id='word_1_490' title='bbox 866 3832 1203 3887; x_wconf 84' lang='lat' dir='ltr'>asserebant</span> <span class='ocrx_word' id='word_1_491' title='bbox 1223 3849 1357 3886; x_wconf 90' lang='lat' dir='ltr'>cum</span> <span class='ocrx_word' id='word_1_492' title='bbox 1380 3850 1445 3887; x_wconf 88' lang='lat' dir='ltr'>eo</span> <span class='ocrx_word' id='word_1_493' title='bbox 1467 3833 1865 3903; x_wconf 83' lang='lat' dir='ltr'>psallentium.</span> <span class='ocrx_word' id='word_1_494' title='bbox 1900 3833 2011 3887; x_wconf 89' lang='lat' dir='ltr'>lta-</span> 
     </span>
    </p>
   </div>
   <div class='ocr_carea' id='block_1_72' title="bbox 355 3920 2009 3995">
    <p class='ocr_par' dir='ltr' id='par_1_72' title="bbox 355 3920 2009 3995">
     <span class='ocr_line' id='line_1_72' title="bbox 355 3920 2009 3995; baseline -0.001 -18"><span class='ocrx_word' id='word_1_495' title='bbox 355 3939 470 3995; x_wconf 89' lang='lat' dir='ltr'>que</span> <span class='ocrx_word' id='word_1_496' title='bbox 492 3926 557 3977; x_wconf 90' lang='lat' dir='ltr'>ut</span> <span class='ocrx_word' id='word_1_497' title='bbox 587 3940 716 3977; x_wconf 84' lang='lat' dir='ltr'>cras</span> <span class='ocrx_word' id='word_1_498' title='bbox 749 3924 1062 3987; x_wconf 86' lang='lat' dir='ltr'>statutum,</span> <span class='ocrx_word' id='word_1_499' title='bbox 1098 3921 1311 3975; x_wconf 82' lang='lat' dir='ltr'>inﬁniti</span> <span class='ocrx_word' id='word_1_500' title='bbox 1339 3921 1613 3993; x_wconf 88' lang='lat' dir='ltr'>ponderis</span> <span class='ocrx_word' id='word_1_501' title='bbox 1635 3922 1902 3993; x_wconf 86' lang='lat' dir='ltr'>pecunia,</span> <span class='ocrx_word' id='word_1_502' title='bbox 1923 3920 2009 3975; x_wconf 87' lang='lat' dir='ltr'>vel</span> 
     </span>
    </p>
   </div>
   <div class='ocr_carea' id='block_1_73' title="bbox 354 4010 2014 4082">
    <p class='ocr_par' dir='ltr' id='par_1_73' title="bbox 354 4010 2014 4082">
     <span class='ocr_line' id='line_1_73' title="bbox 354 4010 2014 4082; baseline -0.002 -15"><span class='ocrx_word' id='word_1_503' title='bbox 354 4028 422 4067; x_wconf 85' lang='lat' dir='ltr'>ex</span> <span class='ocrx_word' id='word_1_504' title='bbox 441 4010 532 4065; x_wconf 90' lang='lat' dir='ltr'>his</span> <span class='ocrx_word' id='word_1_505' title='bbox 554 4028 681 4082; x_wconf 65' lang='lat' dir='ltr'>qua:</span> <span class='ocrx_word' id='word_1_506' title='bbox 704 4010 775 4064; x_wconf 89' lang='lat' dir='ltr'>ad</span> <span class='ocrx_word' id='word_1_507' title='bbox 817 4026 992 4064; x_wconf 86' lang='lat' dir='ltr'>usum</span> <span class='ocrx_word' id='word_1_508' title='bbox 1027 4010 1376 4073; x_wconf 86' lang='lat' dir='ltr'>necessaria,</span> <span class='ocrx_word' id='word_1_509' title='bbox 1412 4010 1497 4063; x_wconf 89' lang='lat' dir='ltr'>vel</span> <span class='ocrx_word' id='word_1_510' title='bbox 1533 4010 1869 4066; x_wconf 85' lang='lat' dir='ltr'>monasterii</span> <span class='ocrx_word' id='word_1_511' title='bbox 1904 4010 2014 4064; x_wconf 90' lang='lat' dir='ltr'>ha-</span> 
     </span>
    </p>
   </div>
   <div class='ocr_carea' id='block_1_74' title="bbox 354 4097 2014 4170">
    <p class='ocr_par' dir='ltr' id='par_1_74' title="bbox 354 4097 2014 4170">
     <span class='ocr_line' id='line_1_74' title="bbox 354 4097 2014 4170; baseline -0.001 -16"><span class='ocrx_word' id='word_1_512' title='bbox 354 4103 562 4154; x_wconf 85' lang='lat' dir='ltr'>ctenus</span> <span class='ocrx_word' id='word_1_513' title='bbox 586 4099 657 4153; x_wconf 89' lang='lat' dir='ltr'>ad</span> <span class='ocrx_word' id='word_1_514' title='bbox 684 4098 949 4152; x_wconf 86' lang='lat' dir='ltr'>decorem</span> <span class='ocrx_word' id='word_1_515' title='bbox 976 4098 1359 4151; x_wconf 85' lang='lat' dir='ltr'>servabantur</span> <span class='ocrx_word' id='word_1_516' title='bbox 1382 4097 1655 4170; x_wconf 88' lang='lat' dir='ltr'>insignia,</span> <span class='ocrx_word' id='word_1_517' title='bbox 1691 4098 1807 4153; x_wconf 86' lang='lat' dir='ltr'>sive</span> <span class='ocrx_word' id='word_1_518' title='bbox 1841 4099 2014 4153; x_wconf 89' lang='lat' dir='ltr'>bono-</span> 
     </span>
    </p>
   </div>
   <div class='ocr_carea' id='block_1_75' title="bbox 355 4183 2012 4259">
    <p class='ocr_par' dir='ltr' id='par_1_75' title="bbox 355 4183 2012 4259">
     <span class='ocr_line' id='line_1_75' title="bbox 355 4183 2012 4259; baseline -0.002 -16"><span class='ocrx_word' id='word_1_519' title='bbox 355 4204 486 4243; x_wconf 91' lang='lat' dir='ltr'>rum</span> <span class='ocrx_word' id='word_1_520' title='bbox 517 4187 777 4241; x_wconf 89' lang='lat' dir='ltr'>virorum</span> <span class='ocrx_word' id='word_1_521' title='bbox 808 4184 1078 4257; x_wconf 86' lang='lat' dir='ltr'>largitate</span> <span class='ocrx_word' id='word_1_522' title='bbox 1110 4183 1167 4238; x_wconf 91' lang='lat' dir='ltr'>in</span> <span class='ocrx_word' id='word_1_523' title='bbox 1218 4202 1401 4240; x_wconf 90' lang='lat' dir='ltr'>unum</span> <span class='ocrx_word' id='word_1_524' title='bbox 1458 4191 1754 4259; x_wconf 83' lang='lat' dir='ltr'>congesta,</span> <span class='ocrx_word' id='word_1_525' title='bbox 1791 4187 2012 4242; x_wconf 61' lang='lat' dir='ltr'>caeteris</span> 
     </span>
    </p>
   </div>
   <div class='ocr_carea' id='block_1_76' title="bbox 354 4273 2011 4349">
    <p class='ocr_par' dir='ltr' id='par_1_76' title="bbox 354 4273 2011 4349">
     <span class='ocr_line' id='line_1_76' title="bbox 354 4273 2011 4349; baseline 0 -19"><span class='ocrx_word' id='word_1_526' title='bbox 354 4275 455 4349; x_wconf 87' lang='lat' dir='ltr'>qui</span> <span class='ocrx_word' id='word_1_527' title='bbox 475 4275 914 4348; x_wconf 71' lang='lat' dir='ltr'>prmstantiores</span> <span class='ocrx_word' id='word_1_528' title='bbox 935 4274 1284 4328; x_wconf 81' lang='lat' dir='ltr'>videbantur</span> <span class='ocrx_word' id='word_1_529' title='bbox 1297 4273 1521 4340; x_wconf 84' lang='lat' dir='ltr'>fratres,</span> <span class='ocrx_word' id='word_1_530' title='bbox 1538 4290 1669 4329; x_wconf 89' lang='lat' dir='ltr'>cum</span> <span class='ocrx_word' id='word_1_531' title='bbox 1690 4275 2011 4330; x_wconf 88' lang='lat' dir='ltr'>multorum</span> 
     </span>
    </p>
   </div>
   <div class='ocr_carea' id='block_1_77' title="bbox 352 4362 2009 4434">
    <p class='ocr_par' dir='ltr' id='par_1_77' title="bbox 352 4362 2009 4434">
     <span class='ocr_line' id='line_1_77' title="bbox 352 4362 2009 4434; baseline -0.001 -14"><span class='ocrx_word' id='word_1_532' title='bbox 352 4365 767 4421; x_wconf 89' lang='lat' dir='ltr'>thesaurorum</span> <span class='ocrx_word' id='word_1_533' title='bbox 818 4364 1005 4434; x_wconf 87' lang='lat' dir='ltr'>copia,</span> <span class='ocrx_word' id='word_1_534' title='bbox 1041 4362 1133 4416; x_wconf 91' lang='lat' dir='ltr'>die</span> <span class='ocrx_word' id='word_1_535' title='bbox 1192 4367 1571 4417; x_wconf 82' lang='lat' dir='ltr'>accurrerunt</span> <span class='ocrx_word' id='word_1_536' title='bbox 1626 4368 1866 4418; x_wconf 88' lang='lat' dir='ltr'>statuta.</span> <span class='ocrx_word' id='word_1_537' title='bbox 1903 4365 2009 4430; x_wconf 87' lang='lat' dir='ltr'>Qui</span> 
     </span>
    </p>
   </div>
   <div class='ocr_carea' id='block_1_78' title="bbox 353 4450 2014 4527">
    <p class='ocr_par' dir='ltr' id='par_1_78' title="bbox 353 4450 2014 4527">
     <span class='ocr_line' id='line_1_78' title="bbox 353 4450 2014 4527; baseline -0.001 -18"><span class='ocrx_word' id='word_1_538' title='bbox 353 4454 726 4527; x_wconf 70' lang='lat' dir='ltr'>praedonibus</span> <span class='ocrx_word' id='word_1_539' title='bbox 740 4452 939 4509; x_wconf 88' lang='lat' dir='ltr'>omnia</span> <span class='ocrx_word' id='word_1_540' title='bbox 951 4468 1078 4524; x_wconf 74' lang='lat' dir='ltr'>qua:</span> <span class='ocrx_word' id='word_1_541' title='bbox 1093 4450 1292 4506; x_wconf 86' lang='lat' dir='ltr'>solerti</span> <span class='ocrx_word' id='word_1_542' title='bbox 1310 4453 2014 4525; x_wconf 84' lang='lat' dir='ltr'>congcsserantindaginc</span> 
     </span>
    </p>
   </div>
   <div class='ocr_carea' id='block_1_79' title="bbox 351 4539 2015 4615">
    <p class='ocr_par' dir='ltr' id='par_1_79' title="bbox 351 4539 2015 4615">
     <span class='ocr_line' id='line_1_79' title="bbox 351 4539 2015 4615; baseline -0.001 -19"><span class='ocrx_word' id='word_1_543' title='bbox 351 4544 1078 4615; x_wconf 62' lang='lat' dir='ltr'>praebueruntpmnesque</span> <span class='ocrx_word' id='word_1_544' title='bbox 1111 4539 1276 4612; x_wconf 89' lang='lat' dir='ltr'>prius</span> <span class='ocrx_word' id='word_1_545' title='bbox 1306 4540 1556 4596; x_wconf 87' lang='lat' dir='ltr'>vinculis</span> <span class='ocrx_word' id='word_1_546' title='bbox 1579 4540 1679 4613; x_wconf 91' lang='lat' dir='ltr'>qui</span> <span class='ocrx_word' id='word_1_547' title='bbox 1700 4542 2015 4597; x_wconf 87' lang='lat' dir='ltr'>trudeban-</span> 
     </span>
    </p>
   </div>
   <div class='ocr_carea' id='block_1_80' title="bbox 353 4627 2091 4720">
    <p class='ocr_par' dir='ltr' id='par_1_80' title="bbox 353 4627 2091 4720">
     <span class='ocr_line' id='line_1_80' title="bbox 353 4627 2091 4720; baseline -0.001 -33"><span class='ocrx_word' id='word_1_548' title='bbox 353 4636 469 4700; x_wconf 88' lang='lat' dir='ltr'>tur,</span> <span class='ocrx_word' id='word_1_549' title='bbox 505 4631 821 4687; x_wconf 87' lang='lat' dir='ltr'>novissime</span> <span class='ocrx_word' id='word_1_550' title='bbox 850 4629 1094 4701; x_wconf 89' lang='lat' dir='ltr'>posthac</span> <span class='ocrx_word' id='word_1_551' title='bbox 1128 4646 1301 4720; x_wconf 85' lang='lat' dir='ltr'>quem</span> <span class='ocrx_word' id='word_1_552' title='bbox 1330 4627 1671 4701; x_wconf 87' lang='lat' dir='ltr'>diligebant,</span> <span class='ocrx_word' id='word_1_553' title='bbox 1694 4631 1767 4685; x_wconf 90' lang='lat' dir='ltr'>ab</span> <span class='ocrx_word' id='word_1_554' title='bbox 1800 4630 2012 4701; x_wconf 88' lang='lat' dir='ltr'>impio-</span> <span class='ocrx_word' id='word_1_555' title='bbox 2042 4655 2091 4720; x_wconf 72' lang='grc' dir='ltr'><strong>Β</strong></span> 
     </span>
    </p>
   </div>
   <div class='ocr_carea' id='block_1_81' title="bbox 353 4719 2012 4790">
    <p class='ocr_par' dir='ltr' id='par_1_81' title="bbox 353 4719 2012 4790">
     <span class='ocr_line' id='line_1_81' title="bbox 353 4719 2012 4790; baseline 0.001 -17"><span class='ocrx_word' id='word_1_556' title='bbox 353 4735 484 4773; x_wconf 90' lang='lat' dir='ltr'>rum</span> <span class='ocrx_word' id='word_1_557' title='bbox 499 4720 774 4777; x_wconf 88' lang='lat' dir='ltr'>manibus</span> <span class='ocrx_word' id='word_1_558' title='bbox 795 4722 1129 4774; x_wconf 79' lang='lat' dir='ltr'>traxerunt:</span> <span class='ocrx_word' id='word_1_559' title='bbox 1150 4719 1485 4790; x_wconf 76' lang='lat' dir='ltr'>factumque</span> <span class='ocrx_word' id='word_1_560' title='bbox 1509 4723 1597 4773; x_wconf 85' lang='lat' dir='ltr'>est</span> <span class='ocrx_word' id='word_1_561' title='bbox 1618 4735 1872 4790; x_wconf 87' lang='lat' dir='ltr'>superna</span> <span class='ocrx_word' id='word_1_562' title='bbox 1886 4737 2012 4790; x_wconf 86' lang='lat' dir='ltr'>gra-</span> 
     </span>
    </p>
   </div>
   <div class='ocr_carea' id='block_1_82' title="bbox 351 4806 2016 4878">
    <p class='ocr_par' dir='ltr' id='par_1_82' title="bbox 351 4806 2016 4878">
     <span class='ocr_line' id='line_1_82' title="bbox 351 4806 2016 4878; baseline 0.002 -18"><span class='ocrx_word' id='word_1_563' title='bbox 351 4806 883 4878; x_wconf 85' lang='lat' dir='ltr'>tiadisponente,ut</span> <span class='ocrx_word' id='word_1_564' title='bbox 902 4807 1079 4861; x_wconf 88' lang='lat' dir='ltr'>unius</span> <span class='ocrx_word' id='word_1_565' title='bbox 1096 4806 1429 4878; x_wconf 86' lang='lat' dir='ltr'>captivitate</span> <span class='ocrx_word' id='word_1_566' title='bbox 1456 4807 1622 4862; x_wconf 88' lang='lat' dir='ltr'>multi</span> <span class='ocrx_word' id='word_1_567' title='bbox 1654 4809 2016 4864; x_wconf 86' lang='lat' dir='ltr'>donarentur</span> 
     </span>
    </p>
   </div>
   <div class='ocr_carea' id='block_1_83' title="bbox 353 4893 2013 4969">
    <p class='ocr_par' dir='ltr' id='par_1_83' title="bbox 353 4893 2013 4969">
     <span class='ocr_line' id='line_1_83' title="bbox 353 4893 2013 4969; baseline 0.002 -21"><span class='ocrx_word' id='word_1_568' title='bbox 353 4893 623 4950; x_wconf 86' lang='lat' dir='ltr'>libertate</span> <span class='ocrx_word' id='word_1_569' title='bbox 650 4913 661 4963; x_wconf 91' lang='lat'><strong>;</strong></span> <span class='ocrx_word' id='word_1_570' title='bbox 695 4899 753 4955; x_wconf 84' lang='lat' dir='ltr'>et</span> <span class='ocrx_word' id='word_1_571' title='bbox 784 4895 937 4950; x_wconf 87' lang='lat' dir='ltr'>sicut</span> <span class='ocrx_word' id='word_1_572' title='bbox 968 4895 1208 4967; x_wconf 89' lang='lat' dir='ltr'>superni</span> <span class='ocrx_word' id='word_1_573' title='bbox 1260 4895 1434 4969; x_wconf 82' lang='lat' dir='ltr'>Regis</span> <span class='ocrx_word' id='word_1_574' title='bbox 1467 4913 1501 4950; x_wconf 90' lang='lat' dir='ltr'>a</span> <span class='ocrx_word' id='word_1_575' title='bbox 1532 4896 1801 4967; x_wconf 84' lang='lat' dir='ltr'>piissima</span> <span class='ocrx_word' id='word_1_576' title='bbox 1832 4897 2013 4952; x_wconf 85' lang='lat' dir='ltr'>Matre</span> 
     </span>
    </p>
   </div>
   <div class='ocr_carea' id='block_1_84' title="bbox 354 4980 2013 5059">
    <p class='ocr_par' dir='ltr' id='par_1_84' title="bbox 354 4980 2013 5059">
     <span class='ocr_line' id='line_1_84' title="bbox 354 4980 2013 5059; baseline 0.003 -23"><span class='ocrx_word' id='word_1_577' title='bbox 354 4981 632 5054; x_wconf 86' lang='lat' dir='ltr'>petiit,ita</span> <span class='ocrx_word' id='word_1_578' title='bbox 662 4980 813 5036; x_wconf 88' lang='lat' dir='ltr'>inter</span> <span class='ocrx_word' id='word_1_579' title='bbox 845 4982 977 5036; x_wconf 79' lang='lat' dir='ltr'>fidei</span> <span class='ocrx_word' id='word_1_580' title='bbox 1011 4983 1388 5051; x_wconf 87' lang='lat' dir='ltr'>domesticos,</span> <span class='ocrx_word' id='word_1_581' title='bbox 1423 4984 1613 5056; x_wconf 89' lang='lat' dir='ltr'>ipsius</span> <span class='ocrx_word' id='word_1_582' title='bbox 1643 4984 1901 5059; x_wconf 85' lang='lat' dir='ltr'>Virginis</span> <span class='ocrx_word' id='word_1_583' title='bbox 1932 4985 2013 5041; x_wconf 92' lang='lat' dir='ltr'>in-</span> 
     </span>
    </p>
   </div>
   <div class='ocr_carea' id='block_1_85' title="bbox 354 5070 2008 5147">
    <p class='ocr_par' dir='ltr' id='par_1_85' title="bbox 354 5070 2008 5147">
     <span class='ocr_line' id='line_1_85' title="bbox 354 5070 2008 5147; baseline 0.003 -23"><span class='ocrx_word' id='word_1_584' title='bbox 354 5072 620 5124; x_wconf 78' lang='lat' dir='ltr'>terventu</span> <span class='ocrx_word' id='word_1_585' title='bbox 652 5070 1090 5141; x_wconf 85' lang='lat' dir='ltr'>Assumptionis</span> <span class='ocrx_word' id='word_1_586' title='bbox 1139 5070 1512 5127; x_wconf 81' lang='lat' dir='ltr'>festivitatem</span> <span class='ocrx_word' id='word_1_587' title='bbox 1554 5072 1847 5129; x_wconf 85' lang='lat' dir='ltr'>celebrare</span> <span class='ocrx_word' id='word_1_588' title='bbox 1874 5092 2008 5147; x_wconf 88' lang='lat' dir='ltr'>pro-</span> 
     </span>
    </p>
   </div>
   <div class='ocr_carea' id='block_1_86' title="bbox 356 5157 591 5213">
    <p class='ocr_par' dir='ltr' id='par_1_86' title="bbox 356 5157 591 5213">
     <span class='ocr_line' id='line_1_86' title="bbox 356 5157 591 5213; baseline 0 0"><span class='ocrx_word' id='word_1_589' title='bbox 356 5157 591 5213; x_wconf 89' lang='lat' dir='ltr'>meruit.</span> 
     </span>
    </p>
   </div>
   <div class='ocr_carea' id='block_1_87' title="bbox 425 5246 2004 5324">
    <p class='ocr_par' dir='ltr' id='par_1_87' title="bbox 425 5246 2004 5324">
     <span class='ocr_line' id='line_1_87' title="bbox 425 5246 2004 5324; baseline 0.006 -25"><span class='ocrx_word' id='word_1_590' title='bbox 425 5246 493 5300; x_wconf 89' lang='lat' dir='ltr'>V.</span> <span class='ocrx_word' id='word_1_591' title='bbox 527 5246 714 5300; x_wconf 85' lang='lat' dir='ltr'>Maioli</span> <span class='ocrx_word' id='word_1_592' title='bbox 747 5248 1015 5317; x_wconf 70' lang='lat' dir='ltr'>patientia</span> <span class='ocrx_word' id='word_1_593' title='bbox 1063 5248 1193 5303; x_wconf 82' lang='lat' dir='ltr'>hinc</span> <span class='ocrx_word' id='word_1_594' title='bbox 1234 5249 1479 5319; x_wconf 77' lang='lat' dir='ltr'>probata.</span> <span class='ocrx_word' id='word_1_595' title='bbox 1512 5251 1750 5306; x_wconf 81' lang='lat' dir='ltr'>Barbari</span> <span class='ocrx_word' id='word_1_596' title='bbox 1801 5255 2004 5324; x_wconf 80' lang='lat' dir='ltr'>puniti.</span> 
     </span>
    </p>
   </div>
   <div class='ocr_carea' id='block_1_88' title="bbox 354 5332 2004 5406">
    <p class='ocr_par' dir='ltr' id='par_1_88' title="bbox 354 5332 2004 5406">
     <span class='ocr_line' id='line_1_88' title="bbox 354 5332 2004 5406; baseline 0.005 -18"><span class='ocrx_word' id='word_1_597' title='bbox 354 5334 740 5389; x_wconf 85' lang='lat' dir='ltr'>—Enimvero</span> <span class='ocrx_word' id='word_1_598' title='bbox 773 5332 911 5403; x_wconf 88' lang='lat' dir='ltr'>quia</span> <span class='ocrx_word' id='word_1_599' title='bbox 940 5335 1086 5388; x_wconf 92' lang='lat' dir='ltr'>nihil</span> <span class='ocrx_word' id='word_1_600' title='bbox 1118 5335 1175 5388; x_wconf 92' lang='lat' dir='ltr'>in</span> <span class='ocrx_word' id='word_1_601' title='bbox 1209 5341 1362 5391; x_wconf 86' lang='lat' dir='ltr'>terra</span> <span class='ocrx_word' id='word_1_602' title='bbox 1384 5337 1508 5392; x_wconf 87' lang='lat' dir='ltr'>sine</span> <span class='ocrx_word' id='word_1_603' title='bbox 1528 5355 1706 5393; x_wconf 87' lang='lat' dir='ltr'>causa</span> <span class='ocrx_word' id='word_1_604' title='bbox 1730 5341 1811 5406; x_wconf 79' lang='lat' dir='ltr'>ﬁt,</span> <span class='ocrx_word' id='word_1_605' title='bbox 1848 5342 2004 5396; x_wconf 88' lang='lat' dir='ltr'>Scri-</span> 
     </span>
    </p>
   </div>
   <div class='ocr_carea' id='block_1_89' title="bbox 353 5420 2007 5495">
    <p class='ocr_par' dir='ltr' id='par_1_89' title="bbox 353 5420 2007 5495">
     <span class='ocr_line' id='line_1_89' title="bbox 353 5420 2007 5495; baseline 0.005 -18"><span class='ocrx_word' id='word_1_606' title='bbox 353 5427 527 5495; x_wconf 89' lang='lat' dir='ltr'>ptura</span> <span class='ocrx_word' id='word_1_607' title='bbox 547 5426 711 5490; x_wconf 88' lang='lat' dir='ltr'>teste,</span> <span class='ocrx_word' id='word_1_608' title='bbox 729 5420 934 5475; x_wconf 62' lang='lat' dir='ltr'>divinae</span> <span class='ocrx_word' id='word_1_609' title='bbox 956 5422 1330 5492; x_wconf 70' lang='lat' dir='ltr'>providentiae</span> <span class='ocrx_word' id='word_1_610' title='bbox 1355 5442 1467 5479; x_wconf 91' lang='lat' dir='ltr'>non</span> <span class='ocrx_word' id='word_1_611' title='bbox 1493 5426 1597 5479; x_wconf 88' lang='lat' dir='ltr'>abs</span> <span class='ocrx_word' id='word_1_612' title='bbox 1622 5444 1681 5480; x_wconf 90' lang='lat' dir='ltr'>re</span> <span class='ocrx_word' id='word_1_613' title='bbox 1712 5429 2007 5485; x_wconf 87' lang='lat' dir='ltr'>credimus</span> 
     </span>
    </p>
   </div>
   <div class='ocr_carea' id='block_1_90' title="bbox 355 5512 2006 5585">
    <p class='ocr_par' dir='ltr' id='par_1_90' title="bbox 355 5512 2006 5585">
     <span class='ocr_line' id='line_1_90' title="bbox 355 5512 2006 5585; baseline 0.004 -19"><span class='ocrx_word' id='word_1_614' title='bbox 355 5512 667 5583; x_wconf 85' lang='lat' dir='ltr'>placuisse,</span> <span class='ocrx_word' id='word_1_615' title='bbox 701 5514 993 5582; x_wconf 85' lang='lat' dir='ltr'>quatenus</span> <span class='ocrx_word' id='word_1_616' title='bbox 1040 5512 1128 5565; x_wconf 89' lang='lat' dir='ltr'>vir</span> <span class='ocrx_word' id='word_1_617' title='bbox 1175 5513 1486 5567; x_wconf 79' lang='lat' dir='ltr'>sanctitate</span> <span class='ocrx_word' id='word_1_618' title='bbox 1520 5515 1847 5585; x_wconf 71' lang='lat' dir='ltr'>prwcipuus</span> <span class='ocrx_word' id='word_1_619' title='bbox 1878 5517 2006 5573; x_wconf 81' lang='lat' dir='ltr'>ideo</span> 
     </span>
    </p>
   </div>
   <div class='ocr_carea' id='block_1_91' title="bbox 352 5599 2008 5675">
    <p class='ocr_par' dir='ltr' id='par_1_91' title="bbox 352 5599 2008 5675">
     <span class='ocr_line' id='line_1_91' title="bbox 352 5599 2008 5675; baseline 0.002 -18"><span class='ocrx_word' id='word_1_620' title='bbox 352 5600 678 5657; x_wconf 83' lang='lat' dir='ltr'>volveretur</span> <span class='ocrx_word' id='word_1_621' title='bbox 698 5602 785 5654; x_wconf 90' lang='lat' dir='ltr'>tot</span> <span class='ocrx_word' id='word_1_622' title='bbox 804 5599 1059 5665; x_wconf 85' lang='lat' dir='ltr'>casibus,</span> <span class='ocrx_word' id='word_1_623' title='bbox 1083 5604 1147 5652; x_wconf 93' lang='lat' dir='ltr'>ut</span> <span class='ocrx_word' id='word_1_624' title='bbox 1171 5602 1375 5655; x_wconf 77' lang='lat' dir='ltr'>exinde</span> <span class='ocrx_word' id='word_1_625' title='bbox 1400 5606 1455 5653; x_wconf 81' lang='lat' dir='ltr'>et</span> <span class='ocrx_word' id='word_1_626' title='bbox 1484 5601 1571 5655; x_wconf 87' lang='lat' dir='ltr'>vir</span> <span class='ocrx_word' id='word_1_627' title='bbox 1602 5603 1700 5658; x_wconf 88' lang='lat' dir='ltr'>Dei</span> <span class='ocrx_word' id='word_1_628' title='bbox 1731 5622 2008 5675; x_wconf 77' lang='lat' dir='ltr'>pressura</span> 
     </span>
    </p>
   </div>
   <div class='ocr_carea' id='block_1_92' title="bbox 353 5688 2005 5761">
    <p class='ocr_par' dir='ltr' id='par_1_92' title="bbox 353 5688 2005 5761">
     <span class='ocr_line' id='line_1_92' title="bbox 353 5688 2005 5761; baseline 0.003 -15"><span class='ocrx_word' id='word_1_629' title='bbox 353 5690 591 5755; x_wconf 81' lang='lat' dir='ltr'>attritus</span> <span class='ocrx_word' id='word_1_630' title='bbox 624 5690 1021 5761; x_wconf 82' lang='lat' dir='ltr'>proiiceret,ct</span> <span class='ocrx_word' id='word_1_631' title='bbox 1052 5688 1398 5747; x_wconf 82' lang='lat' dir='ltr'>mortalibus</span> <span class='ocrx_word' id='word_1_632' title='bbox 1432 5690 1779 5747; x_wconf 79' lang='lat' dir='ltr'>beneﬁcium</span> <span class='ocrx_word' id='word_1_633' title='bbox 1814 5694 2005 5751; x_wconf 87' lang='lat' dir='ltr'>divino</span> 
     </span>
    </p>
   </div>
   <div class='ocr_carea' id='block_1_93' title="bbox 2119 3380 3787 3459">
    <p class='ocr_par' dir='ltr' id='par_1_93' title="bbox 2119 3380 3787 3459">
     <span class='ocr_line' id='line_1_93' title="bbox 2119 3380 3787 3459; baseline 0.005 -24"><span class='ocrx_word' id='word_1_634' title='bbox 2119 3380 2296 3454; x_wconf 88' lang='lat' dir='ltr'>Alpes</span> <span class='ocrx_word' id='word_1_635' title='bbox 2321 3387 2459 3442; x_wconf 90' lang='lat' dir='ltr'>dum</span> <span class='ocrx_word' id='word_1_636' title='bbox 2496 3404 2657 3443; x_wconf 85' lang='lat' dir='ltr'>more</span> <span class='ocrx_word' id='word_1_637' title='bbox 2690 3393 2955 3445; x_wconf 84' lang='lat' dir='ltr'>tenerent</span> <span class='ocrx_word' id='word_1_638' title='bbox 2988 3388 3177 3456; x_wconf 83' lang='lat' dir='ltr'>solito,</span> <span class='ocrx_word' id='word_1_639' title='bbox 3213 3404 3390 3459; x_wconf 87' lang='lat' dir='ltr'>super</span> <span class='ocrx_word' id='word_1_640' title='bbox 3420 3404 3480 3442; x_wconf 85' lang='lat' dir='ltr'>sc</span> <span class='ocrx_word' id='word_1_641' title='bbox 3514 3403 3648 3442; x_wconf 83' lang='lat' dir='ltr'>cum</span> <span class='ocrx_word' id='word_1_642' title='bbox 3682 3388 3787 3443; x_wconf 90' lang='lat' dir='ltr'>im-</span> 
     </span>
    </p>
   </div>
   <div class='ocr_carea' id='block_1_94' title="bbox 2122 3476 3783 3549">
    <p class='ocr_par' dir='ltr' id='par_1_94' title="bbox 2122 3476 3783 3549">
     <span class='ocr_line' id='line_1_94' title="bbox 2122 3476 3783 3549; baseline 0.001 -22"><span class='ocrx_word' id='word_1_643' title='bbox 2122 3477 2259 3542; x_wconf 86' lang='lat' dir='ltr'>petu</span> <span class='ocrx_word' id='word_1_644' title='bbox 2291 3476 2651 3531; x_wconf 84' lang='lat' dir='ltr'>venientium</span> <span class='ocrx_word' id='word_1_645' title='bbox 2684 3477 2927 3532; x_wconf 81' lang='lat' dir='ltr'>auribus</span> <span class='ocrx_word' id='word_1_646' title='bbox 2961 3494 2993 3531; x_wconf 93' lang='lat' dir='ltr'>a</span> <span class='ocrx_word' id='word_1_647' title='bbox 3024 3476 3194 3549; x_wconf 83' lang='lat' dir='ltr'>longe</span> <span class='ocrx_word' id='word_1_648' title='bbox 3240 3480 3593 3548; x_wconf 76' lang='lat' dir='ltr'>exceperunt</span> <span class='ocrx_word' id='word_1_649' title='bbox 3626 3476 3783 3530; x_wconf 77' lang='lat' dir='ltr'>soni-</span> 
     </span>
    </p>
   </div>
   <div class='ocr_carea' id='block_1_95' title="bbox 2121 3563 3784 3636">
    <p class='ocr_par' dir='ltr' id='par_1_95' title="bbox 2121 3563 3784 3636">
     <span class='ocr_line' id='line_1_95' title="bbox 2121 3563 3784 3636; baseline 0.001 -20"><span class='ocrx_word' id='word_1_650' title='bbox 2121 3566 2310 3629; x_wconf 89' lang='lat' dir='ltr'>tum,a</span> <span class='ocrx_word' id='word_1_651' title='bbox 2342 3564 2698 3621; x_wconf 85' lang='lat' dir='ltr'>clamoribus</span> <span class='ocrx_word' id='word_1_652' title='bbox 2728 3565 3084 3621; x_wconf 80' lang='lat' dir='ltr'>venientium</span> <span class='ocrx_word' id='word_1_653' title='bbox 3118 3569 3175 3619; x_wconf 85' lang='lat' dir='ltr'>et</span> <span class='ocrx_word' id='word_1_654' title='bbox 3204 3563 3473 3636; x_wconf 85' lang='lat' dir='ltr'>clangore</span> <span class='ocrx_word' id='word_1_655' title='bbox 3504 3564 3784 3619; x_wconf 87' lang='lat' dir='ltr'>tubarum</span> 
     </span>
    </p>
   </div>
   <div class='ocr_carea' id='block_1_96' title="bbox 2122 3652 3785 3728">
    <p class='ocr_par' dir='ltr' id='par_1_96' title="bbox 2122 3652 3785 3728">
     <span class='ocr_line' id='line_1_96' title="bbox 2122 3652 3785 3728; baseline 0.001 -24"><span class='ocrx_word' id='word_1_656' title='bbox 2122 3659 2405 3709; x_wconf 89' lang='lat' dir='ltr'>consonat</span> <span class='ocrx_word' id='word_1_657' title='bbox 2430 3672 2603 3710; x_wconf 89' lang='lat' dir='ltr'>omne</span> <span class='ocrx_word' id='word_1_658' title='bbox 2626 3673 2855 3722; x_wconf 84' lang='lat' dir='ltr'>nemus,</span> <span class='ocrx_word' id='word_1_659' title='bbox 2883 3656 3128 3728; x_wconf 87' lang='lat' dir='ltr'>strepitu</span> <span class='ocrx_word' id='word_1_660' title='bbox 3150 3654 3441 3727; x_wconf 85' lang='lat' dir='ltr'>collesque</span> <span class='ocrx_word' id='word_1_661' title='bbox 3473 3652 3785 3708; x_wconf 86' lang='lat' dir='ltr'>resultant.</span> 
     </span>
    </p>
   </div>
   <div class='ocr_carea' id='block_1_97' title="bbox 2120 3741 3789 3817">
    <p class='ocr_par' dir='ltr' id='par_1_97' title="bbox 2120 3741 3789 3817">
     <span class='ocr_line' id='line_1_97' title="bbox 2120 3741 3789 3817; baseline -0.001 -21"><span class='ocrx_word' id='word_1_662' title='bbox 2120 3741 2423 3815; x_wconf 81' lang='lat' dir='ltr'>Extemplo</span> <span class='ocrx_word' id='word_1_663' title='bbox 2476 3744 2741 3799; x_wconf 84' lang='lat' dir='ltr'>barbaris</span> <span class='ocrx_word' id='word_1_664' title='bbox 2789 3744 3020 3817; x_wconf 90' lang='lat' dir='ltr'>gelidus</span> <span class='ocrx_word' id='word_1_665' title='bbox 3052 3761 3155 3816; x_wconf 89' lang='lat' dir='ltr'>per</span> <span class='ocrx_word' id='word_1_666' title='bbox 3185 3745 3333 3799; x_wconf 89' lang='lat' dir='ltr'>dura</span> <span class='ocrx_word' id='word_1_667' title='bbox 3360 3741 3621 3797; x_wconf 87' lang='lat' dir='ltr'>cucurrit</span> <span class='ocrx_word' id='word_1_668' title='bbox 3651 3758 3789 3795; x_wconf 83' lang='lat' dir='ltr'>ossa</span> 
     </span>
    </p>
   </div>
   <div class='ocr_carea' id='block_1_98' title="bbox 2120 3830 3789 3906">
    <p class='ocr_par' dir='ltr' id='par_1_98' title="bbox 2120 3830 3789 3906">
     <span class='ocr_line' id='line_1_98' title="bbox 2120 3830 3789 3906; baseline -0.001 -22"><span class='ocrx_word' id='word_1_669' title='bbox 2120 3833 2359 3887; x_wconf 86' lang='lat' dir='ltr'>tremor.</span> <span class='ocrx_word' id='word_1_670' title='bbox 2386 3832 2491 3898; x_wconf 88' lang='lat' dir='ltr'>Qui</span> <span class='ocrx_word' id='word_1_671' title='bbox 2519 3834 2714 3889; x_wconf 80' lang='lat' dir='ltr'>divina</span> <span class='ocrx_word' id='word_1_672' title='bbox 2734 3833 2985 3906; x_wconf 83' lang='lat' dir='ltr'>perculsi</span> <span class='ocrx_word' id='word_1_673' title='bbox 3020 3832 3351 3900; x_wconf 78' lang='lat' dir='ltr'>formidine,</span> <span class='ocrx_word' id='word_1_674' title='bbox 3385 3830 3617 3885; x_wconf 90' lang='lat' dir='ltr'>nullum</span> <span class='ocrx_word' id='word_1_675' title='bbox 3646 3847 3789 3884; x_wconf 83' lang='lat' dir='ltr'>scn-</span> 
     </span>
    </p>
   </div>
   <div class='ocr_carea' id='block_1_99' title="bbox 2122 3918 3789 3994">
    <p class='ocr_par' dir='ltr' id='par_1_99' title="bbox 2122 3918 3789 3994">
     <span class='ocr_line' id='line_1_99' title="bbox 2122 3918 3789 3994; baseline 0 -22"><span class='ocrx_word' id='word_1_676' title='bbox 2122 3924 2329 3974; x_wconf 85' lang='lat' dir='ltr'>serunt</span> <span class='ocrx_word' id='word_1_677' title='bbox 2359 3920 2644 3976; x_wconf 79' lang='lat' dir='ltr'>auxilium</span> <span class='ocrx_word' id='word_1_678' title='bbox 2678 3927 2886 3994; x_wconf 71' lang='lat' dir='ltr'>prmter</span> <span class='ocrx_word' id='word_1_679' title='bbox 2918 3923 3065 3994; x_wconf 69' lang='lat' dir='ltr'>fugae</span> <span class='ocrx_word' id='word_1_680' title='bbox 3084 3920 3443 3993; x_wconf 71' lang='lat' dir='ltr'>prmsidium.</span> <span class='ocrx_word' id='word_1_681' title='bbox 3478 3918 3789 3973; x_wconf 86' lang='lat' dir='ltr'>Certamen</span> 
     </span>
    </p>
   </div>
   <div class='ocr_carea' id='block_1_100' title="bbox 2122 4008 3791 4081">
    <p class='ocr_par' dir='ltr' id='par_1_100' title="bbox 2122 4008 3791 4081">
     <span class='ocr_line' id='line_1_100' title="bbox 2122 4008 3791 4081; baseline 0 -20"><span class='ocrx_word' id='word_1_682' title='bbox 2122 4011 2264 4062; x_wconf 88' lang='lat' dir='ltr'>tunc</span> <span class='ocrx_word' id='word_1_683' title='bbox 2290 4026 2569 4081; x_wconf 86' lang='lat' dir='ltr'>magnum</span> <span class='ocrx_word' id='word_1_684' title='bbox 2596 4015 2719 4066; x_wconf 86' lang='lat' dir='ltr'>erat</span> <span class='ocrx_word' id='word_1_685' title='bbox 2745 4009 3094 4066; x_wconf 87' lang='lat' dir='ltr'>Christianis</span> <span class='ocrx_word' id='word_1_686' title='bbox 3118 4027 3249 4065; x_wconf 90' lang='lat' dir='ltr'>cum</span> <span class='ocrx_word' id='word_1_687' title='bbox 3276 4008 3544 4064; x_wconf 84' lang='lat' dir='ltr'>barbaris</span> <span class='ocrx_word' id='word_1_688' title='bbox 3566 4009 3791 4079; x_wconf 73' lang='lat' dir='ltr'>fugien-</span> 
     </span>
    </p>
   </div>
   <div class='ocr_carea' id='block_1_101' title="bbox 2123 4096 3790 4164">
    <p class='ocr_par' dir='ltr' id='par_1_101' title="bbox 2123 4096 3790 4164">
     <span class='ocr_line' id='line_1_101' title="bbox 2123 4096 3790 4164; baseline -0.001 -13"><span class='ocrx_word' id='word_1_689' title='bbox 2123 4096 2303 4164; x_wconf 89' lang='lat' dir='ltr'>tibus,</span> <span class='ocrx_word' id='word_1_690' title='bbox 2339 4103 2395 4152; x_wconf 90' lang='lat' dir='ltr'>et</span> <span class='ocrx_word' id='word_1_691' title='bbox 2425 4097 2553 4153; x_wconf 89' lang='lat' dir='ltr'>ideo</span> <span class='ocrx_word' id='word_1_692' title='bbox 2613 4099 2923 4154; x_wconf 87' lang='lat' dir='ltr'>resistendi</span> <span class='ocrx_word' id='word_1_693' title='bbox 2984 4101 3178 4152; x_wconf 88' lang='lat' dir='ltr'>mente</span> <span class='ocrx_word' id='word_1_694' title='bbox 3231 4097 3512 4151; x_wconf 81' lang='lat' dir='ltr'>divinitus</span> <span class='ocrx_word' id='word_1_695' title='bbox 3544 4097 3790 4151; x_wconf 78' lang='lat' dir='ltr'>absente</span> 
     </span>
    </p>
   </div>
   <div class='ocr_carea' id='block_1_102' title="bbox 2122 4184 3789 4260">
    <p class='ocr_par' dir='ltr' id='par_1_102' title="bbox 2122 4184 3789 4260">
     <span class='ocr_line' id='line_1_102' title="bbox 2122 4184 3789 4260; baseline -0.002 -19"><span class='ocrx_word' id='word_1_696' title='bbox 2122 4186 2552 4253; x_wconf 76' lang='lat' dir='ltr'>accedentibus,</span> <span class='ocrx_word' id='word_1_697' title='bbox 2571 4192 2702 4260; x_wconf 89' lang='lat' dir='ltr'>post</span> <span class='ocrx_word' id='word_1_698' title='bbox 2725 4187 3012 4259; x_wconf 88' lang='lat' dir='ltr'>principia</span> <span class='ocrx_word' id='word_1_699' title='bbox 3034 4186 3335 4241; x_wconf 85' lang='lat' dir='ltr'>certabant</span> <span class='ocrx_word' id='word_1_700' title='bbox 3357 4184 3513 4239; x_wconf 90' lang='lat' dir='ltr'>nuda</span> <span class='ocrx_word' id='word_1_701' title='bbox 3536 4189 3789 4255; x_wconf 64' lang='lat' dir='ltr'>praeten-</span> 
     </span>
    </p>
   </div>
   <div class='ocr_carea' id='block_1_103' title="bbox 2122 4270 3786 4350">
    <p class='ocr_par' dir='ltr' id='par_1_103' title="bbox 2122 4270 3786 4350">
     <span class='ocr_line' id='line_1_103' title="bbox 2122 4270 3786 4350; baseline -0.002 -21"><span class='ocrx_word' id='word_1_702' title='bbox 2122 4275 2257 4350; x_wconf 83' lang='lat' dir='ltr'>dere</span> <span class='ocrx_word' id='word_1_703' title='bbox 2291 4276 2703 4348; x_wconf 85' lang='lat' dir='ltr'>terga.Fugam</span> <span class='ocrx_word' id='word_1_704' title='bbox 2728 4280 2924 4331; x_wconf 89' lang='lat' dir='ltr'>tamen</span> <span class='ocrx_word' id='word_1_705' title='bbox 2948 4276 3090 4331; x_wconf 92' lang='lat' dir='ltr'>dum</span> <span class='ocrx_word' id='word_1_706' title='bbox 3115 4270 3570 4340; x_wconf 81' lang='lat' dir='ltr'>facerent,multi</span> <span class='ocrx_word' id='word_1_707' title='bbox 3603 4272 3786 4343; x_wconf 87' lang='lat' dir='ltr'>capti,</span> 
     </span>
    </p>
   </div>
   <div class='ocr_carea' id='block_1_104' title="bbox 2121 4358 3785 4435">
    <p class='ocr_par' dir='ltr' id='par_1_104' title="bbox 2121 4358 3785 4435">
     <span class='ocr_line' id='line_1_104' title="bbox 2121 4358 3785 4435; baseline -0.004 -16"><span class='ocrx_word' id='word_1_708' title='bbox 2121 4363 2424 4435; x_wconf 86' lang='lat' dir='ltr'>perplures</span> <span class='ocrx_word' id='word_1_709' title='bbox 2472 4380 2606 4420; x_wconf 87' lang='lat' dir='ltr'>vero</span> <span class='ocrx_word' id='word_1_710' title='bbox 2669 4370 2808 4419; x_wconf 86' lang='lat' dir='ltr'>sunt</span> <span class='ocrx_word' id='word_1_711' title='bbox 2863 4364 2989 4419; x_wconf 88' lang='lat' dir='ltr'>neci</span> <span class='ocrx_word' id='word_1_712' title='bbox 3050 4364 3332 4418; x_wconf 87' lang='lat' dir='ltr'>mandati.</span> <span class='ocrx_word' id='word_1_713' title='bbox 3371 4363 3472 4417; x_wconf 86' lang='lat' dir='ltr'>Hic</span> <span class='ocrx_word' id='word_1_714' title='bbox 3514 4378 3651 4417; x_wconf 86' lang='lat' dir='ltr'>vero</span> <span class='ocrx_word' id='word_1_715' title='bbox 3686 4358 3785 4433; x_wconf 87' lang='lat' dir='ltr'>qui</span> 
     </span>
    </p>
   </div>
   <div class='ocr_carea' id='block_1_105' title="bbox 2124 4446 3787 4526">
    <p class='ocr_par' dir='ltr' id='par_1_105' title="bbox 2124 4446 3787 4526">
     <span class='ocr_line' id='line_1_105' title="bbox 2124 4446 3787 4526; baseline -0.002 -19"><span class='ocrx_word' id='word_1_716' title='bbox 2124 4446 2455 4526; x_wconf 80' lang='lat' dir='ltr'>eii‘ugerunt</span> <span class='ocrx_word' id='word_1_717' title='bbox 2485 4454 2556 4509; x_wconf 91' lang='lat' dir='ltr'>ad</span> <span class='ocrx_word' id='word_1_718' title='bbox 2591 4460 2825 4526; x_wconf 90' lang='lat' dir='ltr'>tempus</span> <span class='ocrx_word' id='word_1_719' title='bbox 2874 4452 3116 4508; x_wconf 88' lang='lat' dir='ltr'>dilatam</span> <span class='ocrx_word' id='word_1_720' title='bbox 3168 4457 3434 4515; x_wconf 88' lang='lat' dir='ltr'>mortem,</span> <span class='ocrx_word' id='word_1_721' title='bbox 3470 4450 3787 4522; x_wconf 85' lang='lat' dir='ltr'>cujusdam</span> 
     </span>
    </p>
   </div>
   <div class='ocr_carea' id='block_1_106' title="bbox 2122 4538 3791 4614">
    <p class='ocr_par' dir='ltr' id='par_1_106' title="bbox 2122 4538 3791 4614">
     <span class='ocr_line' id='line_1_106' title="bbox 2122 4538 3791 4614; baseline -0.003 -18"><span class='ocrx_word' id='word_1_722' title='bbox 2122 4542 2506 4614; x_wconf 88' lang='lat' dir='ltr'>promontorii</span> <span class='ocrx_word' id='word_1_723' title='bbox 2561 4542 2940 4614; x_wconf 88' lang='lat' dir='ltr'>supercilium</span> <span class='ocrx_word' id='word_1_724' title='bbox 3001 4540 3308 4596; x_wconf 89' lang='lat' dir='ltr'>tutaminis</span> <span class='ocrx_word' id='word_1_725' title='bbox 3340 4540 3447 4594; x_wconf 85' lang='lat' dir='ltr'>sibi</span> <span class='ocrx_word' id='word_1_726' title='bbox 3481 4538 3791 4610; x_wconf 84' lang='lat' dir='ltr'>elegerunt</span> 
     </span>
    </p>
   </div>
   <div class='ocr_carea' id='block_1_107' title="bbox 2123 4626 3787 4702">
    <p class='ocr_par' dir='ltr' id='par_1_107' title="bbox 2123 4626 3787 4702">
     <span class='ocr_line' id='line_1_107' title="bbox 2123 4626 3787 4702; baseline -0.004 -17"><span class='ocrx_word' id='word_1_727' title='bbox 2123 4630 2614 4702; x_wconf 74' lang='lat' dir='ltr'>przesidium.Scd</span> <span class='ocrx_word' id='word_1_728' title='bbox 2646 4630 2950 4687; x_wconf 86' lang='lat' dir='ltr'>decentius</span> <span class='ocrx_word' id='word_1_729' title='bbox 2982 4630 3418 4695; x_wconf 88' lang='lat' dir='ltr'>occumberent,</span> <span class='ocrx_word' id='word_1_730' title='bbox 3444 4627 3491 4681; x_wconf 90' lang='lat' dir='ltr'>si</span> <span class='ocrx_word' id='word_1_731' title='bbox 3519 4626 3787 4681; x_wconf 87' lang='lat' dir='ltr'>hostium</span> 
     </span>
    </p>
   </div>
   <div class='ocr_carea' id='block_1_108' title="bbox 2120 4714 3788 4791">
    <p class='ocr_par' dir='ltr' id='par_1_108' title="bbox 2120 4714 3788 4791">
     <span class='ocr_line' id='line_1_108' title="bbox 2120 4714 3788 4791; baseline -0.003 -18"><span class='ocrx_word' id='word_1_732' title='bbox 2120 4718 2272 4774; x_wconf 89' lang='lat' dir='ltr'>inter</span> <span class='ocrx_word' id='word_1_733' title='bbox 2300 4720 2414 4775; x_wconf 87' lang='lat' dir='ltr'>tela</span> <span class='ocrx_word' id='word_1_734' title='bbox 2447 4724 2701 4776; x_wconf 86' lang='lat' dir='ltr'>ruerent.</span> <span class='ocrx_word' id='word_1_735' title='bbox 2737 4719 2885 4776; x_wconf 84' lang='lat' dir='ltr'>Illud</span> <span class='ocrx_word' id='word_1_736' title='bbox 2946 4720 3145 4791; x_wconf 87' lang='lat' dir='ltr'>itaque</span> <span class='ocrx_word' id='word_1_737' title='bbox 3204 4715 3674 4790; x_wconf 87' lang='lat' dir='ltr'>promontorium</span> <span class='ocrx_word' id='word_1_738' title='bbox 3707 4714 3788 4769; x_wconf 90' lang='lat' dir='ltr'>ita</span> 
     </span>
    </p>
   </div>
   <div class='ocr_carea' id='block_1_109' title="bbox 2122 4803 3789 4881">
    <p class='ocr_par' dir='ltr' id='par_1_109' title="bbox 2122 4803 3789 4881">
     <span class='ocr_line' id='line_1_109' title="bbox 2122 4803 3789 4881; baseline -0.003 -19"><span class='ocrx_word' id='word_1_739' title='bbox 2122 4809 2304 4866; x_wconf 89' lang='lat' dir='ltr'>vastis</span> <span class='ocrx_word' id='word_1_740' title='bbox 2336 4809 2582 4881; x_wconf 87' lang='lat' dir='ltr'>rupibus</span> <span class='ocrx_word' id='word_1_741' title='bbox 2627 4809 3011 4865; x_wconf 85' lang='lat' dir='ltr'>circumcirca</span> <span class='ocrx_word' id='word_1_742' title='bbox 3038 4804 3269 4862; x_wconf 80' lang='lat' dir='ltr'>videtur</span> <span class='ocrx_word' id='word_1_743' title='bbox 3300 4803 3686 4869; x_wconf 89' lang='lat' dir='ltr'>subductum,</span> <span class='ocrx_word' id='word_1_744' title='bbox 3722 4808 3789 4857; x_wconf 90' lang='lat' dir='ltr'>ut</span> 
     </span>
    </p>
   </div>
   <div class='ocr_carea' id='block_1_110' title="bbox 2123 4890 3790 4972">
    <p class='ocr_par' dir='ltr' id='par_1_110' title="bbox 2123 4890 3790 4972">
     <span class='ocr_line' id='line_1_110' title="bbox 2123 4890 3790 4972; baseline -0.005 -19"><span class='ocrx_word' id='word_1_745' title='bbox 2123 4904 2333 4972; x_wconf 65' lang='lat' dir='ltr'>praeter</span> <span class='ocrx_word' id='word_1_746' title='bbox 2357 4915 2532 4953; x_wconf 88' lang='lat' dir='ltr'>unam</span> <span class='ocrx_word' id='word_1_747' title='bbox 2565 4903 2792 4970; x_wconf 85' lang='lat' dir='ltr'>partem</span> <span class='ocrx_word' id='word_1_748' title='bbox 2830 4898 3029 4954; x_wconf 87' lang='lat' dir='ltr'>lateris</span> <span class='ocrx_word' id='word_1_749' title='bbox 3059 4895 3278 4961; x_wconf 83' lang='lat' dir='ltr'>devexi,</span> <span class='ocrx_word' id='word_1_750' title='bbox 3313 4893 3576 4964; x_wconf 86' lang='lat' dir='ltr'>undique</span> <span class='ocrx_word' id='word_1_751' title='bbox 3608 4890 3790 4946; x_wconf 80' lang='lat' dir='ltr'>facul-</span> 
     </span>
    </p>
   </div>
   <div class='ocr_carea' id='block_1_111' title="bbox 2122 4984 3785 5059">
    <p class='ocr_par' dir='ltr' id='par_1_111' title="bbox 2122 4984 3785 5059">
     <span class='ocr_line' id='line_1_111' title="bbox 2122 4984 3785 5059; baseline -0.005 -16"><span class='ocrx_word' id='word_1_752' title='bbox 2122 4992 2303 5043; x_wconf 86' lang='lat' dir='ltr'>tatem</span> <span class='ocrx_word' id='word_1_753' title='bbox 2334 4988 2579 5059; x_wconf 87' lang='lat' dir='ltr'>deneget</span> <span class='ocrx_word' id='word_1_754' title='bbox 2611 4987 3000 5043; x_wconf 85' lang='lat' dir='ltr'>commeandi.</span> <span class='ocrx_word' id='word_1_755' title='bbox 3038 4986 3196 5040; x_wconf 85' lang='lat' dir='ltr'>Hanc</span> <span class='ocrx_word' id='word_1_756' title='bbox 3255 4984 3507 5053; x_wconf 84' lang='lat' dir='ltr'>denique</span> <span class='ocrx_word' id='word_1_757' title='bbox 3551 4985 3785 5053; x_wconf 85' lang='lat' dir='ltr'>partem</span> 
     </span>
    </p>
   </div>
   <div class='ocr_carea' id='block_1_112' title="bbox 2122 5068 3788 5144">
    <p class='ocr_par' dir='ltr' id='par_1_112' title="bbox 2122 5068 3788 5144">
     <span class='ocr_line' id='line_1_112' title="bbox 2122 5068 3788 5144; baseline -0.005 -12"><span class='ocrx_word' id='word_1_758' title='bbox 2122 5075 2473 5132; x_wconf 87' lang='lat' dir='ltr'>Christianis</span> <span class='ocrx_word' id='word_1_759' title='bbox 2496 5075 3068 5144; x_wconf 85' lang='lat' dir='ltr'>obsidentibus,cum</span> <span class='ocrx_word' id='word_1_760' title='bbox 3095 5072 3293 5128; x_wconf 89' lang='lat' dir='ltr'>nullus</span> <span class='ocrx_word' id='word_1_761' title='bbox 3325 5071 3559 5126; x_wconf 87' lang='lat' dir='ltr'>adesset</span> <span class='ocrx_word' id='word_1_762' title='bbox 3578 5068 3666 5123; x_wconf 88' lang='lat' dir='ltr'>eis</span> <span class='ocrx_word' id='word_1_763' title='bbox 3700 5070 3788 5123; x_wconf 82' lang='lat' dir='ltr'>fu-</span> 
     </span>
    </p>
   </div>
   <div class='ocr_carea' id='block_1_113' title="bbox 2121 5158 3781 5239">
    <p class='ocr_par' dir='ltr' id='par_1_113' title="bbox 2121 5158 3781 5239">
     <span class='ocr_line' id='line_1_113' title="bbox 2121 5158 3781 5239; baseline -0.005 -19"><span class='ocrx_word' id='word_1_764' title='bbox 2121 5165 2315 5239; x_wconf 88' lang='lat' dir='ltr'>giendi</span> <span class='ocrx_word' id='word_1_765' title='bbox 2336 5166 2553 5231; x_wconf 88' lang='lat' dir='ltr'>aditus,</span> <span class='ocrx_word' id='word_1_766' title='bbox 2573 5164 2849 5236; x_wconf 79' lang='lat' dir='ltr'>nulloque.</span> <span class='ocrx_word' id='word_1_767' title='bbox 2871 5167 3161 5220; x_wconf 86' lang='lat' dir='ltr'>nostrates</span> <span class='ocrx_word' id='word_1_768' title='bbox 3185 5176 3427 5216; x_wconf 85' lang='lat' dir='ltr'>numero</span> <span class='ocrx_word' id='word_1_769' title='bbox 3451 5174 3485 5212; x_wconf 85' lang='lat' dir='ltr'>a</span> <span class='ocrx_word' id='word_1_770' title='bbox 3504 5158 3596 5212; x_wconf 87' lang='lat' dir='ltr'>sui</span> <span class='ocrx_word' id='word_1_771' title='bbox 3621 5158 3781 5212; x_wconf 88' lang='lat' dir='ltr'>obsi-</span> 
     </span>
    </p>
   </div>
   <div class='ocr_carea' id='block_1_114' title="bbox 2119 5244 3781 5323">
    <p class='ocr_par' dir='ltr' id='par_1_114' title="bbox 2119 5244 3781 5323">
     <span class='ocr_line' id='line_1_114' title="bbox 2119 5244 3781 5323; baseline -0.005 -16"><span class='ocrx_word' id='word_1_772' title='bbox 2119 5252 2289 5308; x_wconf 88' lang='lat' dir='ltr'>dione</span> <span class='ocrx_word' id='word_1_773' title='bbox 2314 5251 2642 5323; x_wconf 87' lang='lat' dir='ltr'>quivissent</span> <span class='ocrx_word' id='word_1_774' title='bbox 2690 5256 2964 5317; x_wconf 87' lang='lat' dir='ltr'>avertere,</span> <span class='ocrx_word' id='word_1_775' title='bbox 2999 5251 3284 5305; x_wconf 86' lang='lat' dir='ltr'>humilem</span> <span class='ocrx_word' id='word_1_776' title='bbox 3333 5249 3526 5302; x_wconf 90' lang='lat' dir='ltr'>locum</span> <span class='ocrx_word' id='word_1_777' title='bbox 3577 5244 3781 5316; x_wconf 71' lang='lat' dir='ltr'>explo~</span> 
     </span>
    </p>
   </div>
   <div class='ocr_carea' id='block_1_115' title="bbox 2118 5338 3782 5413">
    <p class='ocr_par' dir='ltr' id='par_1_115' title="bbox 2118 5338 3782 5413">
     <span class='ocr_line' id='line_1_115' title="bbox 2118 5338 3782 5413; baseline -0.006 -16"><span class='ocrx_word' id='word_1_778' title='bbox 2118 5346 2271 5407; x_wconf 90' lang='lat' dir='ltr'>rant,</span> <span class='ocrx_word' id='word_1_779' title='bbox 2305 5357 2419 5413; x_wconf 88' lang='lat' dir='ltr'>quo</span> <span class='ocrx_word' id='word_1_780' title='bbox 2438 5341 2510 5395; x_wconf 87' lang='lat' dir='ltr'>ad</span> <span class='ocrx_word' id='word_1_781' title='bbox 2534 5340 2653 5395; x_wconf 88' lang='lat' dir='ltr'>ima</span> <span class='ocrx_word' id='word_1_782' title='bbox 2669 5357 2733 5395; x_wconf 86' lang='lat' dir='ltr'>se</span> <span class='ocrx_word' id='word_1_783' title='bbox 2763 5340 3013 5396; x_wconf 88' lang='lat' dir='ltr'>saltibus</span> <span class='ocrx_word' id='word_1_784' title='bbox 3045 5341 3362 5409; x_wconf 87' lang='lat' dir='ltr'>deponant.</span> <span class='ocrx_word' id='word_1_785' title='bbox 3396 5338 3782 5404; x_wconf 85' lang='lat' dir='ltr'>Consequens</span> 
     </span>
    </p>
   </div>
   <div class='ocr_carea' id='block_1_116' title="bbox 2116 5429 3781 5500">
    <p class='ocr_par' dir='ltr' id='par_1_116' title="bbox 2116 5429 3781 5500">
     <span class='ocr_line' id='line_1_116' title="bbox 2116 5429 3781 5500; baseline -0.005 -16"><span class='ocrx_word' id='word_1_786' title='bbox 2116 5431 2271 5485; x_wconf 87' lang='lat' dir='ltr'>enim</span> <span class='ocrx_word' id='word_1_787' title='bbox 2297 5432 2439 5495; x_wconf 87' lang='lat' dir='ltr'>erat,</span> <span class='ocrx_word' id='word_1_788' title='bbox 2476 5434 2542 5483; x_wconf 91' lang='lat' dir='ltr'>ut</span> <span class='ocrx_word' id='word_1_789' title='bbox 2563 5429 2673 5500; x_wconf 90' lang='lat' dir='ltr'>ipsi</span> <span class='ocrx_word' id='word_1_790' title='bbox 2702 5432 2965 5500; x_wconf 86' lang='lat' dir='ltr'>peterent</span> <span class='ocrx_word' id='word_1_791' title='bbox 2988 5429 3310 5497; x_wconf 85' lang='lat' dir='ltr'>ima,super</span> <span class='ocrx_word' id='word_1_792' title='bbox 3342 5440 3489 5496; x_wconf 84' lang='lat' dir='ltr'>quos</span> <span class='ocrx_word' id='word_1_793' title='bbox 3522 5437 3781 5493; x_wconf 83' lang='lat' dir='ltr'>superna</span> 
     </span>
    </p>
   </div>
   <div class='ocr_carea' id='block_1_117' title="bbox 2116 5518 2597 5573">
    <p class='ocr_par' dir='ltr' id='par_1_117' title="bbox 2116 5518 2597 5573">
     <span class='ocr_line' id='line_1_117' title="bbox 2116 5518 2597 5573; baseline -0.004 0"><span class='ocrx_word' id='word_1_794' title='bbox 2116 5518 2463 5573; x_wconf 87' lang='lat' dir='ltr'>incubuerat</span> <span class='ocrx_word' id='word_1_795' title='bbox 2492 5518 2597 5573; x_wconf 89' lang='lat' dir='ltr'>ira.</span> 
     </span>
    </p>
   </div>
   <div class='ocr_carea' id='block_1_118' title="bbox 2187 5599 3782 5678">
    <p class='ocr_par' dir='ltr' id='par_1_118' title="bbox 2187 5599 3782 5678">
     <span class='ocr_line' id='line_1_118' title="bbox 2187 5599 3782 5678; baseline -0.006 -17"><span class='ocrx_word' id='word_1_796' title='bbox 2187 5607 2307 5661; x_wconf 89' lang='lat' dir='ltr'><strong>VII.</strong></span> <span class='ocrx_word' id='word_1_797' title='bbox 2342 5607 2570 5661; x_wconf 76' lang='lat' dir='ltr'>Maiolus</span> <span class='ocrx_word' id='word_1_798' title='bbox 2603 5609 2794 5678; x_wconf 73' lang='lat' dir='ltr'>recipit</span> <span class='ocrx_word' id='word_1_799' title='bbox 2820 5623 3001 5662; x_wconf 78' lang='lat' dir='ltr'>sacros</span> <span class='ocrx_word' id='word_1_800' title='bbox 3032 5605 3260 5661; x_wconf 61' lang='lat' dir='ltr'>codices.</span> <span class='ocrx_word' id='word_1_801' title='bbox 3297 5634 3365 5642; x_wconf 87' lang='grc'><strong><em>--</em></strong></span> <span class='ocrx_word' id='word_1_802' title='bbox 3401 5600 3671 5654; x_wconf 85' lang='lat' dir='ltr'>Vertitur</span> <span class='ocrx_word' id='word_1_803' title='bbox 3700 5599 3782 5652; x_wconf 89' lang='lat' dir='ltr'>in-</span> 
     </span>
    </p>
   </div>
   <div class='ocr_carea' id='block_1_119' title="bbox 2119 5688 3781 5759">
    <p class='ocr_par' dir='ltr' id='par_1_119' title="bbox 2119 5688 3781 5759">
     <span class='ocr_line' id='line_1_119' title="bbox 2119 5688 3781 5759; baseline -0.006 -8"><span class='ocrx_word' id='word_1_804' title='bbox 2119 5703 2273 5751; x_wconf 81' lang='lat' dir='ltr'>terea</span> <span class='ocrx_word' id='word_1_805' title='bbox 2305 5695 2536 5759; x_wconf 85' lang='lat' dir='ltr'>coclum,</span> <span class='ocrx_word' id='word_1_806' title='bbox 2571 5700 2628 5750; x_wconf 84' lang='lat' dir='ltr'>et</span> <span class='ocrx_word' id='word_1_807' title='bbox 2665 5696 2782 5751; x_wconf 90' lang='lat' dir='ltr'>ruit</span> <span class='ocrx_word' id='word_1_808' title='bbox 2830 5697 3056 5750; x_wconf 85' lang='lat' dir='ltr'>Oceano</span> <span class='ocrx_word' id='word_1_809' title='bbox 3090 5711 3201 5749; x_wconf 79' lang='lat' dir='ltr'>nox</span> <span class='ocrx_word' id='word_1_810' title='bbox 3233 5690 3534 5746; x_wconf 84' lang='lat' dir='ltr'>involvens</span> <span class='ocrx_word' id='word_1_811' title='bbox 3568 5688 3781 5742; x_wconf 87' lang='lat' dir='ltr'>umbra</span> 
     </span>
    </p>
   </div>
  </div>
