3906 6356
87 417 214 477 769

1502 416 1701 475 VITA.
1735 448 1809 460 —
1836 415 1986 476 LIB.
2034 417 2138 477 Ill.

3410 426 3527 490 πο

87 556 669 621 magnatorramquc
687 549 1024 621 polumque.
1050 549 1387 603 Conticuere
1408 551 1760 609 eiiines;sed
1794 551 1850 615 Α
1880 550 2240 621 apostolico:
2279 568 2377 605 nec
2410 553 2608 606 videor
2657 554 2900 609 idoneus
2951 557 3098 611 ferre
3142 573 3257 629 quo
3302 561 3525 631 possim

89 637 262 693 nulla
298 638 533 703 miseris
565 638 753 710 quies,
789 638 953 691 ocius
984 636 1303 691 accelerare
1325 638 1571 707 cupiunt
1594 654 1761 707 nego-

85 726 263 781 tium.
303 726 568 799 Denique
601 725 954 799 impediente
989 742 1047 780 se
1076 727 1293 781 Satana
1324 724 1512 780 locum
1539 726 1647 779 sibi
1672 743 1763 780 ex-

88 815 397 887 ploratum
430 815 675 870 minime
709 816 1014 879 adierunt;
1043 817 1142 869 scd
1169 814 1241 868 ab
1263 814 1573 869 eminentis
1598 814 1759 885 rupis

86 904 307 958 vertice
342 904 403 957 in
438 904 622 958 imum
649 920 708 956 se
732 903 1086 975 profundum
1114 909 1233 957 tota
1257 910 1420 957 nocte
1444 904 1762 975 praecipita-

87 999 324 1047 verunt.
362 993 665 1047 Nostrates
700 997 915 1055 alitem,
943 993 1071 1063 jam
1121 992 1214 1045 die
1265 990 1611 1055 lucesccnte,
1647 1008 1757 1046 cm-

89 1080 257 1135 lestis
306 1081 565 1135 victorim
628 1086 930 1151 stupentes
986 1081 1411 1149 magnitudine,
1445 1081 1494 1134 ei
1541 1081 1761 1151 gratias

92 1170 267 1224 libuit
303 1170 543 1236 referre,
576 1172 746 1240 cujus
773 1168 901 1222 forti
927 1170 1164 1223 numine
1191 1175 1544 1239 prostratum
1569 1186 1759 1223 corne-

93 1259 235 1314 bant
266 1277 485 1331 agmen
517 1259 746 1313 hostile.
772 1260 1064 1323 Qtlttt—‘iltllll
1091 1264 1284 1313 tamen
1309 1276 1509 1311 eorum
1538 1258 1637 1328 qui
1663 1259 1758 1311 de-

98 1348 379 1403 mersioni
433 1366 495 1401 se
554 1348 988 1411 subtraxerunt,
1036 1348 1090 1401 in
1152 1347 1446 1401 remotiori
1506 1348 1759 1417 quodam

93 1436 314 1490 montis
367 1435 549 1489 latore
608 1436 967 1489 offendamus
1020 1436 1606 1505 comprehenderunt.
1652 1436 1759 1499 Qui

96 1523 342 1579 salutari
387 1541 449 1579 se
498 1522 657 1578 ablui
708 1524 1089 1595 deposccntrs
1141 1524 1365 1578 lavacro
1402 1524 1527 1593 {bos
1578 1524 1756 1590 enim,

96 1614 250 1667 sicut
282 1610 561 1683 superius
590 1611 849 1666 diximus
899 1618 1038 1683 (cap.
1077 1614 1150 1676 ιφ,
1185 1613 1269 1667 vir
1300 1612 1398 1667 Dei
1432 1613 1500 1667 de
1532 1612 1759 1667 Christo

92 1698 285 1756 verbis
315 1700 555 1755 edocuit
588 1700 966 1767 salutaribus}
1001 1701 1224 1772 corpori
1262 1700 1466 1754 matris
1494 1700 1638 1754 uniti
1665 1699 1762 1753 Ec-

97 1788 304 1856 clesiae,
341 1793 567 1861 quanta
597 1788 751 1843 inter
782 1789 1060 1843 barbaros
1094 1789 1281 1857 gratia
1312 1805 1542 1843 servum
1584 1804 1757 1841 suum

98 1877 474 1948 omnipotens
504 1876 842 1943 illustravit,
880 1877 1035 1931 soliti
1070 1883 1235 1931 erant
1269 1877 1501 1931 referre.
1529 1876 1760 1947 Optima

103 1972 237 2020 tunc
269 1966 461 2037 spolia
493 1965 872 2036 colliguntur,
906 1982 1217 2037 aquasque
1252 1982 1351 2036 per
1377 1973 1569 2036 partes
1611 1965 1761 2017 inter

102 2054 478 2109 Christicolas
524 2055 984 2109 distribuuntur.
1019 2057 1120 2107 Ast
1171 2055 1404 2109 beatum
1458 2052 1756 2118 Maiolum,

104 2159 335 2215 corpore
378 2142 515 2198 licet
565 2144 824 2206 absente,
860 2143 1083 2196 meritis
1136 2148 1327 2196 tamen
1379 2142 1434 2195 in
1487 2140 1759 2211 t'ilgandis

104 2231 367 2287 hostibus
400 2238 768 2304 praesentem,
803 2232 931 2302 ejus
964 2230 1394 2286 distributionis
1430 2230 1621 2284 cuncti
1659 2228 1759 2299 qui

105 2320 357 2388 aderant,
385 2325 684 2391 expertem
719 2320 836 2375 fore
864 2319 1109 2391 dignum
1134 2319 1759 2389 nullatenusjudieant

107 2408 283 2481 llujus
295 2426 554 2481 namque
568 2425 672 2480 pro
686 2408 1022 2463 ulciscenda
1040 2408 1256 2479 injuria
1278 2407 1475 2463 hestes
1499 2423 1762 2478 pessum-

106 2497 296 2553 datum
330 2497 401 2552 iri
433 2497 657 2553 cmlesti
684 2497 1052 2553 testabantur
1083 2498 1140 2552 in
1172 2497 1433 2552 victoria.
1454 2496 1760 2567 Pr0pterea

106 2602 289 2642 sacros
321 2586 579 2651 codices,
614 2602 763 2658 quos
795 2586 1029 2641 barbari
1065 2591 1382 2656 rapuerant
1414 2585 1583 2639 beato
1613 2584 1756 2649 viro,

111 2691 209 2730 sua
236 2692 338 2747 pro
371 2679 539 2747 parte
568 2675 878 2731 miserunt.
897 2675 990 2730 Sic
1017 2674 1529 2746 Omnipotens,sui
1555 2670 1757 2727 famuli

112 2764 320 2818 meritis
349 2762 734 2836 praecipitatis
764 2762 982 2835 impiis,
1016 2762 1313 2818 eliberavit
1344 2762 1572 2817 cunctis
1603 2762 1756 2815 viam

116 2850 349 2908 Romani
381 2851 635 2907 itineris.

174 2939 312 2997 Vill.
346 2941 657 2996 Romanum
685 2942 1060 3012 pontiﬁcatum
1092 2948 1321 2997 recusat.
1344 2972 1410 2980 -—
1434 2939 1558 2995 Non
1585 2938 1755 3009 longe

117 3044 235 3084 vero
264 3035 395 3101 post
428 3034 693 3100 tempore
742 3030 1004 3085 Romana
1052 3031 1190 3085 sede
1237 3030 1471 3101 preprio
1522 3027 1757 3083 viduata

120 3122 355 3189 pastore,
387 3119 548 3174 idem
581 3118 683 3174 Dei
716 3118 973 3174 famulus
1005 3118 1232 3173 Ottonis
1264 3118 1503 3173 secundi
1546 3119 1757 3189 juncta

121 3222 238 3261 cum
266 3209 476 3263 matris
514 3224 705 3279 prece,
742 3208 966 3263 Italiam
1020 3213 1276 3278 repetere
1307 3225 1339 3262 a
1373 3208 1638 3279 partibus
1670 3210 1758 3260 est

119 3301 333 3352 coactus
362 3295 587 3353 Gallia}.
618 3297 664 3350 Λ
694 3301 879 3351 matre
910 3302 1047 3351 tunc
1080 3302 1135 3350 et
1159 3297 1277 3351 filio
1308 3297 1525 3351 honore
1558 3311 1754 3350 susce-
1788 3283 1831 3349 C

122 3388 239 3452 ptas
267 3385 641 3459 dignissimo,
676 3386 746 3440 ad
789 3384 1021 3440 culmen
1072 3386 1402 3457 apostolicaa
1453 3382 1765 3455 dignitatis

122 3473 369 3539 precibus
397 3472 626 3545 impelli
657 3474 830 3545 cmpit
862 3473 1243 3530 continuatis.
1280 3474 1391 3528 Sed
1423 3473 1517 3530 cui
1570 3473 1759 3545 magis

120 3557 365 3631 abjectio,
400 3577 583 3634 quam
616 3565 980 3632 expeteretur
1005 3560 1295 3625 exaltatio,
1316 3558 1653 3615 nullatenus
1684 3560 1755 3614 ad

120 3660 175 3702 se
204 3665 532 3719 promovere
564 3649 753 3721 potuit
784 3648 1163 3704 sublimitatis
1197 3647 1755 3703 ambitio.Pusillum

122 3748 331 3808 gregem
363 3739 602 3795 nolebat
623 3738 934 3807 dimittere,
953 3755 1125 3810 quem
1149 3737 1379 3793 Christo
1404 3737 1620 3809 placuit
1643 3736 1754 3791 sibi

122 3828 510 3884 committere:
566 3833 623 3883 et
670 3843 804 3883 cum
854 3828 980 3897 ipso
1032 3826 1255 3881 volebat
1306 3826 1362 3879 in
1417 3829 1757 3897 paupertate

123 3912 304 3983 vivere,
339 3918 435 3988 qui
472 3918 534 3971 in
568 3920 976 3988 paupertatem
1011 3914 1606 3970 descenditaccrlesti
1634 3913 1755 3968 cul-

126 4001 417 4062 niino.Sed
463 4006 540 4060 ab
588 4009 835 4078 utraque
896 4022 1030 4061 cum
1089 4010 1393 4076 cogeretur
1450 4007 1753 4075 potestate,

125 4094 463 4164 excogitandi
498 4093 840 4150 dilationem
872 4094 1099 4149 studuit
1141 4091 1456 4165 postulare.
1490 4093 1654 4149 Tune
1684 4091 1757 4145 ad

128 4180 380 4238 orationis
412 4201 475 4239 se
509 4182 760 4258 contulit
788 4182 1149 4255 prtesidium,
1183 4199 1300 4252 quo
1332 4180 1442 4235 sibi
1478 4179 1755 4235 concede-

130 4270 266 4323 retur
302 4270 581 4327 divinitus
630 4271 770 4343 quid
820 4273 1139 4343 agendum,
1172 4271 1384 4342 quidve
1432 4274 1605 4325 tanta:
1656 4286 1755 4341 po-

130 4357 298 4412 testati
321 4366 473 4417 esset
498 4360 993 4433 respondendum.
1010 4359 1095 4415 Ah
1114 4358 1377 4415 oratione
1398 4364 1461 4413 ut
1482 4358 1753 4425 surrexit,

131 4446 427 4512 apostolica:
442 4449 712 4505 lectionis
731 4449 911 4504 codex
928 4465 1066 4503 casu
1087 4449 1195 4503 sub
1216 4446 1401 4503 oculis
1420 4446 1531 4502 huc
1546 4446 1614 4501 ad
1625 4446 1753 4501 fuit.

133 4528 235 4592 Quo
264 4542 477 4606 aperto,
509 4536 613 4592 illa
641 4554 703 4592 se
728 4537 786 4591 in
808 4536 1000 4609 prima
1022 4535 1305 4607 marginis
1332 4535 1518 4590 fronte
1544 4533 1762 4590 obtulit

1869 640 2043 691 tanta:
2075 640 2507 713 magnitudinis
2534 642 2783 711 pondus,
2820 660 2923 698 ncc
2947 644 3113 699 decet
3160 662 3522 718 quemquam

1868 726 2018 781 hanc
2052 746 2399 799 praisumere
2433 731 2745 795 sarcinam,
2771 733 2941 804 cujus
2975 750 3089 788 non
3122 738 3313 805 potest
3343 735 3524 791 vitare

1870 816 2121 869 ruinam.
2160 817 2452 872 Postremo
2486 836 2589 887 ego
2619 822 2673 874 et
2705 820 2973 888 Romani,
3001 822 3154 877 sicut
3176 822 3524 879 divertimur

1870 905 2316 975 regienibus,ita
2330 906 2571 961 minime
2584 910 2965 965 Convenimus
2980 912 3261 966 moribus:
3280 916 3331 966 et
3346 911 3392 967 si
3410 913 3519 983 ipsi

1870 994 2285 1063 morigeraber,
2313 997 2639 1051 monastica
2668 998 3024 1069 professione
3048 1000 3347 1070 privabor;
3373 1000 3521 1055 ideo-

1871 1098 1982 1152 que
2016 1082 2196 1135 alium
2227 1101 2327 1138 vos
2352 1085 2657 1155 acquirite,
2684 1086 2825 1157 quia
2850 1087 3250 1142 indubitanter
3280 1090 3523 1159 potestis

1872 1169 2040 1239 scire,
2078 1188 2167 1224 me
2200 1172 2268 1225 ad
2303 1173 2534 1225 culmen
2584 1175 2968 1245 apostolicum
3014 1176 3116 1230 bac
3152 1177 3208 1231 in
3241 1178 3357 1232 vita
3406 1197 3521 1233 non

1871 1276 2265 1324 accessurum,
2286 1279 2639 1331 gri-grnu’lur
2656 1263 2793 1317 lltlltl
2812 1264 3195 1318 commissum
3221 1284 3520 1337 nunquam

1871 1347 2283 1401 diitiissurum.
2308 1372 2332 1396 »ι
2363 1350 2476 1403 liae
2509 1351 2745 1420 quidem
2781 1368 2847 1404 cx
2872 1370 2928 1404 re
2960 1352 3181 1420 liquido
3209 1372 3523 1423 possumus

1870 1435 2160 1505 Colligere,
2214 1437 2365 1490 hunc
2421 1438 2517 1491 Dei
2572 1438 2859 1493 famulum
2917 1440 3111 1493 multa:
3171 1441 3525 1498 humilitatis

1871 1523 2072 1587 fuisse,
2110 1526 2206 1596 qui
2244 1531 2478 1596 rogatus
2512 1544 2543 1581 a
2580 1544 2813 1582 summo
2841 1533 3206 1583 terrenorum
3241 1530 3526 1602 principe,

1869 1612 1942 1667 ad
1974 1612 2206 1668 culmen
2229 1614 2619 1683 apostolicum
2642 1614 2871 1670 distulit
2897 1618 3347 1673 ascendere.Sed
3372 1619 3523 1690 quod

1869 1699 1965 1755 ille
1990 1701 2215 1755 distulit
2242 1708 2499 1773 rogatus,
2518 1702 2685 1757 multi
2714 1702 2882 1775 longe
2908 1703 3395 1777 inferiores,quos
3420 1724 3525 1763 nec

1871 1788 2211 1844 litteratoria
2246 1790 2547 1862 professio,
2588 1808 2689 1846 nec
2724 1791 2981 1846 honestae
3013 1792 3138 1847 vitae
3169 1795 3524 1865 provehebat

1870 1880 2248 1945 conversatio,
2285 1897 2368 1945 se,
2401 1880 2448 1933 si
2484 1886 2742 1951 possent,
2780 1880 2932 1935 ultro
2977 1882 3325 1953 ingererent,
3360 1884 3520 1939 omni

1870 1981 1931 2018 se
1962 1965 2257 2036 despectui
2294 1965 2697 2037 multiplicatis
2722 1968 2989 2039 precibus
3015 1970 3371 2025 subderent:
3398 1988 3523 2042 pro-

1870 2060 2088 2108 streme
2109 2061 2280 2109 tantze
2301 2054 2602 2125 dignitatis
2621 2074 2735 2127 quo
2761 2058 3225 2113 sublimarentur
3243 2058 3517 2127 culmine,

1871 2159 2081 2207 magno
2115 2143 2401 2212 promisso
2436 2161 2673 2199 munere
2708 2163 2767 2200 se
2791 2146 3057 2200 damnari
3085 2164 3191 2202 sua
3214 2154 3417 2218 sponte
3441 2149 3525 2203 Si-

1871 2231 2138 2286 moniaoa
2171 2250 2282 2285 non
2318 2238 2658 2302 spernerent
2701 2240 2877 2304 peste.
2912 2236 3015 2289 Ast
3065 2235 3152 2289 vir
3198 2235 3297 2290 Dei
3348 2253 3523 2307 quem

1870 2320 2115 2375 interius
2147 2322 2429 2376 virtutum
2484 2321 2764 2393 magistra
2814 2322 3057 2379 decebat
3102 2323 3426 2392 humilitas,
3464 2325 3522 2380 in

1870 2410 2040 2479 cujus
2070 2409 2280 2481 spiritu
2314 2408 2647 2480 evangelica
2679 2412 2958 2482 regnabat
2992 2416 3522 2485 paupertas,quan-

1869 2514 2046 2569 quam
2105 2497 2347 2569 polleret
2401 2498 2624 2553 eximite
2683 2500 3149 2556 conversationis
3202 2502 3524 2573 prmconio,

1869 2585 1998 2640 ideo
2033 2590 2152 2640 tam
2186 2586 2492 2641 sublimari
2528 2586 2741 2658 refugit
2769 2588 3073 2659 temporali
3122 2589 3378 2661 fastigio,
3409 2607 3524 2662 quo

1869 2674 2131 2727 sicculari
2162 2679 2421 2730 remotus
2454 2676 2705 2746 negotio,
2740 2675 2968 2732 firmius
3001 2676 3297 2732 insisteret
3327 2677 3523 2732 Omni-

1867 2763 2122 2834 pctcntis
2154 2763 2455 2834 obsequio,
2488 2770 2543 2818 et
2572 2762 2887 2835 loginquus
2938 2765 3182 2830 mundo,
3212 2765 3519 2835 proximus

1868 2865 2099 2920 semper
2129 2850 2291 2904 fieret
2314 2851 2451 2905 Deo.

1938 2938 2151 2994 Secreti
2182 2938 2433 3010 cupidus
2466 2944 2669 2994 sancto
2700 2938 2787 2993 vir
2818 2939 3059 2994 numine
3092 2938 3325 3011 plenus,

1938 3026 2062 3082 Non
2097 3028 2284 3099 magis
2316 3032 2583 3083 externos
2614 3028 2823 3085 doctus
2851 3027 3033 3082 vitare
3065 3028 3289 3083 favores

1939 3118 2241 3189 Quamque
2273 3116 2676 3172 ministrorum
2710 3116 2918 3171 solatia
2947 3102 3152 3171 crebra
3181 3132 3446 3184 suorum,

1937 3204 2085 3260 Veto
2116 3205 2403 3260 detulerat
2427 3204 2831 3278 latebramque
2861 3206 3050 3261 fovere
3080 3222 3419 3277 perennem,

1941 3294 2388 3366 Immunemqne
2421 3292 2566 3349 aulm
2593 3311 2770 3366 quam
2802 3294 2977 3367 longa
2998 3298 3087 3349 est
3107 3294 3318 3349 ducere
3337 3290 3520 3348 vitam

1942 3382 2287 3438 lnconvulsa
2318 3387 2513 3437 manet
2545 3382 2742 3455 magni
2775 3383 2876 3438 sed
2909 3382 3147 3455 sponsio
3176 3382 3344 3449 Jesu,

1940 3472 2238 3527 Montibus
2268 3472 2604 3544 impositam
2640 3488 2754 3526 non
2786 3471 2919 3527 abdi
2954 3471 3175 3526 visibus
3227 3470 3432 3525 urbem
3467 3485 3481 3524 :

1939 3564 2235 3632 Quemque
2271 3560 2413 3631 tegit
2444 3559 2666 3615 meritis
2692 3558 2983 3615 absistens
3008 3555 3194 3630 gloria
3231 3555 3517 3629 pulchris,

1939 3649 2161 3703 Iudicat
2192 3647 2443 3719 egregiis
2474 3646 2780 3701 illustrans
2811 3646 2999 3718 gratia
3028 3645 3213 3717 signis
3241 3662 3253 3698 :

1936 3739 2003 3794 Et
2036 3754 2270 3809 quaqua
2301 3736 2511 3790 tulerat
2543 3734 2773 3790 facilem
2806 3752 2905 3806 per
2941 3734 3198 3806 compita
3245 3750 3517 3805 gressum

1937 3826 2191 3881 Urbibus
2221 3830 2275 3881 et
2308 3824 2449 3879 vicis
2481 3823 2694 3895 raptim
2728 3822 3063 3894 promiscua
3095 3839 3222 3879 sese

1939 3915 2118 3970 Obvia
2147 3913 2318 3969 turba
2348 3912 2525 3968 dabat
2557 3911 2848 3984 praeclaris
2879 3911 3063 3966 excita
3094 3910 3284 3977 factis,

1938 4005 2006 4059 Et
2036 4018 2372 4076 quanquam
2404 4001 2559 4075 longi
2595 3999 2761 4056 facile
2794 4018 2999 4056 secura
3030 4000 3267 4055 laboris.

1942 4093 2035 4148 1X.
2096 4094 2481 4165 Imperatorem
2543 4090 2607 4147 de
2658 4091 2849 4164 jurgio
2908 4092 2968 4146 in
3025 4099 3254 4146 nmtrcm
3313 4090 3517 4161 arguit,

1865 4186 2021 4256 eique
2067 4190 2300 4237 matrem
2348 4180 2684 4237 reconciliet.
2720 4211 2787 4221 -κ
2832 4180 2952 4236 Sub
3000 4179 3202 4234 eodem
3260 4182 3521 4251 tempore

1866 4273 2179 4345 praedictus
2212 4270 2529 4343 imperator
2560 4275 2809 4325 matrem
2841 4267 3159 4336 zelabatur,
3195 4267 3335 4339 quia
3364 4267 3519 4338 apud

1866 4379 1927 4417 se
1959 4360 2104 4415 falso
2137 4359 2382 4415 crimine
2413 4358 2803 4424 deferebatur,
2829 4356 2887 4411 in
2920 4372 3167 4427 eamque
3190 4360 3327 4409 tunc
3351 4354 3515 4425 quasi

1866 4449 2198 4521 reipublicae
2249 4446 2736 4519 dilapidatriccm,
2769 4451 2826 4500 et
2871 4445 2962 4500 sui
3008 4444 3081 4500 ab
3132 4460 3201 4499 ea
3248 4440 3516 4512 expulsa-

1863 4540 2090 4606 tricem,
2124 4556 2225 4610 per
2256 4536 2433 4592 falsos
2464 4534 2752 4590 delatores
2794 4533 2894 4588 tali
2945 4531 3361 4588 stimulabatur
3381 4530 3518 4601 jur-

133 4612 475 4719 lectio,cujus
494 4642 556 4680 se
574 4626 856 4681 divinitus
878 4624 1088 4681 instrui
1108 4624 1354 4681 credidit
1381 4626 1751 4679 documento.
1784 4653 1832 4719 Ι)
1865 4629 1977 4701 gio,
2014 4633 2078 4683 ut
2108 4644 2236 4682 eam
2264 4642 2429 4679 versa
2460 4624 2579 4678 vice
2611 4622 2929 4695 propellere
2964 4622 3287 4676 minaretur
3316 4634 3515 4690 regno.

135 4701 390 4766 Insertum
421 4731 656 4787 quoque
687 4716 841 4786 quod
886 4714 1119 4785 reperit,
1156 4714 1266 4769 sibi
1321 4714 1754 4768 adhaerentibus

135 4788 295 4863 legere
322 4805 488 4874 erepit
525 4820 538 4857 :
578 4805 753 4859 Videte
786 4820 852 4858 ne
883 4806 1002 4875 quis
1039 4820 1124 4859 vos
1173 4803 1407 4873 drri'piat
1445 4820 1544 4873 per
1580 4803 1757 4873 philo-

134 4883 347 4950 sophiam
375 4901 422 4946 et
463 4895 685 4947 inanem
729 4894 1017 4964 fallaciam
1065 4892 1361 4947 secundum
1409 4892 1756 4948 traditionem

136 4964 403 5047 hominum,
434 4981 733 5038 secundum
760 4983 1019 5037 clamante
1066 4982 1277 5047 mundi,
1313 4991 1362 5037 et
1408 5000 1513 5036 non
1562 4998 1752 5036 secun-

135 5052 244 5112 dum
272 5065 534 5126 Christum
563 5072 784 5139 (00103.3.
822 5088 884 5138 It,
917 5075 992 5137 8).
1027 5074 1208 5143 Agere
1262 5088 1322 5126 se
1374 5076 1639 5142 oportere
1671 5070 1755 5124 fa-

137 5145 268 5232 tetur
294 5156 409 5211 suis
440 5160 600 5214 omni
632 5160 825 5216 studio
857 5162 1012 5232 quod
1044 5160 1240 5216 divina
1273 5158 1533 5231 suggerit
1564 5158 1754 5213 lectio.

141 5228 474 5327 imperatoris
496 5252 550 5303 et
577 5255 791 5305 sancta:
824 5250 1030 5305 matris
1056 5249 1267 5304 iterum
1294 5249 1566 5321 precibus
1590 5246 1757 5303 alter-

140 5332 217 5417 m?
241 5327 304 5382 ad
334 5330 523 5403 iPsum
558 5338 855 5411 flagitatur
872 5338 1246 5415 successibus
1268 5354 1281 5393 :
1302 5354 1435 5393 cum
1460 5336 1755 5392 nobilibus

141 5415 222 5500 qui
248 5415 473 5478 aderant
520 5428 811 5484 antistites
861 5428 1229 5486 insistebant.
1264 5426 1585 5500 imperialis
1637 5443 1752 5498 quo

143 5490 277 5555 ﬁeret
297 5508 485 5575 petitio
507 5516 937 5589 supplicabant.
952 5520 1054 5574 Ast
1074 5516 1191 5582 ille,
1208 5490 1403 5572 divitia
1422 5490 1751 5571 illustratus

142 5590 318 5687 Spatia.
350 5597 537 5658 solerti
570 5622 630 5660 se
652 5608 878 5663 studuit
908 5624 1185 5663 excusare
1218 5605 1548 5678 prudentia.
1588 5629 1613 5655 ‹‹
1646 5606 1745 5672 Ea,

142 5683 322 5749 mquit,
354 5688 492 5747 mihi
523 5695 725 5753 abesse
754 5713 1059 5771 cognosco,
1086 5714 1211 5771 qua:
1243 5696 1363 5752 viro
1398 5694 1749 5753 conveniunt

1864 4720 2118 4775 Suorum
2132 4715 2315 4787 princi
2328 4732 2465 4784 pum
2483 4712 2679 4767 nullus
2694 4730 2828 4767 cum
2843 4708 3170 4777 convenire,
3190 4708 3519 4778 falsumque

1865 4808 2086 4863 crimen
2121 4823 2154 4860 a
2185 4804 2563 4860 sanctissima
2595 4806 2782 4856 matre
2815 4799 3078 4855 tentabat
3109 4795 3519 4868 avertere.Ipsi

1865 4913 1993 4951 eam
2025 4893 2330 4949 defendere
2362 4887 3036 4963 ncgligebantacrimine
3060 4885 3521 4956 falsitatis,quos

1867 4984 1966 5039 illa
1995 4982 2281 5039 extulerat
2319 4980 2389 5033 ad
2425 4996 2692 5034 summos
2731 4978 2950 5049 gradus
3000 4974 3327 5047 dignitatis.
3361 4974 3522 5028 Hanc

1866 5090 2070 5132 omnes
2102 5069 2536 5125 excusationem
2562 5067 3022 5138 praetendebant,
3048 5064 3205 5137 quod
3231 5061 3520 5134 imperiali

1868 5160 2159 5233 majestati
2194 5156 2587 5213 contradicere
2620 5173 2735 5211 non
2759 5155 3077 5211 audebant.
3097 5154 3243 5208 Ecce
3267 5151 3522 5206 fereban—

1866 5258 1962 5307 tur
1992 5249 2262 5322 precibus
2316 5246 2594 5300 mandata
2643 5243 2857 5300 coactis
2910 5247 3278 5307 cunctorum,
3314 5239 3521 5312 quiqui

1867 5342 2094 5396 fuerant
2127 5355 2195 5393 ex
2220 5340 2381 5408 parte
2421 5334 2673 5406 piorum,
2708 5333 2818 5389 iret
2865 5331 3240 5405 quantocius,
3277 5346 3342 5386 ac
3375 5327 3519 5384 dile-

1863 5428 2140 5486 ctissimo:
2173 5425 2283 5481 sibi
2315 5422 2668 5495 imperatrici
2701 5425 3070 5479 succurreret
3102 5436 3114 5474 :
3152 5416 3519 5488 nullamjam

1861 5518 1946 5574 illi
1974 5523 2195 5575 restare
2227 5514 2498 5581 salutem,
2528 5512 2640 5566 nisi
2668 5516 2732 5567 ut
2759 5512 2935 5567 rebus
2968 5506 3203 5565 amissis
3232 5505 3405 5560 etiam
3438 5521 3520 5561 re.

1861 5624 1974 5683 gno
2008 5605 2351 5674 discederet,
2386 5600 2642 5678 periculo
2673 5599 2801 5657 vita:
2833 5601 2893 5655 in
2925 5598 3102 5654 dubio
3134 5595 3227 5683 his
3259 5610 3272 5647 :

2923 5686 3162 5744 vocibus
3192 5681 3310 5738 iras
