3906 6352
368 441 481 502 7⁸11

1492 438 1553 497 S.
1604 435 1879 497 MAIOLI
1926 432 2257 495 ABllATIS
2304 433 2662 497 CLUNIAC.

3675 438 3798 494 7³12

442 572 686 636 Excitat,
720 569 1153 641 impatiensque
1184 583 1358 622 morte
1392 584 1525 621 mox
1555 584 1719 622 arma
1769 566 2023 639 reposcit
2050 567 2105 633 Α
2139 589 2165 615 ‹‹
2200 566 2418 621 Fratris
2450 566 2643 621 Maioli
2677 566 2919 622 consilio
2963 568 3010 621 si
3063 583 3264 622 aurem
3315 568 3620 639 prazberes,
3654 566 3797 621 hinc

442 661 619 715 Arma
648 657 818 725 celer,
854 657 1128 728 notisque
1159 660 1322 711 artus
1354 654 1656 711 inducitur
1685 656 1887 711 armis.

439 749 686 805 Voverat
716 747 811 802 ille
843 763 1019 802 suum
1053 746 1186 801 ﬁdei
1215 763 1319 817 pro
1352 746 1588 801 nomine
1619 750 1846 818 peetus,

443 837 507 893 In
539 851 956 908 quamcunque
987 835 1151 889 daret
1182 851 1355 889 casus
1387 835 1728 890 incumbere
1752 838 2022 889 mortem.

367 926 471 982 Ast
501 927 601 981 ubi
632 926 808 991 venit,
844 941 977 978 mox
1004 924 1338 995 imperatori
1373 922 1432 977 in
1469 924 1673 978 faciem
1706 924 1945 988 resistit,
1970 927 2027 977 ct

368 1031 505 1070 eum
535 1011 767 1086 publice
802 1028 995 1066 coram
1026 1012 1303 1065 omnibus
1357 1010 1697 1081 increpavit.
1735 1032 1763 1059 ‹‹
1794 1009 2022 1081 Aspice,

365 1102 581 1176 inquit,
616 1101 972 1157 sublimatus
1004 1098 1351 1154 transitoria:
1390 1099 1719 1171 dignitatis,
1750 1115 1855 1153 cur
1881 1116 2022 1169 prte-

368 1196 535 1263 cepta
565 1190 898 1262 asperuaris
927 1188 1192 1244 veritatis
1215 1189 1242 1242 ‘?
1276 1188 1483 1241 Potens
1527 1193 1615 1241 est
1664 1191 1717 1242 te
1764 1188 2024 1257 redigere

367 1282 440 1336 ad
456 1280 723 1347 minima,
741 1278 839 1351 qui
854 1279 927 1333 ad
942 1277 1281 1332 mortalium
1300 1281 1353 1331 te
1366 1275 1709 1331 sublimavit
1731 1276 2020 1347 fastigia.»

366 1370 533 1426 Tune
560 1369 899 1441 imperator,
932 1366 1040 1421 hac
1071 1366 1271 1420 audita
1315 1364 1791 1432 comminatione,
1825 1365 2023 1421 subito

366 1456 817 1524 contremuit,et
837 1455 1086 1527 supplici
1114 1470 1382 1509 sermone
1408 1453 1729 1525 respondit,
1746 1457 1803 1508 et
1824 1453 1884 1508 in
1906 1470 2022 1525 quo

366 1544 926 1619 prmocptaveritatis
938 1546 1354 1609 contemneret,
1373 1541 1677 1597 humiliter
1698 1542 2020 1614 requisivit.

370 1658 399 1687 «
431 1635 533 1692 Cui
565 1634 653 1691 vir
681 1633 780 1690 Dei
817 1648 830 1687 :
867 1633 1163 1697 Parentes,
1200 1630 1713 1702 inquit,honorare
1745 1630 1904 1687 illius
1935 1635 2023 1688 est

358 1724 577 1796 jussio,
603 1722 859 1795 quicum
882 1721 1036 1776 Deus
1059 1724 1234 1790 esset,
1250 1712 1510 1792 virgineo
1532 1719 1724 1775 editus
1746 1736 1813 1775 ex
1837 1724 2019 1789 utero,

367 1812 541 1868 matri
572 1827 634 1867 se
665 1809 954 1882 subjicere
984 1807 1264 1881 dignatur
1290 1807 1349 1863 in
1382 1808 1713 1881 Evangelio.
1747 1809 1841 1865 Sic
1864 1809 2020 1865 enim

366 1900 450 1955 ait
473 1898 841 1971 Evangelista
875 1914 887 1952 :
921 1896 1205 1953 Descendit
1222 1913 1344 1952 cum
1376 1897 1494 1952 illis
1516 1897 1805 1960 Nazareth.
1828 1906 1880 1952 et
1906 1906 2025 1954 erat

363 1988 614 2044 subditus
644 1988 779 2044 illis.
808 1986 866 2042 Si
892 1986 1065 2041 matri
1089 2002 1152 2041 se
1173 1985 1425 2056 subjecit
1446 1985 1544 2057 qui
1572 2002 1673 2056 per
1695 1987 2018 2057 potentiam

364 2076 690 2133 divinitatis
721 2075 920 2131 omnia
952 2075 1105 2141 fecit,
1139 2081 1195 2129 te
1228 2075 1299 2129 ab
1332 2073 1431 2128 illo
1460 2074 1556 2128 vili
1604 2075 1919 2129 formatum
1953 2092 2021 2130 ex

366 2165 490 2222 luto
515 2164 575 2220 in
606 2169 853 2220 matrem
885 2162 1187 2234 superbire
1219 2179 1323 2216 cur
1352 2162 1505 2216 elata
1535 2163 1827 2233 persuasit
1874 2182 2018 2235 pra:-

365 2254 627 2326 sumptio
650 2257 673 2309 ?
701 2275 729 2303 »ι
763 2252 848 2308 Ad
880 2252 1029 2307 hanc
1052 2251 1371 2323 imperator
1393 2268 1591 2305 vocem
1614 2251 1834 2306 irarum
1860 2252 2021 2307 flam-

365 2360 495 2400 mas
526 2346 880 2413 temperans,
906 2340 1410 2396 immanissimum
1436 2340 1693 2395 furorem
1726 2340 2016 2412 deposuit,

364 2431 665 2505 patrisque
699 2429 892 2485 Maioli
915 2446 1017 2502 per
1036 2429 1237 2486 omnia
1257 2446 1318 2484 se
1339 2429 1879 2501 obtemperaturum
1886 2431 2019 2500 jus-

364 2520 448 2577 sis
464 2518 1177 2592 perhibuit.Projussione
1197 2518 1434 2572 tandem
1454 2518 1812 2573 sanctissimi
1834 2520 2020 2592 patris

362 2614 496 2665 ante
528 2612 777 2664 matrem
810 2613 877 2664 ut
904 2607 1085 2675 venit,
1121 2606 1245 2664 suis
1277 2623 1339 2662 se
1370 2606 1632 2679 vestigiis
1665 2609 1930 2679 projecit,
1961 2614 2020 2664 et

362 2697 415 2753 ei
445 2698 776 2770 obsequens
807 2702 873 2752 ut
893 2696 1066 2751 matri
1091 2695 1247 2751 ﬁlius
1274 2696 1333 2750 in
1358 2695 1520 2751 nullo
1547 2713 1675 2751 eam
1702 2697 2018 2755 offendisse

362 2785 637 2858 deinceps
668 2790 759 2842 est
780 2786 1075 2841 inventus.
1105 2784 1271 2841 Hunc
1294 2784 1489 2857 itaque
1511 2784 1612 2857 qui
1637 2784 1788 2841 inter
1810 2791 2021 2842 morta-

361 2874 446 2931 les
476 2892 751 2930 summus
786 2874 1058 2947 princeps
1107 2873 1425 2939 eminebat,
1463 2890 1636 2945 quem
1688 2874 1759 2929 ad
1810 2875 2018 2931 matris

361 2965 735 3019 concordiam
768 2962 1075 3019 convenire
1109 2961 1308 3017 nullus
1340 2962 1611 3028 audebat,
1648 2963 1718 3017 ab
1751 2962 1859 3018 hoc
1892 2980 2015 3018 sce-

363 3052 499 3119 lere,
533 3053 688 3123 quod
721 3051 890 3107 facile
912 3051 1100 3121 potuit
1121 3067 1509 3121 compescere,
1527 3051 1819 3121 matrique
1841 3051 2014 3106 satis-

360 3142 568 3209 facere,
603 3145 660 3194 et
689 3141 739 3195 ei
772 3143 837 3194 ut
868 3139 1339 3210 consequebatur
1386 3137 1621 3192 obedire
1671 3137 1792 3192 solo
1834 3138 2012 3208 jussu

357 3228 580 3300 coegit;
614 3226 836 3299 liquido
869 3226 1068 3295 claret,
1103 3226 1259 3281 hunc
1281 3241 1493 3298 magno
1519 3225 1733 3280 mentis
1757 3226 2013 3282 culmine

2137 654 2292 710 unde
2322 655 2484 711 venis
2518 662 2670 711 retro
2699 656 2939 711 redires.
2978 656 3084 711 Pro
3116 660 3271 712 certo
3293 655 3450 711 enim
3474 655 3797 727 scias,quia

2135 743 2182 799 si
2219 744 2465 798 Romam
2497 743 2821 815 porrexeris
2851 761 2966 816 quo
3016 745 3098 800 ire
3145 744 3435 817 disponis,
3467 743 3796 799 nativitatis

2135 849 2383 903 regnum
2417 849 2721 903 nunquam
2755 832 3009 903 amplius
3044 832 3286 902 videbis,
3323 833 3425 889 sed
3461 833 3654 888 Romae
3680 850 3797 905 quo

2135 921 2353 992 pergis,
2386 921 2720 992 sepulcrum
2755 920 3022 976 habebis.
3048 946 3074 970 n
3110 922 3227 976 lloe
3255 938 3490 993 quoque
3513 922 3667 993 quod
3696 921 3797 976 Dei

2135 1008 2400 1080 praedixit
2432 1009 2709 1076 famulus,
2736 1010 2815 1064 rei
2854 1015 3055 1081 postea
3087 1010 3353 1081 probavit
3382 1015 3644 1065 eventus.

2202 1098 2293 1151 XI.
2320 1098 2578 1154 Comitem
2602 1107 2781 1153 sanat.
2807 1131 2874 1139 —
2900 1101 2959 1153 In
2983 1100 3339 1153 Alemannis:
3363 1099 3633 1171 partibus
3657 1116 3798 1171 quo—

2132 1186 2269 1240 dam
2302 1192 2562 1258 tempore
2585 1205 2719 1241 cum
2744 1194 3088 1256 moraretur,
3106 1190 3235 1259 ejus
3252 1189 3536 1243 adventus
3559 1206 3797 1243 rumore

2134 1275 2454 1339 diifamato,
2478 1277 2547 1331 ad
2565 1293 2699 1330 eum
2716 1278 3026 1348 cujusdam
3043 1276 3276 1332 comitis
3289 1278 3517 1332 concita
3530 1278 3798 1349 pervenit

2132 1362 2364 1435 legatio.
2401 1365 2481 1419 Ex
2504 1364 2675 1437 longo
2698 1384 2953 1437 namque
2976 1370 3235 1437 tempore
3258 1366 3572 1438 praedictus
3593 1383 3797 1421 comes

2134 1452 2316 1508 nimia
2348 1454 2790 1525 deprimebatur
2819 1454 3186 1528 aegritudine,
3220 1471 3346 1527 qua:
3378 1454 3643 1527 quotidie
3695 1471 3798 1526 per

2133 1547 2451 1614 augmenta
2479 1558 2853 1599 succrescens
2885 1543 3164 1612 noxia,ita
3193 1548 3382 1599 totum
3417 1561 3631 1616 corpus
3652 1542 3797 1613 infe-

2133 1634 2308 1698 cerat,
2342 1636 2407 1685 ut
2437 1648 2542 1687 nec
2570 1632 2639 1686 de
2672 1630 2820 1687 lecto
2851 1648 3111 1704 surgere,
3151 1649 3254 1688 nec
3284 1650 3353 1688 ex
3387 1649 3502 1687 uno
3533 1632 3590 1686 in
3628 1630 3795 1687 aliud

2132 1735 2194 1774 se
2225 1718 2381 1775 latus
2412 1721 2699 1791 potuisset
2732 1726 2974 1775 vertere.
3010 1720 3188 1777 Cibus
3219 1725 3276 1775 et
3307 1724 3479 1793 potus
3511 1720 3594 1775 ita
3625 1723 3797 1775 erant

2132 1806 2387 1873 fastidio,
2423 1808 2579 1879 quod
2613 1825 2826 1880 corpus
2857 1808 3040 1864 nimio
3072 1808 3457 1864 simulacrum
3495 1808 3798 1864 videretur

2125 1894 2372 1966 jejunio.
2409 1896 2542 1952 Ideo
2575 1897 2645 1951 ad
2682 1896 2917 1951 beatum
2968 1897 3157 1952 virum
3203 1897 3429 1955 directa
3476 1896 3791 1970 legatione,

2129 1985 2257 2055 ejus
2283 1984 2557 2055 pietatem
2572 1985 2820 2056 supplici
2839 1985 3795 2058 postulavitdevotione,quatenus

2130 2069 2197 2127 ei;
2228 2073 2320 2128 his
2352 2090 2477 2144 qua:
2511 2074 2583 2128 ad
2614 2075 2831 2127 vietum
2866 2074 3168 2146 proprium
3195 2075 3294 2129 Dei
3325 2075 3689 2147 parabantur
3712 2075 3795 2129 fa-

2130 2160 2311 2228 mulo,
2347 2179 2466 2216 sua:
2500 2162 2925 2218 imbecillitatis
2959 2163 3793 2219 subvenireturincommodo.

2131 2249 2247 2304 liae
2277 2249 2474 2321 itaque
2506 2248 2794 2321 legatione
2827 2251 2898 2306 ab
2932 2268 2998 2307 eo
3031 2252 3130 2323 qui
3162 2253 3486 2308 visceribus
3511 2253 3796 2307 aftluebat

2130 2338 2564 2406 misericordia},
2589 2356 2798 2411 panem
2818 2356 2933 2411 quo
2950 2340 3299 2396 vescebatur
3319 2358 3452 2396 cum
3476 2340 3794 2413 emigdalis

2130 2432 2186 2483 et
2216 2427 2521 2483 odoriferis
2554 2428 2813 2500 suscepit
2842 2427 3183 2502 pigmentis.
3216 2431 3382 2485 Tunc
3402 2430 3505 2485 Dei
3529 2429 3795 2485 famulus

2129 2516 2201 2572 ad
2230 2533 2369 2572 suos
2408 2533 2726 2573 conversus
2758 2533 2772 2572 :
2805 2539 2832 2568 «
2862 2518 3301 2588 Familiaritate,
3336 2519 3549 2591 inquit,
3586 2525 3794 2574 nostra

2129 2606 2276 2661 fisus
2295 2604 2528 2661 hoeiste
2543 2604 2667 2661 suis
2687 2606 2949 2678 deposcit
2980 2606 3575 2681 precibus,quatenus
3596 2608 3792 2664 omni-

2130 2700 2336 2767 potens
2368 2694 2628 2751 Medicus
2666 2695 2718 2750 ei
2766 2695 2983 2752 nostris
3028 2697 3339 2751 subveniat
3394 2696 3789 2751 orationibus.

2129 2784 2262 2840 Ideo
2296 2782 2614 2856 ﬂagitanda
2638 2789 2727 2839 est
2749 2784 2848 2839 Dei
2873 2784 3203 2854 clementia,
3222 2802 3337 2857 quo
3359 2784 3650 2841 sublevari
3676 2802 3795 2840 me-

2128 2877 2324 2928 reatur
2349 2871 2611 2944 corporis
2638 2872 2928 2927 molestia.
2966 2874 3176 2929 Potens
3207 2880 3297 2930 est
3327 2874 3483 2929 enim
3540 2873 3638 2931 ille
3691 2874 3791 2946 qui

2127 2959 2309 3031 reguli
2345 2959 2533 3014 filium
2566 2976 2833 3015 sermone
2866 2961 3092 3015 sanavit
3115 2962 3593 3033 imperiali,hunc
3614 2963 3789 3018 nobis

2125 3048 2471 3102 absentibus
2485 3048 2744 3119 pristinae
2762 3048 3067 3104 restituere
3081 3050 3369 3121 sospitati.
3388 3074 3414 3100 n
3433 3052 3566 3107 Mox
3589 3052 3791 3123 itaque

2127 3139 2190 3189 ut
2219 3135 2307 3188 vir
2336 3134 2435 3189 Dei
2469 3150 2603 3189 cum
2639 3135 2918 3191 fratribus
2948 3153 3009 3191 se
3030 3137 3277 3191 orationi
3303 3139 3789 3213 dedit,extemplo

2124 3222 2224 3294 qui
2258 3223 2459 3277 aberat
2491 3221 2782 3277 meliorari
2806 3227 3000 3294 erepit.
3024 3224 3256 3279 Reversi
3278 3242 3409 3280 vero
3428 3229 3530 3297 qui
3558 3230 3793 3285 fuerant

357 3317 631 3390 potestati
664 3316 945 3372 inhzercre
974 3332 1261 3387 supernze,
1296 3330 1413 3386 qua
1444 3313 1723 3386 praeditus
1756 3314 1901 3370 illud
1934 3316 2010 3371 fa-
2042 3303 2085 3369 C
2124 3312 2352 3380 directi,
2384 3329 2451 3367 ea
2482 3311 2626 3367 hora
2653 3329 2769 3384 qua
2799 3329 2832 3366 a
2861 3312 2983 3366 viro
3015 3312 3114 3367 Dei
3149 3320 3542 3382 recesserunt,
3583 3317 3792 3373 melio-

356 3422 485 3460 cere
515 3405 705 3477 potuit
732 3405 995 3475 jussionc
1028 3404 1181 3477 quod
1216 3402 1413 3457 nullus
1447 3404 1681 3475 aggredi
1719 3420 1901 3459 ausus
1923 3410 2014 3460 est

356 3493 806 3567 supplicatione.
840 3493 1004 3559 Quod
1051 3491 1209 3547 enim
1244 3491 1322 3546 illi
1358 3491 1694 3561 iuhzeserat,
1724 3493 1816 3548 cui
1867 3493 2013 3548 nihil

357 3588 448 3639 est
476 3581 862 3655 impossibile,
888 3582 1017 3637 ideo
1042 3582 1113 3637 ab
1137 3598 1202 3636 eo
1227 3580 1440 3637 meruit
1462 3581 1813 3653 accipere,ut
1834 3582 2014 3655 hujus

359 3671 453 3727 sui
482 3670 890 3727 dominaretur
927 3670 1143 3741 jussio,
1172 3670 1344 3740 cujus
1397 3674 1685 3726 terrarum
1718 3671 2014 3744 principes

357 3760 828 3831 subjiciebantur
857 3759 1137 3815 dominio.

426 3848 493 3904 Χ.
524 3848 729 3905 Gitonis
758 3849 785 3902 Ι
810 3856 1034 3903 mortem
1063 3847 1331 3920 prwdicii,
1360 3848 1489 3903 dein
1517 3848 1836 3921 secundi.—
1858 3849 2016 3905 Inter

354 3941 563 3994 caetera
590 3936 884 4010 siquidem
899 3936 1184 3993 miracula
1206 3954 1331 4008 qua:
1356 3937 1641 3993 Dominus
1664 3939 2016 4010 operabatur

356 4026 429 4081 ad
460 4026 823 4084 ostendenda
855 4025 1004 4081 servi
1033 4025 1123 4080 sui
1167 4024 1393 4094 merita,
1431 4025 1643 4097 spiritu
1693 4026 2011 4099 prephetize

356 4113 633 4185 dignatus
666 4118 755 4169 est
785 4113 1037 4180 erudire,
1064 4118 1128 4167 ut
1149 4118 1391 4169 ventura
1412 4113 1628 4186 saepius
1651 4116 2012 4187 praediceret,

355 4206 415 4257 et
445 4202 711 4257 absentia
758 4200 1167 4273 praesentibus,
1201 4201 1371 4273 quasi
1422 4205 1751 4275 praesentia,
1786 4206 2011 4261 denun-

354 4290 546 4347 tiaret.
566 4291 828 4357 Quodam
847 4296 1107 4362 tempore
1126 4290 1266 4348 dum
1289 4291 1471 4347 Roma
1489 4292 2013 4362 rediret,fratribus

355 4396 491 4436 cum
523 4380 739 4453 quibus
772 4380 881 4437 iter
910 4380 1208 4451 carpebat,
1232 4382 1542 4454 suspirans
1576 4399 1713 4437 cum
1736 4382 2013 4455 lacrymis

354 4469 500 4527 dixit
533 4486 546 4528 :
580 4470 698 4527 Hac
749 4474 915 4526 nocte
975 4486 1076 4541 per
1134 4486 1409 4525 somnum
1466 4470 1691 4527 leonem
1744 4471 2013 4527 videbam

354 4557 857 4616 immanissimum
872 4558 970 4631 qui
983 4558 1220 4614 clausus
1237 4558 1295 4613 in
1312 4576 1483 4616 cavea
1496 4565 1701 4615 eatena
1723 4561 2012 4617 constrin-

2124 3401 2237 3456 rari
2273 3401 2519 3472 ccepisse
2550 3418 2722 3456 suum
2754 3401 3064 3457 dominum
3096 3408 3513 3474 cognoverunt.
3538 3404 3791 3461 Posthac

2125 3507 2368 3545 munere
2399 3490 2507 3544 viri
2536 3490 2634 3546 Dei
2660 3508 2720 3545 se
2752 3490 2989 3559 cibavit,
3009 3496 3065 3546 et
3086 3492 3228 3546 adeo
3250 3491 3479 3563 integra
3503 3495 3790 3566 sospitate

2125 3578 2440 3647 convaluit,
2476 3583 2559 3646 ut,
2604 3580 2808 3651 paucis
2859 3580 3222 3652 interpositis
3271 3581 3502 3648 diebus,
3538 3581 3671 3654 ipse
3721 3583 3790 3639 ad

2126 3669 2361 3723 beatum
2396 3685 2666 3741 pergens,
2700 3669 2829 3740 ejus
2860 3669 3123 3741 vestigiis
3163 3669 3476 3725 advolutus
3531 3671 3789 3728 immen-

2125 3773 2222 3812 sas
2258 3774 2361 3828 pro
2393 3756 2676 3812 beneficio
2710 3758 2932 3829 gratias
2967 3758 3252 3814 retulerit.

2196 3846 2315 3901 XII.
2350 3846 2474 3901 Alia
2502 3847 2950 3901 miracula.—-In
2972 3847 3272 3904 Vivarcnsi
3306 3848 3391 3920 (de
3425 3850 3655 3923 Viviers)
3686 3851 3787 3907 cli-

2125 3940 2278 3991 mate
2311 3936 2578 4007 quaedam
2612 3935 2827 3991 nobilis
2876 3941 3145 3992 matrona
3191 3936 3366 4009 longa
3415 3940 3788 3996 afficiebatur

2124 4025 2490 4097 azgritudine.
2526 4024 2654 4079 Ilaec
2688 4024 2745 4079 in
2778 4026 2965 4081 sancti
2998 4027 3299 4082 Saturnini
3331 4026 3543 4083 cellula
3593 4030 3783 4086 virum

2124 4114 2224 4169 Dei
2259 4114 2474 4169 morari
2510 4119 2575 4169 ut
2605 4115 2911 4187 comperit,
2939 4131 3071 4170 mox
3092 4132 3226 4172 eum
3251 4134 3361 4171 sua
3382 4116 3677 4189 legatione
3700 4120 3787 4173 de-

2124 4219 2361 4275 poscere
2385 4203 2633 4270 studuit,
2652 4221 2865 4276 aquam
2891 4204 3001 4260 sibi
3018 4205 3089 4260 ad
3115 4205 3507 4263 hauriendum
3531 4212 3599 4262 ut
3620 4209 3785 4263 bene-

2123 4293 2360 4357 diceret,
2396 4298 2453 4347 et
2477 4293 2549 4347 ad
2575 4294 2915 4365 ungendum
2940 4292 3049 4349 olei
3073 4293 3510 4367 liquorem,suze
3532 4296 3779 4352 dextera:

2124 4382 2293 4453 signo
2325 4382 2758 4438 sanctiﬁcatum
2790 4383 3084 4456 dirigeret.
3120 4384 3248 4440 Haec
3278 4402 3406 4457 quae
3438 4385 3651 4457 petiita
3666 4385 3778 4440 viro

2124 4471 2226 4527 Dei
2258 4470 2556 4543 percipere
2600 4475 2663 4526 ut
2711 4471 2946 4540 meruit,
2997 4471 3154 4528 illico
3207 4475 3473 4530 recedere
3525 4473 3778 4547 corporis

2125 4558 2395 4615 molestia
2426 4565 2482 4615 ct
2513 4561 2583 4615 ad
2610 4560 2925 4632 pristinum
2960 4562 3219 4618 officium
3253 4564 3332 4619 ita
3364 4565 3621 4636 reparari
3674 4580 3775 4617 cce-

352 4649 602 4719 gebatur
638 4649 856 4716 ferrea;
886 4652 942 4703 et
985 4648 1114 4703 ideo
1163 4647 1569 4704 indubitanter
1628 4650 1827 4705 sciatis
1873 4650 2015 4722 quia
2046 4672 2091 4737 D
2125 4653 2339 4721 perunt
2371 4650 2637 4706 membra
2666 4648 3029 4722 languentia,
3062 4656 3127 4708 ut
3156 4652 3401 4726 depulsa
3438 4652 3776 4725 aegritudine

357 4735 489 4790 Otto
520 4736 837 4807 imperator
868 4737 975 4792 hoc
1008 4753 1159 4791 anno
1194 4738 1368 4793 rebus
1401 4738 1637 4793 excedet
1684 4737 1962 4794 humanis
1997 4756 2009 4795 :

357 4824 510 4894 quod
561 4825 645 4879 ita
688 4826 766 4880 rei
817 4826 1083 4897 probavit
1142 4832 1402 4881 eventus.
1437 4827 1497 4881 In
1541 4827 1804 4898 proximo
1855 4828 2013 4884 enim

357 4909 718 4967 Provinciam
752 4932 1039 4979 reversus,
1068 4915 1264 4986 ibiun
1298 4915 1353 4969 in
1380 4917 1634 4987 quadam
1672 4934 1778 4971 sua
1804 4916 2015 4972 cellula

357 4999 560 5070 paucis
591 5000 798 5055 diebus
831 5019 1224 5069 commorans,
1260 5003 1487 5076 legatus
1538 5022 1605 5063 ex
1655 5005 2010 5061 Alemannis:

357 5088 623 5159 partibus
654 5090 1017 5163 advenit,qui
1046 5093 1346 5163 praefatum
1372 5094 1782 5166 imperatorem
1807 5096 1879 5152 ab
1903 5096 2010 5152 hac

356 5177 475 5232 vita
505 5176 789 5247 migrasse
822 5180 1051 5234 detulit.
1087 5181 1197 5236 Sed
1232 5182 1385 5235 sicut
1416 5184 1504 5236 vir
1553 5183 1652 5238 Dei
1706 5186 2009 5240 absentem

358 5281 482 5320 rem
500 5269 802 5335 tamquam
823 5273 1167 5337 praesentem
1188 5274 1325 5324 tunc
1345 5271 1627 5327 fratribus
1650 5272 2014 5347 retulit,quo-

359 5354 517 5408 niam
549 5351 920 5424 imperatoris
954 5357 1172 5428 magni,
1198 5355 1331 5413 licet
1362 5356 1533 5431 longe
1555 5361 2010 5430 positi,mortem

359 5441 616 5496 innotuit
650 5457 661 5495 :
699 5442 779 5496 ita
808 5447 1010 5514 postea
1038 5444 1223 5515 ipsius
1257 5444 1396 5514 tilio,
1418 5448 1591 5518 cujus
1617 5466 1796 5520 supra
1817 5451 2013 5507 retuli-

359 5548 514 5597 mus,
548 5530 703 5585 sicut
734 5531 999 5603 contigit,
1033 5531 1270 5587 Verona:
1302 5534 1372 5587 de
1394 5551 1501 5589 suo
1528 5535 1689 5591 obitu
1720 5538 2007 5607 praedixit.

358 5620 505 5676 Nam
537 5636 750 5675 manus
782 5620 1149 5692 imperatoris
1172 5626 1450 5693 utrasque
1473 5623 1596 5678 suis
1616 5626 2010 5698 complectens

360 5709 636 5768 manibus
666 5708 879 5785 tenuit,
911 5708 1155 5788 ejusque
1184 5709 1411 5770 vultum
1461 5712 1853 5791 complectens
1880 5717 1963 5776 ait
1992 5736 2005 5776 :

2124 4737 2208 4794 sic
2240 4739 2505 4810 proximo
2536 4743 2798 4811 tempore
2830 4744 2949 4795 toto
2983 4740 3201 4797 valeret
3232 4758 3490 4814 corpore,
3518 4758 3585 4797 ac
3611 4742 3657 4795 si
3690 4756 3775 4795 an-

2122 4831 2217 4881 tea
2243 4827 2466 4883 nullius
2498 4828 2866 4899 :rgritudinis
2901 4830 3237 4886 iniiceretur
3269 4836 3449 4904 peste.

2194 4918 2335 4973 XIII.
2371 4918 2480 4973 Sed
2517 4923 2572 4973 et
2603 4917 2747 4974 illud
2803 4920 3092 4992 supprimi
3148 4937 3263 4976 non
3312 4922 3477 4975 decet
3525 4919 3767 4981 silentio,

2121 5008 2275 5078 quod
2302 5008 2429 5077 ejus
2455 5009 2933 5080 quem'sospitate
2957 5009 3211 5078 donavit,
3230 5010 3380 5065 beati
3398 5009 3503 5063 viri
3525 5007 3768 5065 visitatio

2121 5096 2405 5151 hactenus
2441 5096 2649 5152 celebri
2685 5099 3028 5153 diil‘amatur
3051 5098 3666 5154 testimonio.Vocatur
3686 5096 3765 5150 hic

2122 5187 2358 5242 nomine
2375 5188 2610 5259 proprio
2634 5187 3090 5256 Ilildebrannus,
3104 5188 3249 5243 etab
3268 5187 3440 5243 olTicii
3467 5185 3764 5260 agnomine

2124 5275 2779 5332 Monetarius.0fiicium
2808 5293 3061 5348 namque
3082 5277 3239 5348 quod
3263 5276 3633 5350 agebat,plus
3655 5272 3762 5328 suis

2122 5364 2424 5421 sodalibus
2457 5382 2528 5421 ne
2546 5366 2998 5421 deterioraretur
3018 5367 3483 5422 custodiebat.Et
3501 5364 3760 5437 quoniam

2122 5453 2291 5509 bonis
2323 5454 2578 5526 pollebat
2610 5455 2895 5523 moribus,
2930 5455 3058 5510 ideo
3091 5455 3260 5510 beato
3290 5456 3413 5510 viro
3453 5455 3625 5527 ccepit
3652 5464 3759 5506 esse

2121 5542 2411 5615 cognitus.
2448 5543 2549 5598 Hic
2580 5542 2860 5616 languore
2883 5549 3184 5616 correptus
3204 5542 3759 5617 eorporeo,laborare

2120 5632 2294 5703 coepit
2329 5631 2514 5689 multo
2563 5632 2962 5689 incommodo.
2998 5634 3105 5699 Qui
3156 5633 3298 5689 dum
3349 5650 3411 5688 se
3459 5634 3759 5689 ccrnereta

2120 5717 2403 5800 languore
2435 5738 2551 5779 non
2584 5721 2896 5796 sublevari,
2924 5723 3024 5784 sed
3057 5728 3353 5782 crescente
3384 5721 3639 5800 corporis
3659 5730 3758 5775 ωο-
