3936 6378
352 381 469 449 199

1275 376 1649 446 RATHERII
1693 378 1943 447 EPISC.
1987 375 2275 447 VERON.
2322 378 2496 448 OPP.
2538 378 2744 448 PARS
2788 378 2839 447 Ῑ.

3644 386 3763 455 m0

351 528 536 576 tamen
558 518 611 574 et
636 532 730 575 vos
762 514 976 587 singuli
1019 518 1395 591 unusquisque
1429 532 1658 574 umorem
1683 533 1844 573 suam
1869 516 2005 572 dili-
2033 517 2090 585 Α
2119 533 2234 574 non
2266 533 2500 574 omnem
2553 518 2653 590 qui
2683 516 2827 584 vult,
2860 517 2960 572 sed
2990 516 3083 573 cui
3108 514 3271 573 Bais
3310 516 3756 589 possibilitatem

348 612 443 681 gat
466 609 608 665 sicut
660 608 900 679 seipsum
930 606 1143 678 (Ephes.
1200 622 1261 674 ν,
1291 605 1423 677 33;)
1456 606 1598 677 quia
1652 604 1923 661 videlicet
1950 609 2009 661 et

349 697 619 754 Christus
644 695 917 753 similiter
947 694 1082 751 fecit
1121 710 1226 767 pro
1258 694 1520 751 Ecclesia
1576 695 1859 751 tradendo
1914 710 2006 749 se-

350 787 549 859 ipsum
586 803 599 842 :
631 786 1119 858 subjungensque
1154 799 1167 840 :
1207 785 1373 852 Uxor,
1406 783 1625 855 inquit,
1684 786 1873 839 timeat
1927 785 2006 839 vi-

346 891 475 931 rum
499 889 679 931 suum.

420 966 507 1020 12.
541 966 686 1020 Ecce
716 961 910 1035 qualis
956 976 1100 1036 erga
1145 962 1336 1017 virum
1367 976 1497 1017 esse
1518 961 1753 1029 debeas,
1788 976 1999 1033 praece-

345 1048 723 1126 ptisaudistis
737 1049 1113 1124 apostolicis:
1145 1066 1301 1107 nunc
1319 1049 1554 1122 qualem
1581 1064 1719 1121 erga
1729 1054 1784 1104 te
1808 1050 1998 1121 ipsam

345 1152 474 1200 esse
503 1140 832 1209 conveniat,
864 1157 934 1197 ex
963 1140 1138 1196 dictis
1170 1139 1375 1213 collige
1395 1139 1548 1195 beati
1581 1138 1849 1212 Cypriani
1877 1137 1998 1210 epi-

346 1231 508 1304 scopi
535 1235 593 1288 et
620 1230 898 1303 martyris
930 1245 943 1285 :
978 1251 1008 1280 «
1033 1228 1343 1298 Pudicitia,
1373 1226 1584 1299 inquit,
1618 1226 1876 1298 corporis
1908 1228 1998 1283 est

344 1321 567 1379 alienas
588 1336 682 1375 res
713 1330 830 1375 non
859 1322 1154 1391 appetere,
1179 1333 1413 1373 omnem
1435 1315 1873 1371 immunditiam
1896 1316 1995 1371 de-

343 1409 548 1477 vitarc,
584 1412 720 1466 aute
745 1407 951 1463 horam
998 1421 1321 1478 congruam
1368 1421 1485 1460 non
1533 1409 1771 1477 gustare
1826 1403 1991 1472 velle,

342 1499 530 1555 risum
561 1512 680 1554 non
711 1496 982 1563 excitare,
1015 1494 1192 1551 verba
1218 1510 1367 1550 vana
1392 1499 1450 1549 et
1481 1493 1631 1549 falsa
1658 1509 1776 1549 non
1806 1491 1991 1566 loqui,

341 1586 609 1643 habitum
634 1601 743 1658 per
771 1583 971 1640 omnia
988 1582 1767 1655 ordinatum,propositoque
1787 1597 1993 1637 conve-

339 1677 620 1743 nientem,
635 1679 756 1749 tam
777 1672 1123 1744 capillorum
1145 1688 1324 1743 quam
1342 1671 1776 1738 vestium,sicut
1803 1671 1990 1741 decet,

337 1765 574 1831 habere,
608 1776 741 1819 cum
773 1760 1033 1834 indignis
1052 1760 1436 1817 contubernia
1458 1775 1572 1815 non
1600 1759 1765 1828 inire,
1783 1775 1986 1832 super-

2114 606 2340 673 tribuit,
2358 610 2479 663 tam
2493 607 2714 663 summi
2727 605 2942 679 fastigii
2974 620 3167 662 arcem
3182 607 3592 664 conscendam.
3616 610 3759 674 Quo-

2113 695 2269 753 circa
2316 694 2397 751 nil
2446 695 2519 751 de
2549 699 2625 761 te,
2674 696 2775 751 sed
2809 701 2879 750 de
2907 693 3062 768 ipso,
3092 693 3222 751 sine
3251 710 3368 768 quo
3398 695 3542 751 nihil
3570 704 3755 770 potes,

2112 800 2497 857 praesumens,
2519 784 2843 841 secundum
2862 783 3237 856 Prophetam,
3253 798 3359 856 quo
3383 784 3757 858 pulchriores,

2110 874 2388 942 descende,
2422 882 2475 929 et
2521 873 2712 928 habita
2755 888 2881 928 cum
2909 874 3546 946 ineircameisidmwh,
3576 891 3751 947 χχχιι,

2112 962 2223 1034 19),
2256 963 2315 1018 id
2345 967 2436 1019 est
2464 961 2767 1019 humiliter
2807 961 3208 1018 condescendc
3246 960 3612 1034 quibuslibet
3638 955 3753 1024 non

2111 1050 2301 1107 solum
2336 1048 2709 1106 matrimonio
2728 1049 2974 1122 junctis,
3006 1050 3107 1105 sed
3148 1054 3207 1105 et
3236 1051 3429 1107 carnis
3458 1066 3658 1109 curam
3688 1054 3748 1110 in

2108 1140 2583 1213 concupiscentia
2607 1139 2978 1209 facientibus,
3012 1139 3396 1196 mstimatione
3435 1142 3670 1214 prepria
3695 1147 3751 1200 te

2108 1229 2328 1285 nemini
2361 1229 2693 1301 prmferens,
2726 1228 2899 1300 quasi
2946 1227 3135 1283 caeteri
3159 1232 3589 1300 peccatores,tu
3619 1246 3749 1303 pro-

2105 1323 2235 1390 pter
2248 1318 2537 1374 castitatis
2549 1319 2771 1373 donum
2788 1318 2869 1373 sis
2881 1316 3259 1390 singulariter
3272 1323 3514 1375 sanctus
3532 1318 3748 1377 :scieas

2105 1407 2456 1479 quibusdam
2492 1406 2631 1463 vitia
2659 1406 2926 1478 quaedam
2958 1406 3326 1479 plerumque,
3351 1407 3468 1463 Deo
3509 1409 3746 1481 permit-

2102 1499 2279 1565 tente,
2296 1497 2370 1551 ad
2388 1500 2621 1569 tempus
2637 1495 2951 1563 dominari,
2973 1500 3037 1551 ut
3052 1496 3311 1552 conversi
3330 1501 3461 1569 post
3484 1497 3735 1565 discant,

2100 1586 2272 1656 cujus
2305 1586 2517 1657 pietate
2542 1586 2613 1641 de
2644 1584 2975 1656 captivitate
2999 1585 3307 1658 redempti,
3338 1590 3394 1641 et
3428 1582 3605 1657 cujus
3630 1586 3743 1642 vir-

2096 1678 2221 1729 tute
2250 1674 2320 1729 de
2368 1677 2653 1745 potestate
2698 1674 2820 1728 sint
2865 1672 3122 1730 crudelis
3170 1673 3403 1746 tyranni
3428 1675 3651 1746 erepti;
3682 1677 3738 1730 et

2096 1764 2261 1816 tanto
2294 1762 2545 1832 mojores
2574 1760 2796 1833 gratias
2826 1761 3081 1817 referant
3110 1761 3656 1834 liberatori,quanto
3674 1760 3743 1819 de

335 1854 538 1912 cilioso
556 1852 775 1909 intuitu
801 1850 1097 1907 neminem
1120 1850 1401 1922 aspicere,
1422 1849 1621 1922 vagari
1642 1848 1843 1906 oculos
1867 1865 1981 1905 non
2014 1889 2065 1956 Β
2092 1849 2305 1921 majori
2327 1847 2586 1922 periculo
2611 1854 2752 1905 sunt
2765 1848 2994 1956 liberati
3019 1866 3033 1904 :
3066 1854 3126 1905 at
3152 1855 3359 1906 contra
3388 1847 3740 1923 quibusdam

336 1943 691 2017 permittere,
720 1939 1056 2013 pompatico
1102 1943 1159 1995 et
1215 1938 1558 1995 illecebroso
1605 1952 1811 2010 gressu
1868 1954 1985 1994 non

335 2030 776 2097 incedere,nulli
794 2027 1034 2085 inferior
1061 2028 1121 2083 in
1154 2028 1401 2099 incmpto
1431 2028 1584 2083 bono
1613 2043 1786 2099 opere
1805 2042 1988 2100 appa-

335 2124 481 2189 rere,
517 2119 664 2177 nulli
698 2116 1118 2174 contumeliam
1145 2121 1246 2173 aut
1274 2118 1548 2172 ruborem
1578 2115 1860 2182 incutere,
1884 2132 1985 2171 ne-

335 2212 555 2267 minem
581 2207 1017 2280 blasphemare,
1048 2221 1219 2261 senes
1269 2221 1386 2261 non
1439 2204 1703 2274 irridere,
1754 2204 1985 2261 meliori

333 2317 451 2357 non
480 2295 1027 2363 controversam,“
1056 2294 1151 2350 his
1166 2293 1551 2367 qua-ignoras
1580 2310 1695 2349 non
1716 2298 1983 2362 tractare,

330 2390 510 2446 etiam
543 2402 672 2460 qua
703 2385 822 2443 seis
851 2400 968 2440 non
999 2384 1199 2440 omnia
1227 2386 1502 2456 proferre.
1537 2382 1666 2438 Hanc
1690 2399 1825 2438 cum
1856 2398 1986 2455 pro-

329 2478 507 2535 ximis
517 2462 832 2533 amabilem
845 2474 1145 2529 hominem
1161 2473 1495 2541 reddunt,et
1512 2473 1627 2529 Deo
1649 2473 1984 2544 acceptabi-

327 2564 713 2625 lem'—faeiunt.
746 2584 776 2616 ιι
804 2564 1033 2620 Bonum
1063 2562 1283 2635 itaque,
1316 2565 1381 2618 ut
1404 2562 1475 2617 ad
1502 2566 1700 2618 nostra
1722 2562 1978 2631 redeam,

326 2657 378 2713 si
408 2655 630 2712 habeas
650 2653 871 2721 virum,
920 2652 1151 2719 Seram,
1186 2652 1529 2719 Rebeccam,
1583 2650 1892 2708 Rachelem
1925 2655 1984 2706 et

325 2742 626 2800 Elisabeth
659 2741 894 2795 imitare
930 2757 943 2795 :
976 2740 1134 2811 quod
1169 2738 1218 2795 si
1249 2738 1521 2811 iniquum
1567 2743 1627 2795 et
1656 2738 1979 2808 crudelem,

327 2831 510 2887 habes
529 2844 769 2902 quoque
786 2844 934 2901 quas
954 2827 1290 2894 imiteris,ln
1303 2827 1458 2884 Novo
1481 2828 1718 2900 quidem
1742 2829 1983 2884 Anasta-

327 2921 478 2977 siam
509 2922 567 2975 et
594 2917 958 2973 Theodoram
984 2934 998 2985 ;
1031 2916 1091 2972 in
1121 2915 1314 2973 Veteri
1362 2922 1561 2972 autem
1608 2916 1979 2974 Testamento

324 3007 823 3081 Abigailuxorem
855 3003 1038 3060 Nabal
1069 3004 1339 3071 Carmeli,
1368 3010 1426 3061 et
1454 3002 1665 3061 Esther
1718 3005 1976 3060 Assucri.

324 3096 476 3153 Audi
508 3093 758 3167 denique
787 3092 1132 3166 Apostolum
1161 3093 1456 3149 dicentem
1491 3109 1505 3148 :
1539 3093 1856 3149 Saluabitur
1889 3096 1981 3149 vir

324 3184 570 3256 inﬁdelis
622 3199 726 3257 per
775 3184 1076 3239 mlimm
1141 3181 1362 3254 ﬁdelem
1421 3184 1467 3253 (1
1516 3182 1638 3239 Cor.
1698 3199 1795 3249 vn,
1861 3184 1977 3254 14,)

2096 1939 2358 2010 reprobis
2373 1939 2640 2010 quaedam
2656 1937 3003 1994 sublimium
3016 1939 3300 1995 virtutum
3313 1940 3744 1996 donanoanun—

2097 2043 2276 2101 quam
2294 2028 2616 2099 provenire,
2643 2027 2858 2099 quibus
2873 2027 3011 2083 elati
3029 2028 3267 2101 gravius
3290 2032 3738 2101 corruant,qua-

2094 2121 2264 2173 tenus
2310 2132 2513 2172 eorum
2562 2131 2703 2172 casu
2735 2116 2922 2173 territi
2964 2117 3153 2185 electi,
3183 2118 3254 2174 de
3285 2133 3347 2174 se
3378 2134 3497 2175 non
3526 2132 3742 2191 praesu-

2094 2210 2277 2276 mant,
2331 2206 2433 2262 sed
2481 2205 2540 2260 in
2589 2205 2689 2263 Dei
2741 2206 3147 2263 misericordia
3188 2205 3426 2263 ﬁrmius
3468 2223 3734 2281 gressum

2094 2295 2309 2351 mentis
2356 2296 2561 2367 ﬁgant.
2598 2294 2762 2350 Unde
2791 2293 3107 2367 Apostolus
3156 2295 3400 2368 pulchre
3426 2313 3441 2353 :
3470 2299 3583 2368 Qui
3605 2298 3731 2362 stat,

2092 2382 2304 2455 inquit,
2336 2384 2515 2439 eidem
2542 2399 2614 2439 ne
2636 2382 2795 2439 cadat
2828 2386 2874 2456 (1
2900 2381 3022 2440 Cor.
3056 2402 3110 2451 κ,
3148 2386 3254 2456 12).

2162 2474 2251 2528 ii.
2280 2472 2444 2529 Unde
2474 2476 2671 2529 autem
2698 2488 2875 2529 casus
2904 2472 3012 2529 iste
3055 2473 3388 2546 specialiter
3416 2473 3727 2547 contingat,

2091 2560 2406 2618 Psalmista
2452 2562 2744 2634 precando
2791 2562 3193 2619 demonstrat:
3227 2564 3349 2620 Non

2084 2666 2179 2722 pes
2208 2651 2500 2722 superbiae,
2532 2659 2586 2707 et
2611 2666 2814 2707 manus
2839 2655 3137 2723 peccatoris
3165 2669 3278 2709 non
3298 2658 3512 2710 morm
3530 2666 3633 2709 me.
3657 2650 3734 2706 ibi

2087 2738 2415 2807 accidental,
2447 2741 2546 2813 qui
2566 2748 2869 2812 operantur
2894 2742 3253 2812 iniquitatem
3267 2742 3730 2812 (Psal.xm,12).

2089 2830 2203 2885 Nec
2248 2829 2503 2902 injuria;
2552 2828 2690 2902 quia
2735 2829 2894 2885 enim
2942 2830 3241 2902 Scriptura
3282 2831 3735 2888 testarum-Ante

2088 2920 2316 2974 ruinam
2343 2918 2625 2973 excitatur
2654 2933 2747 2972 cor
2778 2921 2964 2987 (Prov.
2993 2935 3110 2987 xvr,
3130 2919 3159 2974 4
3170 2920 3225 2987 8)
3249 2936 3264 2987 ;
3296 2921 3606 2977 sciendum
3624 2933 3731 2972 'ne-

2089 3006 2309 3062 minem
2339 3007 2410 3061 de
2439 3007 2651 3061 virtute
2680 3006 2751 3061 ad
2781 3005 2990 3062 vitium
3022 3008 3323 3079 quodlibet
3351 3008 3597 3082 prolabi,
3620 3005 3730 3061 nisi

2087 3094 2251 3167 prius
2295 3095 2368 3151 ab
2420 3093 2771 3150 humilitatis
2811 3099 2975 3166 petra
3006 3095 3065 3150 in
3099 3113 3337 3153 arenam
3366 3096 3652 3170 superbiae
3679 3092 3729 3148 ei

2089 3184 2393 3257 contingat
2424 3184 2579 3240 saltu
2610 3183 2890 3241 vanitatis
2904 3189 2962 3240 et
2982 3184 3391 3243 inconstantia:
3414 3181 3729 3249 demutari;

325 3273 586 3346 itemque
618 3290 633 3328 :
677 3273 994 3328 Saluabitur
1040 3286 1141 3343 per
1184 3270 1439 3343 ﬁliorum
1494 3273 1901 3340 generationem
1934 3273 1978 3344 (I
2004 3258 2049 3325 C
2086 3286 2225 3328 nam
2246 3273 2357 3328 nisi
2376 3272 2970 3345 pmcessissetlatens
2996 3276 3292 3347 superbia,
3328 3284 3445 3333 non
3468 3286 3729 3346 sequere-

329 3365 465 3420 Τέω.
498 3378 562 3431 ιι,
590 3361 720 3434 ‘15:)
754 3361 854 3417 ubi
887 3376 1004 3416 non
1035 3359 1187 3415 ﬁlios
1210 3359 1424 3427 carnis,
1451 3360 1552 3415 sed
1577 3358 1729 3415 ﬁlios
1760 3360 1978 3418 mentis

322 3451 521 3525 accipe
548 3466 878 3525 expressos,
936 3464 1087 3521 quos
1118 3448 1321 3520 utique
1371 3454 1567 3506 tenere
1624 3452 1682 3505 et
1738 3448 1977 3506 allidere

317 3540 548 3613 juberis
572 3536 648 3596 ad
682 3543 908 3612 petram
943 3538 1119 3609 (Psal.
1153 3553 1379 3604 cxxxvx,
1436 3540 1519 3608 9,)
1550 3536 1608 3592 id
1658 3542 1748 3593 est
1774 3539 1977 3593 omnia

324 3644 504 3702 opera
524 3632 582 3684 et
609 3628 994 3701 cogitationes
1027 3628 1134 3684 ω’
1159 3626 1424 3682 attollere
1455 3627 1528 3682 ad
1559 3626 1881 3696 Christum,
1912 3632 1977 3683 ut

322 3717 614 3791 quidquid
642 3716 782 3772 boni
811 3716 960 3789 agis,
985 3733 1101 3773 non
1124 3716 1252 3782 tibi,
1285 3716 1387 3772 sed
1411 3714 1523 3788 ipsi
1546 3715 1836 3788 imputare
1856 3720 1976 3773 stu-

323 3806 488 3872 deas,
514 3805 649 3861 sine
677 3820 796 3877 quo
827 3803 909 3859 nil
945 3804 1081 3860 boni
1116 3819 1287 3876 agere
1316 3805 1596 3875 pervales.

759 3890 880 3948 Trr.
910 3892 981 3946 'V.
1012 3922 1084 3934 --
1110 3893 1185 3948 De
1207 3893 1510 3948 amictibus.

399 3984 481 4039 l3.
508 3980 728 4040 Calcha
755 3983 866 4037 es?
893 3979 1210 4037 Considera
1230 3996 1408 4053 quam
1438 3997 1739 4037 summum
1760 3983 1975 4038 sancti-

318 4072 457 4129 tatis
472 4070 897 4128 .conscenderis
919 4068 1173 4138 culmen,
1200 4073 1349 4125 eteo
1370 4068 1683 4127 sollicitius
1708 4070 1973 4143 praecipi-

317 4165 435 4219 tem
461 4176 605 4219 eave
636 4160 902 4228 «ruinam,
952 4175 1071 4232 quo
1126 4158 1306 4217 altius
1359 4163 1502 4215 stas.
1565 4160 1974 4216 Animadverte

316 4251 530 4323 itaque,
557 4262 685 4322 qua:
706 4264 890 4306 causa
916 4248 990 4304 de
1016 4247 1227 4321 angelo
1250 4248 1385 4305 fecit
1410 4248 1715 4304 diabolum
1742 4267 1755 4317 ;
1789 4253 1847 4305 et
1875 4263 1972 4305 re-

315 4339 636 4397 miniscens
667 4338 957 4396 Dominici
990 4336 1149 4392 illius
1187 4355 1199 4393 :
1228 4338 1369 4406 Quia
1387 4338 1969 4410 sinemenihilpotes-

313 4430 383 4485 tis
410 4430 593 4500 facere
624 4429 802 4499 (λοιπε.
861 4444 956 4495 xv,
988 4426 1069 4498 5,)
1128 4426 1286 4484 scias
1342 4425 1401 4482 in
1459 4426 1571 4482 hoc
1621 4428 1854 4499 negotio
1913 4431 1970 4484 te

314 4516 719 4573 misericordia
742 4520 805 4571 et
830 4515 1022 4587 gratia
1043 4514 1206 4572 illius
1228 4516 1481 4572 maxime
1511 4516 1965 4589 indigere,quia,

2085 3365 2183 3417 tur
2226 3360 2494 3416 libidinis
2542 3360 2855 3419 manifesta
2904 3362 3096 3419 ruina.
3146 3363 3310 3421 Unde
3358 3368 3417 3422 et
3444 3365 3722 3434 Prosper:

2158 3473 2185 3499 ‹‹
2210 3449 2723 3522 Concupiscentire,
2742 3449 2844 3517 ait,
2859 3450 3053 3508 carnis
3063 3452 3596 3523 addictus,videtur
3608 3446 3727 3521 qui-

2083 3540 2217 3595 dem
2237 3538 2316 3594 nil
2336 3539 2551 3595 habere
2567 3540 2874 3612 superbiae,
2894 3554 3029 3595 cum
3049 3543 3375 3613 praesertim
3393 3537 3726 3615 Insaioipsa

2083 3644 2219 3684 eum
2236 3628 2503 3683 videatur
2519 3627 2835 3685 humiliore
2849 3627 3094 3686 luxuria
3118 3648 3130 3697 ;
3151 3635 3207 3685 ct
3222 3633 3423 3687 tamen
3442 3628 3553 3685 nisi
3569 3626 3723 3698 prius

2084 3717 2316 3775 rebellis
2349 3718 2462 3773 Deo
2493 3718 2788 3786 existeret,
2819 3720 2990 3790 cujus
3021 3718 3256 3775 salubre
3276 3723 3629 3792 praeceptum
3656 3714 3724 3768 de

2082 3807 2480 3862 conservanda
2519 3806 2803 3878 pudicitia
2848 3808 3084 3879 superbi
3133 3808 3382 3880 spiritus
3402 3818 3722 3881 praesump-

2031 3906 2049 3924 ‘
2083 3896 2243 3951 tione
2259 3900 2678 3961 contemneret,
2699 3895 2861 3953 nulla
2877 3912 3013 3952 eum
3032 3898 3151 3966 (94)
3167 3896 3416 3953 lascivia:
3439 3892 3722 3968 cupiditas

2082 3986 2508 4057 provocaret.In
2528 3986 2724 4041 animo
2742 3986 2872 4057 ejus
2886 3985 2988 4041 diu
3008 3986 3341 4059 disceptant
3356 3986 3459 4043 Dei
3480 3986 3726 4041 contem-

2080 4077 2218 4146 ptus
2247 4078 2304 4129 ot
2329 4077 2561 4141 metus;
2595 4075 2695 4129 sed
2727 4079 2830 4130 aut
2855 4079 3228 4148 contemptus
3260 4076 3362 4131 Dei
3394 4068 3721 4148 praepende-

2080 4167 2194 4229 rat,
2225 4166 2285 4218 et
2314 4162 2606 4234 superbus
2632 4164 2873 4219 animus
2904 4169 3134 4236 recepta
3158 4164 3478 4237 cupiditate
3498 4156 3719 4235 pudicis

2080 4252 2225 4306 tiam
2257 4252 2360 4307 00
2391 4252 2615 4323 perdit;
2649 4255 2751 4308 aut
2782 4253 3007 4309 obtinet
3036 4258 3315 4321 metus,et
3342 4252 3580 4308 animus
3610 4248 3717 4303 Deo

2080 4341 2381 4412 subjectus
2397 4340 2701 4413 cupiditati
2723 4340 2899 4397 simul
2921 4345 2977 4396 et
2992 4342 3281 4414 superbia:
3302 4336 3668 4399 contradicit.
3685 4355 3716 4383 ν

2078 4430 2208 4485 Haec
2237 4429 2477 4501 quidem
2500 4430 2569 4485 de
2586 4430 2824 4502 speciali
2850 4446 3031 4487 causa
3048 4431 3251 4487 ruinre.
3272 4433 3437 4488 Nunc
3460 4445 3575 4502 qua
3600 4439 3716 4481 ma—

2076 4518 2223 4574 teria
2252 4518 2456 4575 eadem
2479 4535 2734 4590 persaepe
2756 4520 3057 4592 contingat
3079 4520 3539 4593 ruina,ejusdem
3585 4509 3713 4570 audi

313 4609 382 4661 ut
404 4602 768 4660 veridiceait
797 4603 1208 4675 Hieronymus,
1243 4605 1303 4659 in
1330 4621 1496 4661 carne
1516 4610 1719 4677 praeter
1745 4623 1968 4662 carnem
1996 4629 2045 4695 Β
2073 4608 2420 4662 doctrimam
2445 4623 2459 4661 :
2495 4629 2523 4657 «
2541 4606 2984 4680 Plerosque,ait,
3006 4608 3145 4681 gula
3164 4613 3223 4665 et
3255 4599 3718 4695 concupiscentia

311 4694 499 4748 vivere
527 4704 640 4747 non
667 4692 899 4747 humani
935 4693 1144 4761 meriti,
1172 4692 1269 4747 sed
1323 4696 1573 4749 muneris
1628 4703 1708 4750 est
1762 4695 1963 4751 divini.

313 4779 478 4837 Uade
504 4784 564 4837 et
588 4783 741 4835 teste
772 4778 1070 4851 Gregorio,
1094 4779 1220 4850 ipse
1240 4780 1548 4837 «caelibatus
1568 4799 1685 4839 non
1709 4784 1968 4855 praecipi-

312 4873 430 4940 tur,
461 4869 566 4926 sed
599 4868 875 4925 laudatur
897 4884 910 4935 ;
937 4867 1077 4940 quia
1094 4867 1363 4925 videlicet
1378 4870 1780 4938 stultum,imo
1801 4871 1968 4928 valde

315 4958 639 5031 superbum
671 4960 780 5023 est,
810 4961 879 5011 ut
907 4956 1019 5012 hoc
1050 4955 1243 5028 pulvis
1274 4961 1332 5011 et
1351 4957 1499 5011 cinis
1533 4975 1595 5013 se
1653 4965 1971 5029 praesumat

312 5046 552 5118 exsequi
578 5060 756 5118 posse
782 5043 998 5100 virtute
1029 5043 1284 5117 propria,
1317 5045 1471 5116 quod
1505 5061 1620 5100 non
1680 5046 1815 5117 sibi,
1864 5048 1968 5104 sed

314 5133 540 5207 angelis
568 5150 703 5190 cum
734 5132 836 5189 Dei
867 5148 1112 5190 munem
1154 5132 1401 5188 contulit
1424 5137 1658 5189 natura.
1693 5134 1788 5190 Sic
1810 5136 1968 5191 enim

311 5223 394 5278 ait
422 5221 652 5279 Veritas
682 5221 814 5293 ipsa
840 5238 854 5276 :
889 5224 1062 5294 Hujus
1090 5222 1287 5279 sacrati
1315 5221 1424 5290 ﬁlii
1481 5222 1721 5290 nubunt,
1754 5228 1802 5280 et
1848 5229 1967 5280 tra-

309 5310 521 5367 duntur
562 5310 639 5366 ad
682 5311 948 5381 nuptias;
997 5313 1059 5365 in
1116 5312 1513 5365 resurrectione
1557 5320 1738 5368 autem
1792 5329 1969 5385 neque

308 5399 533 5467 nubent,
564 5414 738 5471 neque
767 5398 964 5456 ducent
980 5415 1199 5469 uxores,
1230 5399 1324 5455 sed
1342 5407 1502 5457 erant
1530 5402 1672 5458 sicut
1696 5403 1884 5472 angeli
1905 5404 1966 5458 in

308 5490 441 5548 calo
467 5492 748 5559 (Luc..xx,
779 5486 916 5557 31;)
970 5493 1031 5543 et
1050 5487 1205 5544 alibi
1234 5504 1413 5561 super
1469 5505 1529 5545 re
1560 5490 1765 5548 eadem
1799 5508 1813 5548 :
1857 5491 1965 5562 Qui

309 5586 476 5656 potest
529 5592 744 5651 capere,
775 5577 961 5650 capiat
991 5576 1213 5649 (Multis.
1262 5593 1401 5651 xvu,
1435 5580 1500 5637 12
1525 5579 1561 5656 ;)
1621 5580 1959 5650 ostendens,

356 5685 500 5771 "(9‘)
531 5682 766 5776 νιιλεαῑὶ
790 5683 1069 5752 mendose
1096 5685 1264 5748 enim.

2076 4695 2194 4751 vini
2226 4695 2483 4768 turpiter
2512 4695 2571 4750 in
2602 4694 2895 4753 luxuriam
2927 4696 3138 4765 solvit;
3170 4697 3318 4755 alios
3354 4697 3416 4752 in
3448 4690 3716 4766 injuriara

2075 4783 2368 4857 pudicitia:
2386 4784 2633 4840 sordidae
2649 4785 3031 4857 cogitationes
3046 4784 3394 4856 incendunt;
3415 4776 3715 4841 nonnullos

2075 4874 2147 4929 de
2173 4873 2472 4946 proposito
2494 4874 2779 4929 castitatis
2811 4874 3147 4931 occasiones
3173 4875 3379 4931 oblatae
3408 4868 3713 4944 dejiciunt;

2078 4963 2369 5034 quosdam
2402 4962 2512 5017 sub
2544 4959 3603 5037 impudicitiaajugoexemplapeniite
3630 4952 3712 5009 vi-

2076 5052 2337 5107 ventium
2387 5049 2650 5106 mittunt.
2696 5052 2849 5108 Sunt
2890 5051 2992 5108 alii
3023 5068 3276 5125 quorum
3306 5052 3486 5110 vitam
3517 5047 3712 5118 lingua

2079 5140 2270 5211 turpis
2299 5140 2647 5208 inﬂammat,
2679 5146 2733 5197 et
2760 5145 2990 5214 turpem
3014 5143 3443 5199 conscientiam
3477 5133 3709 5194 manifec

2078 5234 2228 5285 stat:
2273 5229 2372 5301 qui
2404 5229 2572 5301 prius
2604 5230 3024 5287 inverecundos
3055 5247 3359 5288 sermones
3389 5222 3705 5307 autprofe-

2076 5321 2341 5383 runt,aut
2357 5317 2607 5374 libenter
2623 5318 2966 5387 audiunt,ac
2981 5319 3190 5376 deinde
3212 5310 3703 5393 paulatim-morbo

2074 5411 2368 5463 crescente
2400 5407 2472 5462 ab
2501 5406 2811 5463 honestate
2858 5408 3158 5465 deficiunt.
3196 5406 3483 5482 Cogitatio
3503 5401 3709 5475 quippe

2074 5499 2184 5562 est,
2216 5512 2345 5569 qua:
2361 5499 2622 5551 mentem
2641 5495 2793 5552 sicut
2808 5497 2998 5571 turpis
3028 5496 3319 5571 inquinat,
3352 5496 3434 5552 ita
3461 5493 3512 5551 si
3546 5484 3709 5546 fuerit

2072 5582 2342 5656 honesta,
2389 5584 2682 5661 puriﬁcat.
2752 5584 2898 5646 Hinc
2944 5589 3039 5647 est
3086 5587 3244 5668 quod
3292 5584 3391 5645 ille
3461 5573 3708 5661 corporis
