  <div class='ocr_page' id='page_1' title='image "/cluster/home/n/w/nwhite01/storage/ocr_20150623/136-137/uc1.31175019686917/1076.png"; bbox 0 0 3906 6356; ppageno 0'>
   <div class='ocr_carea' id='block_1_1' title="bbox 155 466 272 531">
    <p class='ocr_par' dir='ltr' id='par_1_1' title="bbox 155 466 272 531">
     <span class='ocr_line' id='line_1_1' title="bbox 155 466 272 531; baseline 0.009 -1"><span class='ocrx_word' id='word_1_1' title='bbox 155 466 272 531; x_wconf 83' lang='lat'><strong>789</strong></span> 
     </span>
    </p>
   </div>
   <div class='ocr_carea' id='block_1_2' title="bbox 1456 464 2274 531">
    <p class='ocr_par' dir='ltr' id='par_1_2' title="bbox 1456 464 2274 531">
     <span class='ocr_line' id='line_1_2' title="bbox 1456 464 2274 531; baseline 0 0"><span class='ocrx_word' id='word_1_2' title='bbox 1456 470 1559 531; x_wconf 87' lang='lat' dir='ltr'>DE</span> <span class='ocrx_word' id='word_1_3' title='bbox 1605 469 1790 531; x_wconf 80' lang='lat' dir='ltr'>VlTA</span> <span class='ocrx_word' id='word_1_4' title='bbox 1834 464 1899 527; x_wconf 89' lang='lat' dir='ltr'>S.</span> <span class='ocrx_word' id='word_1_5' title='bbox 1946 466 2274 531; x_wconf 83' lang='lat' dir='ltr'>JULIANI.</span> 
     </span>
    </p>
   </div>
   <div class='ocr_carea' id='block_1_3' title="bbox 3458 467 3580 536">
    <p class='ocr_par' dir='ltr' id='par_1_3' title="bbox 3458 467 3580 536">
     <span class='ocr_line' id='line_1_3' title="bbox 3458 467 3580 536; baseline 0.033 -4"><span class='ocrx_word' id='word_1_6' title='bbox 3458 467 3580 536; x_wconf 82' lang='lat'>790</span> 
     </span>
    </p>
   </div>
   <div class='ocr_carea' id='block_1_4' title="bbox 159 599 3577 680">
    <p class='ocr_par' dir='ltr' id='par_1_4' title="bbox 159 599 3577 680">
     <span class='ocr_line' id='line_1_4' title="bbox 159 599 3577 680; baseline 0.001 -21"><span class='ocrx_word' id='word_1_7' title='bbox 159 600 457 676; x_wconf 72' lang='lat' dir='ltr'>suscipiet.</span> <span class='ocrx_word' id='word_1_8' title='bbox 479 602 551 659; x_wconf 87' lang='lat' dir='ltr'>At</span> <span class='ocrx_word' id='word_1_9' title='bbox 572 619 706 660; x_wconf 90' lang='lat' dir='ltr'>vero</span> <span class='ocrx_word' id='word_1_10' title='bbox 723 601 812 658; x_wconf 93' lang='lat' dir='ltr'>vir</span> <span class='ocrx_word' id='word_1_11' title='bbox 845 603 961 659; x_wconf 89' lang='lat' dir='ltr'>Deo</span> <span class='ocrx_word' id='word_1_12' title='bbox 989 600 1219 675; x_wconf 85' lang='lat' dir='ltr'>plenus,</span> <span class='ocrx_word' id='word_1_13' title='bbox 1237 602 1486 675; x_wconf 85' lang='lat' dir='ltr'>genibus</span> <span class='ocrx_word' id='word_1_14' title='bbox 1511 602 1568 657; x_wconf 91' lang='lat' dir='ltr'>in</span> <span class='ocrx_word' id='word_1_15' title='bbox 1592 606 1804 657; x_wconf 90' lang='lat' dir='ltr'>terram</span> <span class='ocrx_word' id='word_1_16' title='bbox 1835 599 1892 668; x_wconf 83' lang='grc' dir='ltr'>Α</span> <span class='ocrx_word' id='word_1_17' title='bbox 1920 604 2039 657; x_wconf 88' lang='lat' dir='ltr'>tate</span> <span class='ocrx_word' id='word_1_18' title='bbox 2072 604 2419 675; x_wconf 67' lang='lat' dir='ltr'>supradictae</span> <span class='ocrx_word' id='word_1_19' title='bbox 2473 604 2863 677; x_wconf 69' lang='lat' dir='ltr'>possessionis</span> <span class='ocrx_word' id='word_1_20' title='bbox 2909 604 3252 663; x_wconf 89' lang='lat' dir='ltr'>beatissimo</span> <span class='ocrx_word' id='word_1_21' title='bbox 3294 605 3577 680; x_wconf 83' lang='lat' dir='ltr'>magistro</span> 
     </span>
    </p>
   </div>
   <div class='ocr_carea' id='block_1_5' title="bbox 158 690 1812 762">
    <p class='ocr_par' dir='ltr' id='par_1_5' title="bbox 158 690 1812 762">
     <span class='ocr_line' id='line_1_5' title="bbox 158 690 1812 762; baseline -0.001 -15"><span class='ocrx_word' id='word_1_22' title='bbox 158 691 432 759; x_wconf 79' lang='lat' dir='ltr'>curvatis,</span> <span class='ocrx_word' id='word_1_23' title='bbox 464 691 650 747; x_wconf 88' lang='lat' dir='ltr'>oculis</span> <span class='ocrx_word' id='word_1_24' title='bbox 699 709 766 747; x_wconf 91' lang='lat' dir='ltr'>ac</span> <span class='ocrx_word' id='word_1_25' title='bbox 806 692 1083 747; x_wconf 86' lang='lat' dir='ltr'>manibus</span> <span class='ocrx_word' id='word_1_26' title='bbox 1130 691 1190 747; x_wconf 91' lang='lat' dir='ltr'>in</span> <span class='ocrx_word' id='word_1_27' title='bbox 1245 690 1458 747; x_wconf 79' lang='lat' dir='ltr'>cmlum</span> <span class='ocrx_word' id='word_1_28' title='bbox 1509 691 1812 762; x_wconf 79' lang='lat' dir='ltr'>porrectis,</span> 
     </span>
    </p>
   </div>
   <div class='ocr_carea' id='block_1_6' title="bbox 158 779 1813 852">
    <p class='ocr_par' dir='ltr' id='par_1_6' title="bbox 158 779 1813 852">
     <span class='ocr_line' id='line_1_6' title="bbox 158 779 1813 852; baseline -0.002 -15"><span class='ocrx_word' id='word_1_29' title='bbox 158 780 384 837; x_wconf 84' lang='lat' dir='ltr'>cunctis</span> <span class='ocrx_word' id='word_1_30' title='bbox 406 781 787 836; x_wconf 80' lang='lat' dir='ltr'>audientibus</span> <span class='ocrx_word' id='word_1_31' title='bbox 812 780 993 837; x_wconf 79' lang='lat' dir='ltr'>dixit:</span> <span class='ocrx_word' id='word_1_32' title='bbox 1020 780 1265 835; x_wconf 89' lang='lat' dir='ltr'>Domine</span> <span class='ocrx_word' id='word_1_33' title='bbox 1296 780 1435 837; x_wconf 86' lang='lat' dir='ltr'>Jesu</span> <span class='ocrx_word' id='word_1_34' title='bbox 1459 779 1813 852; x_wconf 87' lang='lat' dir='ltr'>Christe,qui</span> 
     </span>
    </p>
   </div>
   <div class='ocr_carea' id='block_1_7' title="bbox 157 868 1814 943">
    <p class='ocr_par' dir='ltr' id='par_1_7' title="bbox 157 868 1814 943">
     <span class='ocr_line' id='line_1_7' title="bbox 157 868 1814 943; baseline -0.001 -18"><span class='ocrx_word' id='word_1_35' title='bbox 157 870 374 942; x_wconf 89' lang='lat' dir='ltr'>ubique</span> <span class='ocrx_word' id='word_1_36' title='bbox 394 886 651 943; x_wconf 78' lang='lat' dir='ltr'>praesens</span> <span class='ocrx_word' id='word_1_37' title='bbox 674 868 866 943; x_wconf 88' lang='lat' dir='ltr'>es,qui</span> <span class='ocrx_word' id='word_1_38' title='bbox 886 886 989 941; x_wconf 92' lang='lat' dir='ltr'>pro</span> <span class='ocrx_word' id='word_1_39' title='bbox 1010 874 1209 924; x_wconf 87' lang='lat' dir='ltr'>nostra</span> <span class='ocrx_word' id='word_1_40' title='bbox 1227 870 1624 941; x_wconf 88' lang='lat' dir='ltr'>redemptione</span> <span class='ocrx_word' id='word_1_41' title='bbox 1642 870 1814 923; x_wconf 89' lang='lat' dir='ltr'>homo</span> 
     </span>
    </p>
   </div>
   <div class='ocr_carea' id='block_1_8' title="bbox 158 958 1817 1031">
    <p class='ocr_par' dir='ltr' id='par_1_8' title="bbox 158 958 1817 1031">
     <span class='ocr_line' id='line_1_8' title="bbox 158 958 1817 1031; baseline -0.001 -17"><span class='ocrx_word' id='word_1_42' title='bbox 158 958 277 1014; x_wconf 87' lang='lat' dir='ltr'>ﬁeri</span> <span class='ocrx_word' id='word_1_43' title='bbox 311 958 573 1027; x_wconf 87' lang='lat' dir='ltr'>voluisti,</span> <span class='ocrx_word' id='word_1_44' title='bbox 605 962 663 1014; x_wconf 89' lang='lat' dir='ltr'>et</span> <span class='ocrx_word' id='word_1_45' title='bbox 694 960 848 1013; x_wconf 89' lang='lat' dir='ltr'>inter</span> <span class='ocrx_word' id='word_1_46' title='bbox 878 958 1146 1014; x_wconf 85' lang='lat' dir='ltr'>homines</span> <span class='ocrx_word' id='word_1_47' title='bbox 1176 975 1465 1031; x_wconf 79' lang='lat' dir='ltr'>apparens</span> <span class='ocrx_word' id='word_1_48' title='bbox 1504 975 1607 1030; x_wconf 91' lang='lat' dir='ltr'>per</span> <span class='ocrx_word' id='word_1_49' title='bbox 1636 958 1817 1013; x_wconf 80' lang='lat' dir='ltr'>vexil-</span> 
     </span>
    </p>
   </div>
   <div class='ocr_carea' id='block_1_9' title="bbox 156 1046 1815 1118">
    <p class='ocr_par' dir='ltr' id='par_1_9' title="bbox 156 1046 1815 1118">
     <span class='ocr_line' id='line_1_9' title="bbox 156 1046 1815 1118; baseline 0 -17"><span class='ocrx_word' id='word_1_50' title='bbox 156 1046 275 1102; x_wconf 90' lang='lat' dir='ltr'>lum</span> <span class='ocrx_word' id='word_1_51' title='bbox 309 1048 502 1102; x_wconf 92' lang='lat' dir='ltr'>crucis</span> <span class='ocrx_word' id='word_1_52' title='bbox 532 1050 645 1102; x_wconf 73' lang='lat' dir='ltr'>tum</span> <span class='ocrx_word' id='word_1_53' title='bbox 678 1048 750 1102; x_wconf 91' lang='lat' dir='ltr'>ab</span> <span class='ocrx_word' id='word_1_54' title='bbox 782 1046 1042 1102; x_wconf 89' lang='lat' dir='ltr'>humano</span> <span class='ocrx_word' id='word_1_55' title='bbox 1087 1063 1300 1118; x_wconf 86' lang='lat' dir='ltr'>genere</span> <span class='ocrx_word' id='word_1_56' title='bbox 1340 1052 1586 1101; x_wconf 89' lang='lat' dir='ltr'>mortem</span> <span class='ocrx_word' id='word_1_57' title='bbox 1621 1046 1815 1101; x_wconf 78' lang='lat' dir='ltr'>exclu-</span> 
     </span>
    </p>
   </div>
   <div class='ocr_carea' id='block_1_10' title="bbox 159 1135 1855 1207">
    <p class='ocr_par' dir='ltr' id='par_1_10' title="bbox 159 1135 1855 1207">
     <span class='ocr_line' id='line_1_10' title="bbox 159 1135 1855 1207; baseline -0.001 -16"><span class='ocrx_word' id='word_1_58' title='bbox 159 1136 469 1207; x_wconf 84' lang='lat' dir='ltr'>sisti,jube</span> <span class='ocrx_word' id='word_1_59' title='bbox 502 1140 566 1190; x_wconf 89' lang='lat' dir='ltr'>ut</span> <span class='ocrx_word' id='word_1_60' title='bbox 594 1141 863 1207; x_wconf 77' lang='lat' dir='ltr'>resurgat</span> <span class='ocrx_word' id='word_1_61' title='bbox 888 1135 1228 1191; x_wconf 72' lang='lat' dir='ltr'>adolescens</span> <span class='ocrx_word' id='word_1_62' title='bbox 1253 1136 1381 1202; x_wconf 83' lang='lat' dir='ltr'>iste,</span> <span class='ocrx_word' id='word_1_63' title='bbox 1411 1142 1476 1190; x_wconf 90' lang='lat' dir='ltr'>ut</span> <span class='ocrx_word' id='word_1_64' title='bbox 1501 1136 1645 1190; x_wconf 86' lang='lat' dir='ltr'>tanti</span> <span class='ocrx_word' id='word_1_65' title='bbox 1683 1136 1815 1190; x_wconf 79' lang='lat' dir='ltr'>facti</span> <span class='ocrx_word' id='word_1_66' title='bbox 1852 1158 1855 1160; x_wconf 94' lang='grc'>·</span> 
     </span>
    </p>
   </div>
   <div class='ocr_carea' id='block_1_11' title="bbox 157 1224 1819 1296">
    <p class='ocr_par' dir='ltr' id='par_1_11' title="bbox 157 1224 1819 1296">
     <span class='ocr_line' id='line_1_11' title="bbox 157 1224 1819 1296; baseline 0.001 -18"><span class='ocrx_word' id='word_1_67' title='bbox 157 1224 434 1296; x_wconf 88' lang='lat' dir='ltr'>potentia,</span> <span class='ocrx_word' id='word_1_68' title='bbox 464 1229 524 1279; x_wconf 91' lang='lat' dir='ltr'>et</span> <span class='ocrx_word' id='word_1_69' title='bbox 566 1226 711 1280; x_wconf 88' lang='lat' dir='ltr'>ﬁdes</span> <span class='ocrx_word' id='word_1_70' title='bbox 759 1226 1124 1280; x_wconf 78' lang='lat' dir='ltr'>credentium</span> <span class='ocrx_word' id='word_1_71' title='bbox 1176 1226 1235 1280; x_wconf 92' lang='lat' dir='ltr'>in</span> <span class='ocrx_word' id='word_1_72' title='bbox 1295 1230 1348 1280; x_wconf 88' lang='lat' dir='ltr'>te</span> <span class='ocrx_word' id='word_1_73' title='bbox 1404 1226 1731 1292; x_wconf 80' lang='lat' dir='ltr'>roboretur,</span> <span class='ocrx_word' id='word_1_74' title='bbox 1763 1229 1819 1279; x_wconf 89' lang='lat' dir='ltr'>et</span> 
     </span>
    </p>
   </div>
   <div class='ocr_carea' id='block_1_12' title="bbox 160 1313 1817 1385">
    <p class='ocr_par' dir='ltr' id='par_1_12' title="bbox 160 1313 1817 1385">
     <span class='ocr_line' id='line_1_12' title="bbox 160 1313 1817 1385; baseline 0 -18"><span class='ocrx_word' id='word_1_75' title='bbox 160 1330 270 1367; x_wconf 90' lang='lat' dir='ltr'>non</span> <span class='ocrx_word' id='word_1_76' title='bbox 295 1313 660 1368; x_wconf 84' lang='lat' dir='ltr'>credentium</span> <span class='ocrx_word' id='word_1_77' title='bbox 678 1314 853 1368; x_wconf 87' lang='lat' dir='ltr'>corda</span> <span class='ocrx_word' id='word_1_78' title='bbox 875 1314 1224 1379; x_wconf 87' lang='lat' dir='ltr'>subdantur,</span> <span class='ocrx_word' id='word_1_79' title='bbox 1251 1317 1423 1385; x_wconf 84' lang='lat' dir='ltr'>perte</span> <span class='ocrx_word' id='word_1_80' title='bbox 1446 1314 1817 1383; x_wconf 74' lang='lat' dir='ltr'>unigenitum</span> 
     </span>
    </p>
   </div>
   <div class='ocr_carea' id='block_1_13' title="bbox 158 1401 1822 1474">
    <p class='ocr_par' dir='ltr' id='par_1_13' title="bbox 158 1401 1822 1474">
     <span class='ocr_line' id='line_1_13' title="bbox 158 1401 1822 1474; baseline 0.001 -19"><span class='ocrx_word' id='word_1_81' title='bbox 158 1401 254 1456; x_wconf 90' lang='lat' dir='ltr'>Dei</span> <span class='ocrx_word' id='word_1_82' title='bbox 284 1402 614 1473; x_wconf 89' lang='lat' dir='ltr'>vivi,quem</span> <span class='ocrx_word' id='word_1_83' title='bbox 642 1419 776 1459; x_wconf 89' lang='lat' dir='ltr'>cum</span> <span class='ocrx_word' id='word_1_84' title='bbox 804 1403 972 1457; x_wconf 86' lang='lat' dir='ltr'>Patre</span> <span class='ocrx_word' id='word_1_85' title='bbox 1005 1408 1062 1457; x_wconf 89' lang='lat' dir='ltr'>et</span> <span class='ocrx_word' id='word_1_86' title='bbox 1086 1402 1305 1474; x_wconf 87' lang='lat' dir='ltr'>Spiritu</span> <span class='ocrx_word' id='word_1_87' title='bbox 1339 1407 1541 1457; x_wconf 88' lang='lat' dir='ltr'>sancto</span> <span class='ocrx_word' id='word_1_88' title='bbox 1558 1419 1822 1473; x_wconf 88' lang='lat' dir='ltr'>.regnan-</span> 
     </span>
    </p>
   </div>
   <div class='ocr_carea' id='block_1_14' title="bbox 156 1490 1818 1546">
    <p class='ocr_par' dir='ltr' id='par_1_14' title="bbox 156 1490 1818 1546">
     <span class='ocr_line' id='line_1_14' title="bbox 156 1490 1818 1546; baseline 0.001 -2"><span class='ocrx_word' id='word_1_89' title='bbox 156 1493 269 1545; x_wconf 89' lang='lat' dir='ltr'>tem</span> <span class='ocrx_word' id='word_1_90' title='bbox 294 1492 351 1545; x_wconf 90' lang='lat' dir='ltr'>et</span> <span class='ocrx_word' id='word_1_91' title='bbox 388 1490 797 1546; x_wconf 85' lang='lat' dir='ltr'>dominantem</span> <span class='ocrx_word' id='word_1_92' title='bbox 836 1491 1190 1545; x_wconf 90' lang='lat' dir='ltr'>conﬁtemur</span> <span class='ocrx_word' id='word_1_93' title='bbox 1224 1492 1283 1545; x_wconf 89' lang='lat' dir='ltr'>in</span> <span class='ocrx_word' id='word_1_94' title='bbox 1324 1490 1537 1546; x_wconf 75' lang='lat' dir='ltr'>srecula</span> <span class='ocrx_word' id='word_1_95' title='bbox 1577 1490 1818 1546; x_wconf 80' lang='lat' dir='ltr'>saeculo-</span> 
     </span>
    </p>
   </div>
   <div class='ocr_carea' id='block_1_15' title="bbox 158 1578 1817 1651">
    <p class='ocr_par' dir='ltr' id='par_1_15' title="bbox 158 1578 1817 1651">
     <span class='ocr_line' id='line_1_15' title="bbox 158 1578 1817 1651; baseline 0 -17"><span class='ocrx_word' id='word_1_96' title='bbox 158 1596 306 1634; x_wconf 88' lang='lat' dir='ltr'>rum.</span> <span class='ocrx_word' id='word_1_97' title='bbox 334 1578 851 1651; x_wconf 84' lang='lat' dir='ltr'>Respondentibus</span> <span class='ocrx_word' id='word_1_98' title='bbox 872 1579 1169 1651; x_wconf 64' lang='lat' dir='ltr'>ﬁdelibus,</span> <span class='ocrx_word' id='word_1_99' title='bbox 1192 1580 1292 1651; x_wconf 88' lang='lat' dir='ltr'>qui</span> <span class='ocrx_word' id='word_1_100' title='bbox 1321 1579 1587 1648; x_wconf 88' lang='lat' dir='ltr'>aderant,</span> <span class='ocrx_word' id='word_1_101' title='bbox 1609 1581 1817 1648; x_wconf 85' lang='lat' dir='ltr'>Amen,</span> 
     </span>
    </p>
   </div>
   <div class='ocr_carea' id='block_1_16' title="bbox 156 1668 1820 1741">
    <p class='ocr_par' dir='ltr' id='par_1_16' title="bbox 156 1668 1820 1741">
     <span class='ocr_line' id='line_1_16' title="bbox 156 1668 1820 1741; baseline 0.001 -19"><span class='ocrx_word' id='word_1_102' title='bbox 156 1668 322 1739; x_wconf 90' lang='lat' dir='ltr'>quasi</span> <span class='ocrx_word' id='word_1_103' title='bbox 353 1686 389 1723; x_wconf 91' lang='lat' dir='ltr'>a</span> <span class='ocrx_word' id='word_1_104' title='bbox 417 1685 629 1724; x_wconf 88' lang='lat' dir='ltr'>somno</span> <span class='ocrx_word' id='word_1_105' title='bbox 662 1668 1000 1723; x_wconf 86' lang='lat' dir='ltr'>adolescens</span> <span class='ocrx_word' id='word_1_106' title='bbox 1034 1668 1223 1741; x_wconf 74' lang='lat' dir='ltr'>surgit</span> <span class='ocrx_word' id='word_1_107' title='bbox 1254 1686 1287 1723; x_wconf 91' lang='lat' dir='ltr'>a</span> <span class='ocrx_word' id='word_1_108' title='bbox 1319 1668 1549 1737; x_wconf 90' lang='lat' dir='ltr'>feretro,</span> <span class='ocrx_word' id='word_1_109' title='bbox 1577 1673 1633 1723; x_wconf 90' lang='lat' dir='ltr'>et</span> <span class='ocrx_word' id='word_1_110' title='bbox 1663 1668 1820 1724; x_wconf 87' lang='lat' dir='ltr'>elara</span> 
     </span>
    </p>
   </div>
   <div class='ocr_carea' id='block_1_17' title="bbox 152 1756 1817 1830">
    <p class='ocr_par' dir='ltr' id='par_1_17' title="bbox 152 1756 1817 1830">
     <span class='ocr_line' id='line_1_17' title="bbox 152 1756 1817 1830; baseline 0.002 -20"><span class='ocrx_word' id='word_1_111' title='bbox 152 1772 308 1824; x_wconf 88' lang='lat' dir='ltr'>voce,</span> <span class='ocrx_word' id='word_1_112' title='bbox 330 1756 562 1813; x_wconf 89' lang='lat' dir='ltr'>cunctis</span> <span class='ocrx_word' id='word_1_113' title='bbox 585 1756 854 1812; x_wconf 87' lang='lat' dir='ltr'>miraculi</span> <span class='ocrx_word' id='word_1_114' title='bbox 880 1757 1137 1812; x_wconf 81' lang='lat' dir='ltr'>novitate</span> <span class='ocrx_word' id='word_1_115' title='bbox 1162 1756 1471 1830; x_wconf 89' lang='lat' dir='ltr'>perculsis,</span> <span class='ocrx_word' id='word_1_116' title='bbox 1496 1758 1675 1830; x_wconf 66' lang='lat' dir='ltr'>coepit</span> <span class='ocrx_word' id='word_1_117' title='bbox 1699 1757 1817 1814; x_wconf 92' lang='lat' dir='ltr'>cla-</span> 
     </span>
    </p>
   </div>
   <div class='ocr_carea' id='block_1_18' title="bbox 154 1845 1821 1919">
    <p class='ocr_par' dir='ltr' id='par_1_18' title="bbox 154 1845 1821 1919">
     <span class='ocr_line' id='line_1_18' title="bbox 154 1845 1821 1919; baseline 0.001 -18"><span class='ocrx_word' id='word_1_118' title='bbox 154 1860 308 1902; x_wconf 89' lang='lat' dir='ltr'>mare</span> <span class='ocrx_word' id='word_1_119' title='bbox 329 1863 342 1900; x_wconf 90' lang='lat'>:</span> <span class='ocrx_word' id='word_1_120' title='bbox 360 1845 508 1902; x_wconf 86' lang='lat' dir='ltr'>Vere</span> <span class='ocrx_word' id='word_1_121' title='bbox 534 1862 786 1917; x_wconf 85' lang='lat' dir='ltr'>magnus</span> <span class='ocrx_word' id='word_1_122' title='bbox 808 1846 963 1902; x_wconf 88' lang='lat' dir='ltr'>Deus</span> <span class='ocrx_word' id='word_1_123' title='bbox 982 1845 1452 1901; x_wconf 86' lang='lat' dir='ltr'>Christianorum</span> <span class='ocrx_word' id='word_1_124' title='bbox 1478 1862 1654 1918; x_wconf 88' lang='lat' dir='ltr'>quem</span> <span class='ocrx_word' id='word_1_125' title='bbox 1680 1863 1821 1919; x_wconf 62' lang='lat' dir='ltr'>pra}-</span> 
     </span>
    </p>
   </div>
   <div class='ocr_carea' id='block_1_19' title="bbox 1925 693 2299 747">
    <p class='ocr_par' dir='ltr' id='par_1_19' title="bbox 1925 693 2299 747">
     <span class='ocr_line' id='line_1_19' title="bbox 1925 693 2299 747; baseline 0.008 -3"><span class='ocrx_word' id='word_1_126' title='bbox 1925 693 2299 747; x_wconf 87' lang='lat' dir='ltr'>contradunt.</span> 
     </span>
    </p>
   </div>
   <div class='ocr_carea' id='block_1_20' title="bbox 1994 781 3577 856">
    <p class='ocr_par' dir='ltr' id='par_1_20' title="bbox 1994 781 3577 856">
     <span class='ocr_line' id='line_1_20' title="bbox 1994 781 3577 856; baseline 0.005 -23"><span class='ocrx_word' id='word_1_127' title='bbox 1994 782 2082 834; x_wconf 85' lang='lat'>20.</span> <span class='ocrx_word' id='word_1_128' title='bbox 2116 781 2359 837; x_wconf 80' lang='lat' dir='ltr'>Exeitati</span> <span class='ocrx_word' id='word_1_129' title='bbox 2394 783 2551 838; x_wconf 85' lang='lat' dir='ltr'>fama</span> <span class='ocrx_word' id='word_1_130' title='bbox 2598 784 2758 852; x_wconf 88' lang='lat' dir='ltr'>facti,</span> <span class='ocrx_word' id='word_1_131' title='bbox 2791 788 3108 840; x_wconf 91' lang='lat' dir='ltr'>accurrunt</span> <span class='ocrx_word' id='word_1_132' title='bbox 3150 783 3348 853; x_wconf 91' lang='lat' dir='ltr'>vicini,</span> <span class='ocrx_word' id='word_1_133' title='bbox 3379 788 3439 840; x_wconf 89' lang='lat' dir='ltr'>et</span> <span class='ocrx_word' id='word_1_134' title='bbox 3464 782 3577 856; x_wconf 48' lang='lat' dir='ltr'>falii</span> 
     </span>
    </p>
   </div>
   <div class='ocr_carea' id='block_1_21' title="bbox 1926 870 3577 946">
    <p class='ocr_par' dir='ltr' id='par_1_21' title="bbox 1926 870 3577 946">
     <span class='ocr_line' id='line_1_21' title="bbox 1926 870 3577 946; baseline 0.005 -24"><span class='ocrx_word' id='word_1_135' title='bbox 1926 870 2162 940; x_wconf 80' lang='lat' dir='ltr'>quidem</span> <span class='ocrx_word' id='word_1_136' title='bbox 2192 877 2647 944; x_wconf 90' lang='lat' dir='ltr'>prosequuntur,</span> <span class='ocrx_word' id='word_1_137' title='bbox 2671 872 2770 927; x_wconf 89' lang='lat' dir='ltr'>alii</span> <span class='ocrx_word' id='word_1_138' title='bbox 2802 871 3095 940; x_wconf 83' lang='lat' dir='ltr'>cellulam,</span> <span class='ocrx_word' id='word_1_139' title='bbox 3121 873 3179 927; x_wconf 89' lang='lat' dir='ltr'>in</span> <span class='ocrx_word' id='word_1_140' title='bbox 3212 888 3328 946; x_wconf 88' lang='lat' dir='ltr'>qua</span> <span class='ocrx_word' id='word_1_141' title='bbox 3355 871 3443 928; x_wconf 90' lang='lat' dir='ltr'>vir</span> <span class='ocrx_word' id='word_1_142' title='bbox 3472 873 3577 930; x_wconf 89' lang='lat' dir='ltr'>Dei</span> 
     </span>
    </p>
   </div>
   <div class='ocr_carea' id='block_1_22' title="bbox 1918 960 3579 1033">
    <p class='ocr_par' dir='ltr' id='par_1_22' title="bbox 1918 960 3579 1033">
     <span class='ocr_line' id='line_1_22' title="bbox 1918 960 3579 1033; baseline 0.004 -21"><span class='ocrx_word' id='word_1_143' title='bbox 1918 960 2183 1029; x_wconf 88' lang='lat' dir='ltr'>jacuerat</span> <span class='ocrx_word' id='word_1_144' title='bbox 2213 961 2569 1032; x_wconf 86' lang='lat' dir='ltr'>irrumpunt,</span> <span class='ocrx_word' id='word_1_145' title='bbox 2592 961 2902 1033; x_wconf 89' lang='lat' dir='ltr'>locumque</span> <span class='ocrx_word' id='word_1_146' title='bbox 2943 960 3044 1016; x_wconf 91' lang='lat' dir='ltr'>ubi</span> <span class='ocrx_word' id='word_1_147' title='bbox 3078 962 3263 1018; x_wconf 86' lang='lat' dir='ltr'>sancti</span> <span class='ocrx_word' id='word_1_148' title='bbox 3296 965 3579 1019; x_wconf 86' lang='lat' dir='ltr'>steterant</span> 
     </span>
    </p>
   </div>
   <div class='ocr_carea' id='block_1_23' title="bbox 1928 1048 3578 1122">
    <p class='ocr_par' dir='ltr' id='par_1_23' title="bbox 1928 1048 3578 1122">
     <span class='ocr_line' id='line_1_23' title="bbox 1928 1048 3578 1122; baseline 0.004 -22"><span class='ocrx_word' id='word_1_149' title='bbox 1928 1048 2124 1119; x_wconf 87' lang='lat' dir='ltr'>pedes,</span> <span class='ocrx_word' id='word_1_150' title='bbox 2150 1050 2368 1104; x_wconf 86' lang='lat' dir='ltr'>crebris</span> <span class='ocrx_word' id='word_1_151' title='bbox 2409 1049 2846 1122; x_wconf 85' lang='lat' dir='ltr'>amplectuntur</span> <span class='ocrx_word' id='word_1_152' title='bbox 2876 1050 3113 1119; x_wconf 87' lang='lat' dir='ltr'>osculis,</span> <span class='ocrx_word' id='word_1_153' title='bbox 3137 1054 3195 1106; x_wconf 86' lang='lat' dir='ltr'>et</span> <span class='ocrx_word' id='word_1_154' title='bbox 3240 1055 3307 1106; x_wconf 91' lang='lat' dir='ltr'>ut</span> <span class='ocrx_word' id='word_1_155' title='bbox 3336 1051 3578 1107; x_wconf 88' lang='lat' dir='ltr'>benedi-</span> 
     </span>
    </p>
   </div>
   <div class='ocr_carea' id='block_1_24' title="bbox 1927 1136 3579 1212">
    <p class='ocr_par' dir='ltr' id='par_1_24' title="bbox 1927 1136 3579 1212">
     <span class='ocr_line' id='line_1_24' title="bbox 1927 1136 3579 1212; baseline 0.004 -21"><span class='ocrx_word' id='word_1_156' title='bbox 1927 1136 2140 1192; x_wconf 88' lang='lat' dir='ltr'>ctionis</span> <span class='ocrx_word' id='word_1_157' title='bbox 2165 1138 2293 1208; x_wconf 87' lang='lat' dir='ltr'>ejus</span> <span class='ocrx_word' id='word_1_158' title='bbox 2317 1144 2615 1211; x_wconf 87' lang='lat' dir='ltr'>compotes</span> <span class='ocrx_word' id='word_1_159' title='bbox 2649 1141 2881 1206; x_wconf 79' lang='lat' dir='ltr'>tierunt,</span> <span class='ocrx_word' id='word_1_160' title='bbox 2906 1140 3171 1194; x_wconf 83' lang='lat' dir='ltr'>certatim</span> <span class='ocrx_word' id='word_1_161' title='bbox 3197 1140 3579 1212; x_wconf 64' lang='lat' dir='ltr'>praecedentis</span> 
     </span>
    </p>
   </div>
   <div class='ocr_carea' id='block_1_25' title="bbox 1926 1225 3581 1301">
    <p class='ocr_par' dir='ltr' id='par_1_25' title="bbox 1926 1225 3581 1301">
     <span class='ocr_line' id='line_1_25' title="bbox 1926 1225 3581 1301; baseline 0.005 -24"><span class='ocrx_word' id='word_1_162' title='bbox 1926 1225 2171 1297; x_wconf 84' lang='lat' dir='ltr'>vestigia</span> <span class='ocrx_word' id='word_1_163' title='bbox 2192 1225 2415 1297; x_wconf 80' lang='lat' dir='ltr'>legunt.</span> <span class='ocrx_word' id='word_1_164' title='bbox 2432 1228 2605 1283; x_wconf 86' lang='lat' dir='ltr'>Porro</span> <span class='ocrx_word' id='word_1_165' title='bbox 2624 1229 3003 1284; x_wconf 88' lang='lat' dir='ltr'>beatissimus</span> <span class='ocrx_word' id='word_1_166' title='bbox 3025 1229 3095 1283; x_wconf 90' lang='lat' dir='ltr'>ad</span> <span class='ocrx_word' id='word_1_167' title='bbox 3116 1245 3315 1300; x_wconf 87' lang='lat' dir='ltr'>preces</span> <span class='ocrx_word' id='word_1_168' title='bbox 3337 1244 3581 1301; x_wconf 88' lang='lat' dir='ltr'>sequen-</span> 
     </span>
    </p>
   </div>
   <div class='ocr_carea' id='block_1_26' title="bbox 1928 1314 3580 1387">
    <p class='ocr_par' dir='ltr' id='par_1_26' title="bbox 1928 1314 3580 1387">
     <span class='ocr_line' id='line_1_26' title="bbox 1928 1314 3580 1387; baseline 0.005 -21"><span class='ocrx_word' id='word_1_169' title='bbox 1928 1314 2077 1368; x_wconf 86' lang='lat' dir='ltr'>tium</span> <span class='ocrx_word' id='word_1_170' title='bbox 2102 1316 2672 1384; x_wconf 87' lang='lat' dir='ltr'>convcrsus,elevala</span> <span class='ocrx_word' id='word_1_171' title='bbox 2703 1334 2881 1372; x_wconf 90' lang='lat' dir='ltr'>manu</span> <span class='ocrx_word' id='word_1_172' title='bbox 2915 1321 3155 1372; x_wconf 87' lang='lat' dir='ltr'>cunctos</span> <span class='ocrx_word' id='word_1_173' title='bbox 3184 1317 3497 1387; x_wconf 75' lang='lat' dir='ltr'>benedixit,</span> <span class='ocrx_word' id='word_1_174' title='bbox 3520 1321 3580 1374; x_wconf 84' lang='lat' dir='ltr'>et</span> 
     </span>
    </p>
   </div>
   <div class='ocr_carea' id='block_1_27' title="bbox 1929 1405 3578 1479">
    <p class='ocr_par' dir='ltr' id='par_1_27' title="bbox 1929 1405 3578 1479">
     <span class='ocr_line' id='line_1_27' title="bbox 1929 1405 3578 1479; baseline 0.002 -21"><span class='ocrx_word' id='word_1_175' title='bbox 1929 1419 2153 1472; x_wconf 90' lang='lat' dir='ltr'>omnes,</span> <span class='ocrx_word' id='word_1_176' title='bbox 2181 1406 2280 1476; x_wconf 89' lang='lat' dir='ltr'>qui</span> <span class='ocrx_word' id='word_1_177' title='bbox 2305 1405 2456 1459; x_wconf 90' lang='lat' dir='ltr'>inter</span> <span class='ocrx_word' id='word_1_178' title='bbox 2478 1423 2577 1462; x_wconf 88' lang='lat' dir='ltr'>eos</span> <span class='ocrx_word' id='word_1_179' title='bbox 2599 1406 2794 1479; x_wconf 87' lang='lat' dir='ltr'>aliquo</span> <span class='ocrx_word' id='word_1_180' title='bbox 2812 1406 3158 1461; x_wconf 87' lang='lat' dir='ltr'>laborabant</span> <span class='ocrx_word' id='word_1_181' title='bbox 3189 1406 3578 1474; x_wconf 89' lang='lat' dir='ltr'>incommodo,</span> 
     </span>
    </p>
   </div>
   <div class='ocr_carea' id='block_1_28' title="bbox 1929 1491 3581 1567">
    <p class='ocr_par' dir='ltr' id='par_1_28' title="bbox 1929 1491 3581 1567">
     <span class='ocr_line' id='line_1_28' title="bbox 1929 1491 3581 1567; baseline 0.004 -22"><span class='ocrx_word' id='word_1_182' title='bbox 1929 1492 2151 1563; x_wconf 83' lang='lat' dir='ltr'>absque</span> <span class='ocrx_word' id='word_1_183' title='bbox 2184 1492 2437 1565; x_wconf 83' lang='lat' dir='ltr'>alicujus</span> <span class='ocrx_word' id='word_1_184' title='bbox 2471 1511 2645 1550; x_wconf 70' lang='lat' dir='ltr'>mors:</span> <span class='ocrx_word' id='word_1_185' title='bbox 2688 1494 3130 1561; x_wconf 87' lang='lat' dir='ltr'>interventione,</span> <span class='ocrx_word' id='word_1_186' title='bbox 3165 1491 3422 1567; x_wconf 73' lang='lat' dir='ltr'>pristina:</span> <span class='ocrx_word' id='word_1_187' title='bbox 3461 1511 3581 1551; x_wconf 89' lang='lat' dir='ltr'>res-</span> 
     </span>
    </p>
   </div>
   <div class='ocr_carea' id='block_1_29' title="bbox 1928 1579 2884 1655">
    <p class='ocr_par' dir='ltr' id='par_1_29' title="bbox 1928 1579 2884 1655">
     <span class='ocr_line' id='line_1_29' title="bbox 1928 1579 2884 1655; baseline 0.004 -20"><span class='ocrx_word' id='word_1_188' title='bbox 1928 1579 2089 1635; x_wconf 91' lang='lat' dir='ltr'>tituit</span> <span class='ocrx_word' id='word_1_189' title='bbox 2120 1580 2416 1638; x_wconf 85' lang='lat' dir='ltr'>sanctitati</span> <span class='ocrx_word' id='word_1_190' title='bbox 2450 1584 2568 1654; x_wconf 81' lang='lat' dir='ltr'>(aL,</span> <span class='ocrx_word' id='word_1_191' title='bbox 2605 1583 2884 1655; x_wconf 85' lang='lat' dir='ltr'>sanitati).</span> 
     </span>
    </p>
   </div>
   <div class='ocr_carea' id='block_1_30' title="bbox 2577 1672 2927 1729">
    <p class='ocr_par' dir='ltr' id='par_1_30' title="bbox 2577 1672 2927 1729">
     <span class='ocr_line' id='line_1_30' title="bbox 2577 1672 2927 1729; baseline 0 -1"><span class='ocrx_word' id='word_1_192' title='bbox 2577 1672 2811 1729; x_wconf 85' lang='lat' dir='ltr'>CAPUT</span> <span class='ocrx_word' id='word_1_193' title='bbox 2851 1672 2927 1728; x_wconf 92' lang='lat' dir='ltr'><strong>III</strong></span> 
     </span>
    </p>
   </div>
   <div class='ocr_carea' id='block_1_31' title="bbox 2247 1760 3253 1828">
    <p class='ocr_par' dir='ltr' id='par_1_31' title="bbox 2247 1760 3253 1828">
     <span class='ocr_line' id='line_1_31' title="bbox 2247 1760 3253 1828; baseline 0.003 -13"><span class='ocrx_word' id='word_1_194' title='bbox 2247 1760 2372 1815; x_wconf 78' lang='lat' dir='ltr'>Alia</span> <span class='ocrx_word' id='word_1_195' title='bbox 2403 1760 2711 1828; x_wconf 78' lang='lat' dir='ltr'>miracula;</span> <span class='ocrx_word' id='word_1_196' title='bbox 2749 1760 2977 1818; x_wconf 77' lang='lat' dir='ltr'>adversa</span> <span class='ocrx_word' id='word_1_197' title='bbox 3008 1763 3253 1818; x_wconf 76' lang='lat' dir='ltr'>tolerata.</span> 
     </span>
    </p>
   </div>
   <div class='ocr_carea' id='block_1_32' title="bbox 1999 1848 3578 1923">
    <p class='ocr_par' dir='ltr' id='par_1_32' title="bbox 1999 1848 3578 1923">
     <span class='ocr_line' id='line_1_32' title="bbox 1999 1848 3578 1923; baseline 0.003 -21"><span class='ocrx_word' id='word_1_198' title='bbox 1999 1850 2089 1903; x_wconf 87' lang='grc'>21.</span> <span class='ocrx_word' id='word_1_199' title='bbox 2110 1848 2434 1905; x_wconf 88' lang='lat' dir='ltr'>Procedens</span> <span class='ocrx_word' id='word_1_200' title='bbox 2458 1849 2594 1905; x_wconf 92' lang='lat' dir='ltr'>inde</span> <span class='ocrx_word' id='word_1_201' title='bbox 2614 1848 3016 1919; x_wconf 84' lang='lat' dir='ltr'>beatissimus,</span> <span class='ocrx_word' id='word_1_202' title='bbox 3032 1866 3168 1905; x_wconf 91' lang='lat' dir='ltr'>eum</span> <span class='ocrx_word' id='word_1_203' title='bbox 3181 1851 3308 1921; x_wconf 89' lang='lat' dir='ltr'>jam</span> <span class='ocrx_word' id='word_1_204' title='bbox 3338 1851 3578 1923; x_wconf 90' lang='lat' dir='ltr'>propin-</span> 
     </span>
    </p>
   </div>
   <div class='ocr_carea' id='block_1_33' title="bbox 155 1933 3578 2036">
    <p class='ocr_par' dir='ltr' id='par_1_33' title="bbox 155 1933 3578 2036">
     <span class='ocr_line' id='line_1_33' title="bbox 155 1933 3578 2036; baseline 0.002 -47"><span class='ocrx_word' id='word_1_205' title='bbox 155 1933 305 2036; x_wconf 50' lang='lat' dir='ltr'>d&#39;icat</span> <span class='ocrx_word' id='word_1_206' title='bbox 334 1950 544 1991; x_wconf 88' lang='lat' dir='ltr'>servus</span> <span class='ocrx_word' id='word_1_207' title='bbox 575 1935 706 2005; x_wconf 88' lang='lat' dir='ltr'>ejus</span> <span class='ocrx_word' id='word_1_208' title='bbox 733 1933 1030 2036; x_wconf 71' lang='lat' dir='ltr'>Julianus.</span> <span class='ocrx_word' id='word_1_209' title='bbox 1055 1935 1140 1990; x_wconf 92' lang='lat' dir='ltr'>Ad</span> <span class='ocrx_word' id='word_1_210' title='bbox 1164 1940 1391 2007; x_wconf 87' lang='lat' dir='ltr'>patrem</span> <span class='ocrx_word' id='word_1_211' title='bbox 1415 1951 1648 2007; x_wconf 89' lang='lat' dir='ltr'>quoque</span> <span class='ocrx_word' id='word_1_212' title='bbox 1680 1936 1764 1991; x_wconf 89' lang='lat' dir='ltr'>ait</span> <span class='ocrx_word' id='word_1_213' title='bbox 1799 1955 1811 1990; x_wconf 91' lang='lat'><strong>:</strong></span> <span class='ocrx_word' id='word_1_214' title='bbox 1845 1971 1892 2036; x_wconf 79' lang='grc' dir='ltr'><strong>Β</strong></span> <span class='ocrx_word' id='word_1_215' title='bbox 1929 1940 2133 2008; x_wconf 86' lang='lat' dir='ltr'>quaret</span> <span class='ocrx_word' id='word_1_216' title='bbox 2159 1937 2305 2004; x_wconf 90' lang='lat' dir='ltr'>vico,</span> <span class='ocrx_word' id='word_1_217' title='bbox 2339 1938 2439 2009; x_wconf 92' lang='lat' dir='ltr'>qui</span> <span class='ocrx_word' id='word_1_218' title='bbox 2470 1942 2713 1994; x_wconf 85' lang='lat' dir='ltr'>vocatur</span> <span class='ocrx_word' id='word_1_219' title='bbox 2742 1936 3067 2005; x_wconf 82' lang='lat' dir='ltr'>Ruiliacus,</span> <span class='ocrx_word' id='word_1_220' title='bbox 3100 1937 3201 2011; x_wconf 90' lang='lat' dir='ltr'>qui</span> <span class='ocrx_word' id='word_1_221' title='bbox 3232 1938 3459 2010; x_wconf 91' lang='lat' dir='ltr'>positus</span> <span class='ocrx_word' id='word_1_222' title='bbox 3487 1943 3578 1996; x_wconf 88' lang='lat' dir='ltr'>est</span> 
     </span>
    </p>
   </div>
   <div class='ocr_carea' id='block_1_34' title="bbox 154 2023 1809 2097">
    <p class='ocr_par' dir='ltr' id='par_1_34' title="bbox 154 2023 1809 2097">
     <span class='ocr_line' id='line_1_34' title="bbox 154 2023 1809 2097; baseline 0.002 -20"><span class='ocrx_word' id='word_1_223' title='bbox 154 2023 292 2080; x_wconf 86' lang='lat' dir='ltr'>Vere</span> <span class='ocrx_word' id='word_1_224' title='bbox 330 2040 491 2080; x_wconf 90' lang='lat' dir='ltr'>nunc</span> <span class='ocrx_word' id='word_1_225' title='bbox 527 2040 715 2097; x_wconf 88' lang='lat' dir='ltr'>usque</span> <span class='ocrx_word' id='word_1_226' title='bbox 746 2040 781 2079; x_wconf 90' lang='lat' dir='ltr'>a</span> <span class='ocrx_word' id='word_1_227' title='bbox 811 2023 927 2080; x_wconf 91' lang='lat' dir='ltr'>Deo</span> <span class='ocrx_word' id='word_1_228' title='bbox 957 2039 1091 2080; x_wconf 89' lang='lat' dir='ltr'>vero</span> <span class='ocrx_word' id='word_1_229' title='bbox 1145 2024 1494 2090; x_wconf 88' lang='lat' dir='ltr'>erravimus,</span> <span class='ocrx_word' id='word_1_230' title='bbox 1541 2042 1678 2080; x_wconf 88' lang='lat' dir='ltr'>nam</span> <span class='ocrx_word' id='word_1_231' title='bbox 1730 2027 1809 2082; x_wconf 90' lang='lat' dir='ltr'>dii</span> 
     </span>
    </p>
   </div>
   <div class='ocr_carea' id='block_1_35' title="bbox 156 2111 1809 2186">
    <p class='ocr_par' dir='ltr' id='par_1_35' title="bbox 156 2111 1809 2186">
     <span class='ocr_line' id='line_1_35' title="bbox 156 2111 1809 2186; baseline 0.001 -17"><span class='ocrx_word' id='word_1_232' title='bbox 156 2129 296 2186; x_wconf 89' lang='lat' dir='ltr'>quos</span> <span class='ocrx_word' id='word_1_233' title='bbox 318 2111 597 2180; x_wconf 89' lang='lat' dir='ltr'>colimus,</span> <span class='ocrx_word' id='word_1_234' title='bbox 627 2128 729 2184; x_wconf 91' lang='lat' dir='ltr'>pro</span> <span class='ocrx_word' id='word_1_235' title='bbox 760 2116 916 2167; x_wconf 90' lang='lat' dir='ltr'>certo</span> <span class='ocrx_word' id='word_1_236' title='bbox 948 2112 1243 2167; x_wconf 62' lang='lat' dir='ltr'>daemones</span> <span class='ocrx_word' id='word_1_237' title='bbox 1292 2118 1452 2168; x_wconf 90' lang='lat' dir='ltr'>sunt.</span> <span class='ocrx_word' id='word_1_238' title='bbox 1487 2113 1619 2169; x_wconf 92' lang='lat' dir='ltr'>Vidi</span> <span class='ocrx_word' id='word_1_239' title='bbox 1653 2116 1809 2171; x_wconf 89' lang='lat' dir='ltr'>enim</span> 
     </span>
    </p>
   </div>
   <div class='ocr_carea' id='block_1_36' title="bbox 156 2200 1812 2274">
    <p class='ocr_par' dir='ltr' id='par_1_36' title="bbox 156 2200 1812 2274">
     <span class='ocr_line' id='line_1_36' title="bbox 156 2200 1812 2274; baseline 0.001 -17"><span class='ocrx_word' id='word_1_240' title='bbox 156 2217 248 2258; x_wconf 90' lang='lat' dir='ltr'>eos</span> <span class='ocrx_word' id='word_1_241' title='bbox 268 2202 325 2257; x_wconf 92' lang='lat' dir='ltr'>in</span> <span class='ocrx_word' id='word_1_242' title='bbox 348 2200 601 2268; x_wconf 88' lang='lat' dir='ltr'>inferno,</span> <span class='ocrx_word' id='word_1_243' title='bbox 618 2206 675 2256; x_wconf 92' lang='lat' dir='ltr'>et</span> <span class='ocrx_word' id='word_1_244' title='bbox 698 2201 813 2256; x_wconf 90' lang='lat' dir='ltr'>vidi</span> <span class='ocrx_word' id='word_1_245' title='bbox 837 2201 976 2274; x_wconf 90' lang='lat' dir='ltr'>quia</span> <span class='ocrx_word' id='word_1_246' title='bbox 997 2218 1113 2257; x_wconf 92' lang='lat' dir='ltr'>non</span> <span class='ocrx_word' id='word_1_247' title='bbox 1135 2206 1261 2257; x_wconf 89' lang='lat' dir='ltr'>erat</span> <span class='ocrx_word' id='word_1_248' title='bbox 1287 2202 1369 2257; x_wconf 90' lang='lat' dir='ltr'>eis</span> <span class='ocrx_word' id='word_1_249' title='bbox 1395 2204 1627 2274; x_wconf 90' lang='lat' dir='ltr'>requies</span> <span class='ocrx_word' id='word_1_250' title='bbox 1647 2220 1679 2258; x_wconf 91' lang='lat' dir='ltr'>a</span> <span class='ocrx_word' id='word_1_251' title='bbox 1701 2208 1812 2259; x_wconf 89' lang='lat' dir='ltr'>tor-</span> 
     </span>
    </p>
   </div>
   <div class='ocr_carea' id='block_1_37' title="bbox 156 2290 1809 2349">
    <p class='ocr_par' dir='ltr' id='par_1_37' title="bbox 156 2290 1809 2349">
     <span class='ocr_line' id='line_1_37' title="bbox 156 2290 1809 2349; baseline 0.002 -4"><span class='ocrx_word' id='word_1_252' title='bbox 156 2290 385 2347; x_wconf 88' lang='lat' dir='ltr'>mentis.</span> <span class='ocrx_word' id='word_1_253' title='bbox 415 2290 495 2346; x_wconf 84' lang='lat' dir='ltr'>At</span> <span class='ocrx_word' id='word_1_254' title='bbox 521 2307 654 2346; x_wconf 88' lang='lat' dir='ltr'>vero</span> <span class='ocrx_word' id='word_1_255' title='bbox 696 2295 1041 2346; x_wconf 88' lang='lat' dir='ltr'>cunctorum</span> <span class='ocrx_word' id='word_1_256' title='bbox 1092 2290 1348 2347; x_wconf 89' lang='lat' dir='ltr'>clamore</span> <span class='ocrx_word' id='word_1_257' title='bbox 1381 2292 1437 2346; x_wconf 92' lang='lat' dir='ltr'>in</span> <span class='ocrx_word' id='word_1_258' title='bbox 1469 2292 1679 2348; x_wconf 83' lang='lat' dir='ltr'>coelum</span> <span class='ocrx_word' id='word_1_259' title='bbox 1711 2310 1809 2349; x_wconf 89' lang='lat' dir='ltr'>su-</span> 
     </span>
    </p>
   </div>
   <div class='ocr_carea' id='block_1_38' title="bbox 155 2376 1809 2451">
    <p class='ocr_par' dir='ltr' id='par_1_38' title="bbox 155 2376 1809 2451">
     <span class='ocr_line' id='line_1_38' title="bbox 155 2376 1809 2451; baseline 0.001 -17"><span class='ocrx_word' id='word_1_260' title='bbox 155 2379 324 2448; x_wconf 90' lang='lat' dir='ltr'>blato,</span> <span class='ocrx_word' id='word_1_261' title='bbox 360 2377 636 2437; x_wconf 88' lang='lat' dir='ltr'>Christus</span> <span class='ocrx_word' id='word_1_262' title='bbox 668 2381 739 2435; x_wconf 90' lang='lat' dir='ltr'>ab</span> <span class='ocrx_word' id='word_1_263' title='bbox 772 2376 1045 2435; x_wconf 90' lang='lat' dir='ltr'>emnibus</span> <span class='ocrx_word' id='word_1_264' title='bbox 1076 2379 1516 2451; x_wconf 86' lang='lat' dir='ltr'>magniﬁcatur,</span> <span class='ocrx_word' id='word_1_265' title='bbox 1539 2379 1809 2437; x_wconf 88' lang='lat' dir='ltr'>Christus</span> 
     </span>
    </p>
   </div>
   <div class='ocr_carea' id='block_1_39' title="bbox 154 2466 1805 2541">
    <p class='ocr_par' dir='ltr' id='par_1_39' title="bbox 154 2466 1805 2541">
     <span class='ocr_line' id='line_1_39' title="bbox 154 2466 1805 2541; baseline 0.001 -18"><span class='ocrx_word' id='word_1_266' title='bbox 154 2484 315 2524; x_wconf 91' lang='lat' dir='ltr'>verus</span> <span class='ocrx_word' id='word_1_267' title='bbox 345 2467 509 2524; x_wconf 90' lang='lat' dir='ltr'>Deus</span> <span class='ocrx_word' id='word_1_268' title='bbox 541 2467 911 2541; x_wconf 77' lang='lat' dir='ltr'>praedicatur,</span> <span class='ocrx_word' id='word_1_269' title='bbox 945 2473 1002 2523; x_wconf 90' lang='lat' dir='ltr'>et</span> <span class='ocrx_word' id='word_1_270' title='bbox 1048 2466 1305 2524; x_wconf 90' lang='lat' dir='ltr'>famulus</span> <span class='ocrx_word' id='word_1_271' title='bbox 1350 2469 1478 2540; x_wconf 85' lang='lat' dir='ltr'>ejus</span> <span class='ocrx_word' id='word_1_272' title='bbox 1509 2467 1805 2536; x_wconf 88' lang='lat' dir='ltr'>Julianus,</span> 
     </span>
    </p>
   </div>
   <div class='ocr_carea' id='block_1_40' title="bbox 155 2554 1806 2629">
    <p class='ocr_par' dir='ltr' id='par_1_40' title="bbox 155 2554 1806 2629">
     <span class='ocr_line' id='line_1_40' title="bbox 155 2554 1806 2629; baseline 0.001 -17"><span class='ocrx_word' id='word_1_273' title='bbox 155 2557 403 2613; x_wconf 89' lang='lat' dir='ltr'>renitens</span> <span class='ocrx_word' id='word_1_274' title='bbox 434 2554 817 2629; x_wconf 87' lang='lat' dir='ltr'>multumque</span> <span class='ocrx_word' id='word_1_275' title='bbox 850 2556 1168 2625; x_wconf 89' lang='lat' dir='ltr'>reluctans,</span> <span class='ocrx_word' id='word_1_276' title='bbox 1190 2557 1262 2613; x_wconf 90' lang='lat' dir='ltr'>ab</span> <span class='ocrx_word' id='word_1_277' title='bbox 1287 2556 1561 2613; x_wconf 88' lang='lat' dir='ltr'>omnibus</span> <span class='ocrx_word' id='word_1_278' title='bbox 1603 2558 1806 2613; x_wconf 88' lang='lat' dir='ltr'>adora-</span> 
     </span>
    </p>
   </div>
   <div class='ocr_carea' id='block_1_41' title="bbox 155 2644 1807 2719">
    <p class='ocr_par' dir='ltr' id='par_1_41' title="bbox 155 2644 1807 2719">
     <span class='ocr_line' id='line_1_41' title="bbox 155 2644 1807 2719; baseline 0 -18"><span class='ocrx_word' id='word_1_279' title='bbox 155 2650 263 2702; x_wconf 86' lang='lat' dir='ltr'>tur.</span> <span class='ocrx_word' id='word_1_280' title='bbox 286 2646 355 2703; x_wconf 88' lang='lat' dir='ltr'>Et</span> <span class='ocrx_word' id='word_1_281' title='bbox 376 2647 437 2703; x_wconf 90' lang='lat' dir='ltr'>hi</span> <span class='ocrx_word' id='word_1_282' title='bbox 462 2644 650 2719; x_wconf 84' lang='lat' dir='ltr'>igitur</span> <span class='ocrx_word' id='word_1_283' title='bbox 670 2662 773 2718; x_wconf 92' lang='lat' dir='ltr'>per</span> <span class='ocrx_word' id='word_1_284' title='bbox 796 2645 1270 2718; x_wconf 62' lang='lat' dir='ltr'>praedicationem</span> <span class='ocrx_word' id='word_1_285' title='bbox 1295 2645 1410 2701; x_wconf 92' lang='lat' dir='ltr'>Deo</span> <span class='ocrx_word' id='word_1_286' title='bbox 1432 2646 1592 2719; x_wconf 86' lang='lat' dir='ltr'>digni</span> <span class='ocrx_word' id='word_1_287' title='bbox 1617 2647 1807 2719; x_wconf 80' lang='lat' dir='ltr'>ponti-</span> 
     </span>
    </p>
   </div>
   <div class='ocr_carea' id='block_1_42' title="bbox 157 2733 1806 2808">
    <p class='ocr_par' dir='ltr' id='par_1_42' title="bbox 157 2733 1806 2808">
     <span class='ocr_line' id='line_1_42' title="bbox 157 2733 1806 2808; baseline -0.001 -17"><span class='ocrx_word' id='word_1_288' title='bbox 157 2735 274 2793; x_wconf 89' lang='lat' dir='ltr'>ﬁcis</span> <span class='ocrx_word' id='word_1_289' title='bbox 295 2734 541 2808; x_wconf 87' lang='lat' dir='ltr'>cepiosa</span> <span class='ocrx_word' id='word_1_290' title='bbox 560 2734 877 2791; x_wconf 90' lang='lat' dir='ltr'>multitudo</span> <span class='ocrx_word' id='word_1_291' title='bbox 910 2733 1348 2790; x_wconf 88' lang='lat' dir='ltr'>rationabilium</span> <span class='ocrx_word' id='word_1_292' title='bbox 1390 2734 1639 2807; x_wconf 90' lang='lat' dir='ltr'>piscium</span> <span class='ocrx_word' id='word_1_293' title='bbox 1671 2734 1806 2790; x_wconf 88' lang='lat' dir='ltr'>ﬁdei</span> 
     </span>
    </p>
   </div>
   <div class='ocr_carea' id='block_1_43' title="bbox 161 2822 1809 2897">
    <p class='ocr_par' dir='ltr' id='par_1_43' title="bbox 161 2822 1809 2897">
     <span class='ocr_line' id='line_1_43' title="bbox 161 2822 1809 2897; baseline -0.001 -18"><span class='ocrx_word' id='word_1_294' title='bbox 161 2840 367 2897; x_wconf 84' lang='lat' dir='ltr'>sagena</span> <span class='ocrx_word' id='word_1_295' title='bbox 398 2822 666 2891; x_wconf 86' lang='lat' dir='ltr'>collecta,</span> <span class='ocrx_word' id='word_1_296' title='bbox 692 2827 751 2879; x_wconf 92' lang='lat' dir='ltr'>et</span> <span class='ocrx_word' id='word_1_297' title='bbox 781 2822 851 2879; x_wconf 89' lang='lat' dir='ltr'>ad</span> <span class='ocrx_word' id='word_1_298' title='bbox 883 2838 1029 2878; x_wconf 61' lang='lat' dir='ltr'>veras</span> <span class='ocrx_word' id='word_1_299' title='bbox 1051 2822 1412 2879; x_wconf 86' lang='lat' dir='ltr'>credulitatis</span> <span class='ocrx_word' id='word_1_300' title='bbox 1444 2822 1697 2879; x_wconf 90' lang='lat' dir='ltr'>solidum</span> <span class='ocrx_word' id='word_1_301' title='bbox 1720 2823 1809 2879; x_wconf 90' lang='lat' dir='ltr'>lit-</span> 
     </span>
    </p>
   </div>
   <div class='ocr_carea' id='block_1_44' title="bbox 160 2911 1607 2986">
    <p class='ocr_par' dir='ltr' id='par_1_44' title="bbox 160 2911 1607 2986">
     <span class='ocr_line' id='line_1_44' title="bbox 160 2911 1607 2986; baseline -0.001 -19"><span class='ocrx_word' id='word_1_302' title='bbox 160 2917 247 2968; x_wconf 88' lang='lat' dir='ltr'>tus</span> <span class='ocrx_word' id='word_1_303' title='bbox 276 2930 310 2969; x_wconf 89' lang='lat' dir='ltr'>a</span> <span class='ocrx_word' id='word_1_304' title='bbox 339 2911 655 2986; x_wconf 85' lang='lat' dir='ltr'>profundis</span> <span class='ocrx_word' id='word_1_305' title='bbox 686 2926 948 2967; x_wconf 89' lang='lat' dir='ltr'>errorum</span> <span class='ocrx_word' id='word_1_306' title='bbox 981 2911 1237 2967; x_wconf 87' lang='lat' dir='ltr'>tenebris</span> <span class='ocrx_word' id='word_1_307' title='bbox 1262 2911 1473 2967; x_wconf 89' lang='lat' dir='ltr'>educta</span> <span class='ocrx_word' id='word_1_308' title='bbox 1500 2917 1607 2968; x_wconf 89' lang='lat' dir='ltr'>est.</span> 
     </span>
    </p>
   </div>
   <div class='ocr_carea' id='block_1_45' title="bbox 228 3000 1805 3073">
    <p class='ocr_par' dir='ltr' id='par_1_45' title="bbox 228 3000 1805 3073">
     <span class='ocr_line' id='line_1_45' title="bbox 228 3000 1805 3073; baseline -0.001 -16"><span class='ocrx_word' id='word_1_309' title='bbox 228 3002 455 3059; x_wconf 81' lang='lat' dir='ltr'>19.Jam</span> <span class='ocrx_word' id='word_1_310' title='bbox 476 3006 623 3056; x_wconf 88' lang='lat' dir='ltr'>tunc</span> <span class='ocrx_word' id='word_1_311' title='bbox 657 3015 794 3072; x_wconf 85' lang='lat' dir='ltr'>ergo</span> <span class='ocrx_word' id='word_1_312' title='bbox 814 3000 974 3056; x_wconf 89' lang='lat' dir='ltr'>velut</span> <span class='ocrx_word' id='word_1_313' title='bbox 995 3000 1175 3055; x_wconf 89' lang='lat' dir='ltr'>divini</span> <span class='ocrx_word' id='word_1_314' title='bbox 1216 3000 1504 3057; x_wconf 80' lang='lat' dir='ltr'>exercitus</span> <span class='ocrx_word' id='word_1_315' title='bbox 1544 3002 1805 3073; x_wconf 76' lang='lat' dir='ltr'>signifer,</span> 
     </span>
    </p>
   </div>
   <div class='ocr_carea' id='block_1_46' title="bbox 163 3086 1806 3162">
    <p class='ocr_par' dir='ltr' id='par_1_46' title="bbox 163 3086 1806 3162">
     <span class='ocr_line' id='line_1_46' title="bbox 163 3086 1806 3162; baseline 0.001 -17"><span class='ocrx_word' id='word_1_316' title='bbox 163 3089 281 3147; x_wconf 88' lang='lat' dir='ltr'>aliis</span> <span class='ocrx_word' id='word_1_317' title='bbox 326 3088 820 3162; x_wconf 71' lang='lat' dir='ltr'>praecedentibus,</span> <span class='ocrx_word' id='word_1_318' title='bbox 851 3086 983 3145; x_wconf 82' lang='lat' dir='ltr'>aliis</span> <span class='ocrx_word' id='word_1_319' title='bbox 1024 3089 1405 3161; x_wconf 86' lang='lat' dir='ltr'>sequentibus</span> <span class='ocrx_word' id='word_1_320' title='bbox 1434 3090 1631 3145; x_wconf 83' lang='lat' dir='ltr'>vitalia</span> <span class='ocrx_word' id='word_1_321' title='bbox 1673 3090 1806 3146; x_wconf 91' lang='lat' dir='ltr'>ﬁdei</span> 
     </span>
    </p>
   </div>
   <div class='ocr_carea' id='block_1_47' title="bbox 163 3177 1804 3249">
    <p class='ocr_par' dir='ltr' id='par_1_47' title="bbox 163 3177 1804 3249">
     <span class='ocr_line' id='line_1_47' title="bbox 163 3177 1804 3249; baseline 0.001 -15"><span class='ocrx_word' id='word_1_322' title='bbox 163 3195 349 3235; x_wconf 88' lang='lat' dir='ltr'>serens</span> <span class='ocrx_word' id='word_1_323' title='bbox 398 3177 653 3245; x_wconf 88' lang='lat' dir='ltr'>semina,</span> <span class='ocrx_word' id='word_1_324' title='bbox 707 3178 779 3232; x_wconf 91' lang='lat' dir='ltr'>ad</span> <span class='ocrx_word' id='word_1_325' title='bbox 833 3177 1137 3249; x_wconf 60' lang='lat' dir='ltr'>praedium,</span> <span class='ocrx_word' id='word_1_326' title='bbox 1171 3177 1263 3233; x_wconf 91' lang='lat' dir='ltr'>cui</span> <span class='ocrx_word' id='word_1_327' title='bbox 1295 3178 1643 3234; x_wconf 85' lang='lat' dir='ltr'>vocabulum</span> <span class='ocrx_word' id='word_1_328' title='bbox 1696 3184 1804 3247; x_wconf 89' lang='lat' dir='ltr'>est,</span> 
     </span>
    </p>
   </div>
   <div class='ocr_carea' id='block_1_48' title="bbox 163 3265 1811 3340">
    <p class='ocr_par' dir='ltr' id='par_1_48' title="bbox 163 3265 1811 3340">
     <span class='ocr_line' id='line_1_48' title="bbox 163 3265 1811 3340; baseline 0 -18"><span class='ocrx_word' id='word_1_329' title='bbox 163 3266 470 3324; x_wconf 88' lang='lat' dir='ltr'>Proiliacus</span> <span class='ocrx_word' id='word_1_330' title='bbox 498 3266 791 3336; x_wconf 83' lang='lat' dir='ltr'>(Bellovac.</span> <span class='ocrx_word' id='word_1_331' title='bbox 818 3265 1185 3337; x_wconf 86' lang='lat' dir='ltr'>Perilianus),</span> <span class='ocrx_word' id='word_1_332' title='bbox 1208 3266 1462 3322; x_wconf 89' lang='lat' dir='ltr'>divertit.</span> <span class='ocrx_word' id='word_1_333' title='bbox 1490 3266 1811 3340; x_wconf 89' lang='lat' dir='ltr'>Ingruenti-</span> 
     </span>
    </p>
   </div>
   <div class='ocr_carea' id='block_1_49' title="bbox 164 3338 1883 3428">
    <p class='ocr_par' dir='ltr' id='par_1_49' title="bbox 164 3338 1883 3428">
     <span class='ocr_line' id='line_1_49' title="bbox 164 3338 1883 3428; baseline -0.002 -18"><span class='ocrx_word' id='word_1_334' title='bbox 164 3355 265 3412; x_wconf 91' lang='lat' dir='ltr'>bus</span> <span class='ocrx_word' id='word_1_335' title='bbox 294 3362 490 3412; x_wconf 89' lang='lat' dir='ltr'>antcm</span> <span class='ocrx_word' id='word_1_336' title='bbox 533 3354 722 3411; x_wconf 87' lang='lat' dir='ltr'>noctis</span> <span class='ocrx_word' id='word_1_337' title='bbox 755 3355 1032 3422; x_wconf 87' lang='lat' dir='ltr'>tenebris,</span> <span class='ocrx_word' id='word_1_338' title='bbox 1057 3355 1381 3427; x_wconf 88' lang='lat' dir='ltr'>hospitium</span> <span class='ocrx_word' id='word_1_339' title='bbox 1415 3356 1526 3411; x_wconf 90' lang='lat' dir='ltr'>sibi</span> <span class='ocrx_word' id='word_1_340' title='bbox 1552 3338 1808 3428; x_wconf 79' lang='lat' dir='ltr'>perquiri</span> <span class='ocrx_word' id='word_1_341' title='bbox 1840 3338 1883 3406; x_wconf 88' lang='lat' dir='ltr'>C</span> 
     </span>
    </p>
   </div>
   <div class='ocr_carea' id='block_1_50' title="bbox 158 3444 1809 3517">
    <p class='ocr_par' dir='ltr' id='par_1_50' title="bbox 158 3444 1809 3517">
     <span class='ocr_line' id='line_1_50' title="bbox 158 3444 1809 3517; baseline 0.001 -18"><span class='ocrx_word' id='word_1_342' title='bbox 158 3445 333 3515; x_wconf 84' lang='lat' dir='ltr'>jubet.</span> <span class='ocrx_word' id='word_1_343' title='bbox 358 3446 429 3500; x_wconf 93' lang='lat' dir='ltr'>At</span> <span class='ocrx_word' id='word_1_344' title='bbox 456 3461 597 3500; x_wconf 87' lang='lat' dir='ltr'>vero</span> <span class='ocrx_word' id='word_1_345' title='bbox 632 3444 690 3498; x_wconf 90' lang='lat' dir='ltr'>in</span> <span class='ocrx_word' id='word_1_346' title='bbox 733 3444 859 3515; x_wconf 88' lang='lat' dir='ltr'>ipso</span> <span class='ocrx_word' id='word_1_347' title='bbox 893 3444 1179 3500; x_wconf 85' lang='lat' dir='ltr'>adventus</span> <span class='ocrx_word' id='word_1_348' title='bbox 1212 3445 1340 3515; x_wconf 88' lang='lat' dir='ltr'>ejus</span> <span class='ocrx_word' id='word_1_349' title='bbox 1373 3444 1638 3512; x_wconf 84' lang='lat' dir='ltr'>articulo,</span> <span class='ocrx_word' id='word_1_350' title='bbox 1666 3461 1809 3517; x_wconf 89' lang='lat' dir='ltr'>puer</span> 
     </span>
    </p>
   </div>
   <div class='ocr_carea' id='block_1_51' title="bbox 164 3532 1811 3607">
    <p class='ocr_par' dir='ltr' id='par_1_51' title="bbox 164 3532 1811 3607">
     <span class='ocr_line' id='line_1_51' title="bbox 164 3532 1811 3607; baseline 0 -19"><span class='ocrx_word' id='word_1_351' title='bbox 164 3533 429 3605; x_wconf 86' lang='lat' dir='ltr'>parvulus</span> <span class='ocrx_word' id='word_1_352' title='bbox 461 3533 828 3607; x_wconf 89' lang='lat' dir='ltr'>possessoris</span> <span class='ocrx_word' id='word_1_353' title='bbox 856 3532 1177 3604; x_wconf 88' lang='lat' dir='ltr'>supradicti</span> <span class='ocrx_word' id='word_1_354' title='bbox 1213 3533 1377 3587; x_wconf 89' lang='lat' dir='ltr'>fundi</span> <span class='ocrx_word' id='word_1_355' title='bbox 1410 3532 1585 3601; x_wconf 89' lang='lat' dir='ltr'>ﬁlius,</span> <span class='ocrx_word' id='word_1_356' title='bbox 1620 3534 1811 3605; x_wconf 88' lang='lat' dir='ltr'>ingra-</span> 
     </span>
    </p>
   </div>
   <div class='ocr_carea' id='block_1_52' title="bbox 162 3620 1806 3695">
    <p class='ocr_par' dir='ltr' id='par_1_52' title="bbox 162 3620 1806 3695">
     <span class='ocr_line' id='line_1_52' title="bbox 162 3620 1806 3695; baseline -0.001 -19"><span class='ocrx_word' id='word_1_357' title='bbox 162 3627 434 3693; x_wconf 86' lang='lat' dir='ltr'>vescente,</span> <span class='ocrx_word' id='word_1_358' title='bbox 470 3639 593 3695; x_wconf 85' lang='lat' dir='ltr'>qua</span> <span class='ocrx_word' id='word_1_359' title='bbox 634 3621 968 3688; x_wconf 80' lang='lat' dir='ltr'>vexabatur,</span> <span class='ocrx_word' id='word_1_360' title='bbox 1013 3620 1304 3687; x_wconf 86' lang='lat' dir='ltr'>molestia,</span> <span class='ocrx_word' id='word_1_361' title='bbox 1337 3622 1652 3678; x_wconf 88' lang='lat' dir='ltr'>defunctus</span> <span class='ocrx_word' id='word_1_362' title='bbox 1698 3626 1806 3679; x_wconf 91' lang='lat' dir='ltr'>est.</span> 
     </span>
    </p>
   </div>
   <div class='ocr_carea' id='block_1_53' title="bbox 165 3709 1810 3779">
    <p class='ocr_par' dir='ltr' id='par_1_53' title="bbox 165 3709 1810 3779">
     <span class='ocr_line' id='line_1_53' title="bbox 165 3709 1810 3779; baseline 0.001 -14"><span class='ocrx_word' id='word_1_363' title='bbox 165 3712 313 3776; x_wconf 84' lang='lat' dir='ltr'>Quod</span> <span class='ocrx_word' id='word_1_364' title='bbox 336 3729 472 3768; x_wconf 90' lang='lat' dir='ltr'>cum</span> <span class='ocrx_word' id='word_1_365' title='bbox 493 3711 617 3765; x_wconf 87' lang='lat' dir='ltr'>viro</span> <span class='ocrx_word' id='word_1_366' title='bbox 634 3709 734 3765; x_wconf 90' lang='lat' dir='ltr'>Dei</span> <span class='ocrx_word' id='word_1_367' title='bbox 761 3710 1098 3765; x_wconf 89' lang='lat' dir='ltr'>nuntiatum</span> <span class='ocrx_word' id='word_1_368' title='bbox 1117 3710 1346 3779; x_wconf 84' lang='lat' dir='ltr'>fuisset,</span> <span class='ocrx_word' id='word_1_369' title='bbox 1366 3710 1502 3766; x_wconf 89' lang='lat' dir='ltr'>alibi</span> <span class='ocrx_word' id='word_1_370' title='bbox 1528 3712 1810 3766; x_wconf 82' lang='lat' dir='ltr'>divertere</span> 
     </span>
    </p>
   </div>
   <div class='ocr_carea' id='block_1_54' title="bbox 167 3798 1811 3871">
    <p class='ocr_par' dir='ltr' id='par_1_54' title="bbox 167 3798 1811 3871">
     <span class='ocr_line' id='line_1_54' title="bbox 167 3798 1811 3871; baseline 0.002 -19"><span class='ocrx_word' id='word_1_371' title='bbox 167 3798 359 3868; x_wconf 89' lang='lat' dir='ltr'>noluit,</span> <span class='ocrx_word' id='word_1_372' title='bbox 383 3799 487 3856; x_wconf 89' lang='lat' dir='ltr'>sed</span> <span class='ocrx_word' id='word_1_373' title='bbox 509 3798 840 3855; x_wconf 85' lang='lat' dir='ltr'>secundum</span> <span class='ocrx_word' id='word_1_374' title='bbox 863 3798 1018 3871; x_wconf 89' lang='lat' dir='ltr'>quod</span> <span class='ocrx_word' id='word_1_375' title='bbox 1043 3798 1315 3854; x_wconf 89' lang='lat' dir='ltr'>Salomon</span> <span class='ocrx_word' id='word_1_376' title='bbox 1340 3799 1421 3854; x_wconf 88' lang='lat' dir='ltr'>ait</span> <span class='ocrx_word' id='word_1_377' title='bbox 1445 3817 1457 3853; x_wconf 86' lang='lat'><strong>:</strong></span> <span class='ocrx_word' id='word_1_378' title='bbox 1486 3799 1694 3855; x_wconf 81' lang='lat' dir='ltr'>Melius</span> <span class='ocrx_word' id='word_1_379' title='bbox 1721 3805 1811 3855; x_wconf 88' lang='lat' dir='ltr'>est</span> 
     </span>
    </p>
   </div>
   <div class='ocr_carea' id='block_1_55' title="bbox 166 3885 1807 3960">
    <p class='ocr_par' dir='ltr' id='par_1_55' title="bbox 166 3885 1807 3960">
     <span class='ocr_line' id='line_1_55' title="bbox 166 3885 1807 3960; baseline 0.002 -20"><span class='ocrx_word' id='word_1_380' title='bbox 166 3885 241 3943; x_wconf 91' lang='lat' dir='ltr'>ire</span> <span class='ocrx_word' id='word_1_381' title='bbox 267 3890 335 3943; x_wconf 85' lang='lat' dir='ltr'>ad</span> <span class='ocrx_word' id='word_1_382' title='bbox 369 3890 618 3944; x_wconf 88' lang='lat' dir='ltr'>domum</span> <span class='ocrx_word' id='word_1_383' title='bbox 659 3885 879 3955; x_wconf 87' lang='lat' dir='ltr'>luctus,</span> <span class='ocrx_word' id='word_1_384' title='bbox 910 3904 1089 3960; x_wconf 90' lang='lat' dir='ltr'>quam</span> <span class='ocrx_word' id='word_1_385' title='bbox 1138 3888 1210 3943; x_wconf 88' lang='lat' dir='ltr'>ad</span> <span class='ocrx_word' id='word_1_386' title='bbox 1266 3888 1509 3943; x_wconf 90' lang='lat' dir='ltr'>domum</span> <span class='ocrx_word' id='word_1_387' title='bbox 1541 3888 1807 3955; x_wconf 86' lang='lat' dir='ltr'>convivii,</span> 
     </span>
    </p>
   </div>
   <div class='ocr_carea' id='block_1_56' title="bbox 166 3974 1810 4050">
    <p class='ocr_par' dir='ltr' id='par_1_56' title="bbox 166 3974 1810 4050">
     <span class='ocr_line' id='line_1_56' title="bbox 166 3974 1810 4050; baseline 0.002 -20"><span class='ocrx_word' id='word_1_388' title='bbox 166 3975 339 4043; x_wconf 78' lang='lat' dir='ltr'>(Eccli.</span> <span class='ocrx_word' id='word_1_389' title='bbox 354 3995 456 4046; x_wconf 84' lang='lat' dir='ltr'>vn,</span> <span class='ocrx_word' id='word_1_390' title='bbox 478 3976 535 4049; x_wconf 89' lang='lat'>3)</span> <span class='ocrx_word' id='word_1_391' title='bbox 555 3975 838 4049; x_wconf 86' lang='lat' dir='ltr'>gaudium</span> <span class='ocrx_word' id='word_1_392' title='bbox 870 3974 1078 4032; x_wconf 89' lang='lat' dir='ltr'>salutis</span> <span class='ocrx_word' id='word_1_393' title='bbox 1101 3976 1329 4032; x_wconf 88' lang='lat' dir='ltr'>laturus</span> <span class='ocrx_word' id='word_1_394' title='bbox 1351 3976 1711 4050; x_wconf 85' lang='lat' dir='ltr'>lugentibus,</span> <span class='ocrx_word' id='word_1_395' title='bbox 1738 3977 1810 4033; x_wconf 89' lang='lat' dir='ltr'>ad</span> 
     </span>
    </p>
   </div>
   <div class='ocr_carea' id='block_1_57' title="bbox 169 4062 1811 4137">
    <p class='ocr_par' dir='ltr' id='par_1_57' title="bbox 169 4062 1811 4137">
     <span class='ocr_line' id='line_1_57' title="bbox 169 4062 1811 4137; baseline 0.002 -19"><span class='ocrx_word' id='word_1_396' title='bbox 169 4062 420 4134; x_wconf 88' lang='lat' dir='ltr'>domum,</span> <span class='ocrx_word' id='word_1_397' title='bbox 447 4066 508 4121; x_wconf 89' lang='lat' dir='ltr'>in</span> <span class='ocrx_word' id='word_1_398' title='bbox 551 4081 671 4136; x_wconf 89' lang='lat' dir='ltr'>qua</span> <span class='ocrx_word' id='word_1_399' title='bbox 709 4064 1036 4121; x_wconf 72' lang='lat' dir='ltr'>infantulus</span> <span class='ocrx_word' id='word_1_400' title='bbox 1067 4066 1325 4137; x_wconf 88' lang='lat' dir='ltr'>jacebat,</span> <span class='ocrx_word' id='word_1_401' title='bbox 1357 4067 1622 4133; x_wconf 89' lang='lat' dir='ltr'>accessit,</span> <span class='ocrx_word' id='word_1_402' title='bbox 1658 4071 1716 4121; x_wconf 90' lang='lat' dir='ltr'>et</span> <span class='ocrx_word' id='word_1_403' title='bbox 1751 4066 1811 4121; x_wconf 91' lang='lat' dir='ltr'>in</span> 
     </span>
    </p>
   </div>
   <div class='ocr_carea' id='block_1_58' title="bbox 170 4153 1815 4227">
    <p class='ocr_par' dir='ltr' id='par_1_58' title="bbox 170 4153 1815 4227">
     <span class='ocr_line' id='line_1_58' title="bbox 170 4153 1815 4227; baseline 0.002 -21"><span class='ocrx_word' id='word_1_404' title='bbox 170 4153 410 4224; x_wconf 88' lang='lat' dir='ltr'>quadam</span> <span class='ocrx_word' id='word_1_405' title='bbox 440 4154 579 4227; x_wconf 90' lang='lat' dir='ltr'>ejus</span> <span class='ocrx_word' id='word_1_406' title='bbox 608 4155 830 4209; x_wconf 85' lang='lat' dir='ltr'>secreta</span> <span class='ocrx_word' id='word_1_407' title='bbox 852 4158 1016 4225; x_wconf 89' lang='lat' dir='ltr'>parte</span> <span class='ocrx_word' id='word_1_408' title='bbox 1043 4154 1411 4210; x_wconf 87' lang='lat' dir='ltr'>mansionem</span> <span class='ocrx_word' id='word_1_409' title='bbox 1444 4155 1690 4227; x_wconf 89' lang='lat' dir='ltr'>accepit.</span> <span class='ocrx_word' id='word_1_410' title='bbox 1716 4155 1815 4210; x_wconf 91' lang='lat' dir='ltr'>Ju-</span> 
     </span>
    </p>
   </div>
   <div class='ocr_carea' id='block_1_59' title="bbox 169 4240 1813 4316">
    <p class='ocr_par' dir='ltr' id='par_1_59' title="bbox 169 4240 1813 4316">
     <span class='ocr_line' id='line_1_59' title="bbox 169 4240 1813 4316; baseline 0.002 -21"><span class='ocrx_word' id='word_1_411' title='bbox 169 4240 257 4296; x_wconf 88' lang='lat' dir='ltr'>bet</span> <span class='ocrx_word' id='word_1_412' title='bbox 277 4259 409 4316; x_wconf 87' lang='lat' dir='ltr'>ergo</span> <span class='ocrx_word' id='word_1_413' title='bbox 440 4248 583 4300; x_wconf 88' lang='lat' dir='ltr'>ante</span> <span class='ocrx_word' id='word_1_414' title='bbox 616 4258 677 4297; x_wconf 86' lang='lat' dir='ltr'>se</span> <span class='ocrx_word' id='word_1_415' title='bbox 705 4241 906 4297; x_wconf 79' lang='lat' dir='ltr'>inferri</span> <span class='ocrx_word' id='word_1_416' title='bbox 939 4242 1280 4298; x_wconf 88' lang='lat' dir='ltr'>defunctum</span> <span class='ocrx_word' id='word_1_417' title='bbox 1306 4260 1539 4314; x_wconf 90' lang='lat' dir='ltr'>corpus,</span> <span class='ocrx_word' id='word_1_418' title='bbox 1563 4249 1621 4298; x_wconf 91' lang='lat' dir='ltr'>et</span> <span class='ocrx_word' id='word_1_419' title='bbox 1652 4247 1813 4315; x_wconf 89' lang='lat' dir='ltr'>patre</span> 
     </span>
    </p>
   </div>
   <div class='ocr_carea' id='block_1_60' title="bbox 171 4330 1816 4403">
    <p class='ocr_par' dir='ltr' id='par_1_60' title="bbox 171 4330 1816 4403">
     <span class='ocr_line' id='line_1_60' title="bbox 171 4330 1816 4403; baseline 0.002 -19"><span class='ocrx_word' id='word_1_420' title='bbox 171 4332 221 4384; x_wconf 87' lang='lat' dir='ltr'>et</span> <span class='ocrx_word' id='word_1_421' title='bbox 236 4336 414 4387; x_wconf 84' lang='lat' dir='ltr'>matre</span> <span class='ocrx_word' id='word_1_422' title='bbox 427 4331 781 4403; x_wconf 89' lang='lat' dir='ltr'>cunctisque</span> <span class='ocrx_word' id='word_1_423' title='bbox 798 4330 1035 4387; x_wconf 88' lang='lat' dir='ltr'>remotis</span> <span class='ocrx_word' id='word_1_424' title='bbox 1053 4331 1520 4403; x_wconf 87' lang='lat' dir='ltr'>arbitris,paucis</span> <span class='ocrx_word' id='word_1_425' title='bbox 1531 4331 1816 4387; x_wconf 82' lang='lat' dir='ltr'>duntaxat</span> 
     </span>
    </p>
   </div>
   <div class='ocr_carea' id='block_1_61' title="bbox 173 4418 1816 4477">
    <p class='ocr_par' dir='ltr' id='par_1_61' title="bbox 173 4418 1816 4477">
     <span class='ocr_line' id='line_1_61' title="bbox 173 4418 1816 4477; baseline 0.002 -5"><span class='ocrx_word' id='word_1_426' title='bbox 173 4419 487 4477; x_wconf 86' lang='lat' dir='ltr'>sanctitatis</span> <span class='ocrx_word' id='word_1_427' title='bbox 511 4437 631 4476; x_wconf 66' lang='lat' dir='ltr'>sua:</span> <span class='ocrx_word' id='word_1_428' title='bbox 651 4418 965 4475; x_wconf 82' lang='lat' dir='ltr'>comitibus</span> <span class='ocrx_word' id='word_1_429' title='bbox 987 4418 1206 4475; x_wconf 90' lang='lat' dir='ltr'>ibidem</span> <span class='ocrx_word' id='word_1_430' title='bbox 1230 4419 1672 4475; x_wconf 88' lang='lat' dir='ltr'>remanentibus</span> <span class='ocrx_word' id='word_1_431' title='bbox 1693 4436 1816 4475; x_wconf 83' lang='lat' dir='ltr'>ora-</span> 
     </span>
    </p>
   </div>
   <div class='ocr_carea' id='block_1_62' title="bbox 173 4507 1817 4581">
    <p class='ocr_par' dir='ltr' id='par_1_62' title="bbox 173 4507 1817 4581">
     <span class='ocr_line' id='line_1_62' title="bbox 173 4507 1817 4581; baseline 0.003 -23"><span class='ocrx_word' id='word_1_432' title='bbox 173 4507 327 4562; x_wconf 89' lang='lat' dir='ltr'>turus</span> <span class='ocrx_word' id='word_1_433' title='bbox 358 4525 420 4564; x_wconf 88' lang='lat' dir='ltr'>se</span> <span class='ocrx_word' id='word_1_434' title='bbox 452 4508 511 4563; x_wconf 92' lang='lat' dir='ltr'>in</span> <span class='ocrx_word' id='word_1_435' title='bbox 538 4507 941 4580; x_wconf 88' lang='lat' dir='ltr'>pavimentum</span> <span class='ocrx_word' id='word_1_436' title='bbox 965 4508 1303 4581; x_wconf 90' lang='lat' dir='ltr'>prosternit,</span> <span class='ocrx_word' id='word_1_437' title='bbox 1324 4511 1671 4580; x_wconf 88' lang='lat' dir='ltr'>noctemque</span> <span class='ocrx_word' id='word_1_438' title='bbox 1694 4524 1817 4580; x_wconf 91' lang='lat' dir='ltr'>per-</span> 
     </span>
    </p>
   </div>
   <div class='ocr_carea' id='block_1_63' title="bbox 173 4593 1819 4668">
    <p class='ocr_par' dir='ltr' id='par_1_63' title="bbox 173 4593 1819 4668">
     <span class='ocr_line' id='line_1_63' title="bbox 173 4593 1819 4668; baseline 0.004 -23"><span class='ocrx_word' id='word_1_439' title='bbox 173 4593 391 4666; x_wconf 86' lang='lat' dir='ltr'>vigilem</span> <span class='ocrx_word' id='word_1_440' title='bbox 411 4597 659 4665; x_wconf 90' lang='lat' dir='ltr'>ducens,</span> <span class='ocrx_word' id='word_1_441' title='bbox 675 4599 841 4652; x_wconf 89' lang='lat' dir='ltr'>tanta</span> <span class='ocrx_word' id='word_1_442' title='bbox 856 4594 1139 4653; x_wconf 76' lang='lat' dir='ltr'>instantia</span> <span class='ocrx_word' id='word_1_443' title='bbox 1154 4612 1395 4668; x_wconf 89' lang='lat' dir='ltr'>precum</span> <span class='ocrx_word' id='word_1_444' title='bbox 1416 4594 1543 4651; x_wconf 65' lang='grc' dir='ltr'>θα)Ῑὶ</span> <span class='ocrx_word' id='word_1_445' title='bbox 1566 4596 1819 4668; x_wconf 89' lang='lat' dir='ltr'>pulsavit</span> 
     </span>
    </p>
   </div>
   <div class='ocr_carea' id='block_1_64' title="bbox 1921 2024 3577 2099">
    <p class='ocr_par' dir='ltr' id='par_1_64' title="bbox 1921 2024 3577 2099">
     <span class='ocr_line' id='line_1_64' title="bbox 1921 2024 3577 2099; baseline 0.001 -18"><span class='ocrx_word' id='word_1_446' title='bbox 1921 2041 2099 2096; x_wconf 90' lang='lat' dir='ltr'>super</span> <span class='ocrx_word' id='word_1_447' title='bbox 2126 2026 2369 2082; x_wconf 83' lang='lat' dir='ltr'>ﬂuvium</span> <span class='ocrx_word' id='word_1_448' title='bbox 2402 2025 2617 2083; x_wconf 87' lang='lat' dir='ltr'>Ledam</span> <span class='ocrx_word' id='word_1_449' title='bbox 2640 2024 2718 2098; x_wconf 85' lang='lat'>(5)</span> <span class='ocrx_word' id='word_1_450' title='bbox 2743 2026 2944 2083; x_wconf 90' lang='lat' dir='ltr'>obvios</span> <span class='ocrx_word' id='word_1_451' title='bbox 2965 2026 3175 2083; x_wconf 88' lang='lat' dir='ltr'>habuit</span> <span class='ocrx_word' id='word_1_452' title='bbox 3204 2026 3443 2082; x_wconf 88' lang='lat' dir='ltr'>nuntios</span> <span class='ocrx_word' id='word_1_453' title='bbox 3464 2027 3577 2099; x_wconf 83' lang='lat' dir='ltr'>pri-</span> 
     </span>
    </p>
   </div>
   <div class='ocr_carea' id='block_1_65' title="bbox 1922 2113 3575 2187">
    <p class='ocr_par' dir='ltr' id='par_1_65' title="bbox 1922 2113 3575 2187">
     <span class='ocr_line' id='line_1_65' title="bbox 1922 2113 3575 2187; baseline 0.001 -19"><span class='ocrx_word' id='word_1_454' title='bbox 1922 2113 2091 2169; x_wconf 89' lang='lat' dir='ltr'>marii</span> <span class='ocrx_word' id='word_1_455' title='bbox 2110 2114 2375 2186; x_wconf 85' lang='lat' dir='ltr'>ejusdem</span> <span class='ocrx_word' id='word_1_456' title='bbox 2392 2115 2527 2183; x_wconf 89' lang='lat' dir='ltr'>vici,</span> <span class='ocrx_word' id='word_1_457' title='bbox 2542 2120 2607 2171; x_wconf 92' lang='lat' dir='ltr'>ut</span> <span class='ocrx_word' id='word_1_458' title='bbox 2628 2113 2981 2187; x_wconf 90' lang='lat' dir='ltr'>quantocius</span> <span class='ocrx_word' id='word_1_459' title='bbox 2995 2114 3193 2171; x_wconf 90' lang='lat' dir='ltr'>venire</span> <span class='ocrx_word' id='word_1_460' title='bbox 3215 2114 3575 2187; x_wconf 81' lang='lat' dir='ltr'>dignaretur,</span> 
     </span>
    </p>
   </div>
   <div class='ocr_carea' id='block_1_66' title="bbox 1921 2202 3576 2276">
    <p class='ocr_par' dir='ltr' id='par_1_66' title="bbox 1921 2202 3576 2276">
     <span class='ocr_line' id='line_1_66' title="bbox 1921 2202 3576 2276; baseline 0.001 -18"><span class='ocrx_word' id='word_1_461' title='bbox 1921 2203 2059 2275; x_wconf 91' lang='lat' dir='ltr'>quia</span> <span class='ocrx_word' id='word_1_462' title='bbox 2092 2204 2267 2259; x_wconf 91' lang='lat' dir='ltr'>unica</span> <span class='ocrx_word' id='word_1_463' title='bbox 2296 2202 2419 2259; x_wconf 81' lang='lat' dir='ltr'>ﬁlia</span> <span class='ocrx_word' id='word_1_464' title='bbox 2440 2202 2524 2259; x_wconf 89' lang='lat' dir='ltr'>illi</span> <span class='ocrx_word' id='word_1_465' title='bbox 2547 2209 2692 2271; x_wconf 89' lang='lat' dir='ltr'>erat,</span> <span class='ocrx_word' id='word_1_466' title='bbox 2718 2219 2896 2276; x_wconf 88' lang='lat' dir='ltr'>quam</span> <span class='ocrx_word' id='word_1_467' title='bbox 2931 2202 3277 2259; x_wconf 87' lang='lat' dir='ltr'>immundus</span> <span class='ocrx_word' id='word_1_468' title='bbox 3296 2202 3576 2259; x_wconf 87' lang='lat' dir='ltr'>invadens</span> 
     </span>
    </p>
   </div>
   <div class='ocr_carea' id='block_1_67' title="bbox 1921 2290 3575 2365">
    <p class='ocr_par' dir='ltr' id='par_1_67' title="bbox 1921 2290 3575 2365">
     <span class='ocr_line' id='line_1_67' title="bbox 1921 2290 3575 2365; baseline -0.001 -17"><span class='ocrx_word' id='word_1_469' title='bbox 1921 2291 2163 2364; x_wconf 84' lang='lat' dir='ltr'>spiritus</span> <span class='ocrx_word' id='word_1_470' title='bbox 2193 2292 2464 2348; x_wconf 88' lang='lat' dir='ltr'>atrociter</span> <span class='ocrx_word' id='word_1_471' title='bbox 2494 2292 2760 2349; x_wconf 84' lang='lat' dir='ltr'>vexabat.</span> <span class='ocrx_word' id='word_1_472' title='bbox 2783 2290 2930 2348; x_wconf 90' lang='lat' dir='ltr'>Cum</span> <span class='ocrx_word' id='word_1_473' title='bbox 2982 2292 3343 2365; x_wconf 87' lang='lat' dir='ltr'>pervenisset</span> <span class='ocrx_word' id='word_1_474' title='bbox 3387 2291 3462 2347; x_wconf 86' lang='lat' dir='ltr'>ad</span> <span class='ocrx_word' id='word_1_475' title='bbox 3491 2291 3575 2346; x_wconf 86' lang='lat' dir='ltr'>vi-</span> 
     </span>
    </p>
   </div>
   <div class='ocr_carea' id='block_1_68' title="bbox 1921 2378 3576 2453">
    <p class='ocr_par' dir='ltr' id='par_1_68' title="bbox 1921 2378 3576 2453">
     <span class='ocr_line' id='line_1_68' title="bbox 1921 2378 3576 2453; baseline -0.001 -16"><span class='ocrx_word' id='word_1_476' title='bbox 1921 2396 2076 2448; x_wconf 87' lang='lat' dir='ltr'>cum,</span> <span class='ocrx_word' id='word_1_477' title='bbox 2109 2379 2498 2437; x_wconf 80' lang='lat' dir='ltr'>exhibuerunt</span> <span class='ocrx_word' id='word_1_478' title='bbox 2538 2381 2588 2436; x_wconf 88' lang='lat' dir='ltr'>ei</span> <span class='ocrx_word' id='word_1_479' title='bbox 2639 2380 2929 2437; x_wconf 85' lang='lat' dir='ltr'>furentem</span> <span class='ocrx_word' id='word_1_480' title='bbox 2974 2378 3253 2453; x_wconf 89' lang='lat' dir='ltr'>puellam,</span> <span class='ocrx_word' id='word_1_481' title='bbox 3288 2384 3346 2437; x_wconf 89' lang='lat' dir='ltr'>et</span> <span class='ocrx_word' id='word_1_482' title='bbox 3393 2379 3576 2436; x_wconf 88' lang='lat' dir='ltr'>sacris</span> 
     </span>
    </p>
   </div>
   <div class='ocr_carea' id='block_1_69' title="bbox 1918 2467 3573 2543">
    <p class='ocr_par' dir='ltr' id='par_1_69' title="bbox 1918 2467 3573 2543">
     <span class='ocr_line' id='line_1_69' title="bbox 1918 2467 3573 2543; baseline 0 -18"><span class='ocrx_word' id='word_1_483' title='bbox 1918 2471 2046 2541; x_wconf 87' lang='lat' dir='ltr'>ejus</span> <span class='ocrx_word' id='word_1_484' title='bbox 2063 2468 2324 2543; x_wconf 83' lang='lat' dir='ltr'>vestigiis</span> <span class='ocrx_word' id='word_1_485' title='bbox 2346 2468 2654 2542; x_wconf 87' lang='lat' dir='ltr'>provoluti,</span> <span class='ocrx_word' id='word_1_486' title='bbox 2670 2470 3061 2543; x_wconf 89' lang='lat' dir='ltr'>precabantur</span> <span class='ocrx_word' id='word_1_487' title='bbox 3084 2467 3573 2526; x_wconf 88' lang='lat' dir='ltr'>misericordiam.</span> 
     </span>
    </p>
   </div>
   <div class='ocr_carea' id='block_1_70' title="bbox 1919 2556 3575 2631">
    <p class='ocr_par' dir='ltr' id='par_1_70' title="bbox 1919 2556 3575 2631">
     <span class='ocr_line' id='line_1_70' title="bbox 1919 2556 3575 2631; baseline 0.002 -19"><span class='ocrx_word' id='word_1_488' title='bbox 1919 2558 2172 2631; x_wconf 89' lang='lat' dir='ltr'>Spiritus</span> <span class='ocrx_word' id='word_1_489' title='bbox 2202 2564 2399 2615; x_wconf 90' lang='lat' dir='ltr'>autem</span> <span class='ocrx_word' id='word_1_490' title='bbox 2449 2574 2701 2631; x_wconf 86' lang='lat' dir='ltr'>nequam</span> <span class='ocrx_word' id='word_1_491' title='bbox 2734 2559 2920 2615; x_wconf 88' lang='lat' dir='ltr'>sancti</span> <span class='ocrx_word' id='word_1_492' title='bbox 2950 2558 3059 2614; x_wconf 90' lang='lat' dir='ltr'>viri</span> <span class='ocrx_word' id='word_1_493' title='bbox 3106 2574 3222 2614; x_wconf 91' lang='lat' dir='ltr'>non</span> <span class='ocrx_word' id='word_1_494' title='bbox 3274 2556 3575 2615; x_wconf 85' lang='lat' dir='ltr'>sustinens</span> 
     </span>
    </p>
   </div>
   <div class='ocr_carea' id='block_1_71' title="bbox 1918 2645 3571 2720">
    <p class='ocr_par' dir='ltr' id='par_1_71' title="bbox 1918 2645 3571 2720">
     <span class='ocr_line' id='line_1_71' title="bbox 1918 2645 3571 2720; baseline 0.001 -19"><span class='ocrx_word' id='word_1_495' title='bbox 1918 2648 2308 2718; x_wconf 69' lang='lat' dir='ltr'>przesentiam,</span> <span class='ocrx_word' id='word_1_496' title='bbox 2343 2648 2414 2703; x_wconf 88' lang='lat' dir='ltr'>ad</span> <span class='ocrx_word' id='word_1_497' title='bbox 2448 2647 2707 2720; x_wconf 89' lang='lat' dir='ltr'>primum</span> <span class='ocrx_word' id='word_1_498' title='bbox 2753 2648 2881 2717; x_wconf 86' lang='lat' dir='ltr'>ejus</span> <span class='ocrx_word' id='word_1_499' title='bbox 2913 2645 3254 2718; x_wconf 86' lang='lat' dir='ltr'>imperium,</span> <span class='ocrx_word' id='word_1_500' title='bbox 3286 2661 3388 2702; x_wconf 90' lang='lat' dir='ltr'>vas</span> <span class='ocrx_word' id='word_1_501' title='bbox 3415 2646 3571 2718; x_wconf 86' lang='lat' dir='ltr'>quod</span> 
     </span>
    </p>
   </div>
   <div class='ocr_carea' id='block_1_72' title="bbox 1915 2730 3569 2807">
    <p class='ocr_par' dir='ltr' id='par_1_72' title="bbox 1915 2730 3569 2807">
     <span class='ocr_line' id='line_1_72' title="bbox 1915 2730 3569 2807; baseline -0.001 -17"><span class='ocrx_word' id='word_1_502' title='bbox 1915 2734 2135 2805; x_wconf 86' lang='lat' dir='ltr'>injuste</span> <span class='ocrx_word' id='word_1_503' title='bbox 2162 2736 2299 2807; x_wconf 87' lang='lat' dir='ltr'>jure</span> <span class='ocrx_word' id='word_1_504' title='bbox 2327 2735 2670 2803; x_wconf 88' lang='lat' dir='ltr'>vindicaret,</span> <span class='ocrx_word' id='word_1_505' title='bbox 2696 2734 3034 2806; x_wconf 90' lang='lat' dir='ltr'>relinquens</span> <span class='ocrx_word' id='word_1_506' title='bbox 3065 2732 3289 2806; x_wconf 76' lang='lat' dir='ltr'>effugit,</span> <span class='ocrx_word' id='word_1_507' title='bbox 3313 2737 3372 2789; x_wconf 90' lang='lat' dir='ltr'>et</span> <span class='ocrx_word' id='word_1_508' title='bbox 3400 2730 3569 2805; x_wconf 91' lang='lat' dir='ltr'>puel-</span> 
     </span>
    </p>
   </div>
   <div class='ocr_carea' id='block_1_73' title="bbox 1916 2820 3568 2896">
    <p class='ocr_par' dir='ltr' id='par_1_73' title="bbox 1916 2820 3568 2896">
     <span class='ocr_line' id='line_1_73' title="bbox 1916 2820 3568 2896; baseline 0 -18"><span class='ocrx_word' id='word_1_509' title='bbox 1916 2823 2033 2879; x_wconf 90' lang='lat' dir='ltr'>lam</span> <span class='ocrx_word' id='word_1_510' title='bbox 2068 2825 2127 2879; x_wconf 91' lang='lat' dir='ltr'>in</span> <span class='ocrx_word' id='word_1_511' title='bbox 2151 2824 2341 2880; x_wconf 90' lang='lat' dir='ltr'>medio</span> <span class='ocrx_word' id='word_1_512' title='bbox 2366 2822 2749 2896; x_wconf 88' lang='lat' dir='ltr'>stupentium,</span> <span class='ocrx_word' id='word_1_513' title='bbox 2774 2827 2831 2878; x_wconf 91' lang='lat' dir='ltr'>et</span> <span class='ocrx_word' id='word_1_514' title='bbox 2852 2821 3068 2878; x_wconf 88' lang='lat' dir='ltr'>Christi</span> <span class='ocrx_word' id='word_1_515' title='bbox 3091 2820 3415 2894; x_wconf 88' lang='lat' dir='ltr'>potentiam</span> <span class='ocrx_word' id='word_1_516' title='bbox 3439 2821 3568 2878; x_wconf 88' lang='lat' dir='ltr'>lau-</span> 
     </span>
    </p>
   </div>
   <div class='ocr_carea' id='block_1_74' title="bbox 1915 2911 3572 2984">
    <p class='ocr_par' dir='ltr' id='par_1_74' title="bbox 1915 2911 3572 2984">
     <span class='ocr_line' id='line_1_74' title="bbox 1915 2911 3572 2984; baseline -0.001 -16"><span class='ocrx_word' id='word_1_517' title='bbox 1915 2913 2208 2981; x_wconf 89' lang='lat' dir='ltr'>dantium,</span> <span class='ocrx_word' id='word_1_518' title='bbox 2230 2911 2469 2984; x_wconf 90' lang='lat' dir='ltr'>reliquit</span> <span class='ocrx_word' id='word_1_519' title='bbox 2497 2911 2952 2983; x_wconf 88' lang='lat' dir='ltr'>sanam.Sicque</span> <span class='ocrx_word' id='word_1_520' title='bbox 2983 2911 3201 2967; x_wconf 82' lang='lat' dir='ltr'>factum</span> <span class='ocrx_word' id='word_1_521' title='bbox 3232 2913 3344 2978; x_wconf 89' lang='lat' dir='ltr'>est,</span> <span class='ocrx_word' id='word_1_522' title='bbox 3369 2914 3437 2965; x_wconf 90' lang='lat' dir='ltr'>ut</span> <span class='ocrx_word' id='word_1_523' title='bbox 3466 2926 3572 2982; x_wconf 89' lang='lat' dir='ltr'>per</span> 
     </span>
    </p>
   </div>
   <div class='ocr_carea' id='block_1_75' title="bbox 1917 2996 3565 3075">
    <p class='ocr_par' dir='ltr' id='par_1_75' title="bbox 1917 2996 3565 3075">
     <span class='ocr_line' id='line_1_75' title="bbox 1917 2996 3565 3075; baseline -0.002 -18"><span class='ocrx_word' id='word_1_524' title='bbox 1917 3002 2095 3059; x_wconf 90' lang='lat' dir='ltr'>unius</span> <span class='ocrx_word' id='word_1_525' title='bbox 2127 3000 2333 3075; x_wconf 69' lang='lat' dir='ltr'>puellae</span> <span class='ocrx_word' id='word_1_526' title='bbox 2374 3001 2624 3058; x_wconf 89' lang='lat' dir='ltr'>salutem</span> <span class='ocrx_word' id='word_1_527' title='bbox 2669 3015 3007 3073; x_wconf 89' lang='lat' dir='ltr'>corpoream</span> <span class='ocrx_word' id='word_1_528' title='bbox 3037 2999 3231 3055; x_wconf 89' lang='lat' dir='ltr'>cuncti</span> <span class='ocrx_word' id='word_1_529' title='bbox 3262 2997 3374 3055; x_wconf 89' lang='lat' dir='ltr'>vici</span> <span class='ocrx_word' id='word_1_530' title='bbox 3406 2996 3565 3054; x_wconf 90' lang='lat' dir='ltr'>illius</span> 
     </span>
    </p>
   </div>
   <div class='ocr_carea' id='block_1_76' title="bbox 1916 3086 3574 3161">
    <p class='ocr_par' dir='ltr' id='par_1_76' title="bbox 1916 3086 3574 3161">
     <span class='ocr_line' id='line_1_76' title="bbox 1916 3086 3574 3161; baseline -0.002 -15"><span class='ocrx_word' id='word_1_531' title='bbox 1916 3091 2276 3147; x_wconf 87' lang='lat' dir='ltr'>habitatores</span> <span class='ocrx_word' id='word_1_532' title='bbox 2294 3091 2365 3146; x_wconf 91' lang='lat' dir='ltr'>ad</span> <span class='ocrx_word' id='word_1_533' title='bbox 2376 3106 2574 3145; x_wconf 89' lang='lat' dir='ltr'>veram</span> <span class='ocrx_word' id='word_1_534' title='bbox 2592 3089 2924 3145; x_wconf 90' lang='lat' dir='ltr'>animarum</span> <span class='ocrx_word' id='word_1_535' title='bbox 2944 3103 3185 3144; x_wconf 89' lang='lat' dir='ltr'>suarum</span> <span class='ocrx_word' id='word_1_536' title='bbox 3203 3086 3574 3161; x_wconf 85' lang='lat' dir='ltr'>pervenirent</span> 
     </span>
    </p>
   </div>
   <div class='ocr_carea' id='block_1_77' title="bbox 1918 3175 3575 3235">
    <p class='ocr_par' dir='ltr' id='par_1_77' title="bbox 1918 3175 3575 3235">
     <span class='ocr_line' id='line_1_77' title="bbox 1918 3175 3575 3235; baseline -0.002 0"><span class='ocrx_word' id='word_1_537' title='bbox 1918 3180 2228 3235; x_wconf 88' lang='lat' dir='ltr'>medelam.</span> <span class='ocrx_word' id='word_1_538' title='bbox 2253 3180 2400 3235; x_wconf 88' lang='lat' dir='ltr'>Nam</span> <span class='ocrx_word' id='word_1_539' title='bbox 2429 3194 2634 3235; x_wconf 90' lang='lat' dir='ltr'>omnes</span> <span class='ocrx_word' id='word_1_540' title='bbox 2662 3177 2952 3234; x_wconf 89' lang='lat' dir='ltr'>idolorum</span> <span class='ocrx_word' id='word_1_541' title='bbox 2973 3175 3137 3233; x_wconf 90' lang='lat' dir='ltr'>vanis</span> <span class='ocrx_word' id='word_1_542' title='bbox 3158 3176 3575 3233; x_wconf 82' lang='lat' dir='ltr'>abrenuntiau-</span> 
     </span>
    </p>
   </div>
   <div class='ocr_carea' id='block_1_78' title="bbox 1919 3263 3574 3342">
    <p class='ocr_par' dir='ltr' id='par_1_78' title="bbox 1919 3263 3574 3342">
     <span class='ocr_line' id='line_1_78' title="bbox 1919 3263 3574 3342; baseline -0.001 -19"><span class='ocrx_word' id='word_1_543' title='bbox 1919 3273 2007 3323; x_wconf 89' lang='lat' dir='ltr'>tes</span> <span class='ocrx_word' id='word_1_544' title='bbox 2035 3268 2352 3342; x_wconf 87' lang='lat' dir='ltr'>ﬁgmentis,</span> <span class='ocrx_word' id='word_1_545' title='bbox 2377 3271 2434 3324; x_wconf 90' lang='lat' dir='ltr'>et</span> <span class='ocrx_word' id='word_1_546' title='bbox 2460 3267 2641 3323; x_wconf 88' lang='lat' dir='ltr'>renati</span> <span class='ocrx_word' id='word_1_547' title='bbox 2675 3266 2831 3323; x_wconf 82' lang='lat' dir='ltr'>fonte</span> <span class='ocrx_word' id='word_1_548' title='bbox 2862 3263 3412 3339; x_wconf 85' lang='lat' dir='ltr'>baptismatis,facti</span> <span class='ocrx_word' id='word_1_549' title='bbox 3433 3268 3574 3321; x_wconf 87' lang='lat' dir='ltr'>sunt</span> 
     </span>
    </p>
   </div>
   <div class='ocr_carea' id='block_1_79' title="bbox 1918 3351 3570 3430">
    <p class='ocr_par' dir='ltr' id='par_1_79' title="bbox 1918 3351 3570 3430">
     <span class='ocr_line' id='line_1_79' title="bbox 1918 3351 3570 3430; baseline -0.003 -18"><span class='ocrx_word' id='word_1_550' title='bbox 1918 3356 2231 3430; x_wconf 91' lang='lat' dir='ltr'>participes</span> <span class='ocrx_word' id='word_1_551' title='bbox 2263 3355 2604 3412; x_wconf 78' lang='lat' dir='ltr'>Christianae</span> <span class='ocrx_word' id='word_1_552' title='bbox 2638 3354 2990 3428; x_wconf 88' lang='lat' dir='ltr'>adoptionis.</span> <span class='ocrx_word' id='word_1_553' title='bbox 3015 3354 3302 3410; x_wconf 87' lang='lat' dir='ltr'>Eumdem</span> <span class='ocrx_word' id='word_1_554' title='bbox 3324 3370 3460 3425; x_wconf 90' lang='lat' dir='ltr'>ergo</span> <span class='ocrx_word' id='word_1_555' title='bbox 3480 3351 3570 3408; x_wconf 86' lang='lat' dir='ltr'>vi-</span> 
     </span>
    </p>
   </div>
   <div class='ocr_carea' id='block_1_80' title="bbox 1919 3435 3571 3515">
    <p class='ocr_par' dir='ltr' id='par_1_80' title="bbox 1919 3435 3571 3515">
     <span class='ocr_line' id='line_1_80' title="bbox 1919 3435 3571 3515; baseline -0.004 -12"><span class='ocrx_word' id='word_1_556' title='bbox 1919 3463 2052 3505; x_wconf 91' lang='lat' dir='ltr'>cum</span> <span class='ocrx_word' id='word_1_557' title='bbox 2085 3464 2219 3502; x_wconf 88' lang='lat' dir='ltr'>cum</span> <span class='ocrx_word' id='word_1_558' title='bbox 2252 3444 2477 3500; x_wconf 88' lang='lat' dir='ltr'>cunctis</span> <span class='ocrx_word' id='word_1_559' title='bbox 2509 3445 2584 3515; x_wconf 86' lang='lat'>(6)</span> <span class='ocrx_word' id='word_1_560' title='bbox 2616 3444 2689 3499; x_wconf 87' lang='lat' dir='ltr'>ad</span> <span class='ocrx_word' id='word_1_561' title='bbox 2730 3460 2865 3499; x_wconf 90' lang='lat' dir='ltr'>eum</span> <span class='ocrx_word' id='word_1_562' title='bbox 2904 3435 3219 3514; x_wconf 67' lang='lat' dir='ltr'>praidictus</span> <span class='ocrx_word' id='word_1_563' title='bbox 3263 3456 3571 3513; x_wconf 89' lang='lat' dir='ltr'>possessor</span> 
     </span>
    </p>
   </div>
   <div class='ocr_carea' id='block_1_81' title="bbox 1918 3526 3570 3607">
    <p class='ocr_par' dir='ltr' id='par_1_81' title="bbox 1918 3526 3570 3607">
     <span class='ocr_line' id='line_1_81' title="bbox 1918 3526 3570 3607; baseline -0.008 -12"><span class='ocrx_word' id='word_1_564' title='bbox 1918 3543 2120 3596; x_wconf 89' lang='lat' dir='ltr'>sancto</span> <span class='ocrx_word' id='word_1_565' title='bbox 2153 3534 2411 3607; x_wconf 89' lang='lat' dir='ltr'>pontiﬁci</span> <span class='ocrx_word' id='word_1_566' title='bbox 2446 3531 2751 3588; x_wconf 89' lang='lat' dir='ltr'>humiliter</span> <span class='ocrx_word' id='word_1_567' title='bbox 2788 3531 3056 3603; x_wconf 82' lang='lat' dir='ltr'>largitur,</span> <span class='ocrx_word' id='word_1_568' title='bbox 3091 3533 3150 3585; x_wconf 90' lang='lat' dir='ltr'>et</span> <span class='ocrx_word' id='word_1_569' title='bbox 3178 3533 3245 3584; x_wconf 88' lang='lat' dir='ltr'>ut</span> <span class='ocrx_word' id='word_1_570' title='bbox 3274 3528 3353 3583; x_wconf 90' lang='lat' dir='ltr'>ibi</span> <span class='ocrx_word' id='word_1_571' title='bbox 3386 3526 3570 3583; x_wconf 87' lang='lat' dir='ltr'>eccle-</span> 
     </span>
    </p>
   </div>
   <div class='ocr_carea' id='block_1_82' title="bbox 1919 3617 3565 3688">
    <p class='ocr_par' dir='ltr' id='par_1_82' title="bbox 1919 3617 3565 3688">
     <span class='ocr_line' id='line_1_82' title="bbox 1919 3617 3565 3688; baseline -0.008 -5"><span class='ocrx_word' id='word_1_572' title='bbox 1919 3628 2067 3684; x_wconf 90' lang='lat' dir='ltr'>siam</span> <span class='ocrx_word' id='word_1_573' title='bbox 2103 3628 2437 3680; x_wconf 90' lang='lat' dir='ltr'>construere</span> <span class='ocrx_word' id='word_1_574' title='bbox 2480 3621 2733 3688; x_wconf 87' lang='lat' dir='ltr'>deberet,</span> <span class='ocrx_word' id='word_1_575' title='bbox 2776 3617 3149 3674; x_wconf 85' lang='lat' dir='ltr'>devotissime</span> <span class='ocrx_word' id='word_1_576' title='bbox 3196 3617 3565 3688; x_wconf 89' lang='lat' dir='ltr'>deprecatur.</span> 
     </span>
    </p>
   </div>
   <div class='ocr_carea' id='block_1_83' title="bbox 1920 3702 3570 3786">
    <p class='ocr_par' dir='ltr' id='par_1_83' title="bbox 1920 3702 3570 3786">
     <span class='ocr_line' id='line_1_83' title="bbox 1920 3702 3570 3786; baseline -0.008 -15"><span class='ocrx_word' id='word_1_577' title='bbox 1920 3716 2081 3784; x_wconf 89' lang='lat' dir='ltr'>Quod</span> <span class='ocrx_word' id='word_1_578' title='bbox 2103 3710 2313 3786; x_wconf 61' lang='lat' dir='ltr'>praesul</span> <span class='ocrx_word' id='word_1_579' title='bbox 2339 3709 2628 3781; x_wconf 88' lang='lat' dir='ltr'>benignus</span> <span class='ocrx_word' id='word_1_580' title='bbox 2649 3707 3087 3781; x_wconf 82' lang='lat' dir='ltr'>gratantissime</span> <span class='ocrx_word' id='word_1_581' title='bbox 3108 3702 3440 3776; x_wconf 87' lang='lat' dir='ltr'>complevit,</span> <span class='ocrx_word' id='word_1_582' title='bbox 3462 3702 3570 3758; x_wconf 83' lang='lat' dir='ltr'>ibi-</span> 
     </span>
    </p>
   </div>
   <div class='ocr_carea' id='block_1_84' title="bbox 1921 3791 3563 3879">
    <p class='ocr_par' dir='ltr' id='par_1_84' title="bbox 1921 3791 3563 3879">
     <span class='ocr_line' id='line_1_84' title="bbox 1921 3791 3563 3879; baseline -0.007 -18"><span class='ocrx_word' id='word_1_583' title='bbox 1921 3822 2032 3879; x_wconf 90' lang='lat' dir='ltr'>que</span> <span class='ocrx_word' id='word_1_584' title='bbox 2079 3801 2331 3858; x_wconf 90' lang='lat' dir='ltr'>multum</span> <span class='ocrx_word' id='word_1_585' title='bbox 2378 3797 2659 3872; x_wconf 90' lang='lat' dir='ltr'>populum</span> <span class='ocrx_word' id='word_1_586' title='bbox 2718 3813 2820 3870; x_wconf 89' lang='lat' dir='ltr'>per</span> <span class='ocrx_word' id='word_1_587' title='bbox 2867 3798 3084 3851; x_wconf 60' lang='lat' dir='ltr'>sanctae</span> <span class='ocrx_word' id='word_1_588' title='bbox 3132 3791 3563 3866; x_wconf 69' lang='lat' dir='ltr'>praedicationis</span> 
     </span>
    </p>
   </div>
   <div class='ocr_carea' id='block_1_85' title="bbox 1922 3884 3011 3958">
    <p class='ocr_par' dir='ltr' id='par_1_85' title="bbox 1922 3884 3011 3958">
     <span class='ocr_line' id='line_1_85' title="bbox 1922 3884 3011 3958; baseline -0.009 -8"><span class='ocrx_word' id='word_1_589' title='bbox 1922 3890 2314 3950; x_wconf 79' lang='lat' dir='ltr'>ministerium</span> <span class='ocrx_word' id='word_1_590' title='bbox 2348 3888 2592 3944; x_wconf 89' lang='lat' dir='ltr'>Domino</span> <span class='ocrx_word' id='word_1_591' title='bbox 2624 3884 3011 3958; x_wconf 88' lang='lat' dir='ltr'>consignavit.</span> 
     </span>
    </p>
   </div>
   <div class='ocr_carea' id='block_1_86' title="bbox 1990 3975 3572 4044">
    <p class='ocr_par' dir='ltr' id='par_1_86' title="bbox 1990 3975 3572 4044">
     <span class='ocr_line' id='line_1_86' title="bbox 1990 3975 3572 4044; baseline -0.006 -7"><span class='ocrx_word' id='word_1_592' title='bbox 1990 3986 2080 4037; x_wconf 86' lang='lat'>22.</span> <span class='ocrx_word' id='word_1_593' title='bbox 2104 3980 2220 4037; x_wconf 86' lang='lat' dir='ltr'>Nec</span> <span class='ocrx_word' id='word_1_594' title='bbox 2253 3984 2450 4034; x_wconf 90' lang='lat' dir='ltr'>tamen</span> <span class='ocrx_word' id='word_1_595' title='bbox 2476 3975 2832 4032; x_wconf 89' lang='lat' dir='ltr'>credendum</span> <span class='ocrx_word' id='word_1_596' title='bbox 2854 3978 2967 4041; x_wconf 89' lang='lat' dir='ltr'>est,</span> <span class='ocrx_word' id='word_1_597' title='bbox 2988 3976 3221 4028; x_wconf 90' lang='lat' dir='ltr'>tantum</span> <span class='ocrx_word' id='word_1_598' title='bbox 3245 3987 3572 4044; x_wconf 64' lang='lat' dir='ltr'>praeconem</span> 
     </span>
    </p>
   </div>
   <div class='ocr_carea' id='block_1_87' title="bbox 1923 4058 3573 4143">
    <p class='ocr_par' dir='ltr' id='par_1_87' title="bbox 1923 4058 3573 4143">
     <span class='ocr_line' id='line_1_87' title="bbox 1923 4058 3573 4143; baseline -0.008 -16"><span class='ocrx_word' id='word_1_599' title='bbox 1923 4072 2145 4143; x_wconf 88' lang='lat' dir='ltr'>absque</span> <span class='ocrx_word' id='word_1_600' title='bbox 2186 4068 2405 4123; x_wconf 88' lang='lat' dir='ltr'>laboris</span> <span class='ocrx_word' id='word_1_601' title='bbox 2444 4065 2761 4121; x_wconf 88' lang='lat' dir='ltr'>certamine</span> <span class='ocrx_word' id='word_1_602' title='bbox 2792 4067 2850 4119; x_wconf 90' lang='lat' dir='ltr'>et</span> <span class='ocrx_word' id='word_1_603' title='bbox 2886 4060 3316 4135; x_wconf 86' lang='lat' dir='ltr'>impugnatoris</span> <span class='ocrx_word' id='word_1_604' title='bbox 3346 4058 3573 4132; x_wconf 89' lang='lat' dir='ltr'>antiqui</span> 
     </span>
    </p>
   </div>
   <div class='ocr_carea' id='block_1_88' title="bbox 1922 4148 3573 4227">
    <p class='ocr_par' dir='ltr' id='par_1_88' title="bbox 1922 4148 3573 4227">
     <span class='ocr_line' id='line_1_88' title="bbox 1922 4148 3573 4227; baseline -0.008 -11"><span class='ocrx_word' id='word_1_605' title='bbox 1922 4159 2177 4227; x_wconf 86' lang='lat' dir='ltr'>insidiis,</span> <span class='ocrx_word' id='word_1_606' title='bbox 2201 4162 2287 4214; x_wconf 90' lang='lat' dir='ltr'>tot</span> <span class='ocrx_word' id='word_1_607' title='bbox 2306 4163 2365 4213; x_wconf 92' lang='lat' dir='ltr'>et</span> <span class='ocrx_word' id='word_1_608' title='bbox 2384 4155 2526 4213; x_wconf 90' lang='lat' dir='ltr'>talia</span> <span class='ocrx_word' id='word_1_609' title='bbox 2546 4154 2823 4227; x_wconf 89' lang='lat' dir='ltr'>perﬁcere</span> <span class='ocrx_word' id='word_1_610' title='bbox 2853 4152 3137 4225; x_wconf 89' lang='lat' dir='ltr'>potuisse,</span> <span class='ocrx_word' id='word_1_611' title='bbox 3162 4166 3296 4206; x_wconf 92' lang='lat' dir='ltr'>cum</span> <span class='ocrx_word' id='word_1_612' title='bbox 3326 4148 3573 4204; x_wconf 88' lang='lat' dir='ltr'>manife-</span> 
     </span>
    </p>
   </div>
   <div class='ocr_carea' id='block_1_89' title="bbox 1925 4237 3579 4316">
    <p class='ocr_par' dir='ltr' id='par_1_89' title="bbox 1925 4237 3579 4316">
     <span class='ocr_line' id='line_1_89' title="bbox 1925 4237 3579 4316; baseline -0.009 -9"><span class='ocrx_word' id='word_1_613' title='bbox 1925 4249 2184 4307; x_wconf 87' lang='lat' dir='ltr'>stissime</span> <span class='ocrx_word' id='word_1_614' title='bbox 2206 4247 2419 4302; x_wconf 89' lang='lat' dir='ltr'>clamet</span> <span class='ocrx_word' id='word_1_615' title='bbox 2437 4242 2750 4316; x_wconf 88' lang='lat' dir='ltr'>Apostolus</span> <span class='ocrx_word' id='word_1_616' title='bbox 2770 4260 2783 4297; x_wconf 87' lang='lat'>:</span> <span class='ocrx_word' id='word_1_617' title='bbox 2800 4241 3016 4297; x_wconf 90' lang='lat' dir='ltr'>Omnes</span> <span class='ocrx_word' id='word_1_618' title='bbox 3041 4238 3140 4313; x_wconf 91' lang='lat' dir='ltr'>qui</span> <span class='ocrx_word' id='word_1_619' title='bbox 3164 4240 3257 4313; x_wconf 90' lang='lat' dir='ltr'>pie</span> <span class='ocrx_word' id='word_1_620' title='bbox 3276 4237 3481 4295; x_wconf 90' lang='lat' dir='ltr'>volunt</span> <span class='ocrx_word' id='word_1_621' title='bbox 3498 4237 3579 4293; x_wconf 87' lang='lat' dir='ltr'>vi-</span> 
     </span>
    </p>
   </div>
   <div class='ocr_carea' id='block_1_90' title="bbox 1922 4327 3574 4407">
    <p class='ocr_par' dir='ltr' id='par_1_90' title="bbox 1922 4327 3574 4407">
     <span class='ocr_line' id='line_1_90' title="bbox 1922 4327 3574 4407; baseline -0.008 -14"><span class='ocrx_word' id='word_1_622' title='bbox 1922 4354 2053 4395; x_wconf 89' lang='lat' dir='ltr'>vere</span> <span class='ocrx_word' id='word_1_623' title='bbox 2075 4337 2134 4393; x_wconf 92' lang='lat' dir='ltr'>in</span> <span class='ocrx_word' id='word_1_624' title='bbox 2156 4336 2386 4392; x_wconf 87' lang='lat' dir='ltr'>Christo</span> <span class='ocrx_word' id='word_1_625' title='bbox 2409 4332 2871 4407; x_wconf 87' lang='lat' dir='ltr'>persecutionem</span> <span class='ocrx_word' id='word_1_626' title='bbox 2898 4329 3207 4402; x_wconf 89' lang='lat' dir='ltr'>patiuntur</span> <span class='ocrx_word' id='word_1_627' title='bbox 3225 4327 3299 4394; x_wconf 91' lang='lat' dir='ltr'><strong>(II</strong></span> <span class='ocrx_word' id='word_1_628' title='bbox 3329 4327 3463 4381; x_wconf 73' lang='lat' dir='ltr'>Tim.</span> <span class='ocrx_word' id='word_1_629' title='bbox 3487 4342 3574 4392; x_wconf 81' lang='lat' dir='ltr'>III,</span> 
     </span>
    </p>
   </div>
   <div class='ocr_carea' id='block_1_91' title="bbox 1928 4415 3577 4495">
    <p class='ocr_par' dir='ltr' id='par_1_91' title="bbox 1928 4415 3577 4495">
     <span class='ocr_line' id='line_1_91' title="bbox 1928 4415 3577 4495; baseline -0.008 -14"><span class='ocrx_word' id='word_1_630' title='bbox 1928 4427 2036 4495; x_wconf 85' lang='grc'>12).</span> <span class='ocrx_word' id='word_1_631' title='bbox 2061 4423 2338 4491; x_wconf 89' lang='lat' dir='ltr'>Quamvis</span> <span class='ocrx_word' id='word_1_632' title='bbox 2380 4422 2537 4477; x_wconf 89' lang='lat' dir='ltr'>enim</span> <span class='ocrx_word' id='word_1_633' title='bbox 2579 4416 2925 4490; x_wconf 88' lang='lat' dir='ltr'>magnitudo</span> <span class='ocrx_word' id='word_1_634' title='bbox 2953 4415 3262 4480; x_wconf 87' lang='lat' dir='ltr'>virtutum,</span> <span class='ocrx_word' id='word_1_635' title='bbox 3296 4427 3443 4485; x_wconf 89' lang='lat' dir='ltr'>quas</span> <span class='ocrx_word' id='word_1_636' title='bbox 3472 4428 3577 4484; x_wconf 88' lang='lat' dir='ltr'>per</span> 
     </span>
    </p>
   </div>
   <div class='ocr_carea' id='block_1_92' title="bbox 1925 4500 3574 4581">
    <p class='ocr_par' dir='ltr' id='par_1_92' title="bbox 1925 4500 3574 4581">
     <span class='ocr_line' id='line_1_92' title="bbox 1925 4500 3574 4581; baseline -0.007 -12"><span class='ocrx_word' id='word_1_637' title='bbox 1925 4530 2060 4570; x_wconf 88' lang='lat' dir='ltr'>eum</span> <span class='ocrx_word' id='word_1_638' title='bbox 2092 4511 2359 4567; x_wconf 90' lang='lat' dir='ltr'>Christus</span> <span class='ocrx_word' id='word_1_639' title='bbox 2390 4509 2759 4581; x_wconf 81' lang='lat' dir='ltr'>operabatur,</span> <span class='ocrx_word' id='word_1_640' title='bbox 2784 4504 2835 4560; x_wconf 89' lang='lat' dir='ltr'>si</span> <span class='ocrx_word' id='word_1_641' title='bbox 2862 4504 3003 4576; x_wconf 90' lang='lat' dir='ltr'>quid</span> <span class='ocrx_word' id='word_1_642' title='bbox 3035 4500 3261 4559; x_wconf 90' lang='lat' dir='ltr'>adversi</span> <span class='ocrx_word' id='word_1_643' title='bbox 3291 4516 3322 4556; x_wconf 90' lang='lat' dir='ltr'>e</span> <span class='ocrx_word' id='word_1_644' title='bbox 3352 4500 3574 4557; x_wconf 89' lang='lat' dir='ltr'>mundo</span> 
     </span>
    </p>
   </div>
   <div class='ocr_carea' id='block_1_93' title="bbox 1926 4587 3578 4674">
    <p class='ocr_par' dir='ltr' id='par_1_93' title="bbox 1926 4587 3578 4674">
     <span class='ocr_line' id='line_1_93' title="bbox 1926 4587 3578 4674; baseline -0.008 -16"><span class='ocrx_word' id='word_1_645' title='bbox 1926 4601 2281 4674; x_wconf 85' lang='lat' dir='ltr'>emergebat,</span> <span class='ocrx_word' id='word_1_646' title='bbox 2315 4598 2671 4661; x_wconf 90' lang='lat' dir='ltr'>retunderet,</span> <span class='ocrx_word' id='word_1_647' title='bbox 2696 4594 2747 4649; x_wconf 92' lang='lat' dir='ltr'>is</span> <span class='ocrx_word' id='word_1_648' title='bbox 2777 4597 2974 4649; x_wconf 88' lang='lat' dir='ltr'>tamen</span> <span class='ocrx_word' id='word_1_649' title='bbox 3005 4591 3105 4663; x_wconf 91' lang='lat' dir='ltr'>qui</span> <span class='ocrx_word' id='word_1_650' title='bbox 3137 4590 3209 4646; x_wconf 91' lang='lat' dir='ltr'>ad</span> <span class='ocrx_word' id='word_1_651' title='bbox 3243 4587 3439 4661; x_wconf 89' lang='lat' dir='ltr'>ipsum</span> <span class='ocrx_word' id='word_1_652' title='bbox 3462 4587 3578 4644; x_wconf 89' lang='lat' dir='ltr'>Me-</span> 
     </span>
    </p>
   </div>
   <div class='ocr_carea' id='block_1_94' title="bbox 176 4675 3576 4772">
    <p class='ocr_par' dir='ltr' id='par_1_94' title="bbox 176 4675 3576 4772">
     <span class='ocr_line' id='line_1_94' title="bbox 176 4675 3576 4772; baseline -0.004 -36"><span class='ocrx_word' id='word_1_653' title='bbox 176 4688 472 4754; x_wconf 85' lang='lat' dir='ltr'>secretum,</span> <span class='ocrx_word' id='word_1_654' title='bbox 502 4689 572 4741; x_wconf 89' lang='lat' dir='ltr'>ut</span> <span class='ocrx_word' id='word_1_655' title='bbox 598 4685 814 4758; x_wconf 89' lang='lat' dir='ltr'>pariter</span> <span class='ocrx_word' id='word_1_656' title='bbox 846 4690 1172 4757; x_wconf 83' lang='lat' dir='ltr'>surgerent,</span> <span class='ocrx_word' id='word_1_657' title='bbox 1198 4689 1255 4741; x_wconf 88' lang='lat' dir='ltr'>et</span> <span class='ocrx_word' id='word_1_658' title='bbox 1286 4684 1542 4757; x_wconf 74' lang='lat' dir='ltr'>pontifex</span> <span class='ocrx_word' id='word_1_659' title='bbox 1564 4704 1597 4740; x_wconf 90' lang='lat' dir='ltr'>a</span> <span class='ocrx_word' id='word_1_660' title='bbox 1617 4684 1814 4757; x_wconf 87' lang='lat' dir='ltr'>pulve-</span> <span class='ocrx_word' id='word_1_661' title='bbox 1845 4708 1892 4772; x_wconf 82' lang='lat' dir='ltr'><strong>D</strong></span> <span class='ocrx_word' id='word_1_662' title='bbox 1926 4695 2211 4749; x_wconf 60' lang='grc' dir='ltr'>δίεισι-ραι</span> <span class='ocrx_word' id='word_1_663' title='bbox 2244 4689 2344 4744; x_wconf 73' lang='lat' dir='ltr'>Dei</span> <span class='ocrx_word' id='word_1_664' title='bbox 2387 4691 2444 4742; x_wconf 72' lang='lat' dir='ltr'>et,</span> <span class='ocrx_word' id='word_1_665' title='bbox 2476 4685 2784 4741; x_wconf 80' lang='lat' dir='ltr'>hominum</span> <span class='ocrx_word' id='word_1_666' title='bbox 2826 4681 3124 4738; x_wconf 75' lang='lat' dir='ltr'>hominem</span> <span class='ocrx_word' id='word_1_667' title='bbox 3153 4680 3356 4772; x_wconf 74' lang='lat' dir='ltr'>Jesum</span> <span class='ocrx_word' id='word_1_668' title='bbox 3378 4675 3576 4733; x_wconf 77' lang='lat' dir='ltr'>Chrig.</span> 
     </span>
    </p>
   </div>
   <div class='ocr_carea' id='block_1_95' title="bbox 177 4774 1815 4847">
    <p class='ocr_par' dir='ltr' id='par_1_95' title="bbox 177 4774 1815 4847">
     <span class='ocr_line' id='line_1_95' title="bbox 177 4774 1815 4847; baseline 0.002 -21"><span class='ocrx_word' id='word_1_669' title='bbox 177 4787 248 4839; x_wconf 88' lang='lat' dir='ltr'>re,</span> <span class='ocrx_word' id='word_1_670' title='bbox 267 4777 322 4828; x_wconf 90' lang='lat' dir='ltr'>et</span> <span class='ocrx_word' id='word_1_671' title='bbox 349 4774 545 4830; x_wconf 86' lang='lat' dir='ltr'>infans</span> <span class='ocrx_word' id='word_1_672' title='bbox 576 4792 611 4830; x_wconf 87' lang='lat' dir='ltr'>a</span> <span class='ocrx_word' id='word_1_673' title='bbox 641 4778 847 4830; x_wconf 90' lang='lat' dir='ltr'>morte.</span> <span class='ocrx_word' id='word_1_674' title='bbox 871 4774 1016 4830; x_wconf 89' lang='lat' dir='ltr'>Cum</span> <span class='ocrx_word' id='word_1_675' title='bbox 1037 4790 1175 4847; x_wconf 83' lang='lat' dir='ltr'>ergo</span> <span class='ocrx_word' id='word_1_676' title='bbox 1198 4775 1324 4845; x_wconf 87' lang='lat' dir='ltr'>jam</span> <span class='ocrx_word' id='word_1_677' title='bbox 1349 4790 1558 4829; x_wconf 88' lang='lat' dir='ltr'>aurora</span> <span class='ocrx_word' id='word_1_678' title='bbox 1578 4774 1815 4846; x_wconf 88' lang='lat' dir='ltr'>fugaces</span> 
     </span>
    </p>
   </div>
   <div class='ocr_carea' id='block_1_96' title="bbox 177 4860 1817 4936">
    <p class='ocr_par' dir='ltr' id='par_1_96' title="bbox 177 4860 1817 4936">
     <span class='ocr_line' id='line_1_96' title="bbox 177 4860 1817 4936; baseline 0.003 -23"><span class='ocrx_word' id='word_1_679' title='bbox 177 4874 208 4913; x_wconf 86' lang='lat' dir='ltr'>a</span> <span class='ocrx_word' id='word_1_680' title='bbox 234 4860 368 4918; x_wconf 74' lang='lat' dir='ltr'>cmlo</span> <span class='ocrx_word' id='word_1_681' title='bbox 397 4862 641 4935; x_wconf 87' lang='lat' dir='ltr'>pelleret</span> <span class='ocrx_word' id='word_1_682' title='bbox 685 4863 884 4930; x_wconf 65' lang='lat' dir='ltr'>taedas,</span> <span class='ocrx_word' id='word_1_683' title='bbox 920 4863 1101 4919; x_wconf 89' lang='lat' dir='ltr'>intrat</span> <span class='ocrx_word' id='word_1_684' title='bbox 1149 4867 1313 4936; x_wconf 88' lang='lat' dir='ltr'>pater</span> <span class='ocrx_word' id='word_1_685' title='bbox 1360 4880 1495 4918; x_wconf 90' lang='lat' dir='ltr'>cum</span> <span class='ocrx_word' id='word_1_686' title='bbox 1545 4868 1729 4918; x_wconf 90' lang='lat' dir='ltr'>matre</span> <span class='ocrx_word' id='word_1_687' title='bbox 1760 4866 1817 4918; x_wconf 91' lang='lat' dir='ltr'>et</span> 
     </span>
    </p>
   </div>
   <div class='ocr_carea' id='block_1_97' title="bbox 178 4947 1814 5025">
    <p class='ocr_par' dir='ltr' id='par_1_97' title="bbox 178 4947 1814 5025">
     <span class='ocr_line' id='line_1_97' title="bbox 178 4947 1814 5025; baseline 0.003 -24"><span class='ocrx_word' id='word_1_688' title='bbox 178 4947 350 5005; x_wconf 87' lang='lat' dir='ltr'>multa</span> <span class='ocrx_word' id='word_1_689' title='bbox 361 4951 684 5008; x_wconf 89' lang='lat' dir='ltr'>vicinorum</span> <span class='ocrx_word' id='word_1_690' title='bbox 703 4952 1052 5024; x_wconf 84' lang='lat' dir='ltr'>frequentia,</span> <span class='ocrx_word' id='word_1_691' title='bbox 1068 4951 1491 5024; x_wconf 89' lang='lat' dir='ltr'>inveniuntque</span> <span class='ocrx_word' id='word_1_692' title='bbox 1509 4951 1814 5025; x_wconf 85' lang='lat' dir='ltr'>sospitem,</span> 
     </span>
    </p>
   </div>
   <div class='ocr_carea' id='block_1_98' title="bbox 179 5039 1815 5113">
    <p class='ocr_par' dir='ltr' id='par_1_98' title="bbox 179 5039 1815 5113">
     <span class='ocr_line' id='line_1_98' title="bbox 179 5039 1815 5113; baseline 0.003 -22"><span class='ocrx_word' id='word_1_693' title='bbox 179 5050 339 5105; x_wconf 87' lang='lat' dir='ltr'>quem</span> <span class='ocrx_word' id='word_1_694' title='bbox 361 5039 708 5097; x_wconf 84' lang='lat' dir='ltr'>defunctum</span> <span class='ocrx_word' id='word_1_695' title='bbox 731 5040 1071 5112; x_wconf 88' lang='lat' dir='ltr'>intulerant,</span> <span class='ocrx_word' id='word_1_696' title='bbox 1087 5046 1145 5098; x_wconf 88' lang='lat' dir='ltr'>et</span> <span class='ocrx_word' id='word_1_697' title='bbox 1165 5045 1331 5097; x_wconf 83' lang='lat' dir='ltr'>tanta</span> <span class='ocrx_word' id='word_1_698' title='bbox 1352 5042 1545 5113; x_wconf 89' lang='lat' dir='ltr'>operis</span> <span class='ocrx_word' id='word_1_699' title='bbox 1562 5042 1815 5097; x_wconf 88' lang='lat' dir='ltr'>novitate</span> 
     </span>
    </p>
   </div>
   <div class='ocr_carea' id='block_1_99' title="bbox 180 5125 1817 5203">
    <p class='ocr_par' dir='ltr' id='par_1_99' title="bbox 180 5125 1817 5203">
     <span class='ocr_line' id='line_1_99' title="bbox 180 5125 1817 5203; baseline 0.005 -25"><span class='ocrx_word' id='word_1_700' title='bbox 180 5125 438 5195; x_wconf 89' lang='lat' dir='ltr'>perculsi,</span> <span class='ocrx_word' id='word_1_701' title='bbox 470 5128 685 5186; x_wconf 77' lang='lat' dir='ltr'>cmlum</span> <span class='ocrx_word' id='word_1_702' title='bbox 731 5128 987 5187; x_wconf 89' lang='lat' dir='ltr'>clamore</span> <span class='ocrx_word' id='word_1_703' title='bbox 1017 5130 1312 5203; x_wconf 88' lang='lat' dir='ltr'>quatiunt,</span> <span class='ocrx_word' id='word_1_704' title='bbox 1345 5135 1403 5186; x_wconf 89' lang='lat' dir='ltr'>et</span> <span class='ocrx_word' id='word_1_705' title='bbox 1452 5129 1636 5187; x_wconf 88' lang='lat' dir='ltr'>versis</span> <span class='ocrx_word' id='word_1_706' title='bbox 1667 5129 1817 5187; x_wconf 88' lang='lat' dir='ltr'>votis</span> 
     </span>
    </p>
   </div>
   <div class='ocr_carea' id='block_1_100' title="bbox 181 5209 1817 5293">
    <p class='ocr_par' dir='ltr' id='par_1_100' title="bbox 181 5209 1817 5293">
     <span class='ocr_line' id='line_1_100' title="bbox 181 5209 1817 5293; baseline 0.005 -28"><span class='ocrx_word' id='word_1_707' title='bbox 181 5209 565 5287; x_wconf 73' lang='lat' dir='ltr'>(a£.,vocibus)</span> <span class='ocrx_word' id='word_1_708' title='bbox 586 5218 801 5275; x_wconf 89' lang='lat' dir='ltr'>iterum</span> <span class='ocrx_word' id='word_1_709' title='bbox 828 5236 932 5292; x_wconf 90' lang='lat' dir='ltr'>per</span> <span class='ocrx_word' id='word_1_710' title='bbox 959 5218 1177 5293; x_wconf 88' lang='lat' dir='ltr'>gaudia</span> <span class='ocrx_word' id='word_1_711' title='bbox 1197 5218 1503 5292; x_wconf 88' lang='lat' dir='ltr'>plangunt.</span> <span class='ocrx_word' id='word_1_712' title='bbox 1528 5217 1817 5275; x_wconf 89' lang='lat' dir='ltr'>Continuo</span> 
     </span>
    </p>
   </div>
   <div class='ocr_carea' id='block_1_101' title="bbox 181 5304 1818 5380">
    <p class='ocr_par' dir='ltr' id='par_1_101' title="bbox 181 5304 1818 5380">
     <span class='ocr_line' id='line_1_101' title="bbox 181 5304 1818 5380; baseline 0.002 -22"><span class='ocrx_word' id='word_1_713' title='bbox 181 5315 304 5373; x_wconf 82' lang='lat' dir='ltr'>ergo</span> <span class='ocrx_word' id='word_1_714' title='bbox 334 5304 467 5360; x_wconf 84' lang='lat' dir='ltr'>ﬁdei</span> <span class='ocrx_word' id='word_1_715' title='bbox 490 5304 838 5364; x_wconf 72' lang='lat' dir='ltr'>Christianae</span> <span class='ocrx_word' id='word_1_716' title='bbox 857 5306 1010 5365; x_wconf 89' lang='lat' dir='ltr'>colla</span> <span class='ocrx_word' id='word_1_717' title='bbox 1039 5311 1404 5380; x_wconf 89' lang='lat' dir='ltr'>supponunt,</span> <span class='ocrx_word' id='word_1_718' title='bbox 1422 5312 1479 5363; x_wconf 91' lang='lat' dir='ltr'>et</span> <span class='ocrx_word' id='word_1_719' title='bbox 1508 5307 1818 5377; x_wconf 89' lang='lat' dir='ltr'>infantem,</span> 
     </span>
    </p>
   </div>
   <div class='ocr_carea' id='block_1_102' title="bbox 83 5392 1816 5468">
    <p class='ocr_par' dir='ltr' id='par_1_102' title="bbox 83 5392 1816 5468">
     <span class='ocr_line' id='line_1_102' title="bbox 83 5392 1816 5468; baseline 0.002 -22"><span class='ocrx_word' id='word_1_720' title='bbox 83 5431 94 5444; x_wconf 92' lang='lat'>.</span> <span class='ocrx_word' id='word_1_721' title='bbox 182 5403 342 5459; x_wconf 86' lang='lat' dir='ltr'>quem</span> <span class='ocrx_word' id='word_1_722' title='bbox 373 5392 665 5452; x_wconf 64' lang='lat' dir='ltr'>haeredem</span> <span class='ocrx_word' id='word_1_723' title='bbox 716 5401 1086 5454; x_wconf 88' lang='lat' dir='ltr'>terrenorum</span> <span class='ocrx_word' id='word_1_724' title='bbox 1132 5397 1422 5453; x_wconf 89' lang='lat' dir='ltr'>bonorum</span> <span class='ocrx_word' id='word_1_725' title='bbox 1455 5399 1816 5468; x_wconf 88' lang='lat' dir='ltr'>optaverant,</span> 
     </span>
    </p>
   </div>
   <div class='ocr_carea' id='block_1_103' title="bbox 184 5477 1818 5558">
    <p class='ocr_par' dir='ltr' id='par_1_103' title="bbox 184 5477 1818 5558">
     <span class='ocr_line' id='line_1_103' title="bbox 184 5477 1818 5558; baseline 0.005 -28"><span class='ocrx_word' id='word_1_726' title='bbox 184 5477 502 5539; x_wconf 70' lang='lat' dir='ltr'>cmlestibus</span> <span class='ocrx_word' id='word_1_727' title='bbox 525 5483 855 5558; x_wconf 88' lang='lat' dir='ltr'>disciplinis</span> <span class='ocrx_word' id='word_1_728' title='bbox 873 5485 1259 5542; x_wconf 90' lang='lat' dir='ltr'>imbuendum</span> <span class='ocrx_word' id='word_1_729' title='bbox 1284 5502 1417 5541; x_wconf 92' lang='lat' dir='ltr'>cum</span> <span class='ocrx_word' id='word_1_730' title='bbox 1441 5488 1561 5540; x_wconf 88' lang='lat' dir='ltr'>tota</span> <span class='ocrx_word' id='word_1_731' title='bbox 1583 5483 1818 5539; x_wconf 56' lang='lat' dir='ltr'>haeredi-</span> 
     </span>
    </p>
   </div>
   <div class='ocr_carea' id='block_1_104' title="bbox 186 5640 1816 5780">
    <p class='ocr_par' dir='ltr' id='par_1_104' title="bbox 186 5640 1816 5780">
     <span class='ocr_line' id='line_1_104' title="bbox 186 5640 1816 5780; baseline -0.007 -68"><span class='ocrx_word' id='word_1_732' title='bbox 186 5640 315 5780; x_wconf 54' lang='grc' dir='ltr'>ιξῑδ)</span> <span class='ocrx_word' id='word_1_733' title='bbox 338 5641 485 5699; x_wconf 85' lang='lat' dir='ltr'>Alibi</span> <span class='ocrx_word' id='word_1_734' title='bbox 518 5643 612 5701; x_wconf 91' lang='lat' dir='ltr'>hic</span> <span class='ocrx_word' id='word_1_735' title='bbox 643 5646 837 5729; x_wconf 86' lang='lat' dir='ltr'>amnis</span> <span class='ocrx_word' id='word_1_736' title='bbox 867 5647 1039 5703; x_wconf 80' lang='lat' dir='ltr'>Ledus</span> <span class='ocrx_word' id='word_1_737' title='bbox 1070 5646 1302 5713; x_wconf 90' lang='lat' dir='ltr'>dicitur,</span> <span class='ocrx_word' id='word_1_738' title='bbox 1330 5650 1384 5702; x_wconf 90' lang='lat' dir='ltr'>et</span> <span class='ocrx_word' id='word_1_739' title='bbox 1409 5663 1441 5701; x_wconf 88' lang='lat' dir='ltr'>a</span> <span class='ocrx_word' id='word_1_740' title='bbox 1463 5645 1816 5717; x_wconf 88' lang='lat' dir='ltr'>quibusdam</span> 
     </span>
     <span class='ocr_line' id='line_1_105' title="bbox 223 5741 355 5780; baseline 0.008 -1"><span class='ocrx_word' id='word_1_741' title='bbox 223 5741 240 5779; x_wconf 81' lang='grc' dir='ltr'><strong><em>ι</em></strong></span> <span class='ocrx_word' id='word_1_742' title='bbox 277 5744 355 5780; x_wconf 70' lang='grc' dir='ltr'>ιω.</span> 
     </span>
    </p>
   </div>
   <div class='ocr_carea' id='block_1_105' title="bbox 223 5741 355 5784">
    <p class='ocr_par' dir='ltr' id='par_1_105' title="bbox 223 5741 355 5784">
     <span class='ocr_line' id='line_1_106' title="bbox 223 5741 355 5784; baseline 0.038 -5"><span class='ocrx_word' id='word_1_743' title='bbox 223 5741 355 5784; x_wconf 67' lang='lat' dir='ltr'>laus.</span> 
     </span>
    </p>
   </div>
   <div class='ocr_carea' id='block_1_106' title="bbox 1925 4767 3576 4852">
    <p class='ocr_par' dir='ltr' id='par_1_106' title="bbox 1925 4767 3576 4852">
     <span class='ocr_line' id='line_1_107' title="bbox 1925 4767 3576 4852; baseline -0.011 -13"><span class='ocrx_word' id='word_1_744' title='bbox 1925 4780 2246 4852; x_wconf 88' lang='lat' dir='ltr'>tum,quasi</span> <span class='ocrx_word' id='word_1_745' title='bbox 2288 4776 2511 4849; x_wconf 87' lang='lat' dir='ltr'>aliquid</span> <span class='ocrx_word' id='word_1_746' title='bbox 2544 4788 2786 4829; x_wconf 90' lang='lat' dir='ltr'>suorum</span> <span class='ocrx_word' id='word_1_747' title='bbox 2818 4774 3178 4843; x_wconf 88' lang='lat' dir='ltr'>reperturus,</span> <span class='ocrx_word' id='word_1_748' title='bbox 3204 4767 3401 4824; x_wconf 89' lang='lat' dir='ltr'>venire</span> <span class='ocrx_word' id='word_1_749' title='bbox 3430 4782 3576 4839; x_wconf 64' lang='lat' dir='ltr'>pra:-</span> 
     </span>
    </p>
   </div>
   <div class='ocr_carea' id='block_1_107' title="bbox 1926 4855 3579 4944">
    <p class='ocr_par' dir='ltr' id='par_1_107' title="bbox 1926 4855 3579 4944">
     <span class='ocr_line' id='line_1_108' title="bbox 1926 4855 3579 4944; baseline -0.011 -15"><span class='ocrx_word' id='word_1_750' title='bbox 1926 4871 2491 4944; x_wconf 87' lang='lat' dir='ltr'>sumpserat,contra</span> <span class='ocrx_word' id='word_1_751' title='bbox 2510 4864 2668 4920; x_wconf 89' lang='lat' dir='ltr'>hunc</span> <span class='ocrx_word' id='word_1_752' title='bbox 2684 4859 3043 4934; x_wconf 88' lang='lat' dir='ltr'>quoque,qui</span> <span class='ocrx_word' id='word_1_753' title='bbox 3065 4857 3226 4913; x_wconf 89' lang='lat' dir='ltr'>illius</span> <span class='ocrx_word' id='word_1_754' title='bbox 3248 4855 3467 4914; x_wconf 89' lang='lat' dir='ltr'>summi</span> <span class='ocrx_word' id='word_1_755' title='bbox 3488 4871 3579 4944; x_wconf 86' lang='lat' dir='ltr'>ca-</span> 
     </span>
    </p>
   </div>
   <div class='ocr_carea' id='block_1_108' title="bbox 1926 4943 3580 5036">
    <p class='ocr_par' dir='ltr' id='par_1_108' title="bbox 1926 4943 3580 5036">
     <span class='ocr_line' id='line_1_109' title="bbox 1926 4943 3580 5036; baseline -0.011 -18"><span class='ocrx_word' id='word_1_756' title='bbox 1926 4943 2419 5036; x_wconf 89' lang='lat' dir='ltr'>pitismembrum</span> <span class='ocrx_word' id='word_1_757' title='bbox 2441 4957 2585 5020; x_wconf 88' lang='lat' dir='ltr'>erat,</span> <span class='ocrx_word' id='word_1_758' title='bbox 2600 4950 2905 5007; x_wconf 89' lang='lat' dir='ltr'>machinas</span> <span class='ocrx_word' id='word_1_759' title='bbox 2923 4949 3289 5005; x_wconf 89' lang='lat' dir='ltr'>diversarum</span> <span class='ocrx_word' id='word_1_760' title='bbox 3310 4943 3580 5036; x_wconf 70' lang='lat' dir='ltr'>tentatio~</span> 
     </span>
    </p>
   </div>
   <div class='ocr_carea' id='block_1_109' title="bbox 1928 5033 3577 5120">
    <p class='ocr_par' dir='ltr' id='par_1_109' title="bbox 1928 5033 3577 5120">
     <span class='ocr_line' id='line_1_110' title="bbox 1928 5033 3577 5120; baseline -0.012 -12"><span class='ocrx_word' id='word_1_761' title='bbox 1928 5033 2071 5107; x_wconf 79' lang='lat' dir='ltr'>num</span> <span class='ocrx_word' id='word_1_762' title='bbox 2093 5046 2260 5120; x_wconf 89' lang='lat' dir='ltr'>quasi</span> <span class='ocrx_word' id='word_1_763' title='bbox 2294 5045 2572 5100; x_wconf 89' lang='lat' dir='ltr'>adversus</span> <span class='ocrx_word' id='word_1_764' title='bbox 2593 5038 3026 5097; x_wconf 90' lang='lat' dir='ltr'>validissimum</span> <span class='ocrx_word' id='word_1_765' title='bbox 3059 5052 3298 5092; x_wconf 89' lang='lat' dir='ltr'>murum</span> <span class='ocrx_word' id='word_1_766' title='bbox 3325 5033 3577 5090; x_wconf 89' lang='lat' dir='ltr'>callidus</span> 
     </span>
    </p>
   </div>
   <div class='ocr_carea' id='block_1_110' title="bbox 1927 5123 3577 5212">
    <p class='ocr_par' dir='ltr' id='par_1_110' title="bbox 1927 5123 3577 5212">
     <span class='ocr_line' id='line_1_111' title="bbox 1927 5123 3577 5212; baseline -0.012 -15"><span class='ocrx_word' id='word_1_767' title='bbox 1927 5142 2303 5212; x_wconf 87' lang='lat' dir='ltr'>impugnator</span> <span class='ocrx_word' id='word_1_768' title='bbox 2323 5133 2630 5190; x_wconf 89' lang='lat' dir='ltr'>admovere</span> <span class='ocrx_word' id='word_1_769' title='bbox 2653 5145 2769 5185; x_wconf 91' lang='lat' dir='ltr'>non</span> <span class='ocrx_word' id='word_1_770' title='bbox 2790 5124 3196 5185; x_wconf 89' lang='lat' dir='ltr'>desinebat.Ut</span> <span class='ocrx_word' id='word_1_771' title='bbox 3212 5123 3369 5181; x_wconf 88' lang='lat' dir='ltr'>enim</span> <span class='ocrx_word' id='word_1_772' title='bbox 3392 5138 3577 5179; x_wconf 91' lang='lat' dir='ltr'>novus</span> 
     </span>
    </p>
   </div>
   <div class='ocr_carea' id='block_1_111' title="bbox 1928 5213 3577 5305">
    <p class='ocr_par' dir='ltr' id='par_1_111' title="bbox 1928 5213 3577 5305">
     <span class='ocr_line' id='line_1_112' title="bbox 1928 5213 3577 5305; baseline -0.013 -17"><span class='ocrx_word' id='word_1_773' title='bbox 1928 5227 2184 5305; x_wconf 86' lang='lat' dir='ltr'>agricola</span> <span class='ocrx_word' id='word_1_774' title='bbox 2204 5239 2447 5298; x_wconf 88' lang='lat' dir='ltr'>opacam</span> <span class='ocrx_word' id='word_1_775' title='bbox 2471 5218 2693 5294; x_wconf 76' lang='lat' dir='ltr'>sylvam</span> <span class='ocrx_word' id='word_1_776' title='bbox 2716 5217 3040 5290; x_wconf 90' lang='lat' dir='ltr'>ingressus,</span> <span class='ocrx_word' id='word_1_777' title='bbox 3055 5230 3212 5270; x_wconf 89' lang='lat' dir='ltr'>nunc</span> <span class='ocrx_word' id='word_1_778' title='bbox 3237 5213 3405 5282; x_wconf 87' lang='lat' dir='ltr'>ferro,</span> <span class='ocrx_word' id='word_1_779' title='bbox 3419 5227 3577 5267; x_wconf 89' lang='lat' dir='ltr'>nunc</span> 
     </span>
    </p>
   </div>
   <div class='ocr_carea' id='block_1_112' title="bbox 1928 5301 3577 5395">
    <p class='ocr_par' dir='ltr' id='par_1_112' title="bbox 1928 5301 3577 5395">
     <span class='ocr_line' id='line_1_113' title="bbox 1928 5301 3577 5395; baseline -0.013 -19"><span class='ocrx_word' id='word_1_780' title='bbox 1928 5301 2062 5395; x_wconf 73' lang='lat' dir='ltr'>igne</span> <span class='ocrx_word' id='word_1_781' title='bbox 2084 5318 2289 5385; x_wconf 88' lang='lat' dir='ltr'>utitur,</span> <span class='ocrx_word' id='word_1_782' title='bbox 2306 5329 2421 5386; x_wconf 90' lang='lat' dir='ltr'>quo</span> <span class='ocrx_word' id='word_1_783' title='bbox 2445 5307 2736 5384; x_wconf 89' lang='lat' dir='ltr'>jaciendis</span> <span class='ocrx_word' id='word_1_784' title='bbox 2766 5303 3093 5395; x_wconf 77' lang='lat' dir='ltr'>seminibus</span> <span class='ocrx_word' id='word_1_785' title='bbox 3123 5301 3312 5395; x_wconf 71' lang='lat' dir='ltr'>tellus</span> <span class='ocrx_word' id='word_1_786' title='bbox 3334 5304 3577 5358; x_wconf 87' lang='lat' dir='ltr'>eatenus</span> 
     </span>
    </p>
   </div>
   <div class='ocr_carea' id='block_1_113' title="bbox 1929 5388 3575 5478">
    <p class='ocr_par' dir='ltr' id='par_1_113' title="bbox 1929 5388 3575 5478">
     <span class='ocr_line' id='line_1_114' title="bbox 1929 5388 3575 5478; baseline -0.016 -11"><span class='ocrx_word' id='word_1_787' title='bbox 1929 5388 2144 5467; x_wconf 73' lang='lat' dir='ltr'>sterilis</span> <span class='ocrx_word' id='word_1_788' title='bbox 2173 5406 2560 5478; x_wconf 78' lang='lat' dir='ltr'>praeparetur;</span> <span class='ocrx_word' id='word_1_789' title='bbox 2594 5396 2677 5453; x_wconf 91' lang='lat' dir='ltr'>sic</span> <span class='ocrx_word' id='word_1_790' title='bbox 2706 5393 2980 5452; x_wconf 88' lang='lat' dir='ltr'>Julianus</span> <span class='ocrx_word' id='word_1_791' title='bbox 3000 5388 3454 5478; x_wconf 83' lang='lat' dir='ltr'>Cenomanicum</span> <span class='ocrx_word' id='word_1_792' title='bbox 3476 5403 3575 5478; x_wconf 37' lang='lat' dir='ltr'>per</span> 
     </span>
    </p>
   </div>
   <div class='ocr_carea' id='block_1_114' title="bbox 1927 5475 3573 5559">
    <p class='ocr_par' dir='ltr' id='par_1_114' title="bbox 1927 5475 3573 5559">
     <span class='ocr_line' id='line_1_115' title="bbox 1927 5475 3573 5559; baseline -0.016 -3"><span class='ocrx_word' id='word_1_793' title='bbox 1927 5475 2399 5559; x_wconf 47' lang='lat' dir='ltr'>netrans—solum,</span> <span class='ocrx_word' id='word_1_794' title='bbox 2414 5493 2635 5544; x_wconf 90' lang='lat' dir='ltr'>veteres</span> <span class='ocrx_word' id='word_1_795' title='bbox 2652 5500 2903 5557; x_wconf 89' lang='lat' dir='ltr'>quercus</span> <span class='ocrx_word' id='word_1_796' title='bbox 2925 5494 3294 5551; x_wconf 89' lang='lat' dir='ltr'>annosasque</span> <span class='ocrx_word' id='word_1_797' title='bbox 3311 5477 3498 5549; x_wconf 86' lang='lat' dir='ltr'>fagos,</span> <span class='ocrx_word' id='word_1_798' title='bbox 3516 5475 3573 5530; x_wconf 90' lang='lat' dir='ltr'>id</span> 
     </span>
    </p>
   </div>
   <div class='ocr_carea' id='block_1_115' title="bbox 2000 5638 3258 5731">
    <p class='ocr_par' dir='ltr' id='par_1_115' title="bbox 2000 5638 3258 5731">
     <span class='ocr_line' id='line_1_116' title="bbox 2000 5638 3258 5731; baseline -0.017 -18"><span class='ocrx_word' id='word_1_799' title='bbox 2000 5659 2075 5731; x_wconf 85' lang='grc'>(6)</span> <span class='ocrx_word' id='word_1_800' title='bbox 2107 5656 2279 5712; x_wconf 89' lang='lat' dir='ltr'>Deest</span> <span class='ocrx_word' id='word_1_801' title='bbox 2305 5647 2724 5724; x_wconf 77' lang='lat' dir='ltr'>pertinentibus,</span> <span class='ocrx_word' id='word_1_802' title='bbox 2755 5643 2843 5698; x_wconf 89' lang='lat' dir='ltr'>vel</span> <span class='ocrx_word' id='word_1_803' title='bbox 2874 5641 3013 5714; x_wconf 90' lang='lat' dir='ltr'>quid</span> <span class='ocrx_word' id='word_1_804' title='bbox 3048 5638 3258 5696; x_wconf 89' lang='lat' dir='ltr'>simile.</span> 
     </span>
    </p>
   </div>
  </div>
