  <div class='ocr_page' id='page_1' title='image "/cluster/home/n/w/nwhite01/storage/ocr_20150623/136-137/uc1.31175019686917/1077.png"; bbox 0 0 3906 6354; ppageno 0'>
   <div class='ocr_carea' id='block_1_1' title="bbox 320 467 437 532">
    <p class='ocr_par' dir='ltr' id='par_1_1' title="bbox 320 467 437 532">
     <span class='ocr_line' id='line_1_1' title="bbox 320 467 437 532; baseline -0.043 0"><span class='ocrx_word' id='word_1_1' title='bbox 320 467 437 532; x_wconf 80' lang='grc'>’191</span> 
     </span>
    </p>
   </div>
   <div class='ocr_carea' id='block_1_2' title="bbox 1381 460 2681 526">
    <p class='ocr_par' dir='ltr' id='par_1_2' title="bbox 1381 460 2681 526">
     <span class='ocr_line' id='line_1_2' title="bbox 1381 460 2681 526; baseline -0.003 0"><span class='ocrx_word' id='word_1_2' title='bbox 1381 463 1714 526; x_wconf 85' lang='lat' dir='ltr'>LETALDI</span> <span class='ocrx_word' id='word_1_3' title='bbox 1761 460 2260 523; x_wconf 82' lang='lat' dir='ltr'>MICIACENSIS</span> <span class='ocrx_word' id='word_1_4' title='bbox 2306 462 2681 523; x_wconf 80' lang='lat' dir='ltr'>MONACIII.</span> 
     </span>
    </p>
   </div>
   <div class='ocr_carea' id='block_1_3' title="bbox 3635 464 3752 524">
    <p class='ocr_par' dir='ltr' id='par_1_3' title="bbox 3635 464 3752 524">
     <span class='ocr_line' id='line_1_3' title="bbox 3635 464 3752 524; baseline 0.009 -1"><span class='ocrx_word' id='word_1_5' title='bbox 3635 464 3752 524; x_wconf 69' lang='lat'>792</span> 
     </span>
    </p>
   </div>
   <div class='ocr_carea' id='block_1_4' title="bbox 323 584 3753 673">
    <p class='ocr_par' dir='ltr' id='par_1_4' title="bbox 323 584 3753 673">
     <span class='ocr_line' id='line_1_4' title="bbox 323 584 3753 673; baseline -0.002 -14"><span class='ocrx_word' id='word_1_6' title='bbox 323 608 433 671; x_wconf 85' lang='lat' dir='ltr'>est,</span> <span class='ocrx_word' id='word_1_7' title='bbox 454 606 694 658; x_wconf 67' lang='lat' dir='ltr'>vetustae</span> <span class='ocrx_word' id='word_1_8' title='bbox 724 598 1068 673; x_wconf 72' lang='lat' dir='ltr'>gentilitatis</span> <span class='ocrx_word' id='word_1_9' title='bbox 1117 598 1339 655; x_wconf 90' lang='lat' dir='ltr'>sterilia</span> <span class='ocrx_word' id='word_1_10' title='bbox 1383 613 1646 670; x_wconf 85' lang='lat' dir='ltr'>venaque</span> <span class='ocrx_word' id='word_1_11' title='bbox 1696 597 1977 670; x_wconf 77' lang='lat' dir='ltr'>figmenta</span> <span class='ocrx_word' id='word_1_12' title='bbox 2006 584 2061 662; x_wconf 77' lang='grc' dir='ltr'>Ᾱ</span> <span class='ocrx_word' id='word_1_13' title='bbox 2088 595 2289 651; x_wconf 64' lang='lat' dir='ltr'>vincia;</span> <span class='ocrx_word' id='word_1_14' title='bbox 2305 614 2649 668; x_wconf 90' lang='lat' dir='ltr'>percurrens</span> <span class='ocrx_word' id='word_1_15' title='bbox 2664 595 3753 669; x_wconf 83' lang='lat' dir='ltr'>populos,itapristinierroriscunctas</span> 
     </span>
    </p>
   </div>
   <div class='ocr_carea' id='block_1_5' title="bbox 325 689 1983 758">
    <p class='ocr_par' dir='ltr' id='par_1_5' title="bbox 325 689 1983 758">
     <span class='ocr_line' id='line_1_5' title="bbox 325 689 1983 758; baseline -0.005 -9"><span class='ocrx_word' id='word_1_16' title='bbox 325 696 580 749; x_wconf 82' lang='lat' dir='ltr'>evertere</span> <span class='ocrx_word' id='word_1_17' title='bbox 613 691 809 758; x_wconf 91' lang='lat' dir='ltr'>nisus;</span> <span class='ocrx_word' id='word_1_18' title='bbox 851 694 909 745; x_wconf 90' lang='lat' dir='ltr'>et</span> <span class='ocrx_word' id='word_1_19' title='bbox 941 690 1091 744; x_wconf 89' lang='lat' dir='ltr'>ferro</span> <span class='ocrx_word' id='word_1_20' title='bbox 1132 689 1508 743; x_wconf 90' lang='lat' dir='ltr'>correctionis</span> <span class='ocrx_word' id='word_1_21' title='bbox 1548 705 1693 741; x_wconf 84' lang='lat' dir='ltr'>usus</span> <span class='ocrx_word' id='word_1_22' title='bbox 1724 690 1834 753; x_wconf 90' lang='lat' dir='ltr'>est,</span> <span class='ocrx_word' id='word_1_23' title='bbox 1869 703 1983 757; x_wconf 91' lang='lat' dir='ltr'>quo</span> 
     </span>
    </p>
   </div>
   <div class='ocr_carea' id='block_1_6' title="bbox 314 776 1980 855">
    <p class='ocr_par' dir='ltr' id='par_1_6' title="bbox 314 776 1980 855">
     <span class='ocr_line' id='line_1_6' title="bbox 314 776 1980 855; baseline -0.007 -17"><span class='ocrx_word' id='word_1_24' title='bbox 314 780 567 855; x_wconf 78' lang='lat' dir='ltr'>peccata.</span> <span class='ocrx_word' id='word_1_25' title='bbox 591 778 1065 851; x_wconf 79' lang='lat' dir='ltr'>delinquentium</span> <span class='ocrx_word' id='word_1_26' title='bbox 1109 778 1326 843; x_wconf 78' lang='lat' dir='ltr'>feriret,</span> <span class='ocrx_word' id='word_1_27' title='bbox 1362 782 1419 832; x_wconf 86' lang='lat' dir='ltr'>ct</span> <span class='ocrx_word' id='word_1_28' title='bbox 1457 776 1590 849; x_wconf 82' lang='lat' dir='ltr'>igne</span> <span class='ocrx_word' id='word_1_29' title='bbox 1631 776 1980 839; x_wconf 82' lang='lat' dir='ltr'>adustionis,</span> 
     </span>
    </p>
   </div>
   <div class='ocr_carea' id='block_1_7' title="bbox 328 865 1983 943">
    <p class='ocr_par' dir='ltr' id='par_1_7' title="bbox 328 865 1983 943">
     <span class='ocr_line' id='line_1_7' title="bbox 328 865 1983 943; baseline -0.005 -17"><span class='ocrx_word' id='word_1_30' title='bbox 328 886 443 943; x_wconf 89' lang='lat' dir='ltr'>quo</span> <span class='ocrx_word' id='word_1_31' title='bbox 465 870 593 941; x_wconf 87' lang='lat' dir='ltr'>jam</span> <span class='ocrx_word' id='word_1_32' title='bbox 627 870 1015 924; x_wconf 89' lang='lat' dir='ltr'>emundatum</span> <span class='ocrx_word' id='word_1_33' title='bbox 1050 867 1242 923; x_wconf 88' lang='lat' dir='ltr'>solum</span> <span class='ocrx_word' id='word_1_34' title='bbox 1275 867 1346 921; x_wconf 88' lang='lat' dir='ltr'>ad</span> <span class='ocrx_word' id='word_1_35' title='bbox 1385 866 1772 939; x_wconf 81' lang='lat' dir='ltr'>promerenda</span> <span class='ocrx_word' id='word_1_36' title='bbox 1803 865 1983 919; x_wconf 80' lang='lat' dir='ltr'>divini</span> 
     </span>
    </p>
   </div>
   <div class='ocr_carea' id='block_1_8' title="bbox 329 957 1387 1029">
    <p class='ocr_par' dir='ltr' id='par_1_8' title="bbox 329 957 1387 1029">
     <span class='ocr_line' id='line_1_8' title="bbox 329 957 1387 1029; baseline -0.006 -13"><span class='ocrx_word' id='word_1_37' title='bbox 329 959 547 1016; x_wconf 88' lang='lat' dir='ltr'>amoris</span> <span class='ocrx_word' id='word_1_38' title='bbox 578 958 806 1013; x_wconf 90' lang='lat' dir='ltr'>semina</span> <span class='ocrx_word' id='word_1_39' title='bbox 833 962 1035 1029; x_wconf 90' lang='lat' dir='ltr'>aptum</span> <span class='ocrx_word' id='word_1_40' title='bbox 1068 957 1387 1011; x_wconf 72' lang='lat' dir='ltr'>exhiberet.</span> 
     </span>
    </p>
   </div>
   <div class='ocr_carea' id='block_1_9' title="bbox 398 1043 1987 1118">
    <p class='ocr_par' dir='ltr' id='par_1_9' title="bbox 398 1043 1987 1118">
     <span class='ocr_line' id='line_1_9' title="bbox 398 1043 1987 1118; baseline -0.005 -14"><span class='ocrx_word' id='word_1_41' title='bbox 398 1050 489 1104; x_wconf 88' lang='grc'>23.</span> <span class='ocrx_word' id='word_1_42' title='bbox 520 1047 632 1104; x_wconf 84' lang='lat' dir='ltr'>Sed</span> <span class='ocrx_word' id='word_1_43' title='bbox 656 1046 913 1118; x_wconf 71' lang='lat' dir='ltr'>reliquia:</span> <span class='ocrx_word' id='word_1_44' title='bbox 943 1062 1328 1117; x_wconf 78' lang='lat' dir='ltr'>paganorum,</span> <span class='ocrx_word' id='word_1_45' title='bbox 1351 1062 1478 1116; x_wconf 65' lang='lat' dir='ltr'>qua:</span> <span class='ocrx_word' id='word_1_46' title='bbox 1501 1045 1669 1115; x_wconf 77' lang='lat' dir='ltr'>quasi</span> <span class='ocrx_word' id='word_1_47' title='bbox 1697 1043 1987 1115; x_wconf 83' lang='lat' dir='ltr'>fragmina</span> 
     </span>
    </p>
   </div>
   <div class='ocr_carea' id='block_1_10' title="bbox 329 1132 1987 1207">
    <p class='ocr_par' dir='ltr' id='par_1_10' title="bbox 329 1132 1987 1207">
     <span class='ocr_line' id='line_1_10' title="bbox 329 1132 1987 1207; baseline -0.005 -12"><span class='ocrx_word' id='word_1_48' title='bbox 329 1136 667 1195; x_wconf 79' lang='lat' dir='ltr'>tabularum</span> <span class='ocrx_word' id='word_1_49' title='bbox 694 1137 765 1191; x_wconf 93' lang='lat' dir='ltr'>de</span> <span class='ocrx_word' id='word_1_50' title='bbox 788 1136 1093 1207; x_wconf 79' lang='lat' dir='ltr'>naufragio</span> <span class='ocrx_word' id='word_1_51' title='bbox 1117 1153 1382 1190; x_wconf 88' lang='lat' dir='ltr'>errorum</span> <span class='ocrx_word' id='word_1_52' title='bbox 1406 1136 1728 1199; x_wconf 82' lang='lat' dir='ltr'>evaserant,</span> <span class='ocrx_word' id='word_1_53' title='bbox 1749 1132 1987 1203; x_wconf 83' lang='lat' dir='ltr'>indigne</span> 
     </span>
    </p>
   </div>
   <div class='ocr_carea' id='block_1_11' title="bbox 331 1220 1989 1285">
    <p class='ocr_par' dir='ltr' id='par_1_11' title="bbox 331 1220 1989 1285">
     <span class='ocr_line' id='line_1_11' title="bbox 331 1220 1989 1285; baseline -0.005 -2"><span class='ocrx_word' id='word_1_54' title='bbox 331 1228 581 1283; x_wconf 86' lang='lat' dir='ltr'>ferentes</span> <span class='ocrx_word' id='word_1_55' title='bbox 612 1225 846 1281; x_wconf 90' lang='lat' dir='ltr'>laudem</span> <span class='ocrx_word' id='word_1_56' title='bbox 872 1223 1129 1279; x_wconf 75' lang='lat' dir='ltr'>nominis</span> <span class='ocrx_word' id='word_1_57' title='bbox 1154 1224 1364 1278; x_wconf 76' lang='lat' dir='ltr'>Christi</span> <span class='ocrx_word' id='word_1_58' title='bbox 1393 1222 1645 1285; x_wconf 86' lang='lat' dir='ltr'>dilatari,</span> <span class='ocrx_word' id='word_1_59' title='bbox 1672 1228 1727 1275; x_wconf 83' lang='lat' dir='ltr'>et</span> <span class='ocrx_word' id='word_1_60' title='bbox 1750 1220 1989 1275; x_wconf 75' lang='lat' dir='ltr'>simula-</span> 
     </span>
    </p>
   </div>
   <div class='ocr_carea' id='block_1_12' title="bbox 330 1310 1990 1385">
    <p class='ocr_par' dir='ltr' id='par_1_12' title="bbox 330 1310 1990 1385">
     <span class='ocr_line' id='line_1_12' title="bbox 330 1310 1990 1385; baseline -0.005 -13"><span class='ocrx_word' id='word_1_61' title='bbox 330 1333 567 1373; x_wconf 90' lang='lat' dir='ltr'>crorum</span> <span class='ocrx_word' id='word_1_62' title='bbox 599 1330 842 1371; x_wconf 90' lang='lat' dir='ltr'>suorum</span> <span class='ocrx_word' id='word_1_63' title='bbox 872 1313 1157 1385; x_wconf 88' lang='lat' dir='ltr'>portenda</span> <span class='ocrx_word' id='word_1_64' title='bbox 1195 1311 1596 1385; x_wconf 83' lang='lat' dir='ltr'>pessumdari;</span> <span class='ocrx_word' id='word_1_65' title='bbox 1632 1310 1990 1365; x_wconf 78' lang='lat' dir='ltr'>unanimiter</span> 
     </span>
    </p>
   </div>
   <div class='ocr_carea' id='block_1_13' title="bbox 333 1399 1985 1478">
    <p class='ocr_par' dir='ltr' id='par_1_13' title="bbox 333 1399 1985 1478">
     <span class='ocr_line' id='line_1_13' title="bbox 333 1399 1985 1478; baseline -0.005 -17"><span class='ocrx_word' id='word_1_66' title='bbox 333 1406 650 1478; x_wconf 85' lang='lat' dir='ltr'>insurgunt</span> <span class='ocrx_word' id='word_1_67' title='bbox 680 1406 882 1458; x_wconf 88' lang='lat' dir='ltr'>contra</span> <span class='ocrx_word' id='word_1_68' title='bbox 923 1405 1217 1469; x_wconf 89' lang='lat' dir='ltr'>sanctum,</span> <span class='ocrx_word' id='word_1_69' title='bbox 1254 1399 1609 1455; x_wconf 82' lang='lat' dir='ltr'>maleficium</span> <span class='ocrx_word' id='word_1_70' title='bbox 1644 1399 1985 1464; x_wconf 80' lang='lat' dir='ltr'>clamantes,</span> 
     </span>
    </p>
   </div>
   <div class='ocr_carea' id='block_1_14' title="bbox 334 1487 1992 1567">
    <p class='ocr_par' dir='ltr' id='par_1_14' title="bbox 334 1487 1992 1567">
     <span class='ocr_line' id='line_1_14' title="bbox 334 1487 1992 1567; baseline -0.005 -18"><span class='ocrx_word' id='word_1_71' title='bbox 334 1494 433 1567; x_wconf 89' lang='lat' dir='ltr'>qui</span> <span class='ocrx_word' id='word_1_72' title='bbox 466 1494 577 1549; x_wconf 86' lang='lat' dir='ltr'>sub</span> <span class='ocrx_word' id='word_1_73' title='bbox 608 1491 845 1547; x_wconf 88' lang='lat' dir='ltr'>nomine</span> <span class='ocrx_word' id='word_1_74' title='bbox 892 1490 1128 1562; x_wconf 90' lang='lat' dir='ltr'>pietatis</span> <span class='ocrx_word' id='word_1_75' title='bbox 1156 1489 1321 1544; x_wconf 88' lang='lat' dir='ltr'>vanis</span> <span class='ocrx_word' id='word_1_76' title='bbox 1369 1487 1682 1562; x_wconf 82' lang='lat' dir='ltr'>praestigiis</span> <span class='ocrx_word' id='word_1_77' title='bbox 1712 1492 1992 1543; x_wconf 78' lang='lat' dir='ltr'>everteret</span> 
     </span>
    </p>
   </div>
   <div class='ocr_carea' id='block_1_15' title="bbox 334 1576 1990 1654">
    <p class='ocr_par' dir='ltr' id='par_1_15' title="bbox 334 1576 1990 1654">
     <span class='ocr_line' id='line_1_15' title="bbox 334 1576 1990 1654; baseline -0.005 -15"><span class='ocrx_word' id='word_1_78' title='bbox 334 1584 512 1639; x_wconf 88' lang='lat' dir='ltr'>corda</span> <span class='ocrx_word' id='word_1_79' title='bbox 552 1579 925 1654; x_wconf 90' lang='lat' dir='ltr'>populorum,</span> <span class='ocrx_word' id='word_1_80' title='bbox 961 1580 1238 1650; x_wconf 89' lang='lat' dir='ltr'>ipsosque</span> <span class='ocrx_word' id='word_1_81' title='bbox 1269 1576 1590 1633; x_wconf 82' lang='lat' dir='ltr'>videntium</span> <span class='ocrx_word' id='word_1_82' title='bbox 1637 1576 1837 1632; x_wconf 91' lang='lat' dir='ltr'>oculos</span> <span class='ocrx_word' id='word_1_83' title='bbox 1865 1577 1990 1630; x_wconf 85' lang='lat' dir='ltr'>fru-</span> 
     </span>
    </p>
   </div>
   <div class='ocr_carea' id='block_1_16' title="bbox 336 1666 1989 1740">
    <p class='ocr_par' dir='ltr' id='par_1_16' title="bbox 336 1666 1989 1740">
     <span class='ocr_line' id='line_1_16' title="bbox 336 1666 1989 1740; baseline -0.006 -12"><span class='ocrx_word' id='word_1_84' title='bbox 336 1674 640 1737; x_wconf 87' lang='lat' dir='ltr'>straretur,</span> <span class='ocrx_word' id='word_1_85' title='bbox 676 1666 825 1724; x_wconf 87' lang='lat' dir='ltr'>falsa</span> <span class='ocrx_word' id='word_1_86' title='bbox 869 1685 974 1740; x_wconf 90' lang='lat' dir='ltr'>pro</span> <span class='ocrx_word' id='word_1_87' title='bbox 1003 1667 1157 1722; x_wconf 89' lang='lat' dir='ltr'>veris</span> <span class='ocrx_word' id='word_1_88' title='bbox 1188 1672 1494 1733; x_wconf 89' lang='lat' dir='ltr'>assereret,</span> <span class='ocrx_word' id='word_1_89' title='bbox 1528 1667 1828 1721; x_wconf 85' lang='lat' dir='ltr'>hominem</span> <span class='ocrx_word' id='word_1_90' title='bbox 1862 1683 1989 1719; x_wconf 88' lang='lat' dir='ltr'>cru-</span> 
     </span>
    </p>
   </div>
   <div class='ocr_carea' id='block_1_17' title="bbox 334 1753 1989 1823">
    <p class='ocr_par' dir='ltr' id='par_1_17' title="bbox 334 1753 1989 1823">
     <span class='ocr_line' id='line_1_17' title="bbox 334 1753 1989 1823; baseline -0.005 -7"><span class='ocrx_word' id='word_1_91' title='bbox 334 1761 570 1817; x_wconf 84' lang='lat' dir='ltr'>ciﬁxum</span> <span class='ocrx_word' id='word_1_92' title='bbox 631 1757 817 1813; x_wconf 88' lang='lat' dir='ltr'>Deum</span> <span class='ocrx_word' id='word_1_93' title='bbox 868 1757 1211 1823; x_wconf 84' lang='lat' dir='ltr'>affirmaret,</span> <span class='ocrx_word' id='word_1_94' title='bbox 1249 1757 1494 1811; x_wconf 89' lang='lat' dir='ltr'>deorum</span> <span class='ocrx_word' id='word_1_95' title='bbox 1544 1753 1989 1819; x_wconf 89' lang='lat' dir='ltr'>immortalium,</span> 
     </span>
    </p>
   </div>
   <div class='ocr_carea' id='block_1_18' title="bbox 335 1843 1991 1923">
    <p class='ocr_par' dir='ltr' id='par_1_18' title="bbox 335 1843 1991 1923">
     <span class='ocr_line' id='line_1_18' title="bbox 335 1843 1991 1923; baseline -0.004 -18"><span class='ocrx_word' id='word_1_96' title='bbox 335 1865 483 1923; x_wconf 89' lang='lat' dir='ltr'>quos</span> <span class='ocrx_word' id='word_1_97' title='bbox 515 1848 815 1903; x_wconf 84' lang='lat' dir='ltr'>Romanus</span> <span class='ocrx_word' id='word_1_98' title='bbox 839 1845 997 1901; x_wconf 85' lang='lat' dir='ltr'>orbis</span> <span class='ocrx_word' id='word_1_99' title='bbox 1021 1862 1055 1900; x_wconf 91' lang='lat' dir='ltr'>a</span> <span class='ocrx_word' id='word_1_100' title='bbox 1084 1843 1296 1900; x_wconf 72' lang='lat' dir='ltr'>sazculo</span> <span class='ocrx_word' id='word_1_101' title='bbox 1329 1844 1487 1913; x_wconf 88' lang='lat' dir='ltr'>colit,</span> <span class='ocrx_word' id='word_1_102' title='bbox 1513 1843 1805 1900; x_wconf 88' lang='lat' dir='ltr'>culturam</span> <span class='ocrx_word' id='word_1_103' title='bbox 1836 1860 1991 1899; x_wconf 90' lang='lat' dir='ltr'>erro-</span> 
     </span>
    </p>
   </div>
   <div class='ocr_carea' id='block_1_19' title="bbox 2095 685 3754 758">
    <p class='ocr_par' dir='ltr' id='par_1_19' title="bbox 2095 685 3754 758">
     <span class='ocr_line' id='line_1_19' title="bbox 2095 685 3754 758; baseline 0 -17"><span class='ocrx_word' id='word_1_104' title='bbox 2095 688 2317 742; x_wconf 87' lang='lat' dir='ltr'>abrasit</span> <span class='ocrx_word' id='word_1_105' title='bbox 2338 686 2675 752; x_wconf 88' lang='lat' dir='ltr'>nebulas,ut</span> <span class='ocrx_word' id='word_1_106' title='bbox 2692 687 2781 741; x_wconf 84' lang='lat' dir='ltr'>vix</span> <span class='ocrx_word' id='word_1_107' title='bbox 2800 685 3015 757; x_wconf 86' lang='lat' dir='ltr'>aliquis</span> <span class='ocrx_word' id='word_1_108' title='bbox 3036 686 3523 758; x_wconf 81' lang='lat' dir='ltr'>inveniretur,qui</span> <span class='ocrx_word' id='word_1_109' title='bbox 3547 687 3754 742; x_wconf 87' lang='lat' dir='ltr'>Jesum</span> 
     </span>
    </p>
   </div>
   <div class='ocr_carea' id='block_1_20' title="bbox 2094 775 3760 847">
    <p class='ocr_par' dir='ltr' id='par_1_20' title="bbox 2094 775 3760 847">
     <span class='ocr_line' id='line_1_20' title="bbox 2094 775 3760 847; baseline 0.001 -17"><span class='ocrx_word' id='word_1_110' title='bbox 2094 777 2392 831; x_wconf 79' lang='lat' dir='ltr'>Christum</span> <span class='ocrx_word' id='word_1_111' title='bbox 2414 777 2596 830; x_wconf 85' lang='lat' dir='ltr'>Deum</span> <span class='ocrx_word' id='word_1_112' title='bbox 2618 780 2668 829; x_wconf 87' lang='lat' dir='ltr'>cl</span> <span class='ocrx_word' id='word_1_113' title='bbox 2690 775 3005 830; x_wconf 88' lang='lat' dir='ltr'>Dominum</span> <span class='ocrx_word' id='word_1_114' title='bbox 3027 793 3140 829; x_wconf 84' lang='lat' dir='ltr'>non</span> <span class='ocrx_word' id='word_1_115' title='bbox 3163 776 3760 847; x_wconf 83' lang='lat' dir='ltr'>conﬁteretur.llujus</span> 
     </span>
    </p>
   </div>
   <div class='ocr_carea' id='block_1_21' title="bbox 2097 864 3761 938">
    <p class='ocr_par' dir='ltr' id='par_1_21' title="bbox 2097 864 3761 938">
     <span class='ocr_line' id='line_1_21' title="bbox 2097 864 3761 938; baseline -0.001 -18"><span class='ocrx_word' id='word_1_116' title='bbox 2097 867 2277 938; x_wconf 86' lang='lat' dir='ltr'>igitur</span> <span class='ocrx_word' id='word_1_117' title='bbox 2298 871 2417 920; x_wconf 87' lang='lat' dir='ltr'>tam</span> <span class='ocrx_word' id='word_1_118' title='bbox 2445 865 2690 920; x_wconf 80' lang='lat' dir='ltr'>celebris</span> <span class='ocrx_word' id='word_1_119' title='bbox 2716 865 2848 919; x_wconf 83' lang='lat' dir='ltr'>facti</span> <span class='ocrx_word' id='word_1_120' title='bbox 2877 866 3104 931; x_wconf 89' lang='lat' dir='ltr'>nuntio,</span> <span class='ocrx_word' id='word_1_121' title='bbox 3130 864 3524 932; x_wconf 84' lang='lat' dir='ltr'>Defensor,vir</span> <span class='ocrx_word' id='word_1_122' title='bbox 3544 865 3761 937; x_wconf 82' lang='lat' dir='ltr'>glorio-</span> 
     </span>
    </p>
   </div>
   <div class='ocr_carea' id='block_1_22' title="bbox 2098 954 3761 1026">
    <p class='ocr_par' dir='ltr' id='par_1_22' title="bbox 2098 954 3761 1026">
     <span class='ocr_line' id='line_1_22' title="bbox 2098 954 3761 1026; baseline -0.001 -16"><span class='ocrx_word' id='word_1_123' title='bbox 2098 974 2218 1022; x_wconf 88' lang='lat' dir='ltr'>sns,</span> <span class='ocrx_word' id='word_1_124' title='bbox 2245 957 2415 1026; x_wconf 82' lang='lat' dir='ltr'>cujus</span> <span class='ocrx_word' id='word_1_125' title='bbox 2446 972 2625 1025; x_wconf 80' lang='lat' dir='ltr'>supra</span> <span class='ocrx_word' id='word_1_126' title='bbox 2650 955 2996 1009; x_wconf 82' lang='lat' dir='ltr'>memoriam</span> <span class='ocrx_word' id='word_1_127' title='bbox 3032 954 3300 1024; x_wconf 79' lang='lat' dir='ltr'>fecimus,</span> <span class='ocrx_word' id='word_1_128' title='bbox 3326 956 3398 1009; x_wconf 87' lang='lat' dir='ltr'>ad</span> <span class='ocrx_word' id='word_1_129' title='bbox 3424 972 3486 1009; x_wconf 87' lang='lat' dir='ltr'>se</span> <span class='ocrx_word' id='word_1_130' title='bbox 3515 954 3761 1026; x_wconf 80' lang='lat' dir='ltr'>perlate,</span> 
     </span>
    </p>
   </div>
   <div class='ocr_carea' id='block_1_23' title="bbox 2099 1044 3765 1116">
    <p class='ocr_par' dir='ltr' id='par_1_23' title="bbox 2099 1044 3765 1116">
     <span class='ocr_line' id='line_1_23' title="bbox 2099 1044 3765 1116; baseline 0 -17"><span class='ocrx_word' id='word_1_131' title='bbox 2099 1045 2316 1116; x_wconf 77' lang='lat' dir='ltr'>ingenti</span> <span class='ocrx_word' id='word_1_132' title='bbox 2352 1046 2595 1098; x_wconf 81' lang='lat' dir='ltr'>all&#39;eetus</span> <span class='ocrx_word' id='word_1_133' title='bbox 2627 1044 2843 1113; x_wconf 77' lang='lat' dir='ltr'>gaudio</span> <span class='ocrx_word' id='word_1_134' title='bbox 2876 1044 3171 1098; x_wconf 79' lang='lat' dir='ltr'>benedixit</span> <span class='ocrx_word' id='word_1_135' title='bbox 3198 1044 3403 1111; x_wconf 86' lang='lat' dir='ltr'>Deum,</span> <span class='ocrx_word' id='word_1_136' title='bbox 3428 1051 3484 1099; x_wconf 92' lang='lat' dir='ltr'>et</span> <span class='ocrx_word' id='word_1_137' title='bbox 3511 1046 3765 1099; x_wconf 74' lang='lat' dir='ltr'>festinus</span> 
     </span>
    </p>
   </div>
   <div class='ocr_carea' id='block_1_24' title="bbox 2099 1132 3763 1205">
    <p class='ocr_par' dir='ltr' id='par_1_24' title="bbox 2099 1132 3763 1205">
     <span class='ocr_line' id='line_1_24' title="bbox 2099 1132 3763 1205; baseline -0.001 -17"><span class='ocrx_word' id='word_1_138' title='bbox 2099 1135 2380 1188; x_wconf 76' lang='lat' dir='ltr'>accedens</span> <span class='ocrx_word' id='word_1_139' title='bbox 2406 1134 2475 1186; x_wconf 87' lang='lat' dir='ltr'>ad</span> <span class='ocrx_word' id='word_1_140' title='bbox 2502 1134 2733 1186; x_wconf 81' lang='lat' dir='ltr'>beatum</span> <span class='ocrx_word' id='word_1_141' title='bbox 2756 1133 2943 1186; x_wconf 86' lang='lat' dir='ltr'>virum</span> <span class='ocrx_word' id='word_1_142' title='bbox 2970 1132 3313 1205; x_wconf 80' lang='lat' dir='ltr'>suppliciter</span> <span class='ocrx_word' id='word_1_143' title='bbox 3334 1135 3589 1205; x_wconf 75' lang='lat' dir='ltr'>pett-bat,</span> <span class='ocrx_word' id='word_1_144' title='bbox 3608 1142 3673 1187; x_wconf 88' lang='lat' dir='ltr'>ut</span> <span class='ocrx_word' id='word_1_145' title='bbox 3696 1135 3763 1187; x_wconf 86' lang='lat' dir='ltr'>ad</span> 
     </span>
    </p>
   </div>
   <div class='ocr_carea' id='block_1_25' title="bbox 2100 1221 3763 1294">
    <p class='ocr_par' dir='ltr' id='par_1_25' title="bbox 2100 1221 3763 1294">
     <span class='ocr_line' id='line_1_25' title="bbox 2100 1221 3763 1294; baseline 0.001 -19"><span class='ocrx_word' id='word_1_146' title='bbox 2100 1224 2340 1277; x_wconf 88' lang='lat' dir='ltr'>domum</span> <span class='ocrx_word' id='word_1_147' title='bbox 2364 1223 2493 1293; x_wconf 83' lang='lat' dir='ltr'>ejus</span> <span class='ocrx_word' id='word_1_148' title='bbox 2516 1221 2791 1276; x_wconf 76' lang='lat' dir='ltr'>accedere</span> <span class='ocrx_word' id='word_1_149' title='bbox 2813 1222 3171 1293; x_wconf 69' lang='lat' dir='ltr'>dignaretur,</span> <span class='ocrx_word' id='word_1_150' title='bbox 3200 1228 3263 1277; x_wconf 88' lang='lat' dir='ltr'>ut</span> <span class='ocrx_word' id='word_1_151' title='bbox 3284 1240 3386 1294; x_wconf 88' lang='lat' dir='ltr'>pro</span> <span class='ocrx_word' id='word_1_152' title='bbox 3410 1223 3763 1294; x_wconf 80' lang='lat' dir='ltr'>triumphati</span> 
     </span>
    </p>
   </div>
   <div class='ocr_carea' id='block_1_26' title="bbox 2100 1310 3765 1381">
    <p class='ocr_par' dir='ltr' id='par_1_26' title="bbox 2100 1310 3765 1381">
     <span class='ocr_line' id='line_1_26' title="bbox 2100 1310 3765 1381; baseline -0.001 -15"><span class='ocrx_word' id='word_1_153' title='bbox 2100 1312 2286 1366; x_wconf 90' lang='lat' dir='ltr'>hostis</span> <span class='ocrx_word' id='word_1_154' title='bbox 2319 1312 2562 1365; x_wconf 76' lang='lat' dir='ltr'>victoria</span> <span class='ocrx_word' id='word_1_155' title='bbox 2593 1310 2854 1381; x_wconf 81' lang='lat' dir='ltr'>largitori</span> <span class='ocrx_word' id='word_1_156' title='bbox 2895 1311 3161 1366; x_wconf 86' lang='lat' dir='ltr'>omnium</span> <span class='ocrx_word' id='word_1_157' title='bbox 3206 1313 3492 1366; x_wconf 89' lang='lat' dir='ltr'>bonorum</span> <span class='ocrx_word' id='word_1_158' title='bbox 3529 1312 3765 1366; x_wconf 82' lang='lat' dir='ltr'>Christo</span> 
     </span>
    </p>
   </div>
   <div class='ocr_carea' id='block_1_27' title="bbox 2101 1399 3765 1471">
    <p class='ocr_par' dir='ltr' id='par_1_27' title="bbox 2101 1399 3765 1471">
     <span class='ocr_line' id='line_1_27' title="bbox 2101 1399 3765 1471; baseline 0 -17"><span class='ocrx_word' id='word_1_159' title='bbox 2101 1417 2290 1455; x_wconf 89' lang='lat' dir='ltr'>comm</span> <span class='ocrx_word' id='word_1_160' title='bbox 2304 1400 2496 1454; x_wconf 61' lang='lat' dir='ltr'>uniter</span> <span class='ocrx_word' id='word_1_161' title='bbox 2512 1400 2731 1471; x_wconf 80' lang='lat' dir='ltr'>gratias</span> <span class='ocrx_word' id='word_1_162' title='bbox 2755 1399 3087 1465; x_wconf 80' lang='lat' dir='ltr'>referentes,</span> <span class='ocrx_word' id='word_1_163' title='bbox 3106 1405 3266 1455; x_wconf 85' lang='lat' dir='ltr'>casto</span> <span class='ocrx_word' id='word_1_164' title='bbox 3289 1399 3465 1455; x_wconf 87' lang='lat' dir='ltr'>simul</span> <span class='ocrx_word' id='word_1_165' title='bbox 3483 1404 3542 1455; x_wconf 90' lang='lat' dir='ltr'>ct</span> <span class='ocrx_word' id='word_1_166' title='bbox 3561 1406 3765 1455; x_wconf 87' lang='lat' dir='ltr'>sancto</span> 
     </span>
    </p>
   </div>
   <div class='ocr_carea' id='block_1_28' title="bbox 2101 1488 3768 1561">
    <p class='ocr_par' dir='ltr' id='par_1_28' title="bbox 2101 1488 3768 1561">
     <span class='ocr_line' id='line_1_28' title="bbox 2101 1488 3768 1561; baseline 0 -18"><span class='ocrx_word' id='word_1_167' title='bbox 2101 1490 2595 1561; x_wconf 86' lang='lat' dir='ltr'>participarentur</span> <span class='ocrx_word' id='word_1_168' title='bbox 2634 1488 2915 1543; x_wconf 89' lang='lat' dir='ltr'>convivio.</span> <span class='ocrx_word' id='word_1_169' title='bbox 2952 1490 3131 1560; x_wconf 83' lang='lat' dir='ltr'>Cujus</span> <span class='ocrx_word' id='word_1_170' title='bbox 3170 1489 3509 1560; x_wconf 84' lang='lat' dir='ltr'>petitionem</span> <span class='ocrx_word' id='word_1_171' title='bbox 3558 1490 3768 1544; x_wconf 86' lang='lat' dir='ltr'>beatus</span> 
     </span>
    </p>
   </div>
   <div class='ocr_carea' id='block_1_29' title="bbox 2101 1578 3768 1651">
    <p class='ocr_par' dir='ltr' id='par_1_29' title="bbox 2101 1578 3768 1651">
     <span class='ocr_line' id='line_1_29' title="bbox 2101 1578 3768 1651; baseline 0.001 -20"><span class='ocrx_word' id='word_1_172' title='bbox 2101 1580 2189 1632; x_wconf 88' lang='lat' dir='ltr'>vir</span> <span class='ocrx_word' id='word_1_173' title='bbox 2211 1596 2324 1632; x_wconf 91' lang='lat' dir='ltr'>non</span> <span class='ocrx_word' id='word_1_174' title='bbox 2352 1594 2605 1633; x_wconf 85' lang='lat' dir='ltr'>renuens</span> <span class='ocrx_word' id='word_1_175' title='bbox 2622 1578 2859 1649; x_wconf 71' lang='lat' dir='ltr'>(quippe</span> <span class='ocrx_word' id='word_1_176' title='bbox 2882 1595 3054 1649; x_wconf 88' lang='lat' dir='ltr'>quem</span> <span class='ocrx_word' id='word_1_177' title='bbox 3080 1578 3287 1632; x_wconf 90' lang='lat' dir='ltr'>merito</span> <span class='ocrx_word' id='word_1_178' title='bbox 3315 1578 3620 1651; x_wconf 85' lang='lat' dir='ltr'>religionis</span> <span class='ocrx_word' id='word_1_179' title='bbox 3638 1596 3768 1633; x_wconf 84' lang='lat' dir='ltr'>vera</span> 
     </span>
    </p>
   </div>
   <div class='ocr_carea' id='block_1_30' title="bbox 2104 1667 3770 1738">
    <p class='ocr_par' dir='ltr' id='par_1_30' title="bbox 2104 1667 3770 1738">
     <span class='ocr_line' id='line_1_30' title="bbox 2104 1667 3770 1738; baseline 0.001 -17"><span class='ocrx_word' id='word_1_180' title='bbox 2104 1667 2215 1722; x_wconf 89' lang='lat' dir='ltr'>sibi</span> <span class='ocrx_word' id='word_1_181' title='bbox 2244 1672 2517 1721; x_wconf 83' lang='lat' dir='ltr'>nexuerat</span> <span class='ocrx_word' id='word_1_182' title='bbox 2547 1667 2826 1735; x_wconf 81' lang='lat' dir='ltr'>Charitas)</span> <span class='ocrx_word' id='word_1_183' title='bbox 2849 1673 2911 1722; x_wconf 91' lang='lat' dir='ltr'>ut</span> <span class='ocrx_word' id='word_1_184' title='bbox 2935 1668 3063 1738; x_wconf 88' lang='lat' dir='ltr'>ejus</span> <span class='ocrx_word' id='word_1_185' title='bbox 3085 1667 3373 1722; x_wconf 86' lang='lat' dir='ltr'>desiderio</span> <span class='ocrx_word' id='word_1_186' title='bbox 3400 1667 3770 1722; x_wconf 74' lang='lat' dir='ltr'>satisfaceret</span> 
     </span>
    </p>
   </div>
   <div class='ocr_carea' id='block_1_31' title="bbox 2106 1755 3769 1828">
    <p class='ocr_par' dir='ltr' id='par_1_31' title="bbox 2106 1755 3769 1828">
     <span class='ocr_line' id='line_1_31' title="bbox 2106 1755 3769 1828; baseline 0.001 -18"><span class='ocrx_word' id='word_1_187' title='bbox 2106 1757 2470 1828; x_wconf 84' lang='lat' dir='ltr'>properabat.</span> <span class='ocrx_word' id='word_1_188' title='bbox 2500 1757 2608 1811; x_wconf 87' lang='lat' dir='ltr'>Sed</span> <span class='ocrx_word' id='word_1_189' title='bbox 2634 1772 2770 1810; x_wconf 90' lang='lat' dir='ltr'>cum</span> <span class='ocrx_word' id='word_1_190' title='bbox 2804 1757 2914 1811; x_wconf 89' lang='lat' dir='ltr'>iter</span> <span class='ocrx_word' id='word_1_191' title='bbox 2943 1761 3268 1828; x_wconf 87' lang='lat' dir='ltr'>carperent,</span> <span class='ocrx_word' id='word_1_192' title='bbox 3294 1755 3352 1811; x_wconf 92' lang='lat' dir='ltr'>in</span> <span class='ocrx_word' id='word_1_193' title='bbox 3386 1759 3553 1828; x_wconf 82' lang='lat' dir='ltr'>parte</span> <span class='ocrx_word' id='word_1_194' title='bbox 3586 1774 3769 1811; x_wconf 81' lang='lat' dir='ltr'>nova-</span> 
     </span>
    </p>
   </div>
   <div class='ocr_carea' id='block_1_32' title="bbox 2103 1844 3772 1917">
    <p class='ocr_par' dir='ltr' id='par_1_32' title="bbox 2103 1844 3772 1917">
     <span class='ocr_line' id='line_1_32' title="bbox 2103 1844 3772 1917; baseline 0.001 -19"><span class='ocrx_word' id='word_1_195' title='bbox 2103 1844 2175 1900; x_wconf 92' lang='lat' dir='ltr'>lis</span> <span class='ocrx_word' id='word_1_196' title='bbox 2209 1861 2453 1917; x_wconf 88' lang='lat' dir='ltr'>puerum</span> <span class='ocrx_word' id='word_1_197' title='bbox 2490 1845 2807 1916; x_wconf 84' lang='lat' dir='ltr'>quemdam</span> <span class='ocrx_word' id='word_1_198' title='bbox 2853 1846 3202 1900; x_wconf 89' lang='lat' dir='ltr'>invenerunt</span> <span class='ocrx_word' id='word_1_199' title='bbox 3253 1846 3325 1900; x_wconf 91' lang='lat' dir='ltr'>ab</span> <span class='ocrx_word' id='word_1_200' title='bbox 3377 1844 3616 1915; x_wconf 88' lang='lat' dir='ltr'>ingente</span> <span class='ocrx_word' id='word_1_201' title='bbox 3649 1861 3772 1900; x_wconf 79' lang='lat' dir='ltr'>ser—</span> 
     </span>
    </p>
   </div>
   <div class='ocr_carea' id='block_1_33' title="bbox 335 1931 3777 2034">
    <p class='ocr_par' dir='ltr' id='par_1_33' title="bbox 335 1931 3777 2034">
     <span class='ocr_line' id='line_1_33' title="bbox 335 1931 3777 2034; baseline -0.002 -40"><span class='ocrx_word' id='word_1_202' title='bbox 335 1955 484 1994; x_wconf 88' lang='lat' dir='ltr'>neus</span> <span class='ocrx_word' id='word_1_203' title='bbox 514 1938 852 2002; x_wconf 87' lang='lat' dir='ltr'>evacuaret;</span> <span class='ocrx_word' id='word_1_204' title='bbox 887 1933 1081 1989; x_wconf 89' lang='lat' dir='ltr'>vivum</span> <span class='ocrx_word' id='word_1_205' title='bbox 1123 1934 1283 1988; x_wconf 83' lang='lat' dir='ltr'>exuri</span> <span class='ocrx_word' id='word_1_206' title='bbox 1324 1933 1555 2000; x_wconf 84' lang='lat' dir='ltr'>debere,</span> <span class='ocrx_word' id='word_1_207' title='bbox 1590 1938 1655 1987; x_wconf 91' lang='lat' dir='ltr'>ut</span> <span class='ocrx_word' id='word_1_208' title='bbox 1684 1933 1812 2003; x_wconf 85' lang='lat' dir='ltr'>ejus</span> <span class='ocrx_word' id='word_1_209' title='bbox 1846 1932 1990 1986; x_wconf 90' lang='lat' dir='ltr'>inte-</span> <span class='ocrx_word' id='word_1_210' title='bbox 2025 1967 2072 2034; x_wconf 83' lang='lat' dir='ltr'><strong>B</strong></span> <span class='ocrx_word' id='word_1_211' title='bbox 2106 1940 2277 2005; x_wconf 89' lang='lat' dir='ltr'>pente</span> <span class='ocrx_word' id='word_1_212' title='bbox 2301 1934 2479 2004; x_wconf 88' lang='lat' dir='ltr'>pedes</span> <span class='ocrx_word' id='word_1_213' title='bbox 2505 1938 2562 1987; x_wconf 89' lang='lat' dir='ltr'>et</span> <span class='ocrx_word' id='word_1_214' title='bbox 2594 1932 2835 1988; x_wconf 83' lang='lat' dir='ltr'>brachia</span> <span class='ocrx_word' id='word_1_215' title='bbox 2858 1949 3188 2005; x_wconf 87' lang='lat' dir='ltr'>corpusque</span> <span class='ocrx_word' id='word_1_216' title='bbox 3210 1939 3399 1988; x_wconf 89' lang='lat' dir='ltr'>totum</span> <span class='ocrx_word' id='word_1_217' title='bbox 3424 1931 3604 2004; x_wconf 86' lang='lat' dir='ltr'>spiris</span> <span class='ocrx_word' id='word_1_218' title='bbox 3624 1935 3777 2005; x_wconf 85' lang='lat' dir='ltr'>vipe-</span> 
     </span>
    </p>
   </div>
   <div class='ocr_carea' id='block_1_34' title="bbox 335 2021 1991 2096">
    <p class='ocr_par' dir='ltr' id='par_1_34' title="bbox 335 2021 1991 2096">
     <span class='ocr_line' id='line_1_34' title="bbox 335 2021 1991 2096; baseline -0.004 -14"><span class='ocrx_word' id='word_1_219' title='bbox 335 2026 485 2082; x_wconf 89' lang='lat' dir='ltr'>ritus</span> <span class='ocrx_word' id='word_1_220' title='bbox 510 2022 773 2096; x_wconf 84' lang='lat' dir='ltr'>exemplo</span> <span class='ocrx_word' id='word_1_221' title='bbox 800 2021 1014 2094; x_wconf 88' lang='lat' dir='ltr'>aliquis</span> <span class='ocrx_word' id='word_1_222' title='bbox 1038 2022 1323 2094; x_wconf 89' lang='lat' dir='ltr'>impostor</span> <span class='ocrx_word' id='word_1_223' title='bbox 1347 2026 1404 2077; x_wconf 91' lang='lat' dir='ltr'>et</span> <span class='ocrx_word' id='word_1_224' title='bbox 1425 2021 1773 2077; x_wconf 89' lang='lat' dir='ltr'>temerarius</span> <span class='ocrx_word' id='word_1_225' title='bbox 1805 2026 1991 2077; x_wconf 90' lang='lat' dir='ltr'>terre-</span> 
     </span>
    </p>
   </div>
   <div class='ocr_carea' id='block_1_35' title="bbox 335 2110 1992 2184">
    <p class='ocr_par' dir='ltr' id='par_1_35' title="bbox 335 2110 1992 2184">
     <span class='ocr_line' id='line_1_35' title="bbox 335 2110 1992 2184; baseline -0.005 -13"><span class='ocrx_word' id='word_1_226' title='bbox 335 2119 517 2181; x_wconf 88' lang='lat' dir='ltr'>retur,</span> <span class='ocrx_word' id='word_1_227' title='bbox 551 2130 623 2169; x_wconf 90' lang='lat' dir='ltr'>ne</span> <span class='ocrx_word' id='word_1_228' title='bbox 652 2114 857 2169; x_wconf 88' lang='lat' dir='ltr'>contra</span> <span class='ocrx_word' id='word_1_229' title='bbox 883 2110 1307 2184; x_wconf 85' lang='lat' dir='ltr'>rempublicam</span> <span class='ocrx_word' id='word_1_230' title='bbox 1339 2110 1857 2182; x_wconf 88' lang='lat' dir='ltr'>timcndorumque</span> <span class='ocrx_word' id='word_1_231' title='bbox 1890 2127 1992 2163; x_wconf 82' lang='lat' dir='ltr'>nu-</span> 
     </span>
    </p>
   </div>
   <div class='ocr_carea' id='block_1_36' title="bbox 336 2198 1995 2273">
    <p class='ocr_par' dir='ltr' id='par_1_36' title="bbox 336 2198 1995 2273">
     <span class='ocr_line' id='line_1_36' title="bbox 336 2198 1995 2273; baseline -0.004 -14"><span class='ocrx_word' id='word_1_232' title='bbox 336 2204 566 2259; x_wconf 88' lang='lat' dir='ltr'>minum</span> <span class='ocrx_word' id='word_1_233' title='bbox 599 2198 1236 2273; x_wconf 84' lang='lat' dir='ltr'>reverentiam,quibus</span> <span class='ocrx_word' id='word_1_234' title='bbox 1267 2200 1426 2256; x_wconf 87' lang='lat' dir='ltr'>orbis</span> <span class='ocrx_word' id='word_1_235' title='bbox 1457 2204 1705 2267; x_wconf 88' lang='lat' dir='ltr'>constat,</span> <span class='ocrx_word' id='word_1_236' title='bbox 1731 2205 1788 2255; x_wconf 90' lang='lat' dir='ltr'>et</span> <span class='ocrx_word' id='word_1_237' title='bbox 1816 2198 1995 2254; x_wconf 87' lang='lat' dir='ltr'>alitur</span> 
     </span>
    </p>
   </div>
   <div class='ocr_carea' id='block_1_37' title="bbox 336 2287 1689 2366">
    <p class='ocr_par' dir='ltr' id='par_1_37' title="bbox 336 2287 1689 2366">
     <span class='ocr_line' id='line_1_37' title="bbox 336 2287 1689 2366; baseline -0.003 -19"><span class='ocrx_word' id='word_1_238' title='bbox 336 2288 749 2366; x_wconf 88' lang='lat' dir='ltr'>quoquomodo</span> <span class='ocrx_word' id='word_1_239' title='bbox 780 2289 1033 2346; x_wconf 89' lang='lat' dir='ltr'>ulterius</span> <span class='ocrx_word' id='word_1_240' title='bbox 1062 2287 1351 2345; x_wconf 89' lang='lat' dir='ltr'>oblatrare</span> <span class='ocrx_word' id='word_1_241' title='bbox 1385 2289 1689 2344; x_wconf 86' lang='lat' dir='ltr'>niteretur.</span> 
     </span>
    </p>
   </div>
   <div class='ocr_carea' id='block_1_38' title="bbox 406 2377 1994 2445">
    <p class='ocr_par' dir='ltr' id='par_1_38' title="bbox 406 2377 1994 2445">
     <span class='ocr_line' id='line_1_38' title="bbox 406 2377 1994 2445; baseline -0.004 -7"><span class='ocrx_word' id='word_1_242' title='bbox 406 2383 499 2438; x_wconf 80' lang='grc'>24.</span> <span class='ocrx_word' id='word_1_243' title='bbox 533 2380 635 2437; x_wconf 85' lang='lat' dir='ltr'>His</span> <span class='ocrx_word' id='word_1_244' title='bbox 662 2378 938 2437; x_wconf 82' lang='lat' dir='ltr'>Julianus</span> <span class='ocrx_word' id='word_1_245' title='bbox 968 2393 1085 2434; x_wconf 90' lang='lat' dir='ltr'>non</span> <span class='ocrx_word' id='word_1_246' title='bbox 1116 2377 1288 2434; x_wconf 89' lang='lat' dir='ltr'>modo</span> <span class='ocrx_word' id='word_1_247' title='bbox 1340 2395 1454 2434; x_wconf 90' lang='lat' dir='ltr'>non</span> <span class='ocrx_word' id='word_1_248' title='bbox 1506 2377 1765 2445; x_wconf 89' lang='lat' dir='ltr'>territus,</span> <span class='ocrx_word' id='word_1_249' title='bbox 1792 2394 1994 2433; x_wconf 87' lang='lat' dir='ltr'>verum</span> 
     </span>
    </p>
   </div>
   <div class='ocr_carea' id='block_1_39' title="bbox 318 2464 1994 2543">
    <p class='ocr_par' dir='ltr' id='par_1_39' title="bbox 318 2464 1994 2543">
     <span class='ocr_line' id='line_1_39' title="bbox 318 2464 1994 2543; baseline -0.001 -20"><span class='ocrx_word' id='word_1_250' title='bbox 318 2472 410 2527; x_wconf 79' lang='lat' dir='ltr'>.ad</span> <span class='ocrx_word' id='word_1_251' title='bbox 444 2469 704 2543; x_wconf 81' lang='lat' dir='ltr'>pugnam</span> <span class='ocrx_word' id='word_1_252' title='bbox 727 2469 933 2523; x_wconf 89' lang='lat' dir='ltr'>contra</span> <span class='ocrx_word' id='word_1_253' title='bbox 955 2464 1257 2523; x_wconf 84' lang='lat' dir='ltr'>diabolum</span> <span class='ocrx_word' id='word_1_254' title='bbox 1290 2464 1545 2522; x_wconf 83' lang='lat' dir='ltr'>alacrius</span> <span class='ocrx_word' id='word_1_255' title='bbox 1576 2466 1898 2530; x_wconf 90' lang='lat' dir='ltr'>accinctus,</span> <span class='ocrx_word' id='word_1_256' title='bbox 1923 2466 1994 2521; x_wconf 89' lang='lat' dir='ltr'>ad</span> 
     </span>
    </p>
   </div>
   <div class='ocr_carea' id='block_1_40' title="bbox 335 2554 1998 2627">
    <p class='ocr_par' dir='ltr' id='par_1_40' title="bbox 335 2554 1998 2627">
     <span class='ocr_line' id='line_1_40' title="bbox 335 2554 1998 2627; baseline -0.005 -11"><span class='ocrx_word' id='word_1_257' title='bbox 335 2560 533 2616; x_wconf 90' lang='lat' dir='ltr'>locum</span> <span class='ocrx_word' id='word_1_258' title='bbox 564 2557 677 2613; x_wconf 87' lang='lat' dir='ltr'>iter</span> <span class='ocrx_word' id='word_1_259' title='bbox 695 2554 998 2622; x_wconf 85' lang='lat' dir='ltr'>accelerat,</span> <span class='ocrx_word' id='word_1_260' title='bbox 1018 2572 1135 2627; x_wconf 91' lang='lat' dir='ltr'>quo</span> <span class='ocrx_word' id='word_1_261' title='bbox 1157 2556 1569 2627; x_wconf 62' lang='lat' dir='ltr'>caputerroris</span> <span class='ocrx_word' id='word_1_262' title='bbox 1599 2572 1799 2611; x_wconf 89' lang='lat' dir='ltr'>eorum</span> <span class='ocrx_word' id='word_1_263' title='bbox 1824 2554 1998 2609; x_wconf 85' lang='lat' dir='ltr'>male-</span> 
     </span>
    </p>
   </div>
   <div class='ocr_carea' id='block_1_41' title="bbox 339 2644 1999 2719">
    <p class='ocr_par' dir='ltr' id='par_1_41' title="bbox 339 2644 1999 2719">
     <span class='ocr_line' id='line_1_41' title="bbox 339 2644 1999 2719; baseline -0.004 -14"><span class='ocrx_word' id='word_1_264' title='bbox 339 2648 527 2705; x_wconf 86' lang='lat' dir='ltr'>suada</span> <span class='ocrx_word' id='word_1_265' title='bbox 575 2644 778 2719; x_wconf 86' lang='lat' dir='ltr'>religio</span> <span class='ocrx_word' id='word_1_266' title='bbox 811 2644 1161 2701; x_wconf 89' lang='lat' dir='ltr'>destinebat.</span> <span class='ocrx_word' id='word_1_267' title='bbox 1187 2645 1334 2700; x_wconf 84' lang='lat' dir='ltr'>Nam</span> <span class='ocrx_word' id='word_1_268' title='bbox 1368 2645 1427 2700; x_wconf 90' lang='lat' dir='ltr'>in</span> <span class='ocrx_word' id='word_1_269' title='bbox 1459 2645 1584 2700; x_wconf 85' lang='lat' dir='ltr'>vico</span> <span class='ocrx_word' id='word_1_270' title='bbox 1628 2645 1722 2700; x_wconf 90' lang='lat' dir='ltr'>cui</span> <span class='ocrx_word' id='word_1_271' title='bbox 1761 2645 1999 2699; x_wconf 89' lang='lat' dir='ltr'>Artinas</span> 
     </span>
    </p>
   </div>
   <div class='ocr_carea' id='block_1_42' title="bbox 339 2732 2001 2806">
    <p class='ocr_par' dir='ltr' id='par_1_42' title="bbox 339 2732 2001 2806">
     <span class='ocr_line' id='line_1_42' title="bbox 339 2732 2001 2806; baseline -0.003 -12"><span class='ocrx_word' id='word_1_272' title='bbox 339 2736 692 2794; x_wconf 87' lang='lat' dir='ltr'>vocabulum</span> <span class='ocrx_word' id='word_1_273' title='bbox 717 2738 825 2804; x_wconf 90' lang='lat' dir='ltr'>est,</span> <span class='ocrx_word' id='word_1_274' title='bbox 854 2733 1140 2806; x_wconf 89' lang='lat' dir='ltr'>templum</span> <span class='ocrx_word' id='word_1_275' title='bbox 1160 2738 1307 2801; x_wconf 89' lang='lat' dir='ltr'>erat,</span> <span class='ocrx_word' id='word_1_276' title='bbox 1325 2738 1383 2789; x_wconf 86' lang='lat' dir='ltr'>et</span> <span class='ocrx_word' id='word_1_277' title='bbox 1406 2732 1552 2790; x_wconf 63' lang='lat' dir='ltr'>in‘co</span> <span class='ocrx_word' id='word_1_278' title='bbox 1574 2735 1734 2790; x_wconf 89' lang='lat' dir='ltr'>Jovis</span> <span class='ocrx_word' id='word_1_279' title='bbox 1761 2734 2001 2789; x_wconf 84' lang='lat' dir='ltr'>simula-</span> 
     </span>
    </p>
   </div>
   <div class='ocr_carea' id='block_1_43' title="bbox 342 2824 1998 2896">
    <p class='ocr_par' dir='ltr' id='par_1_43' title="bbox 342 2824 1998 2896">
     <span class='ocr_line' id='line_1_43' title="bbox 342 2824 1998 2896; baseline -0.004 -12"><span class='ocrx_word' id='word_1_280' title='bbox 342 2844 509 2885; x_wconf 89' lang='lat' dir='ltr'>crum</span> <span class='ocrx_word' id='word_1_281' title='bbox 541 2824 944 2896; x_wconf 81' lang='lat' dir='ltr'>falsorumque</span> <span class='ocrx_word' id='word_1_282' title='bbox 966 2824 1276 2879; x_wconf 89' lang='lat' dir='ltr'>innumera</span> <span class='ocrx_word' id='word_1_283' title='bbox 1298 2827 1571 2895; x_wconf 89' lang='lat' dir='ltr'>portenta</span> <span class='ocrx_word' id='word_1_284' title='bbox 1590 2824 1854 2891; x_wconf 84' lang='lat' dir='ltr'>deorum,</span> <span class='ocrx_word' id='word_1_285' title='bbox 1871 2839 1998 2895; x_wconf 66' lang='lat' dir='ltr'>quae</span> 
     </span>
    </p>
   </div>
   <div class='ocr_carea' id='block_1_44' title="bbox 336 2911 2003 2985">
    <p class='ocr_par' dir='ltr' id='par_1_44' title="bbox 336 2911 2003 2985">
     <span class='ocr_line' id='line_1_44' title="bbox 336 2911 2003 2985; baseline -0.002 -14"><span class='ocrx_word' id='word_1_286' title='bbox 336 2916 496 2972; x_wconf 89' lang='lat' dir='ltr'>vario</span> <span class='ocrx_word' id='word_1_287' title='bbox 542 2930 736 2972; x_wconf 89' lang='lat' dir='ltr'>errore</span> <span class='ocrx_word' id='word_1_288' title='bbox 780 2912 987 2968; x_wconf 89' lang='lat' dir='ltr'>delusa</span> <span class='ocrx_word' id='word_1_289' title='bbox 1034 2911 1333 2985; x_wconf 87' lang='lat' dir='ltr'>gentilitas</span> <span class='ocrx_word' id='word_1_290' title='bbox 1383 2911 1593 2984; x_wconf 88' lang='lat' dir='ltr'>priscis</span> <span class='ocrx_word' id='word_1_291' title='bbox 1638 2912 2003 2983; x_wconf 89' lang='lat' dir='ltr'>temporibus</span> 
     </span>
    </p>
   </div>
   <div class='ocr_carea' id='block_1_45' title="bbox 341 3000 2004 3073">
    <p class='ocr_par' dir='ltr' id='par_1_45' title="bbox 341 3000 2004 3073">
     <span class='ocr_line' id='line_1_45' title="bbox 341 3000 2004 3073; baseline -0.004 -13"><span class='ocrx_word' id='word_1_292' title='bbox 341 3006 603 3060; x_wconf 84' lang='lat' dir='ltr'>erexerat</span> <span class='ocrx_word' id='word_1_293' title='bbox 630 3002 703 3058; x_wconf 88' lang='lat' dir='ltr'>ad</span> <span class='ocrx_word' id='word_1_294' title='bbox 735 3018 903 3057; x_wconf 87' lang='lat' dir='ltr'>suam</span> <span class='ocrx_word' id='word_1_295' title='bbox 936 3006 992 3056; x_wconf 89' lang='lat' dir='ltr'>et</span> <span class='ocrx_word' id='word_1_296' title='bbox 1023 3001 1398 3073; x_wconf 87' lang='lat' dir='ltr'>sequentium</span> <span class='ocrx_word' id='word_1_297' title='bbox 1428 3002 1550 3069; x_wconf 74' lang='lat' dir='ltr'>(aL,</span> <span class='ocrx_word' id='word_1_298' title='bbox 1583 3000 2004 3072; x_wconf 86' lang='lat' dir='ltr'>frequentium)</span> 
     </span>
    </p>
   </div>
   <div class='ocr_carea' id='block_1_46' title="bbox 343 3089 2006 3165">
    <p class='ocr_par' dir='ltr' id='par_1_46' title="bbox 343 3089 2006 3165">
     <span class='ocr_line' id='line_1_46' title="bbox 343 3089 2006 3165; baseline -0.002 -18"><span class='ocrx_word' id='word_1_299' title='bbox 343 3089 1071 3165; x_wconf 80' lang='lat' dir='ltr'>perniciem‘populorum.</span> <span class='ocrx_word' id='word_1_300' title='bbox 1096 3090 1181 3144; x_wconf 91' lang='lat' dir='ltr'>Ad</span> <span class='ocrx_word' id='word_1_301' title='bbox 1204 3106 1330 3161; x_wconf 67' lang='lat' dir='ltr'>qua:</span> <span class='ocrx_word' id='word_1_302' title='bbox 1365 3091 1720 3145; x_wconf 85' lang='lat' dir='ltr'>destruenda</span> <span class='ocrx_word' id='word_1_303' title='bbox 1742 3106 1876 3144; x_wconf 90' lang='lat' dir='ltr'>cum</span> <span class='ocrx_word' id='word_1_304' title='bbox 1907 3089 2006 3143; x_wconf 82' lang='lat' dir='ltr'>Ju-</span> 
     </span>
    </p>
   </div>
   <div class='ocr_carea' id='block_1_47' title="bbox 337 3176 2002 3250">
    <p class='ocr_par' dir='ltr' id='par_1_47' title="bbox 337 3176 2002 3250">
     <span class='ocr_line' id='line_1_47' title="bbox 337 3176 2002 3250; baseline -0.003 -14"><span class='ocrx_word' id='word_1_305' title='bbox 337 3180 536 3236; x_wconf 91' lang='lat' dir='ltr'>lianus</span> <span class='ocrx_word' id='word_1_306' title='bbox 568 3178 703 3234; x_wconf 80' lang='lat' dir='ltr'>fidei</span> <span class='ocrx_word' id='word_1_307' title='bbox 737 3178 918 3233; x_wconf 89' lang='lat' dir='ltr'>lorica</span> <span class='ocrx_word' id='word_1_308' title='bbox 949 3177 1214 3243; x_wconf 89' lang='lat' dir='ltr'>indutus,</span> <span class='ocrx_word' id='word_1_309' title='bbox 1250 3176 1415 3250; x_wconf 89' lang='lat' dir='ltr'>galea</span> <span class='ocrx_word' id='word_1_310' title='bbox 1446 3177 1653 3233; x_wconf 88' lang='lat' dir='ltr'>salutis</span> <span class='ocrx_word' id='word_1_311' title='bbox 1682 3182 2002 3249; x_wconf 83' lang='lat' dir='ltr'>protectus,</span> 
     </span>
    </p>
   </div>
   <div class='ocr_carea' id='block_1_48' title="bbox 335 3266 1989 3342">
    <p class='ocr_par' dir='ltr' id='par_1_48' title="bbox 335 3266 1989 3342">
     <span class='ocr_line' id='line_1_48' title="bbox 335 3266 1989 3342; baseline -0.002 -18"><span class='ocrx_word' id='word_1_312' title='bbox 335 3268 570 3342; x_wconf 79' lang='lat' dir='ltr'>gladius</span> <span class='ocrx_word' id='word_1_313' title='bbox 590 3266 848 3339; x_wconf 89' lang='lat' dir='ltr'>Spiritus</span> <span class='ocrx_word' id='word_1_314' title='bbox 870 3266 1057 3321; x_wconf 90' lang='lat' dir='ltr'>sancti</span> <span class='ocrx_word' id='word_1_315' title='bbox 1080 3266 1426 3338; x_wconf 75' lang='lat' dir='ltr'>prmeinctus</span> <span class='ocrx_word' id='word_1_316' title='bbox 1455 3273 1831 3338; x_wconf 80' lang='lat' dir='ltr'>praeparatur,</span> <span class='ocrx_word' id='word_1_317' title='bbox 1855 3284 1884 3322; x_wconf 92' lang='lat' dir='ltr'>c</span> <span class='ocrx_word' id='word_1_318' title='bbox 1908 3266 1989 3321; x_wconf 89' lang='lat' dir='ltr'>di-</span> 
     </span>
    </p>
   </div>
   <div class='ocr_carea' id='block_1_49' title="bbox 2107 2022 3777 2097">
    <p class='ocr_par' dir='ltr' id='par_1_49' title="bbox 2107 2022 3777 2097">
     <span class='ocr_line' id='line_1_49' title="bbox 2107 2022 3777 2097; baseline -0.001 -19"><span class='ocrx_word' id='word_1_319' title='bbox 2107 2024 2221 2079; x_wconf 91' lang='lat' dir='ltr'>rcis</span> <span class='ocrx_word' id='word_1_320' title='bbox 2255 2022 2618 2093; x_wconf 86' lang='lat' dir='ltr'>colligatum.</span> <span class='ocrx_word' id='word_1_321' title='bbox 2645 2022 2975 2078; x_wconf 88' lang='lat' dir='ltr'>Perterritis</span> <span class='ocrx_word' id='word_1_322' title='bbox 2998 2028 3193 2078; x_wconf 89' lang='lat' dir='ltr'>autem</span> <span class='ocrx_word' id='word_1_323' title='bbox 3219 2022 3497 2097; x_wconf 80' lang='lat' dir='ltr'>omnibus</span> <span class='ocrx_word' id='word_1_324' title='bbox 3520 2022 3621 2094; x_wconf 90' lang='lat' dir='ltr'>qui</span> <span class='ocrx_word' id='word_1_325' title='bbox 3646 2023 3777 2077; x_wconf 79' lang='lat' dir='ltr'>ade-</span> 
     </span>
    </p>
   </div>
   <div class='ocr_carea' id='block_1_50' title="bbox 2104 2111 3768 2183">
    <p class='ocr_par' dir='ltr' id='par_1_50' title="bbox 2104 2111 3768 2183">
     <span class='ocr_line' id='line_1_50' title="bbox 2104 2111 3768 2183; baseline 0 -17"><span class='ocrx_word' id='word_1_326' title='bbox 2104 2116 2254 2179; x_wconf 86' lang='lat' dir='ltr'>rant,</span> <span class='ocrx_word' id='word_1_327' title='bbox 2289 2112 2376 2165; x_wconf 84' lang='lat' dir='ltr'>vir</span> <span class='ocrx_word' id='word_1_328' title='bbox 2407 2111 2505 2166; x_wconf 86' lang='lat' dir='ltr'>Dei</span> <span class='ocrx_word' id='word_1_329' title='bbox 2557 2111 2800 2183; x_wconf 88' lang='lat' dir='ltr'>propius</span> <span class='ocrx_word' id='word_1_330' title='bbox 2851 2112 3153 2178; x_wconf 89' lang='lat' dir='ltr'>accedens,</span> <span class='ocrx_word' id='word_1_331' title='bbox 3189 2111 3289 2177; x_wconf 88' lang='lat' dir='ltr'>ait,</span> <span class='ocrx_word' id='word_1_332' title='bbox 3325 2111 3572 2167; x_wconf 90' lang='lat' dir='ltr'>Domine</span> <span class='ocrx_word' id='word_1_333' title='bbox 3629 2111 3768 2167; x_wconf 89' lang='lat' dir='ltr'>Jesu</span> 
     </span>
    </p>
   </div>
   <div class='ocr_carea' id='block_1_51' title="bbox 2104 2199 3774 2273">
    <p class='ocr_par' dir='ltr' id='par_1_51' title="bbox 2104 2199 3774 2273">
     <span class='ocr_line' id='line_1_51' title="bbox 2104 2199 3774 2273; baseline -0.001 -17"><span class='ocrx_word' id='word_1_334' title='bbox 2104 2200 2352 2265; x_wconf 85' lang='lat' dir='ltr'>Christe,</span> <span class='ocrx_word' id='word_1_335' title='bbox 2376 2200 2478 2273; x_wconf 87' lang='lat' dir='ltr'>qui</span> <span class='ocrx_word' id='word_1_336' title='bbox 2510 2201 2841 2255; x_wconf 89' lang='lat' dir='ltr'>humanum</span> <span class='ocrx_word' id='word_1_337' title='bbox 2874 2216 3061 2273; x_wconf 88' lang='lat' dir='ltr'>genus</span> <span class='ocrx_word' id='word_1_338' title='bbox 3083 2218 3116 2254; x_wconf 90' lang='lat' dir='ltr'>a</span> <span class='ocrx_word' id='word_1_339' title='bbox 3138 2200 3394 2271; x_wconf 87' lang='lat' dir='ltr'>paradisi</span> <span class='ocrx_word' id='word_1_340' title='bbox 3430 2199 3641 2273; x_wconf 87' lang='lat' dir='ltr'>gloria,</span> <span class='ocrx_word' id='word_1_341' title='bbox 3668 2216 3774 2272; x_wconf 88' lang='lat' dir='ltr'>per</span> 
     </span>
    </p>
   </div>
   <div class='ocr_carea' id='block_1_52' title="bbox 2105 2287 3773 2365">
    <p class='ocr_par' dir='ltr' id='par_1_52' title="bbox 2105 2287 3773 2365">
     <span class='ocr_line' id='line_1_52' title="bbox 2105 2287 3773 2365; baseline -0.001 -20"><span class='ocrx_word' id='word_1_342' title='bbox 2105 2294 2435 2360; x_wconf 86' lang='lat' dir='ltr'>serpentem</span> <span class='ocrx_word' id='word_1_343' title='bbox 2468 2290 2905 2361; x_wconf 88' lang='lat' dir='ltr'>dejectum,per</span> <span class='ocrx_word' id='word_1_344' title='bbox 2925 2288 3118 2365; x_wconf 85' lang='lat' dir='ltr'>crucis</span> <span class='ocrx_word' id='word_1_345' title='bbox 3150 2292 3263 2343; x_wconf 57' lang='lat' dir='ltr'>tua:</span> <span class='ocrx_word' id='word_1_346' title='bbox 3288 2290 3569 2359; x_wconf 89' lang='lat' dir='ltr'>reparasti</span> <span class='ocrx_word' id='word_1_347' title='bbox 3592 2287 3773 2343; x_wconf 82' lang='lat' dir='ltr'>vexil-</span> 
     </span>
    </p>
   </div>
   <div class='ocr_carea' id='block_1_53' title="bbox 2106 2377 3775 2449">
    <p class='ocr_par' dir='ltr' id='par_1_53' title="bbox 2106 2377 3775 2449">
     <span class='ocr_line' id='line_1_53' title="bbox 2106 2377 3775 2449; baseline 0.001 -17"><span class='ocrx_word' id='word_1_348' title='bbox 2106 2377 2252 2445; x_wconf 91' lang='lat' dir='ltr'>lum,</span> <span class='ocrx_word' id='word_1_349' title='bbox 2269 2383 2330 2433; x_wconf 91' lang='lat' dir='ltr'>tu</span> <span class='ocrx_word' id='word_1_350' title='bbox 2356 2377 2540 2433; x_wconf 88' lang='lat' dir='ltr'>libera</span> <span class='ocrx_word' id='word_1_351' title='bbox 2556 2377 2707 2433; x_wconf 87' lang='lat' dir='ltr'>hanc</span> <span class='ocrx_word' id='word_1_352' title='bbox 2720 2382 3049 2432; x_wconf 88' lang='lat' dir='ltr'>creaturam</span> <span class='ocrx_word' id='word_1_353' title='bbox 3072 2381 3234 2432; x_wconf 90' lang='lat' dir='ltr'>tuam</span> <span class='ocrx_word' id='word_1_354' title='bbox 3256 2377 3327 2431; x_wconf 91' lang='lat' dir='ltr'>ab</span> <span class='ocrx_word' id='word_1_355' title='bbox 3352 2377 3460 2433; x_wconf 87' lang='lat' dir='ltr'>hoc</span> <span class='ocrx_word' id='word_1_356' title='bbox 3477 2395 3592 2449; x_wconf 87' lang='lat' dir='ltr'>quo</span> <span class='ocrx_word' id='word_1_357' title='bbox 3615 2382 3775 2433; x_wconf 87' lang='lat' dir='ltr'>tene-</span> 
     </span>
    </p>
   </div>
   <div class='ocr_carea' id='block_1_54' title="bbox 2107 2466 3769 2539">
    <p class='ocr_par' dir='ltr' id='par_1_54' title="bbox 2107 2466 3769 2539">
     <span class='ocr_line' id='line_1_54' title="bbox 2107 2466 3769 2539; baseline 0 -18"><span class='ocrx_word' id='word_1_358' title='bbox 2107 2471 2204 2522; x_wconf 91' lang='lat' dir='ltr'>tur</span> <span class='ocrx_word' id='word_1_359' title='bbox 2233 2482 2442 2539; x_wconf 88' lang='lat' dir='ltr'>angue,</span> <span class='ocrx_word' id='word_1_360' title='bbox 2468 2472 2613 2521; x_wconf 88' lang='lat' dir='ltr'>utet</span> <span class='ocrx_word' id='word_1_361' title='bbox 2642 2482 2885 2537; x_wconf 85' lang='lat' dir='ltr'>serpens</span> <span class='ocrx_word' id='word_1_362' title='bbox 2916 2467 3185 2535; x_wconf 89' lang='lat' dir='ltr'>intereat,</span> <span class='ocrx_word' id='word_1_363' title='bbox 3211 2470 3265 2521; x_wconf 89' lang='lat' dir='ltr'>et</span> <span class='ocrx_word' id='word_1_364' title='bbox 3290 2481 3393 2537; x_wconf 89' lang='lat' dir='ltr'>per</span> <span class='ocrx_word' id='word_1_365' title='bbox 3425 2469 3477 2520; x_wconf 88' lang='lat' dir='ltr'>te</span> <span class='ocrx_word' id='word_1_366' title='bbox 3501 2482 3649 2537; x_wconf 86' lang='lat' dir='ltr'>puer</span> <span class='ocrx_word' id='word_1_367' title='bbox 3679 2466 3769 2521; x_wconf 88' lang='lat' dir='ltr'>in-</span> 
     </span>
    </p>
   </div>
   <div class='ocr_carea' id='block_1_55' title="bbox 2108 2553 3769 2627">
    <p class='ocr_par' dir='ltr' id='par_1_55' title="bbox 2108 2553 3769 2627">
     <span class='ocr_line' id='line_1_55' title="bbox 2108 2553 3769 2627; baseline -0.001 -15"><span class='ocrx_word' id='word_1_368' title='bbox 2108 2556 2357 2612; x_wconf 90' lang='lat' dir='ltr'>columis</span> <span class='ocrx_word' id='word_1_369' title='bbox 2388 2557 2640 2611; x_wconf 84' lang='lat' dir='ltr'>evadens</span> <span class='ocrx_word' id='word_1_370' title='bbox 2673 2572 3025 2627; x_wconf 85' lang='lat' dir='ltr'>cognoscere</span> <span class='ocrx_word' id='word_1_371' title='bbox 3056 2559 3379 2627; x_wconf 66' lang='lat' dir='ltr'>priesentes</span> <span class='ocrx_word' id='word_1_372' title='bbox 3411 2553 3602 2621; x_wconf 83' lang='lat' dir='ltr'>faciat,</span> <span class='ocrx_word' id='word_1_373' title='bbox 3630 2556 3769 2626; x_wconf 85' lang='lat' dir='ltr'>quia</span> 
     </span>
    </p>
   </div>
   <div class='ocr_carea' id='block_1_56' title="bbox 2110 2642 3766 2716">
    <p class='ocr_par' dir='ltr' id='par_1_56' title="bbox 2110 2642 3766 2716">
     <span class='ocr_line' id='line_1_56' title="bbox 2110 2642 3766 2716; baseline -0.002 -15"><span class='ocrx_word' id='word_1_374' title='bbox 2110 2651 2171 2701; x_wconf 87' lang='lat' dir='ltr'>tu</span> <span class='ocrx_word' id='word_1_375' title='bbox 2202 2660 2262 2699; x_wconf 89' lang='lat' dir='ltr'>es</span> <span class='ocrx_word' id='word_1_376' title='bbox 2293 2645 2573 2700; x_wconf 84' lang='lat' dir='ltr'>liberator</span> <span class='ocrx_word' id='word_1_377' title='bbox 2601 2650 2658 2700; x_wconf 86' lang='lat' dir='ltr'>et</span> <span class='ocrx_word' id='word_1_378' title='bbox 2686 2648 2979 2716; x_wconf 89' lang='lat' dir='ltr'>protector</span> <span class='ocrx_word' id='word_1_379' title='bbox 3010 2645 3277 2699; x_wconf 90' lang='lat' dir='ltr'>omnium</span> <span class='ocrx_word' id='word_1_380' title='bbox 3310 2642 3674 2715; x_wconf 88' lang='lat' dir='ltr'>sperantium</span> <span class='ocrx_word' id='word_1_381' title='bbox 3710 2645 3766 2698; x_wconf 89' lang='lat' dir='ltr'>in</span> 
     </span>
    </p>
   </div>
   <div class='ocr_carea' id='block_1_57' title="bbox 2109 2732 3764 2805">
    <p class='ocr_par' dir='ltr' id='par_1_57' title="bbox 2109 2732 3764 2805">
     <span class='ocr_line' id='line_1_57' title="bbox 2109 2732 3764 2805; baseline -0.001 -16"><span class='ocrx_word' id='word_1_382' title='bbox 2109 2739 2186 2789; x_wconf 90' lang='lat' dir='ltr'>te.</span> <span class='ocrx_word' id='word_1_383' title='bbox 2213 2734 2476 2805; x_wconf 90' lang='lat' dir='ltr'>Cumque</span> <span class='ocrx_word' id='word_1_384' title='bbox 2510 2733 2650 2789; x_wconf 90' lang='lat' dir='ltr'>talia</span> <span class='ocrx_word' id='word_1_385' title='bbox 2682 2738 3011 2805; x_wconf 87' lang='lat' dir='ltr'>perorasset</span> <span class='ocrx_word' id='word_1_386' title='bbox 3041 2734 3128 2788; x_wconf 89' lang='lat' dir='ltr'>vir</span> <span class='ocrx_word' id='word_1_387' title='bbox 3168 2733 3284 2788; x_wconf 87' lang='lat' dir='ltr'>Deo</span> <span class='ocrx_word' id='word_1_388' title='bbox 3316 2732 3545 2804; x_wconf 87' lang='lat' dir='ltr'>plenus,</span> <span class='ocrx_word' id='word_1_389' title='bbox 3579 2738 3638 2787; x_wconf 90' lang='lat' dir='ltr'>et</span> <span class='ocrx_word' id='word_1_390' title='bbox 3667 2733 3764 2805; x_wconf 92' lang='lat' dir='ltr'>qui</span> 
     </span>
    </p>
   </div>
   <div class='ocr_carea' id='block_1_58' title="bbox 2113 2822 3763 2894">
    <p class='ocr_par' dir='ltr' id='par_1_58' title="bbox 2113 2822 3763 2894">
     <span class='ocr_line' id='line_1_58' title="bbox 2113 2822 3763 2894; baseline -0.001 -17"><span class='ocrx_word' id='word_1_391' title='bbox 2113 2823 2376 2890; x_wconf 87' lang='lat' dir='ltr'>aderant,</span> <span class='ocrx_word' id='word_1_392' title='bbox 2401 2823 2688 2878; x_wconf 86' lang='lat' dir='ltr'>dixissent</span> <span class='ocrx_word' id='word_1_393' title='bbox 2724 2824 2928 2889; x_wconf 86' lang='lat' dir='ltr'>Amen,</span> <span class='ocrx_word' id='word_1_394' title='bbox 2964 2837 3206 2894; x_wconf 84' lang='lat' dir='ltr'>serpens</span> <span class='ocrx_word' id='word_1_395' title='bbox 3247 2822 3472 2891; x_wconf 88' lang='lat' dir='ltr'>crepuit</span> <span class='ocrx_word' id='word_1_396' title='bbox 3513 2822 3763 2885; x_wconf 87' lang='lat' dir='ltr'>medius,</span> 
     </span>
    </p>
   </div>
   <div class='ocr_carea' id='block_1_59' title="bbox 2114 2910 3704 2982">
    <p class='ocr_par' dir='ltr' id='par_1_59' title="bbox 2114 2910 3704 2982">
     <span class='ocr_line' id='line_1_59' title="bbox 2114 2910 3704 2982; baseline -0.002 -15"><span class='ocrx_word' id='word_1_397' title='bbox 2114 2917 2170 2967; x_wconf 90' lang='lat' dir='ltr'>et</span> <span class='ocrx_word' id='word_1_398' title='bbox 2200 2912 2425 2966; x_wconf 88' lang='lat' dir='ltr'>cunctis</span> <span class='ocrx_word' id='word_1_399' title='bbox 2458 2911 2642 2967; x_wconf 91' lang='lat' dir='ltr'>Deum</span> <span class='ocrx_word' id='word_1_400' title='bbox 2677 2912 3077 2979; x_wconf 87' lang='lat' dir='ltr'>laudantibus,</span> <span class='ocrx_word' id='word_1_401' title='bbox 3113 2926 3259 2982; x_wconf 84' lang='lat' dir='ltr'>puer</span> <span class='ocrx_word' id='word_1_402' title='bbox 3288 2910 3471 2965; x_wconf 86' lang='lat' dir='ltr'>evasit</span> <span class='ocrx_word' id='word_1_403' title='bbox 3500 2927 3704 2965; x_wconf 90' lang='lat' dir='ltr'>sanus.</span> 
     </span>
    </p>
   </div>
   <div class='ocr_carea' id='block_1_60' title="bbox 2185 3000 3765 3072">
    <p class='ocr_par' dir='ltr' id='par_1_60' title="bbox 2185 3000 3765 3072">
     <span class='ocr_line' id='line_1_60' title="bbox 2185 3000 3765 3072; baseline -0.001 -17"><span class='ocrx_word' id='word_1_404' title='bbox 2185 3004 2275 3055; x_wconf 84' lang='lat'>27.</span> <span class='ocrx_word' id='word_1_405' title='bbox 2303 3002 2526 3055; x_wconf 89' lang='lat' dir='ltr'>Interea</span> <span class='ocrx_word' id='word_1_406' title='bbox 2554 3018 2687 3055; x_wconf 91' lang='lat' dir='ltr'>cum</span> <span class='ocrx_word' id='word_1_407' title='bbox 2712 3001 2781 3055; x_wconf 90' lang='lat' dir='ltr'>ad</span> <span class='ocrx_word' id='word_1_408' title='bbox 2806 3001 3046 3055; x_wconf 90' lang='lat' dir='ltr'>domum</span> <span class='ocrx_word' id='word_1_409' title='bbox 3070 3000 3354 3072; x_wconf 87' lang='lat' dir='ltr'>principis</span> <span class='ocrx_word' id='word_1_410' title='bbox 3385 3000 3765 3071; x_wconf 85' lang='lat' dir='ltr'>pervenisset,</span> 
     </span>
    </p>
   </div>
   <div class='ocr_carea' id='block_1_61' title="bbox 2117 3087 3766 3162">
    <p class='ocr_par' dir='ltr' id='par_1_61' title="bbox 2117 3087 3766 3162">
     <span class='ocr_line' id='line_1_61' title="bbox 2117 3087 3766 3162; baseline 0 -19"><span class='ocrx_word' id='word_1_411' title='bbox 2117 3107 2351 3144; x_wconf 89' lang='lat' dir='ltr'>summo</span> <span class='ocrx_word' id='word_1_412' title='bbox 2369 3090 2657 3161; x_wconf 79' lang='lat' dir='ltr'>excipitur</span> <span class='ocrx_word' id='word_1_413' title='bbox 2676 3089 2911 3162; x_wconf 87' lang='lat' dir='ltr'>gaudio,</span> <span class='ocrx_word' id='word_1_414' title='bbox 2929 3090 2993 3143; x_wconf 84' lang='lat' dir='ltr'>fit</span> <span class='ocrx_word' id='word_1_415' title='bbox 3013 3105 3337 3143; x_wconf 88' lang='lat' dir='ltr'>concursus</span> <span class='ocrx_word' id='word_1_416' title='bbox 3365 3087 3558 3143; x_wconf 89' lang='lat' dir='ltr'>omnis</span> <span class='ocrx_word' id='word_1_417' title='bbox 3579 3089 3766 3143; x_wconf 66' lang='lat' dir='ltr'>zetatis</span> 
     </span>
    </p>
   </div>
   <div class='ocr_carea' id='block_1_62' title="bbox 2117 3177 3766 3250">
    <p class='ocr_par' dir='ltr' id='par_1_62' title="bbox 2117 3177 3766 3250">
     <span class='ocr_line' id='line_1_62' title="bbox 2117 3177 3766 3250; baseline -0.001 -17"><span class='ocrx_word' id='word_1_418' title='bbox 2117 3179 2425 3250; x_wconf 88' lang='lat' dir='ltr'>omnisque</span> <span class='ocrx_word' id='word_1_419' title='bbox 2459 3197 2630 3233; x_wconf 81' lang='lat' dir='ltr'>sexus</span> <span class='ocrx_word' id='word_1_420' title='bbox 2663 3179 2732 3233; x_wconf 88' lang='lat' dir='ltr'>ad</span> <span class='ocrx_word' id='word_1_421' title='bbox 2756 3178 3075 3233; x_wconf 85' lang='lat' dir='ltr'>videndum</span> <span class='ocrx_word' id='word_1_422' title='bbox 3108 3182 3337 3233; x_wconf 91' lang='lat' dir='ltr'>tantum</span> <span class='ocrx_word' id='word_1_423' title='bbox 3359 3178 3573 3244; x_wconf 89' lang='lat' dir='ltr'>virum,</span> <span class='ocrx_word' id='word_1_424' title='bbox 3596 3177 3766 3247; x_wconf 86' lang='lat' dir='ltr'>cujus</span> 
     </span>
    </p>
   </div>
   <div class='ocr_carea' id='block_1_63' title="bbox 2119 3268 3763 3339">
    <p class='ocr_par' dir='ltr' id='par_1_63' title="bbox 2119 3268 3763 3339">
     <span class='ocr_line' id='line_1_63' title="bbox 2119 3268 3763 3339; baseline -0.001 -16"><span class='ocrx_word' id='word_1_425' title='bbox 2119 3285 2331 3323; x_wconf 81' lang='lat' dir='ltr'>nomen</span> <span class='ocrx_word' id='word_1_426' title='bbox 2366 3269 2635 3339; x_wconf 88' lang='lat' dir='ltr'>famaque</span> <span class='ocrx_word' id='word_1_427' title='bbox 2667 3268 2950 3322; x_wconf 86' lang='lat' dir='ltr'>virtutum</span> <span class='ocrx_word' id='word_1_428' title='bbox 2984 3271 3144 3322; x_wconf 89' lang='lat' dir='ltr'>tanto</span> <span class='ocrx_word' id='word_1_429' title='bbox 3172 3268 3382 3339; x_wconf 88' lang='lat' dir='ltr'>jubare</span> <span class='ocrx_word' id='word_1_430' title='bbox 3412 3271 3763 3332; x_wconf 86' lang='lat' dir='ltr'>coruscaret,</span> 
     </span>
    </p>
   </div>
   <div class='ocr_carea' id='block_1_64' title="bbox 336 3336 3763 3428">
    <p class='ocr_par' dir='ltr' id='par_1_64' title="bbox 336 3336 3763 3428">
     <span class='ocr_line' id='line_1_64' title="bbox 336 3336 3763 3428; baseline -0.001 -15"><span class='ocrx_word' id='word_1_431' title='bbox 336 3373 503 3413; x_wconf 87' lang='lat' dir='ltr'>verso</span> <span class='ocrx_word' id='word_1_432' title='bbox 534 3355 837 3412; x_wconf 88' lang='lat' dir='ltr'>rusticana</span> <span class='ocrx_word' id='word_1_433' title='bbox 870 3359 928 3410; x_wconf 90' lang='lat' dir='ltr'>et</span> <span class='ocrx_word' id='word_1_434' title='bbox 972 3354 1250 3427; x_wconf 84' lang='lat' dir='ltr'>ignobilis</span> <span class='ocrx_word' id='word_1_435' title='bbox 1280 3372 1493 3411; x_wconf 90' lang='lat' dir='ltr'>manus</span> <span class='ocrx_word' id='word_1_436' title='bbox 1526 3373 1628 3427; x_wconf 90' lang='lat' dir='ltr'>pro</span> <span class='ocrx_word' id='word_1_437' title='bbox 1659 3356 1995 3411; x_wconf 87' lang='lat' dir='ltr'>defensione</span> <span class='ocrx_word' id='word_1_438' title='bbox 2027 3336 2069 3402; x_wconf 58' lang='grc' dir='ltr'><strong>(ἶ</strong></span> <span class='ocrx_word' id='word_1_439' title='bbox 2109 3361 2173 3412; x_wconf 88' lang='lat' dir='ltr'>ut</span> <span class='ocrx_word' id='word_1_440' title='bbox 2205 3357 2379 3412; x_wconf 89' lang='lat' dir='ltr'>etiam</span> <span class='ocrx_word' id='word_1_441' title='bbox 2412 3375 2677 3428; x_wconf 85' lang='lat' dir='ltr'>quosque</span> <span class='ocrx_word' id='word_1_442' title='bbox 2724 3356 3155 3411; x_wconf 87' lang='lat' dir='ltr'>remotissimos</span> <span class='ocrx_word' id='word_1_443' title='bbox 3187 3372 3322 3411; x_wconf 90' lang='lat' dir='ltr'>eum</span> <span class='ocrx_word' id='word_1_444' title='bbox 3347 3356 3576 3410; x_wconf 83' lang='lat' dir='ltr'>videndi</span> <span class='ocrx_word' id='word_1_445' title='bbox 3610 3356 3763 3410; x_wconf 86' lang='lat' dir='ltr'>desi-</span> 
     </span>
    </p>
   </div>
   <div class='ocr_carea' id='block_1_65' title="bbox 338 3443 1997 3518">
    <p class='ocr_par' dir='ltr' id='par_1_65' title="bbox 338 3443 1997 3518">
     <span class='ocr_line' id='line_1_65' title="bbox 338 3443 1997 3518; baseline -0.001 -15"><span class='ocrx_word' id='word_1_446' title='bbox 338 3447 605 3514; x_wconf 88' lang='lat' dir='ltr'>deorum,</span> <span class='ocrx_word' id='word_1_447' title='bbox 639 3445 739 3518; x_wconf 90' lang='lat' dir='ltr'>qui</span> <span class='ocrx_word' id='word_1_448' title='bbox 772 3444 884 3501; x_wconf 86' lang='lat' dir='ltr'>sibi</span> <span class='ocrx_word' id='word_1_449' title='bbox 917 3443 1117 3500; x_wconf 83' lang='lat' dir='ltr'>auxilii</span> <span class='ocrx_word' id='word_1_450' title='bbox 1150 3462 1319 3516; x_wconf 92' lang='lat' dir='ltr'>opem</span> <span class='ocrx_word' id='word_1_451' title='bbox 1356 3446 1502 3501; x_wconf 90' lang='lat' dir='ltr'>ferre</span> <span class='ocrx_word' id='word_1_452' title='bbox 1534 3446 1875 3517; x_wconf 84' lang='lat' dir='ltr'>nequibant,</span> <span class='ocrx_word' id='word_1_453' title='bbox 1902 3447 1997 3501; x_wconf 90' lang='lat' dir='ltr'>ob-</span> 
     </span>
    </p>
   </div>
   <div class='ocr_carea' id='block_1_66' title="bbox 334 3531 1994 3593">
    <p class='ocr_par' dir='ltr' id='par_1_66' title="bbox 334 3531 1994 3593">
     <span class='ocr_line' id='line_1_66' title="bbox 334 3531 1994 3593; baseline -0.001 -1"><span class='ocrx_word' id='word_1_454' title='bbox 334 3531 726 3593; x_wconf 82' lang='lat' dir='ltr'>stinatissime</span> <span class='ocrx_word' id='word_1_455' title='bbox 778 3533 1057 3589; x_wconf 89' lang='lat' dir='ltr'>resistens</span> <span class='ocrx_word' id='word_1_456' title='bbox 1102 3538 1385 3589; x_wconf 89' lang='lat' dir='ltr'>armatur.</span> <span class='ocrx_word' id='word_1_457' title='bbox 1421 3534 1531 3589; x_wconf 90' lang='lat' dir='ltr'>Sed</span> <span class='ocrx_word' id='word_1_458' title='bbox 1579 3535 1853 3591; x_wconf 83' lang='lat' dir='ltr'>Julianus</span> <span class='ocrx_word' id='word_1_459' title='bbox 1886 3536 1994 3591; x_wconf 89' lang='lat' dir='ltr'>im-</span> 
     </span>
    </p>
   </div>
   <div class='ocr_carea' id='block_1_67' title="bbox 334 3622 1993 3698">
    <p class='ocr_par' dir='ltr' id='par_1_67' title="bbox 334 3622 1993 3698">
     <span class='ocr_line' id='line_1_67' title="bbox 334 3622 1993 3698; baseline 0 -17"><span class='ocrx_word' id='word_1_460' title='bbox 334 3623 682 3698; x_wconf 86' lang='lat' dir='ltr'>perterritus</span> <span class='ocrx_word' id='word_1_461' title='bbox 713 3624 866 3679; x_wconf 90' lang='lat' dir='ltr'>inter</span> <span class='ocrx_word' id='word_1_462' title='bbox 894 3622 1211 3679; x_wconf 89' lang='lat' dir='ltr'>frementes</span> <span class='ocrx_word' id='word_1_463' title='bbox 1243 3629 1301 3679; x_wconf 92' lang='lat' dir='ltr'>et</span> <span class='ocrx_word' id='word_1_464' title='bbox 1339 3624 1663 3696; x_wconf 82' lang='lat' dir='ltr'>garrientes</span> <span class='ocrx_word' id='word_1_465' title='bbox 1696 3625 1993 3681; x_wconf 82' lang='lat' dir='ltr'>insanien-</span> 
     </span>
    </p>
   </div>
   <div class='ocr_carea' id='block_1_68' title="bbox 337 3706 1990 3785">
    <p class='ocr_par' dir='ltr' id='par_1_68' title="bbox 337 3706 1990 3785">
     <span class='ocr_line' id='line_1_68' title="bbox 337 3706 1990 3785; baseline -0.001 -14"><span class='ocrx_word' id='word_1_466' title='bbox 337 3706 487 3771; x_wconf 82' lang='lat' dir='ltr'>tium</span> <span class='ocrx_word' id='word_1_467' title='bbox 515 3731 686 3771; x_wconf 90' lang='lat' dir='ltr'>voces</span> <span class='ocrx_word' id='word_1_468' title='bbox 728 3713 1015 3785; x_wconf 89' lang='lat' dir='ltr'>templum</span> <span class='ocrx_word' id='word_1_469' title='bbox 1073 3713 1395 3785; x_wconf 89' lang='lat' dir='ltr'>ingressus,</span> <span class='ocrx_word' id='word_1_470' title='bbox 1432 3713 1695 3770; x_wconf 88' lang='lat' dir='ltr'>invocato</span> <span class='ocrx_word' id='word_1_471' title='bbox 1730 3716 1841 3771; x_wconf 87' lang='lat' dir='ltr'>veri</span> <span class='ocrx_word' id='word_1_472' title='bbox 1892 3717 1990 3772; x_wconf 90' lang='lat' dir='ltr'>Dei</span> 
     </span>
    </p>
   </div>
   <div class='ocr_carea' id='block_1_69' title="bbox 334 3801 1990 3876">
    <p class='ocr_par' dir='ltr' id='par_1_69' title="bbox 334 3801 1990 3876">
     <span class='ocr_line' id='line_1_69' title="bbox 334 3801 1990 3876; baseline -0.001 -16"><span class='ocrx_word' id='word_1_473' title='bbox 334 3804 478 3860; x_wconf 85' lang='lat' dir='ltr'>Jesu</span> <span class='ocrx_word' id='word_1_474' title='bbox 509 3802 724 3858; x_wconf 89' lang='lat' dir='ltr'>Christi</span> <span class='ocrx_word' id='word_1_475' title='bbox 756 3803 1016 3867; x_wconf 88' lang='lat' dir='ltr'>nomine,</span> <span class='ocrx_word' id='word_1_476' title='bbox 1049 3801 1434 3857; x_wconf 89' lang='lat' dir='ltr'>simulacrum</span> <span class='ocrx_word' id='word_1_477' title='bbox 1478 3820 1715 3857; x_wconf 88' lang='lat' dir='ltr'>enorme</span> <span class='ocrx_word' id='word_1_478' title='bbox 1746 3803 1990 3876; x_wconf 88' lang='lat' dir='ltr'>ipsoque</span> 
     </span>
    </p>
   </div>
   <div class='ocr_carea' id='block_1_70' title="bbox 334 3890 1985 3965">
    <p class='ocr_par' dir='ltr' id='par_1_70' title="bbox 334 3890 1985 3965">
     <span class='ocr_line' id='line_1_70' title="bbox 334 3890 1985 3965; baseline -0.001 -17"><span class='ocrx_word' id='word_1_479' title='bbox 334 3893 465 3948; x_wconf 88' lang='lat' dir='ltr'>visu</span> <span class='ocrx_word' id='word_1_480' title='bbox 497 3890 755 3947; x_wconf 89' lang='lat' dir='ltr'>terribile</span> <span class='ocrx_word' id='word_1_481' title='bbox 794 3891 855 3944; x_wconf 92' lang='lat' dir='ltr'>in</span> <span class='ocrx_word' id='word_1_482' title='bbox 893 3891 1149 3946; x_wconf 87' lang='lat' dir='ltr'>cinerem</span> <span class='ocrx_word' id='word_1_483' title='bbox 1182 3890 1437 3959; x_wconf 85' lang='lat' dir='ltr'>resolvit,</span> <span class='ocrx_word' id='word_1_484' title='bbox 1471 3892 1594 3946; x_wconf 90' lang='lat' dir='ltr'>sola</span> <span class='ocrx_word' id='word_1_485' title='bbox 1625 3898 1837 3947; x_wconf 81' lang='lat' dir='ltr'>sanctae</span> <span class='ocrx_word' id='word_1_486' title='bbox 1856 3894 1985 3965; x_wconf 89' lang='lat' dir='ltr'>jus-</span> 
     </span>
    </p>
   </div>
   <div class='ocr_carea' id='block_1_71' title="bbox 329 3979 912 4038">
    <p class='ocr_par' dir='ltr' id='par_1_71' title="bbox 329 3979 912 4038">
     <span class='ocr_line' id='line_1_71' title="bbox 329 3979 912 4038; baseline -0.005 -2"><span class='ocrx_word' id='word_1_487' title='bbox 329 3981 516 4036; x_wconf 86' lang='lat' dir='ltr'>sionis</span> <span class='ocrx_word' id='word_1_488' title='bbox 547 3979 912 4038; x_wconf 85' lang='lat' dir='ltr'>auctoritate.</span> 
     </span>
    </p>
   </div>
   <div class='ocr_carea' id='block_1_72' title="bbox 395 4067 1982 4139">
    <p class='ocr_par' dir='ltr' id='par_1_72' title="bbox 395 4067 1982 4139">
     <span class='ocr_line' id='line_1_72' title="bbox 395 4067 1982 4139; baseline 0.001 -15"><span class='ocrx_word' id='word_1_489' title='bbox 395 4071 486 4124; x_wconf 88' lang='lat'>25.</span> <span class='ocrx_word' id='word_1_490' title='bbox 516 4069 589 4124; x_wconf 90' lang='lat' dir='ltr'>Ut</span> <span class='ocrx_word' id='word_1_491' title='bbox 615 4085 748 4123; x_wconf 90' lang='lat' dir='ltr'>vero</span> <span class='ocrx_word' id='word_1_492' title='bbox 780 4068 971 4122; x_wconf 91' lang='lat' dir='ltr'>insani</span> <span class='ocrx_word' id='word_1_493' title='bbox 1007 4067 1205 4138; x_wconf 87' lang='lat' dir='ltr'>populi</span> <span class='ocrx_word' id='word_1_494' title='bbox 1237 4075 1674 4139; x_wconf 86' lang='lat' dir='ltr'>cognoscerent,</span> <span class='ocrx_word' id='word_1_495' title='bbox 1702 4071 1793 4124; x_wconf 85' lang='lat' dir='ltr'>cui</span> <span class='ocrx_word' id='word_1_496' title='bbox 1828 4078 1982 4126; x_wconf 86' lang='lat' dir='ltr'>eate-</span> 
     </span>
    </p>
   </div>
   <div class='ocr_carea' id='block_1_73' title="bbox 325 4156 1979 4224">
    <p class='ocr_par' dir='ltr' id='par_1_73' title="bbox 325 4156 1979 4224">
     <span class='ocr_line' id='line_1_73' title="bbox 325 4156 1979 4224; baseline 0 -9"><span class='ocrx_word' id='word_1_497' title='bbox 325 4176 437 4215; x_wconf 90' lang='lat' dir='ltr'>nus</span> <span class='ocrx_word' id='word_1_498' title='bbox 468 4157 760 4213; x_wconf 89' lang='lat' dir='ltr'>culturam</span> <span class='ocrx_word' id='word_1_499' title='bbox 784 4158 1019 4211; x_wconf 90' lang='lat' dir='ltr'>deitatis</span> <span class='ocrx_word' id='word_1_500' title='bbox 1042 4156 1462 4224; x_wconf 87' lang='lat' dir='ltr'>exhibuisscnt,</span> <span class='ocrx_word' id='word_1_501' title='bbox 1488 4176 1555 4213; x_wconf 90' lang='lat' dir='ltr'>ex</span> <span class='ocrx_word' id='word_1_502' title='bbox 1577 4176 1773 4213; x_wconf 85' lang='lat' dir='ltr'>everso</span> <span class='ocrx_word' id='word_1_503' title='bbox 1796 4162 1979 4215; x_wconf 89' lang='lat' dir='ltr'>simu-</span> 
     </span>
    </p>
   </div>
   <div class='ocr_carea' id='block_1_74' title="bbox 321 4242 1978 4320">
    <p class='ocr_par' dir='ltr' id='par_1_74' title="bbox 321 4242 1978 4320">
     <span class='ocr_line' id='line_1_74' title="bbox 321 4242 1978 4320; baseline 0.001 -18"><span class='ocrx_word' id='word_1_504' title='bbox 321 4247 478 4303; x_wconf 90' lang='lat' dir='ltr'>lacro</span> <span class='ocrx_word' id='word_1_505' title='bbox 509 4242 985 4300; x_wconf 84' lang='lat' dir='ltr'>immanissimus</span> <span class='ocrx_word' id='word_1_506' title='bbox 1011 4244 1204 4315; x_wconf 88' lang='lat' dir='ltr'>erupit</span> <span class='ocrx_word' id='word_1_507' title='bbox 1223 4245 1416 4311; x_wconf 90' lang='lat' dir='ltr'>draco,</span> <span class='ocrx_word' id='word_1_508' title='bbox 1444 4246 1541 4317; x_wconf 91' lang='lat' dir='ltr'>qui</span> <span class='ocrx_word' id='word_1_509' title='bbox 1572 4246 1721 4301; x_wconf 89' lang='lat' dir='ltr'>facto</span> <span class='ocrx_word' id='word_1_510' title='bbox 1756 4248 1978 4320; x_wconf 88' lang='lat' dir='ltr'>impetu</span> 
     </span>
    </p>
   </div>
   <div class='ocr_carea' id='block_1_75' title="bbox 320 4331 1975 4406">
    <p class='ocr_par' dir='ltr' id='par_1_75' title="bbox 320 4331 1975 4406">
     <span class='ocr_line' id='line_1_75' title="bbox 320 4331 1975 4406; baseline 0 -13"><span class='ocrx_word' id='word_1_511' title='bbox 320 4340 526 4393; x_wconf 89' lang='lat' dir='ltr'>contra</span> <span class='ocrx_word' id='word_1_512' title='bbox 556 4331 812 4390; x_wconf 87' lang='lat' dir='ltr'>cultores</span> <span class='ocrx_word' id='word_1_513' title='bbox 844 4333 1132 4406; x_wconf 89' lang='lat' dir='ltr'>proprios,</span> <span class='ocrx_word' id='word_1_514' title='bbox 1156 4332 1293 4387; x_wconf 81' lang='lat' dir='ltr'>ﬂatu</span> <span class='ocrx_word' id='word_1_515' title='bbox 1329 4333 1645 4405; x_wconf 89' lang='lat' dir='ltr'>sulphureo</span> <span class='ocrx_word' id='word_1_516' title='bbox 1676 4340 1731 4390; x_wconf 89' lang='lat' dir='ltr'>et</span> <span class='ocrx_word' id='word_1_517' title='bbox 1762 4338 1975 4393; x_wconf 89' lang='lat' dir='ltr'>atrocis</span> 
     </span>
    </p>
   </div>
   <div class='ocr_carea' id='block_1_76' title="bbox 315 4421 1973 4496">
    <p class='ocr_par' dir='ltr' id='par_1_76' title="bbox 315 4421 1973 4496">
     <span class='ocr_line' id='line_1_76' title="bbox 315 4421 1973 4496; baseline 0.001 -15"><span class='ocrx_word' id='word_1_518' title='bbox 315 4425 554 4481; x_wconf 85' lang='lat' dir='ltr'>verbere</span> <span class='ocrx_word' id='word_1_519' title='bbox 577 4424 796 4491; x_wconf 65' lang='lat' dir='ltr'>caudis,</span> <span class='ocrx_word' id='word_1_520' title='bbox 814 4423 1151 4478; x_wconf 88' lang='lat' dir='ltr'>devotorum</span> <span class='ocrx_word' id='word_1_521' title='bbox 1172 4421 1281 4477; x_wconf 90' lang='lat' dir='ltr'>sibi</span> <span class='ocrx_word' id='word_1_522' title='bbox 1302 4422 1621 4496; x_wconf 87' lang='lat' dir='ltr'>phalanges</span> <span class='ocrx_word' id='word_1_523' title='bbox 1644 4423 1703 4478; x_wconf 92' lang='lat' dir='ltr'>in</span> <span class='ocrx_word' id='word_1_524' title='bbox 1727 4431 1973 4482; x_wconf 88' lang='lat' dir='ltr'>mortem</span> 
     </span>
    </p>
   </div>
   <div class='ocr_carea' id='block_1_77' title="bbox 317 4512 1972 4588">
    <p class='ocr_par' dir='ltr' id='par_1_77' title="bbox 317 4512 1972 4588">
     <span class='ocr_line' id='line_1_77' title="bbox 317 4512 1972 4588; baseline -0.001 -16"><span class='ocrx_word' id='word_1_525' title='bbox 317 4516 491 4588; x_wconf 71' lang='lat' dir='ltr'>empit</span> <span class='ocrx_word' id='word_1_526' title='bbox 540 4516 812 4571; x_wconf 90' lang='lat' dir='ltr'>ardenter</span> <span class='ocrx_word' id='word_1_527' title='bbox 849 4529 1080 4584; x_wconf 86' lang='lat' dir='ltr'>urgere.</span> <span class='ocrx_word' id='word_1_528' title='bbox 1111 4515 1184 4567; x_wconf 87' lang='lat' dir='ltr'>At</span> <span class='ocrx_word' id='word_1_529' title='bbox 1231 4512 1315 4567; x_wconf 89' lang='lat' dir='ltr'>illi</span> <span class='ocrx_word' id='word_1_530' title='bbox 1365 4514 1494 4583; x_wconf 91' lang='lat' dir='ltr'>ejus</span> <span class='ocrx_word' id='word_1_531' title='bbox 1541 4519 1746 4569; x_wconf 90' lang='lat' dir='ltr'>contra</span> <span class='ocrx_word' id='word_1_532' title='bbox 1793 4520 1972 4570; x_wconf 84' lang='lat' dir='ltr'>Deum</span> 
     </span>
    </p>
   </div>
   <div class='ocr_carea' id='block_1_78' title="bbox 318 4602 1973 4679">
    <p class='ocr_par' dir='ltr' id='par_1_78' title="bbox 318 4602 1973 4679">
     <span class='ocr_line' id='line_1_78' title="bbox 318 4602 1973 4679; baseline -0.001 -18"><span class='ocrx_word' id='word_1_533' title='bbox 318 4622 493 4662; x_wconf 88' lang='lat' dir='ltr'>suum</span> <span class='ocrx_word' id='word_1_534' title='bbox 526 4609 736 4677; x_wconf 87' lang='lat' dir='ltr'>petunt</span> <span class='ocrx_word' id='word_1_535' title='bbox 784 4602 1093 4679; x_wconf 79' lang='lat' dir='ltr'>auxilium,</span> <span class='ocrx_word' id='word_1_536' title='bbox 1127 4619 1303 4673; x_wconf 89' lang='lat' dir='ltr'>quem</span> <span class='ocrx_word' id='word_1_537' title='bbox 1354 4602 1526 4673; x_wconf 90' lang='lat' dir='ltr'>paulo</span> <span class='ocrx_word' id='word_1_538' title='bbox 1576 4608 1709 4658; x_wconf 90' lang='lat' dir='ltr'>ante</span> <span class='ocrx_word' id='word_1_539' title='bbox 1758 4606 1973 4661; x_wconf 85' lang='lat' dir='ltr'>vocife-</span> 
     </span>
    </p>
   </div>
   <div class='ocr_carea' id='block_1_79' title="bbox 2107 3444 3762 3517">
    <p class='ocr_par' dir='ltr' id='par_1_79' title="bbox 2107 3444 3762 3517">
     <span class='ocr_line' id='line_1_79' title="bbox 2107 3444 3762 3517; baseline -0.001 -16"><span class='ocrx_word' id='word_1_540' title='bbox 2107 3448 2267 3501; x_wconf 88' lang='lat' dir='ltr'>derio</span> <span class='ocrx_word' id='word_1_541' title='bbox 2312 3447 2664 3501; x_wconf 89' lang='lat' dir='ltr'>succendere</span> <span class='ocrx_word' id='word_1_542' title='bbox 2696 3451 2913 3517; x_wconf 89' lang='lat' dir='ltr'>posset.</span> <span class='ocrx_word' id='word_1_543' title='bbox 2950 3446 3405 3516; x_wconf 86' lang='lat' dir='ltr'>Subsequuntur</span> <span class='ocrx_word' id='word_1_544' title='bbox 3448 3463 3478 3499; x_wconf 93' lang='lat' dir='ltr'>e</span> <span class='ocrx_word' id='word_1_545' title='bbox 3519 3444 3762 3516; x_wconf 89' lang='lat' dir='ltr'>vestigio</span> 
     </span>
    </p>
   </div>
   <div class='ocr_carea' id='block_1_80' title="bbox 2106 3533 3761 3607">
    <p class='ocr_par' dir='ltr' id='par_1_80' title="bbox 2106 3533 3761 3607">
     <span class='ocr_line' id='line_1_80' title="bbox 2106 3533 3761 3607; baseline -0.002 -17"><span class='ocrx_word' id='word_1_546' title='bbox 2106 3541 2375 3591; x_wconf 90' lang='lat' dir='ltr'>sanctum</span> <span class='ocrx_word' id='word_1_547' title='bbox 2409 3536 2751 3607; x_wconf 81' lang='lat' dir='ltr'>episcopum</span> <span class='ocrx_word' id='word_1_548' title='bbox 2785 3533 3166 3607; x_wconf 84' lang='lat' dir='ltr'>energumeni</span> <span class='ocrx_word' id='word_1_549' title='bbox 3191 3534 3307 3588; x_wconf 93' lang='lat' dir='ltr'>duo</span> <span class='ocrx_word' id='word_1_550' title='bbox 3340 3533 3550 3588; x_wconf 87' lang='lat' dir='ltr'>salutis</span> <span class='ocrx_word' id='word_1_551' title='bbox 3583 3550 3761 3588; x_wconf 83' lang='lat' dir='ltr'>reme-</span> 
     </span>
    </p>
   </div>
   <div class='ocr_carea' id='block_1_81' title="bbox 2104 3622 3762 3697">
    <p class='ocr_par' dir='ltr' id='par_1_81' title="bbox 2104 3622 3762 3697">
     <span class='ocr_line' id='line_1_81' title="bbox 2104 3622 3762 3697; baseline -0.002 -17"><span class='ocrx_word' id='word_1_552' title='bbox 2104 3626 2267 3681; x_wconf 90' lang='lat' dir='ltr'>dium</span> <span class='ocrx_word' id='word_1_553' title='bbox 2304 3625 2634 3697; x_wconf 84' lang='lat' dir='ltr'>flagitantes</span> <span class='ocrx_word' id='word_1_554' title='bbox 2666 3625 2737 3679; x_wconf 89' lang='lat' dir='ltr'>ab</span> <span class='ocrx_word' id='word_1_555' title='bbox 2769 3640 2856 3678; x_wconf 91' lang='lat' dir='ltr'>eo.</span> <span class='ocrx_word' id='word_1_556' title='bbox 2889 3625 2961 3677; x_wconf 87' lang='lat' dir='ltr'>At</span> <span class='ocrx_word' id='word_1_557' title='bbox 2992 3622 3089 3678; x_wconf 91' lang='lat' dir='ltr'>ille</span> <span class='ocrx_word' id='word_1_558' title='bbox 3120 3623 3383 3678; x_wconf 88' lang='lat' dir='ltr'>invocato</span> <span class='ocrx_word' id='word_1_559' title='bbox 3416 3622 3629 3676; x_wconf 89' lang='lat' dir='ltr'>Christi</span> <span class='ocrx_word' id='word_1_560' title='bbox 3668 3639 3762 3677; x_wconf 88' lang='lat' dir='ltr'>no-</span> 
     </span>
    </p>
   </div>
   <div class='ocr_carea' id='block_1_82' title="bbox 2103 3710 3761 3784">
    <p class='ocr_par' dir='ltr' id='par_1_82' title="bbox 2103 3710 3761 3784">
     <span class='ocr_line' id='line_1_82' title="bbox 2103 3710 3761 3784; baseline -0.003 -15"><span class='ocrx_word' id='word_1_561' title='bbox 2103 3717 2280 3779; x_wconf 90' lang='lat' dir='ltr'>mine,</span> <span class='ocrx_word' id='word_1_562' title='bbox 2306 3718 2365 3769; x_wconf 92' lang='lat' dir='ltr'>et</span> <span class='ocrx_word' id='word_1_563' title='bbox 2396 3714 2700 3768; x_wconf 88' lang='lat' dir='ltr'>inimicum</span> <span class='ocrx_word' id='word_1_564' title='bbox 2726 3712 2967 3784; x_wconf 87' lang='lat' dir='ltr'>fugavit,</span> <span class='ocrx_word' id='word_1_565' title='bbox 2993 3717 3049 3767; x_wconf 86' lang='lat' dir='ltr'>et</span> <span class='ocrx_word' id='word_1_566' title='bbox 3081 3729 3179 3767; x_wconf 89' lang='lat' dir='ltr'>eos</span> <span class='ocrx_word' id='word_1_567' title='bbox 3201 3712 3374 3767; x_wconf 87' lang='lat' dir='ltr'>verbo</span> <span class='ocrx_word' id='word_1_568' title='bbox 3405 3710 3761 3784; x_wconf 77' lang='lat' dir='ltr'>praedicatio~</span> 
     </span>
    </p>
   </div>
   <div class='ocr_carea' id='block_1_83' title="bbox 2102 3800 3759 3873">
    <p class='ocr_par' dir='ltr' id='par_1_83' title="bbox 2102 3800 3759 3873">
     <span class='ocr_line' id='line_1_83' title="bbox 2102 3800 3759 3873; baseline -0.003 -15"><span class='ocrx_word' id='word_1_569' title='bbox 2102 3805 2193 3858; x_wconf 90' lang='lat' dir='ltr'>nis</span> <span class='ocrx_word' id='word_1_570' title='bbox 2219 3803 2582 3858; x_wconf 72' lang='lat' dir='ltr'>illu&#39;ninatos</span> <span class='ocrx_word' id='word_1_571' title='bbox 2608 3802 2842 3873; x_wconf 89' lang='lat' dir='ltr'>proprio</span> <span class='ocrx_word' id='word_1_572' title='bbox 2869 3800 3418 3857; x_wconf 88' lang='lat' dir='ltr'>restituitCreatori.</span> <span class='ocrx_word' id='word_1_573' title='bbox 3438 3800 3601 3853; x_wconf 88' lang='lat' dir='ltr'>Diem</span> <span class='ocrx_word' id='word_1_574' title='bbox 3621 3817 3759 3871; x_wconf 87' lang='lat' dir='ltr'>erga</span> 
     </span>
    </p>
   </div>
   <div class='ocr_carea' id='block_1_84' title="bbox 2099 3889 3758 3959">
    <p class='ocr_par' dir='ltr' id='par_1_84' title="bbox 2099 3889 3758 3959">
     <span class='ocr_line' id='line_1_84' title="bbox 2099 3889 3758 3959; baseline -0.003 -13"><span class='ocrx_word' id='word_1_575' title='bbox 2099 3892 2261 3946; x_wconf 89' lang='lat' dir='ltr'>illam</span> <span class='ocrx_word' id='word_1_576' title='bbox 2320 3891 2471 3946; x_wconf 85' lang='lat' dir='ltr'>felici</span> <span class='ocrx_word' id='word_1_577' title='bbox 2532 3895 2881 3945; x_wconf 87' lang='lat' dir='ltr'>exornantes</span> <span class='ocrx_word' id='word_1_578' title='bbox 2939 3889 3163 3956; x_wconf 67' lang='lat' dir='ltr'>laetitia,</span> <span class='ocrx_word' id='word_1_579' title='bbox 3196 3889 3347 3944; x_wconf 91' lang='lat' dir='ltr'>inter</span> <span class='ocrx_word' id='word_1_580' title='bbox 3405 3889 3532 3959; x_wconf 88' lang='lat' dir='ltr'>ipsa</span> <span class='ocrx_word' id='word_1_581' title='bbox 3582 3905 3758 3942; x_wconf 76' lang='lat' dir='ltr'>sacra:</span> 
     </span>
    </p>
   </div>
   <div class='ocr_carea' id='block_1_85' title="bbox 2098 3977 3757 4036">
    <p class='ocr_par' dir='ltr' id='par_1_85' title="bbox 2098 3977 3757 4036">
     <span class='ocr_line' id='line_1_85' title="bbox 2098 3977 3757 4036; baseline -0.003 0"><span class='ocrx_word' id='word_1_582' title='bbox 2098 3999 2312 4036; x_wconf 68' lang='lat' dir='ltr'>mensae</span> <span class='ocrx_word' id='word_1_583' title='bbox 2364 3980 2625 4035; x_wconf 88' lang='lat' dir='ltr'>convivia</span> <span class='ocrx_word' id='word_1_584' title='bbox 2684 3984 2844 4034; x_wconf 90' lang='lat' dir='ltr'>totus</span> <span class='ocrx_word' id='word_1_585' title='bbox 2878 3996 3068 4034; x_wconf 89' lang='lat' dir='ltr'>sermo</span> <span class='ocrx_word' id='word_1_586' title='bbox 3103 3978 3219 4033; x_wconf 91' lang='lat' dir='ltr'>illis</span> <span class='ocrx_word' id='word_1_587' title='bbox 3250 3982 3373 4033; x_wconf 90' lang='lat' dir='ltr'>erat</span> <span class='ocrx_word' id='word_1_588' title='bbox 3422 3978 3492 4032; x_wconf 91' lang='lat' dir='ltr'>de</span> <span class='ocrx_word' id='word_1_589' title='bbox 3541 3977 3757 4032; x_wconf 87' lang='lat' dir='ltr'>Christi</span> 
     </span>
    </p>
   </div>
   <div class='ocr_carea' id='block_1_86' title="bbox 2094 4068 3758 4143">
    <p class='ocr_par' dir='ltr' id='par_1_86' title="bbox 2094 4068 3758 4143">
     <span class='ocr_line' id='line_1_86' title="bbox 2094 4068 3758 4143; baseline -0.002 -18"><span class='ocrx_word' id='word_1_590' title='bbox 2094 4071 2300 4143; x_wconf 86' lang='lat' dir='ltr'>gloria,</span> <span class='ocrx_word' id='word_1_591' title='bbox 2327 4071 2398 4125; x_wconf 89' lang='lat' dir='ltr'>de</span> <span class='ocrx_word' id='word_1_592' title='bbox 2433 4069 2676 4124; x_wconf 87' lang='lat' dir='ltr'>interitu</span> <span class='ocrx_word' id='word_1_593' title='bbox 2706 4069 3044 4133; x_wconf 66' lang='lat' dir='ltr'>Satanze,de</span> <span class='ocrx_word' id='word_1_594' title='bbox 3077 4068 3170 4123; x_wconf 90' lang='lat' dir='ltr'>his</span> <span class='ocrx_word' id='word_1_595' title='bbox 3201 4083 3433 4139; x_wconf 87' lang='lat' dir='ltr'>quoque</span> <span class='ocrx_word' id='word_1_596' title='bbox 3466 4085 3594 4138; x_wconf 72' lang='lat' dir='ltr'>qum</span> <span class='ocrx_word' id='word_1_597' title='bbox 3629 4084 3758 4138; x_wconf 89' lang='lat' dir='ltr'>per-</span> 
     </span>
    </p>
   </div>
   <div class='ocr_carea' id='block_1_87' title="bbox 2092 4155 3755 4215">
    <p class='ocr_par' dir='ltr' id='par_1_87' title="bbox 2092 4155 3755 4215">
     <span class='ocr_line' id='line_1_87' title="bbox 2092 4155 3755 4215; baseline -0.004 0"><span class='ocrx_word' id='word_1_598' title='bbox 2092 4161 2282 4215; x_wconf 87' lang='lat' dir='ltr'>tinent</span> <span class='ocrx_word' id='word_1_599' title='bbox 2298 4160 2370 4215; x_wconf 89' lang='lat' dir='ltr'>ad</span> <span class='ocrx_word' id='word_1_600' title='bbox 2391 4176 2583 4213; x_wconf 85' lang='lat' dir='ltr'>veram</span> <span class='ocrx_word' id='word_1_601' title='bbox 2610 4158 2793 4213; x_wconf 89' lang='lat' dir='ltr'>Deum</span> <span class='ocrx_word' id='word_1_602' title='bbox 2818 4155 3156 4211; x_wconf 88' lang='lat' dir='ltr'>timentium</span> <span class='ocrx_word' id='word_1_603' title='bbox 3178 4157 3509 4212; x_wconf 90' lang='lat' dir='ltr'>animarum</span> <span class='ocrx_word' id='word_1_604' title='bbox 3526 4172 3755 4210; x_wconf 88' lang='lat' dir='ltr'>curam.</span> 
     </span>
    </p>
   </div>
   <div class='ocr_carea' id='block_1_88' title="bbox 2092 4245 3749 4321">
    <p class='ocr_par' dir='ltr' id='par_1_88' title="bbox 2092 4245 3749 4321">
     <span class='ocr_line' id='line_1_88' title="bbox 2092 4245 3749 4321; baseline -0.003 -17"><span class='ocrx_word' id='word_1_605' title='bbox 2092 4250 2226 4304; x_wconf 89' lang='lat' dir='ltr'>Post</span> <span class='ocrx_word' id='word_1_606' title='bbox 2256 4247 2548 4321; x_wconf 89' lang='lat' dir='ltr'>gloriosus</span> <span class='ocrx_word' id='word_1_607' title='bbox 2579 4246 2674 4300; x_wconf 90' lang='lat' dir='ltr'>ille</span> <span class='ocrx_word' id='word_1_608' title='bbox 2707 4247 2794 4300; x_wconf 91' lang='lat' dir='ltr'>vir</span> <span class='ocrx_word' id='word_1_609' title='bbox 2825 4246 2982 4300; x_wconf 92' lang='lat' dir='ltr'>omni</span> <span class='ocrx_word' id='word_1_610' title='bbox 3017 4245 3397 4317; x_wconf 88' lang='lat' dir='ltr'>supellectilis</span> <span class='ocrx_word' id='word_1_611' title='bbox 3430 4262 3548 4299; x_wconf 68' lang='lat' dir='ltr'>sua:</span> <span class='ocrx_word' id='word_1_612' title='bbox 3578 4245 3749 4316; x_wconf 90' lang='lat' dir='ltr'>copia</span> 
     </span>
    </p>
   </div>
   <div class='ocr_carea' id='block_1_89' title="bbox 2088 4334 3752 4406">
    <p class='ocr_par' dir='ltr' id='par_1_89' title="bbox 2088 4334 3752 4406">
     <span class='ocr_line' id='line_1_89' title="bbox 2088 4334 3752 4406; baseline -0.004 -13"><span class='ocrx_word' id='word_1_613' title='bbox 2088 4345 2289 4393; x_wconf 91' lang='lat' dir='ltr'>sancto</span> <span class='ocrx_word' id='word_1_614' title='bbox 2322 4337 2441 4392; x_wconf 90' lang='lat' dir='ltr'>viro</span> <span class='ocrx_word' id='word_1_615' title='bbox 2474 4335 2729 4391; x_wconf 86' lang='lat' dir='ltr'>exhibita</span> <span class='ocrx_word' id='word_1_616' title='bbox 2763 4334 3009 4406; x_wconf 82' lang='lat' dir='ltr'>supplex</span> <span class='ocrx_word' id='word_1_617' title='bbox 3048 4338 3267 4401; x_wconf 89' lang='lat' dir='ltr'>exorat,</span> <span class='ocrx_word' id='word_1_618' title='bbox 3302 4338 3367 4388; x_wconf 89' lang='lat' dir='ltr'>ut</span> <span class='ocrx_word' id='word_1_619' title='bbox 3400 4337 3614 4387; x_wconf 86' lang='lat' dir='ltr'>cuncta</span> <span class='ocrx_word' id='word_1_620' title='bbox 3649 4334 3752 4387; x_wconf 89' lang='lat' dir='ltr'>be-</span> 
     </span>
    </p>
   </div>
   <div class='ocr_carea' id='block_1_90' title="bbox 2088 4420 3750 4499">
    <p class='ocr_par' dir='ltr' id='par_1_90' title="bbox 2088 4420 3750 4499">
     <span class='ocr_line' id='line_1_90' title="bbox 2088 4420 3750 4499; baseline -0.002 -19"><span class='ocrx_word' id='word_1_621' title='bbox 2088 4427 2263 4499; x_wconf 84' lang='lat' dir='ltr'>nigne</span> <span class='ocrx_word' id='word_1_622' title='bbox 2321 4425 2672 4496; x_wconf 86' lang='lat' dir='ltr'>suscipiens,</span> <span class='ocrx_word' id='word_1_623' title='bbox 2709 4424 2779 4479; x_wconf 88' lang='lat' dir='ltr'>ad</span> <span class='ocrx_word' id='word_1_624' title='bbox 2816 4439 3199 4494; x_wconf 88' lang='lat' dir='ltr'>quoscunque</span> <span class='ocrx_word' id='word_1_625' title='bbox 3252 4439 3396 4477; x_wconf 91' lang='lat' dir='ltr'>usus</span> <span class='ocrx_word' id='word_1_626' title='bbox 3459 4420 3750 4492; x_wconf 86' lang='lat' dir='ltr'>placuerit</span> 
     </span>
    </p>
   </div>
   <div class='ocr_carea' id='block_1_91' title="bbox 2086 4509 3751 4588">
    <p class='ocr_par' dir='ltr' id='par_1_91' title="bbox 2086 4509 3751 4588">
     <span class='ocr_line' id='line_1_91' title="bbox 2086 4509 3751 4588; baseline -0.003 -18"><span class='ocrx_word' id='word_1_627' title='bbox 2086 4517 2390 4588; x_wconf 87' lang='lat' dir='ltr'>profutura</span> <span class='ocrx_word' id='word_1_628' title='bbox 2419 4518 2686 4568; x_wconf 89' lang='lat' dir='ltr'>retentet.</span> <span class='ocrx_word' id='word_1_629' title='bbox 2714 4514 2824 4567; x_wconf 89' lang='lat' dir='ltr'>Sed</span> <span class='ocrx_word' id='word_1_630' title='bbox 2848 4511 2936 4567; x_wconf 90' lang='lat' dir='ltr'>vir</span> <span class='ocrx_word' id='word_1_631' title='bbox 2958 4511 3337 4567; x_wconf 88' lang='lat' dir='ltr'>beatissimus</span> <span class='ocrx_word' id='word_1_632' title='bbox 3365 4509 3511 4565; x_wconf 88' lang='lat' dir='ltr'>nihil</span> <span class='ocrx_word' id='word_1_633' title='bbox 3538 4510 3751 4565; x_wconf 88' lang='lat' dir='ltr'>horum</span> 
     </span>
    </p>
   </div>
   <div class='ocr_carea' id='block_1_92' title="bbox 2084 4599 3754 4675">
    <p class='ocr_par' dir='ltr' id='par_1_92' title="bbox 2084 4599 3754 4675">
     <span class='ocr_line' id='line_1_92' title="bbox 2084 4599 3754 4675; baseline -0.006 -13"><span class='ocrx_word' id='word_1_634' title='bbox 2084 4605 2434 4675; x_wconf 85' lang='lat' dir='ltr'>suscipiens,</span> <span class='ocrx_word' id='word_1_635' title='bbox 2470 4602 2878 4657; x_wconf 89' lang='lat' dir='ltr'>benedictione</span> <span class='ocrx_word' id='word_1_636' title='bbox 2910 4617 3087 4673; x_wconf 87' lang='lat' dir='ltr'>super</span> <span class='ocrx_word' id='word_1_637' title='bbox 3120 4618 3254 4655; x_wconf 88' lang='lat' dir='ltr'>cum</span> <span class='ocrx_word' id='word_1_638' title='bbox 3289 4599 3527 4665; x_wconf 88' lang='lat' dir='ltr'>tradita,</span> <span class='ocrx_word' id='word_1_639' title='bbox 3565 4600 3754 4653; x_wconf 82' lang='lat' dir='ltr'>omni-</span> 
     </span>
    </p>
   </div>
   <div class='ocr_carea' id='block_1_93' title="bbox 317 4684 3745 4770">
    <p class='ocr_par' dir='ltr' id='par_1_93' title="bbox 317 4684 3745 4770">
     <span class='ocr_line' id='line_1_93' title="bbox 317 4684 3745 4770; baseline -0.002 -21"><span class='ocrx_word' id='word_1_640' title='bbox 317 4684 514 4750; x_wconf 86' lang='lat' dir='ltr'>rantes</span> <span class='ocrx_word' id='word_1_641' title='bbox 535 4693 890 4760; x_wconf 82' lang='lat' dir='ltr'>maleﬁcum,</span> <span class='ocrx_word' id='word_1_642' title='bbox 912 4692 1052 4746; x_wconf 89' lang='lat' dir='ltr'>totis</span> <span class='ocrx_word' id='word_1_643' title='bbox 1074 4690 1306 4746; x_wconf 90' lang='lat' dir='ltr'>nisibus</span> <span class='ocrx_word' id='word_1_644' title='bbox 1332 4690 1728 4759; x_wconf 81' lang='lat' dir='ltr'>elaborabunt,</span> <span class='ocrx_word' id='word_1_645' title='bbox 1752 4699 1816 4748; x_wconf 93' lang='lat' dir='ltr'>ut</span> <span class='ocrx_word' id='word_1_646' title='bbox 1837 4711 1969 4749; x_wconf 89' lang='lat' dir='ltr'>eum</span> <span class='ocrx_word' id='word_1_647' title='bbox 2001 4707 2049 4770; x_wconf 84' lang='lat' dir='ltr'><strong>D</strong></span> <span class='ocrx_word' id='word_1_648' title='bbox 2083 4712 2194 4767; x_wconf 91' lang='lat' dir='ltr'>que</span> <span class='ocrx_word' id='word_1_649' title='bbox 2226 4695 2399 4747; x_wconf 91' lang='lat' dir='ltr'>domo</span> <span class='ocrx_word' id='word_1_650' title='bbox 2431 4693 2561 4763; x_wconf 89' lang='lat' dir='ltr'>ejus</span> <span class='ocrx_word' id='word_1_651' title='bbox 2593 4692 2650 4745; x_wconf 90' lang='lat' dir='ltr'>in</span> <span class='ocrx_word' id='word_1_652' title='bbox 2686 4691 2799 4746; x_wconf 79' lang='lat' dir='ltr'>fide</span> <span class='ocrx_word' id='word_1_653' title='bbox 2831 4690 3047 4745; x_wconf 88' lang='lat' dir='ltr'>Christi</span> <span class='ocrx_word' id='word_1_654' title='bbox 3093 4690 3466 4745; x_wconf 89' lang='lat' dir='ltr'>corroborata</span> <span class='ocrx_word' id='word_1_655' title='bbox 3503 4688 3745 4743; x_wconf 89' lang='lat' dir='ltr'>festina-</span> 
     </span>
    </p>
   </div>
   <div class='ocr_carea' id='block_1_94' title="bbox 318 4780 1974 4851">
    <p class='ocr_par' dir='ltr' id='par_1_94' title="bbox 318 4780 1974 4851">
     <span class='ocr_line' id='line_1_94' title="bbox 318 4780 1974 4851; baseline 0.001 -15"><span class='ocrx_word' id='word_1_656' title='bbox 318 4782 699 4837; x_wconf 87' lang='lat' dir='ltr'>incenderent</span> <span class='ocrx_word' id='word_1_657' title='bbox 726 4780 943 4835; x_wconf 89' lang='lat' dir='ltr'>vivum.</span> <span class='ocrx_word' id='word_1_658' title='bbox 972 4780 1149 4835; x_wconf 87' lang='lat' dir='ltr'>Porra</span> <span class='ocrx_word' id='word_1_659' title='bbox 1177 4780 1452 4837; x_wconf 86' lang='lat' dir='ltr'>Julianus</span> <span class='ocrx_word' id='word_1_660' title='bbox 1475 4782 1573 4836; x_wconf 90' lang='lat' dir='ltr'>Dei</span> <span class='ocrx_word' id='word_1_661' title='bbox 1599 4782 1839 4851; x_wconf 90' lang='lat' dir='ltr'>athleta,</span> <span class='ocrx_word' id='word_1_662' title='bbox 1864 4784 1974 4838; x_wconf 89' lang='lat' dir='ltr'>ele-</span> 
     </span>
    </p>
   </div>
   <div class='ocr_carea' id='block_1_95' title="bbox 316 4868 1965 4940">
    <p class='ocr_par' dir='ltr' id='par_1_95' title="bbox 316 4868 1965 4940">
     <span class='ocr_line' id='line_1_95' title="bbox 316 4868 1965 4940; baseline 0.001 -15"><span class='ocrx_word' id='word_1_663' title='bbox 316 4873 450 4926; x_wconf 87' lang='lat' dir='ltr'>vata</span> <span class='ocrx_word' id='word_1_664' title='bbox 478 4885 613 4924; x_wconf 91' lang='lat' dir='ltr'>cum</span> <span class='ocrx_word' id='word_1_665' title='bbox 645 4869 813 4940; x_wconf 88' lang='lat' dir='ltr'>signo</span> <span class='ocrx_word' id='word_1_666' title='bbox 845 4868 1037 4926; x_wconf 89' lang='lat' dir='ltr'>crucis</span> <span class='ocrx_word' id='word_1_667' title='bbox 1067 4869 1125 4923; x_wconf 89' lang='lat' dir='ltr'>in</span> <span class='ocrx_word' id='word_1_668' title='bbox 1157 4868 1409 4925; x_wconf 90' lang='lat' dir='ltr'>sublime</span> <span class='ocrx_word' id='word_1_669' title='bbox 1440 4870 1696 4939; x_wconf 86' lang='lat' dir='ltr'>dextera,</span> <span class='ocrx_word' id='word_1_670' title='bbox 1727 4873 1965 4928; x_wconf 90' lang='lat' dir='ltr'>draconi</span> 
     </span>
    </p>
   </div>
   <div class='ocr_carea' id='block_1_96' title="bbox 316 4950 1963 5033">
    <p class='ocr_par' dir='ltr' id='par_1_96' title="bbox 316 4950 1963 5033">
     <span class='ocr_line' id='line_1_96' title="bbox 316 4950 1963 5033; baseline 0.002 -21"><span class='ocrx_word' id='word_1_671' title='bbox 316 4950 585 5029; x_wconf 81' lang='lat' dir='ltr'>imperat,</span> <span class='ocrx_word' id='word_1_672' title='bbox 602 4961 669 5012; x_wconf 92' lang='lat' dir='ltr'>ut</span> <span class='ocrx_word' id='word_1_673' title='bbox 689 4955 919 5012; x_wconf 90' lang='lat' dir='ltr'>nullum</span> <span class='ocrx_word' id='word_1_674' title='bbox 938 4956 1193 5027; x_wconf 90' lang='lat' dir='ltr'>amplius</span> <span class='ocrx_word' id='word_1_675' title='bbox 1215 4957 1451 5025; x_wconf 81' lang='lat' dir='ltr'>laedens,</span> <span class='ocrx_word' id='word_1_676' title='bbox 1466 4961 1732 5015; x_wconf 87' lang='lat' dir='ltr'>concitus</span> <span class='ocrx_word' id='word_1_677' title='bbox 1756 4961 1963 5033; x_wconf 82' lang='lat' dir='ltr'>fugiat,</span> 
     </span>
    </p>
   </div>
   <div class='ocr_carea' id='block_1_97' title="bbox 315 5043 1964 5121">
    <p class='ocr_par' dir='ltr' id='par_1_97' title="bbox 315 5043 1964 5121">
     <span class='ocr_line' id='line_1_97' title="bbox 315 5043 1964 5121; baseline 0.004 -21"><span class='ocrx_word' id='word_1_678' title='bbox 315 5050 376 5101; x_wconf 89' lang='lat' dir='ltr'>et</span> <span class='ocrx_word' id='word_1_679' title='bbox 404 5044 530 5100; x_wconf 87' lang='lat' dir='ltr'>loca</span> <span class='ocrx_word' id='word_1_680' title='bbox 558 5044 822 5099; x_wconf 85' lang='lat' dir='ltr'>humana</span> <span class='ocrx_word' id='word_1_681' title='bbox 849 5043 1082 5099; x_wconf 90' lang='lat' dir='ltr'>cultura</span> <span class='ocrx_word' id='word_1_682' title='bbox 1120 5062 1361 5116; x_wconf 85' lang='lat' dir='ltr'>prorsus</span> <span class='ocrx_word' id='word_1_683' title='bbox 1393 5049 1652 5104; x_wconf 88' lang='lat' dir='ltr'>carentia</span> <span class='ocrx_word' id='word_1_684' title='bbox 1685 5055 1861 5121; x_wconf 89' lang='lat' dir='ltr'>petat.</span> <span class='ocrx_word' id='word_1_685' title='bbox 1880 5053 1964 5107; x_wconf 83' lang='lat' dir='ltr'>Ad</span> 
     </span>
    </p>
   </div>
   <div class='ocr_carea' id='block_1_98' title="bbox 315 5131 1968 5208">
    <p class='ocr_par' dir='ltr' id='par_1_98' title="bbox 315 5131 1968 5208">
     <span class='ocr_line' id='line_1_98' title="bbox 315 5131 1968 5208; baseline 0.004 -20"><span class='ocrx_word' id='word_1_686' title='bbox 315 5134 487 5204; x_wconf 89' lang='lat' dir='ltr'>cujus</span> <span class='ocrx_word' id='word_1_687' title='bbox 518 5131 831 5203; x_wconf 89' lang='lat' dir='ltr'>imperium</span> <span class='ocrx_word' id='word_1_688' title='bbox 855 5133 1028 5187; x_wconf 89' lang='lat' dir='ltr'>draco</span> <span class='ocrx_word' id='word_1_689' title='bbox 1060 5135 1418 5189; x_wconf 72' lang='lat' dir='ltr'>szevissimus</span> <span class='ocrx_word' id='word_1_690' title='bbox 1443 5138 1649 5208; x_wconf 81' lang='lat' dir='ltr'>etl&#39;ugit</span> <span class='ocrx_word' id='word_1_691' title='bbox 1678 5139 1968 5194; x_wconf 86' lang='lat' dir='ltr'>vivacissi-</span> 
     </span>
    </p>
   </div>
   <div class='ocr_carea' id='block_1_99' title="bbox 316 5221 1964 5299">
    <p class='ocr_par' dir='ltr' id='par_1_99' title="bbox 316 5221 1964 5299">
     <span class='ocr_line' id='line_1_99' title="bbox 316 5221 1964 5299; baseline 0.004 -22"><span class='ocrx_word' id='word_1_692' title='bbox 316 5227 545 5290; x_wconf 88' lang='lat' dir='ltr'>mus,et</span> <span class='ocrx_word' id='word_1_693' title='bbox 571 5222 628 5275; x_wconf 90' lang='lat' dir='ltr'>in</span> <span class='ocrx_word' id='word_1_694' title='bbox 647 5237 714 5274; x_wconf 87' lang='lat' dir='ltr'>eo</span> <span class='ocrx_word' id='word_1_695' title='bbox 736 5221 863 5289; x_wconf 89' lang='lat' dir='ltr'>ejus</span> <span class='ocrx_word' id='word_1_696' title='bbox 884 5222 1003 5289; x_wconf 80' lang='lat' dir='ltr'>(aL,</span> <span class='ocrx_word' id='word_1_697' title='bbox 1020 5221 1158 5292; x_wconf 88' lang='lat' dir='ltr'>vim)</span> <span class='ocrx_word' id='word_1_698' title='bbox 1176 5223 1379 5277; x_wconf 88' lang='lat' dir='ltr'>amisit</span> <span class='ocrx_word' id='word_1_699' title='bbox 1400 5223 1645 5280; x_wconf 64' lang='lat' dir='ltr'>licdendi</span> <span class='ocrx_word' id='word_1_700' title='bbox 1668 5228 1723 5281; x_wconf 92' lang='lat' dir='ltr'>in</span> <span class='ocrx_word' id='word_1_701' title='bbox 1750 5231 1964 5299; x_wconf 88' lang='lat' dir='ltr'>quibus</span> 
     </span>
    </p>
   </div>
   <div class='ocr_carea' id='block_1_100' title="bbox 315 5308 1963 5379">
    <p class='ocr_par' dir='ltr' id='par_1_100' title="bbox 315 5308 1963 5379">
     <span class='ocr_line' id='line_1_100' title="bbox 315 5308 1963 5379; baseline -0.004 -13"><span class='ocrx_word' id='word_1_702' title='bbox 315 5311 563 5366; x_wconf 83' lang='lat' dir='ltr'>ulterius</span> <span class='ocrx_word' id='word_1_703' title='bbox 595 5308 859 5363; x_wconf 84' lang='lat' dir='ltr'>fraudem</span> <span class='ocrx_word' id='word_1_704' title='bbox 891 5324 1154 5362; x_wconf 80' lang='lat' dir='ltr'>exercere</span> <span class='ocrx_word' id='word_1_705' title='bbox 1187 5311 1512 5379; x_wconf 84' lang='lat' dir='ltr'>permissus</span> <span class='ocrx_word' id='word_1_706' title='bbox 1534 5331 1644 5367; x_wconf 91' lang='lat' dir='ltr'>non</span> <span class='ocrx_word' id='word_1_707' title='bbox 1679 5321 1768 5371; x_wconf 87' lang='lat' dir='ltr'>est</span> <span class='ocrx_word' id='word_1_708' title='bbox 1800 5319 1963 5372; x_wconf 85' lang='lat' dir='ltr'>sedn.</span> 
     </span>
    </p>
   </div>
   <div class='ocr_carea' id='block_1_101' title="bbox 311 5395 1961 5467">
    <p class='ocr_par' dir='ltr' id='par_1_101' title="bbox 311 5395 1961 5467">
     <span class='ocr_line' id='line_1_101' title="bbox 311 5395 1961 5467; baseline 0.003 -13"><span class='ocrx_word' id='word_1_709' title='bbox 311 5398 500 5455; x_wconf 88' lang='lat' dir='ltr'>cendi.</span> <span class='ocrx_word' id='word_1_710' title='bbox 525 5399 690 5453; x_wconf 87' lang='lat' dir='ltr'>Tunc</span> <span class='ocrx_word' id='word_1_711' title='bbox 724 5395 975 5449; x_wconf 88' lang='lat' dir='ltr'>universi</span> <span class='ocrx_word' id='word_1_712' title='bbox 1011 5412 1145 5448; x_wconf 89' lang='lat' dir='ltr'>cum</span> <span class='ocrx_word' id='word_1_713' title='bbox 1168 5398 1383 5467; x_wconf 87' lang='lat' dir='ltr'>gaudio</span> <span class='ocrx_word' id='word_1_714' title='bbox 1406 5400 1532 5467; x_wconf 88' lang='lat' dir='ltr'>jam</span> <span class='ocrx_word' id='word_1_715' title='bbox 1558 5403 1705 5454; x_wconf 76' lang='lat' dir='ltr'>fiunt</span> <span class='ocrx_word' id='word_1_716' title='bbox 1738 5406 1876 5458; x_wconf 86' lang='lat' dir='ltr'>socii</span> <span class='ocrx_word' id='word_1_717' title='bbox 1906 5406 1961 5458; x_wconf 89' lang='lat' dir='ltr'>in</span> 
     </span>
    </p>
   </div>
   <div class='ocr_carea' id='block_1_102' title="bbox 308 5478 1962 5546">
    <p class='ocr_par' dir='ltr' id='par_1_102' title="bbox 308 5478 1962 5546">
     <span class='ocr_line' id='line_1_102' title="bbox 308 5478 1962 5546; baseline 0.002 -3"><span class='ocrx_word' id='word_1_718' title='bbox 308 5478 618 5544; x_wconf 75' lang='lat' dir='ltr'>evertenda</span> <span class='ocrx_word' id='word_1_719' title='bbox 658 5482 935 5538; x_wconf 88' lang='lat' dir='ltr'>falsitatis</span> <span class='ocrx_word' id='word_1_720' title='bbox 975 5483 1128 5546; x_wconf 90' lang='lat' dir='ltr'>fano,</span> <span class='ocrx_word' id='word_1_721' title='bbox 1164 5502 1230 5538; x_wconf 90' lang='lat' dir='ltr'>ac</span> <span class='ocrx_word' id='word_1_722' title='bbox 1261 5486 1499 5539; x_wconf 91' lang='lat' dir='ltr'>demum</span> <span class='ocrx_word' id='word_1_723' title='bbox 1542 5496 1744 5543; x_wconf 89' lang='lat' dir='ltr'>sancto</span> <span class='ocrx_word' id='word_1_724' title='bbox 1777 5495 1962 5546; x_wconf 86' lang='lat' dir='ltr'>renati</span> 
     </span>
    </p>
   </div>
   <div class='ocr_carea' id='block_1_103' title="bbox 309 5570 1961 5646">
    <p class='ocr_par' dir='ltr' id='par_1_103' title="bbox 309 5570 1961 5646">
     <span class='ocr_line' id='line_1_103' title="bbox 309 5570 1961 5646; baseline 0.002 -14"><span class='ocrx_word' id='word_1_725' title='bbox 309 5576 537 5632; x_wconf 91' lang='lat' dir='ltr'>lavacro</span> <span class='ocrx_word' id='word_1_726' title='bbox 570 5590 671 5646; x_wconf 90' lang='lat' dir='ltr'>per</span> <span class='ocrx_word' id='word_1_727' title='bbox 700 5586 914 5625; x_wconf 88' lang='lat' dir='ltr'>manus</span> <span class='ocrx_word' id='word_1_728' title='bbox 958 5570 1143 5623; x_wconf 87' lang='lat' dir='ltr'>sancti</span> <span class='ocrx_word' id='word_1_729' title='bbox 1196 5573 1488 5641; x_wconf 76' lang='lat' dir='ltr'>pontificis</span> <span class='ocrx_word' id='word_1_730' title='bbox 1521 5575 1793 5645; x_wconf 78' lang='lat' dir='ltr'>dogmate</span> <span class='ocrx_word' id='word_1_731' title='bbox 1828 5581 1961 5635; x_wconf 81' lang='lat' dir='ltr'>bea-</span> 
     </span>
    </p>
   </div>
   <div class='ocr_carea' id='block_1_104' title="bbox 307 5656 995 5720">
    <p class='ocr_par' dir='ltr' id='par_1_104' title="bbox 307 5656 995 5720">
     <span class='ocr_line' id='line_1_104' title="bbox 307 5656 995 5720; baseline -0.015 0"><span class='ocrx_word' id='word_1_732' title='bbox 307 5664 610 5720; x_wconf 79' lang='lat' dir='ltr'>tificantur</span> <span class='ocrx_word' id='word_1_733' title='bbox 640 5656 995 5714; x_wconf 88' lang='lat' dir='ltr'>Christiano.</span> 
     </span>
    </p>
   </div>
   <div class='ocr_carea' id='block_1_105' title="bbox 378 5745 1960 5828">
    <p class='ocr_par' dir='ltr' id='par_1_105' title="bbox 378 5745 1960 5828">
     <span class='ocr_line' id='line_1_105' title="bbox 378 5745 1960 5828; baseline -0.006 -20"><span class='ocrx_word' id='word_1_734' title='bbox 378 5754 469 5808; x_wconf 86' lang='lat'>26.</span> <span class='ocrx_word' id='word_1_735' title='bbox 497 5751 678 5820; x_wconf 89' lang='lat' dir='ltr'>Cujus</span> <span class='ocrx_word' id='word_1_736' title='bbox 710 5746 845 5802; x_wconf 82' lang='lat' dir='ltr'>facti</span> <span class='ocrx_word' id='word_1_737' title='bbox 878 5745 1033 5799; x_wconf 71' lang='lat' dir='ltr'>fanna</span> <span class='ocrx_word' id='word_1_738' title='bbox 1063 5745 1227 5803; x_wconf 83' lang='lat' dir='ltr'>velox</span> <span class='ocrx_word' id='word_1_739' title='bbox 1256 5767 1360 5821; x_wconf 78' lang='lat' dir='ltr'>per</span> <span class='ocrx_word' id='word_1_740' title='bbox 1390 5765 1592 5805; x_wconf 78' lang='lat' dir='ltr'>omnes</span> <span class='ocrx_word' id='word_1_741' title='bbox 1628 5755 1805 5811; x_wconf 88' lang='lat' dir='ltr'>totius</span> <span class='ocrx_word' id='word_1_742' title='bbox 1837 5775 1960 5828; x_wconf 78' lang='lat' dir='ltr'>pro-</span> 
     </span>
    </p>
   </div>
   <div class='ocr_carea' id='block_1_106' title="bbox 2083 4782 2575 4853">
    <p class='ocr_par' dir='ltr' id='par_1_106' title="bbox 2083 4782 2575 4853">
     <span class='ocr_line' id='line_1_106' title="bbox 2083 4782 2575 4853; baseline -0.01 -14"><span class='ocrx_word' id='word_1_743' title='bbox 2083 4786 2184 4839; x_wconf 91' lang='lat' dir='ltr'>bat</span> <span class='ocrx_word' id='word_1_744' title='bbox 2216 4783 2287 4837; x_wconf 89' lang='lat' dir='ltr'>ad</span> <span class='ocrx_word' id='word_1_745' title='bbox 2322 4782 2575 4853; x_wconf 89' lang='lat' dir='ltr'>propria.</span> 
     </span>
    </p>
   </div>
   <div class='ocr_carea' id='block_1_107' title="bbox 2146 4866 3744 4941">
    <p class='ocr_par' dir='ltr' id='par_1_107' title="bbox 2146 4866 3744 4941">
     <span class='ocr_line' id='line_1_107' title="bbox 2146 4866 3744 4941; baseline -0.003 -15"><span class='ocrx_word' id='word_1_746' title='bbox 2146 4875 2236 4926; x_wconf 82' lang='lat'>28.</span> <span class='ocrx_word' id='word_1_747' title='bbox 2271 4872 2535 4941; x_wconf 85' lang='lat' dir='ltr'>Cumque</span> <span class='ocrx_word' id='word_1_748' title='bbox 2558 4870 2683 4939; x_wconf 89' lang='lat' dir='ltr'>jam</span> <span class='ocrx_word' id='word_1_749' title='bbox 2719 4872 2947 4940; x_wconf 89' lang='lat' dir='ltr'>portam</span> <span class='ocrx_word' id='word_1_750' title='bbox 2972 4886 3004 4923; x_wconf 91' lang='lat' dir='ltr'>a</span> <span class='ocrx_word' id='word_1_751' title='bbox 3025 4868 3140 4923; x_wconf 89' lang='lat' dir='ltr'>Deo</span> <span class='ocrx_word' id='word_1_752' title='bbox 3169 4866 3282 4922; x_wconf 90' lang='lat' dir='ltr'>sibi</span> <span class='ocrx_word' id='word_1_753' title='bbox 3312 4866 3744 4922; x_wconf 51' lang='lat' dir='ltr'>commendata!</span> 
     </span>
    </p>
   </div>
   <div class='ocr_carea' id='block_1_108' title="bbox 2078 4954 3744 5029">
    <p class='ocr_par' dir='ltr' id='par_1_108' title="bbox 2078 4954 3744 5029">
     <span class='ocr_line' id='line_1_108' title="bbox 2078 4954 3744 5029; baseline -0.005 -12"><span class='ocrx_word' id='word_1_754' title='bbox 2078 4961 2241 5017; x_wconf 87' lang='lat' dir='ltr'>urbis</span> <span class='ocrx_word' id='word_1_755' title='bbox 2260 4959 2502 5025; x_wconf 84' lang='lat' dir='ltr'>subiret,</span> <span class='ocrx_word' id='word_1_756' title='bbox 2520 4958 2579 5012; x_wconf 88' lang='lat' dir='ltr'>hi</span> <span class='ocrx_word' id='word_1_757' title='bbox 2599 4957 2698 5029; x_wconf 90' lang='lat' dir='ltr'>qui</span> <span class='ocrx_word' id='word_1_758' title='bbox 2723 4956 3065 5012; x_wconf 87' lang='lat' dir='ltr'>incarcerati</span> <span class='ocrx_word' id='word_1_759' title='bbox 3085 4955 3353 5011; x_wconf 90' lang='lat' dir='ltr'>custodia</span> <span class='ocrx_word' id='word_1_760' title='bbox 3374 4954 3744 5026; x_wconf 83' lang='lat' dir='ltr'>nexibusqne</span> 
     </span>
    </p>
   </div>
   <div class='ocr_carea' id='block_1_109' title="bbox 2076 5044 3741 5118">
    <p class='ocr_par' dir='ltr' id='par_1_109' title="bbox 2076 5044 3741 5118">
     <span class='ocr_line' id='line_1_109' title="bbox 2076 5044 3741 5118; baseline -0.005 -13"><span class='ocrx_word' id='word_1_761' title='bbox 2076 5049 2240 5105; x_wconf 89' lang='lat' dir='ltr'>duris</span> <span class='ocrx_word' id='word_1_762' title='bbox 2272 5046 2587 5118; x_wconf 88' lang='lat' dir='ltr'>mancipati</span> <span class='ocrx_word' id='word_1_763' title='bbox 2627 5051 2815 5114; x_wconf 89' lang='lat' dir='ltr'>erant,</span> <span class='ocrx_word' id='word_1_764' title='bbox 2866 5046 3088 5117; x_wconf 87' lang='lat' dir='ltr'>ingenti</span> <span class='ocrx_word' id='word_1_765' title='bbox 3151 5044 3405 5100; x_wconf 89' lang='lat' dir='ltr'>clamore</span> <span class='ocrx_word' id='word_1_766' title='bbox 3463 5048 3741 5097; x_wconf 88' lang='lat' dir='ltr'>sanctum</span> 
     </span>
    </p>
   </div>
   <div class='ocr_carea' id='block_1_110' title="bbox 2074 5131 3739 5205">
    <p class='ocr_par' dir='ltr' id='par_1_110' title="bbox 2074 5131 3739 5205">
     <span class='ocr_line' id='line_1_110' title="bbox 2074 5131 3739 5205; baseline -0.004 -13"><span class='ocrx_word' id='word_1_767' title='bbox 2074 5139 2358 5205; x_wconf 89' lang='lat' dir='ltr'>virum,ut</span> <span class='ocrx_word' id='word_1_768' title='bbox 2382 5136 2472 5190; x_wconf 87' lang='lat' dir='ltr'>sui</span> <span class='ocrx_word' id='word_1_769' title='bbox 2498 5136 3163 5201; x_wconf 88' lang='lat' dir='ltr'>misereretur,cxorant.</span> <span class='ocrx_word' id='word_1_770' title='bbox 3188 5136 3260 5187; x_wconf 77' lang='lat' dir='ltr'>At</span> <span class='ocrx_word' id='word_1_771' title='bbox 3294 5132 3391 5187; x_wconf 89' lang='lat' dir='ltr'>ille</span> <span class='ocrx_word' id='word_1_772' title='bbox 3434 5131 3739 5202; x_wconf 79' lang='lat' dir='ltr'>benignis-</span> 
     </span>
    </p>
   </div>
   <div class='ocr_carea' id='block_1_111' title="bbox 2075 5220 3739 5297">
    <p class='ocr_par' dir='ltr' id='par_1_111' title="bbox 2075 5220 3739 5297">
     <span class='ocr_line' id='line_1_111' title="bbox 2075 5220 3739 5297; baseline -0.005 -15"><span class='ocrx_word' id='word_1_773' title='bbox 2075 5228 2284 5289; x_wconf 88' lang='lat' dir='ltr'>simus,</span> <span class='ocrx_word' id='word_1_774' title='bbox 2313 5224 2411 5297; x_wconf 86' lang='lat' dir='ltr'>qui</span> <span class='ocrx_word' id='word_1_775' title='bbox 2435 5224 2572 5279; x_wconf 88' lang='lat' dir='ltr'>totis</span> <span class='ocrx_word' id='word_1_776' title='bbox 2591 5242 2823 5294; x_wconf 87' lang='lat' dir='ltr'>semper</span> <span class='ocrx_word' id='word_1_777' title='bbox 2852 5224 2910 5277; x_wconf 90' lang='lat' dir='ltr'>in</span> <span class='ocrx_word' id='word_1_778' title='bbox 2943 5223 3192 5277; x_wconf 85' lang='lat' dir='ltr'>Domino</span> <span class='ocrx_word' id='word_1_779' title='bbox 3208 5220 3536 5275; x_wconf 87' lang='lat' dir='ltr'>visceribus</span> <span class='ocrx_word' id='word_1_780' title='bbox 3557 5220 3739 5292; x_wconf 86' lang='lat' dir='ltr'>pieta-</span> 
     </span>
    </p>
   </div>
   <div class='ocr_carea' id='block_1_112' title="bbox 2076 5309 3737 5383">
    <p class='ocr_par' dir='ltr' id='par_1_112' title="bbox 2076 5309 3737 5383">
     <span class='ocr_line' id='line_1_112' title="bbox 2076 5309 3737 5383; baseline -0.007 -11"><span class='ocrx_word' id='word_1_781' title='bbox 2076 5317 2151 5372; x_wconf 90' lang='lat' dir='ltr'>tis</span> <span class='ocrx_word' id='word_1_782' title='bbox 2184 5316 2480 5380; x_wconf 87' lang='lat' dir='ltr'>aflluebat,</span> <span class='ocrx_word' id='word_1_783' title='bbox 2516 5314 2584 5367; x_wconf 87' lang='lat' dir='ltr'>ad</span> <span class='ocrx_word' id='word_1_784' title='bbox 2624 5332 2744 5379; x_wconf 86' lang='lat' dir='ltr'>eos,</span> <span class='ocrx_word' id='word_1_785' title='bbox 2772 5313 2988 5383; x_wconf 88' lang='lat' dir='ltr'>quibus</span> <span class='ocrx_word' id='word_1_786' title='bbox 3021 5312 3075 5366; x_wconf 89' lang='lat' dir='ltr'>id</span> <span class='ocrx_word' id='word_1_787' title='bbox 3115 5310 3289 5366; x_wconf 84' lang='lat' dir='ltr'>officii</span> <span class='ocrx_word' id='word_1_788' title='bbox 3344 5309 3737 5364; x_wconf 85' lang='lat' dir='ltr'>commissum</span> 
     </span>
    </p>
   </div>
   <div class='ocr_carea' id='block_1_113' title="bbox 2074 5398 3738 5476">
    <p class='ocr_par' dir='ltr' id='par_1_113' title="bbox 2074 5398 3738 5476">
     <span class='ocr_line' id='line_1_113' title="bbox 2074 5398 3738 5476; baseline -0.005 -16"><span class='ocrx_word' id='word_1_789' title='bbox 2074 5410 2216 5475; x_wconf 87' lang='lat' dir='ltr'>erat,</span> <span class='ocrx_word' id='word_1_790' title='bbox 2242 5402 2485 5476; x_wconf 85' lang='lat' dir='ltr'>supplex</span> <span class='ocrx_word' id='word_1_791' title='bbox 2510 5402 2777 5468; x_wconf 84' lang='lat' dir='ltr'>accessit,</span> <span class='ocrx_word' id='word_1_792' title='bbox 2802 5405 3187 5472; x_wconf 84' lang='lat' dir='ltr'>precaturque</span> <span class='ocrx_word' id='word_1_793' title='bbox 3211 5398 3537 5464; x_wconf 85' lang='lat' dir='ltr'>humiliter,</span> <span class='ocrx_word' id='word_1_794' title='bbox 3558 5402 3622 5452; x_wconf 92' lang='lat' dir='ltr'>ut</span> <span class='ocrx_word' id='word_1_795' title='bbox 3642 5414 3738 5453; x_wconf 86' lang='lat' dir='ltr'>eos</span> 
     </span>
    </p>
   </div>
   <div class='ocr_carea' id='block_1_114' title="bbox 2074 5487 3739 5565">
    <p class='ocr_par' dir='ltr' id='par_1_114' title="bbox 2074 5487 3739 5565">
     <span class='ocr_line' id='line_1_114' title="bbox 2074 5487 3739 5565; baseline -0.004 -18"><span class='ocrx_word' id='word_1_796' title='bbox 2074 5512 2219 5565; x_wconf 87' lang='lat' dir='ltr'>quos</span> <span class='ocrx_word' id='word_1_797' title='bbox 2240 5492 2519 5562; x_wconf 74' lang='lat' dir='ltr'>iniquitas</span> <span class='ocrx_word' id='word_1_798' title='bbox 2539 5491 2774 5561; x_wconf 78' lang='lat' dir='ltr'>propria</span> <span class='ocrx_word' id='word_1_799' title='bbox 2799 5490 3009 5544; x_wconf 87' lang='lat' dir='ltr'>fecerat</span> <span class='ocrx_word' id='word_1_800' title='bbox 3033 5488 3477 5556; x_wconf 87' lang='lat' dir='ltr'>reos,adventns</span> <span class='ocrx_word' id='word_1_801' title='bbox 3496 5487 3586 5540; x_wconf 81' lang='lat' dir='ltr'>sui</span> <span class='ocrx_word' id='word_1_802' title='bbox 3616 5504 3739 5557; x_wconf 80' lang='lat' dir='ltr'>gra-</span> 
     </span>
    </p>
   </div>
   <div class='ocr_carea' id='block_1_115' title="bbox 2073 5574 3737 5648">
    <p class='ocr_par' dir='ltr' id='par_1_115' title="bbox 2073 5574 3737 5648">
     <span class='ocr_line' id='line_1_115' title="bbox 2073 5574 3737 5648; baseline -0.005 -12"><span class='ocrx_word' id='word_1_803' title='bbox 2073 5583 2154 5637; x_wconf 88' lang='lat' dir='ltr'>tia</span> <span class='ocrx_word' id='word_1_804' title='bbox 2174 5583 2429 5635; x_wconf 84' lang='lat' dir='ltr'>redderet</span> <span class='ocrx_word' id='word_1_805' title='bbox 2455 5578 2896 5633; x_wconf 81' lang='lat' dir='ltr'>absolutos.Sed</span> <span class='ocrx_word' id='word_1_806' title='bbox 2912 5578 3186 5632; x_wconf 79' lang='lat' dir='ltr'>vecordes</span> <span class='ocrx_word' id='word_1_807' title='bbox 3208 5593 3392 5648; x_wconf 85' lang='lat' dir='ltr'>neque</span> <span class='ocrx_word' id='word_1_808' title='bbox 3413 5574 3737 5630; x_wconf 75' lang='lat' dir='ltr'>reverentia</span> 
     </span>
    </p>
   </div>
   <div class='ocr_carea' id='block_1_116' title="bbox 2074 5664 3738 5742">
    <p class='ocr_par' dir='ltr' id='par_1_116' title="bbox 2074 5664 3738 5742">
     <span class='ocr_line' id='line_1_116' title="bbox 2074 5664 3738 5742; baseline -0.004 -18"><span class='ocrx_word' id='word_1_809' title='bbox 2074 5670 2367 5742; x_wconf 85' lang='lat' dir='ltr'>pontilicis</span> <span class='ocrx_word' id='word_1_810' title='bbox 2387 5667 2708 5739; x_wconf 69' lang='lat' dir='ltr'>prmsentis,</span> <span class='ocrx_word' id='word_1_811' title='bbox 2728 5684 2911 5738; x_wconf 81' lang='lat' dir='ltr'>neque</span> <span class='ocrx_word' id='word_1_812' title='bbox 2933 5666 3299 5737; x_wconf 64' lang='grc' dir='ltr'>ιη’(υίιὶςίιὶήὶο</span> <span class='ocrx_word' id='word_1_813' title='bbox 3321 5664 3467 5718; x_wconf 87' lang='lat' dir='ltr'>tanti</span> <span class='ocrx_word' id='word_1_814' title='bbox 3493 5664 3596 5717; x_wconf 81' lang='lat' dir='ltr'>viri</span> <span class='ocrx_word' id='word_1_815' title='bbox 3625 5680 3738 5718; x_wconf 62' lang='lat' dir='ltr'>meo</span> 
     </span>
    </p>
   </div>
   <div class='ocr_carea' id='block_1_117' title="bbox 2070 5752 3724 5828">
    <p class='ocr_par' dir='ltr' id='par_1_117' title="bbox 2070 5752 3724 5828">
     <span class='ocr_line' id='line_1_117' title="bbox 2070 5752 3724 5828; baseline -0.004 -17"><span class='ocrx_word' id='word_1_816' title='bbox 2070 5759 2247 5812; x_wconf 88' lang='lat' dir='ltr'>ritum</span> <span class='ocrx_word' id='word_1_817' title='bbox 2276 5756 2575 5828; x_wconf 83' lang='lat' dir='ltr'>permovit,</span> <span class='ocrx_word' id='word_1_818' title='bbox 2604 5760 2667 5808; x_wconf 87' lang='lat' dir='ltr'>ut</span> <span class='ocrx_word' id='word_1_819' title='bbox 2701 5756 2955 5811; x_wconf 87' lang='lat' dir='ltr'>facerent</span> <span class='ocrx_word' id='word_1_820' title='bbox 2978 5773 3103 5825; x_wconf 71' lang='grc' dir='ltr'>ιμιω</span> <span class='ocrx_word' id='word_1_821' title='bbox 3128 5760 3366 5810; x_wconf 83' lang='lat' dir='ltr'>sanctus</span> <span class='ocrx_word' id='word_1_822' title='bbox 3399 5769 3516 5807; x_wconf 86' lang='lat' dir='ltr'>non</span> <span class='ocrx_word' id='word_1_823' title='bbox 3550 5752 3724 5806; x_wconf 86' lang='lat' dir='ltr'>modo</span> 
     </span>
    </p>
   </div>
  </div>
