3906 6354
112 490 224 552 793

1411 488 1509 547 DE
1557 485 1738 546 VITA
1788 482 1852 543 S.
1900 481 2221 544 JULlANI.

3406 484 3526 548 794

112 621 510 694 imperaverat,
545 638 746 678 verum
780 621 956 677 etiam
980 637 1114 676 voce
1140 619 1387 693 supplici
1415 619 1757 693 postularat.
1793 616 1849 683 Α
1877 614 2285 672 beatissimum
2316 618 2619 675 Julianum
2653 618 2995 675 sacerdotali
3020 617 3205 675 infula
3226 625 3527 694 comptum

107 711 278 765 Porro
310 710 404 765 ille
428 716 663 782 spretus
681 708 1762 781 aperlidis,ccclesian1iutravit,atque

106 799 565 871 gratiasChristo
589 816 690 870 pro
704 798 1007 870 acquisitis
1023 798 1131 851 sibi
1153 796 1465 852 animabus
1491 796 1760 861 reddidit;

107 889 310 943 deinde
342 889 587 959 propriae
611 888 823 940 domus
844 886 1094 957 hospitio
1114 904 1240 939 sese
1262 886 1767 956 recipitCumque

108 979 155 1033 ei
188 978 493 1049 appositus
525 980 682 1031 esset
714 977 904 1047 panis,
944 976 1311 1029 discumbere
1347 974 1655 1039 uoluit,srd
1684 980 1765 1027 ta-

110 1067 255 1121 citus
286 1070 343 1119 et
374 1082 618 1135 gemens
654 1065 1113 1119 misericm‘diam
1145 1065 1371 1117 Domini
1402 1064 1765 1134 oppeririﬁsir)

111 1155 300 1224 eiepit.
336 1155 499 1208 Tunc
530 1170 689 1222 vero,
720 1155 1045 1208 Secundum
1082 1154 1225 1207 Servi
1270 1152 1366 1207 Dei
1420 1159 1617 1205 vntum
1665 1170 1765 1205 an-
1821 1155 1824 1158 ’

115 1242 290 1314 gelico
349 1243 678 1297 ministerio
739 1242 889 1296 ostia
957 1242 1206 1295 carceris
1264 1249 1463 1312 aperta
1521 1247 1657 1294 sunt
1715 1246 1769 1294 et

119 1337 458 1385 cunctorum
490 1336 707 1385 catcnm
741 1331 1048 1385 ctmfracta‘
1082 1336 1239 1395 sunt,
1265 1338 1319 1384 et
1342 1331 1398 1383 hi
1436 1332 1532 1401 qui
1568 1330 1623 1383 in
1651 1347 1771 1383 car-

118 1419 400 1474 ceralibus
447 1418 805 1491 privatisque
855 1420 1108 1473 tenebris
1158 1421 1510 1485 residebant,
1548 1420 1769 1489 absque

117 1508 369 1564 humano
406 1507 620 1562 auxilio
653 1509 722 1563 ad
757 1525 1132 1562 communem
1167 1509 1279 1563 diei
1325 1508 1514 1564 lueem
1550 1508 1768 1578 egressi

120 1602 269 1653 sunt.
323 1596 431 1651 Per
478 1598 741 1651 medium
795 1614 931 1667 ergo
977 1596 1251 1661 civitatis,
1295 1598 1527 1651 nemine
1574 1596 1770 1667 probi-

118 1686 301 1754 bente,
334 1686 561 1756 absque
602 1685 968 1741 vinculorum
1019 1703 1191 1739 onere
1243 1686 1428 1741 sancti
1477 1685 1581 1739 viri
1634 1702 1768 1739 con-

119 1775 409 1845 spectibus
448 1791 579 1829 sese
610 1773 893 1829 obtulere.
926 1775 997 1828 At
1029 1773 1124 1828 ille
1175 1775 1437 1845 gaudens
1485 1774 1542 1828 in
1578 1773 1772 1828 Domi-

120 1881 187 1918 no
210 1865 334 1934 jam
366 1863 540 1919 lzetus
570 1864 768 1918 cibum
815 1864 1060 1934 accepit,
1096 1869 1149 1917 et
1199 1882 1345 1933 quos
1396 1864 1603 1917 merito
1654 1862 1772 1917 sol—

118 1956 289 2019 verat,
326 1951 514 2006 sancti
556 1952 733 2006 etiam
784 1952 1029 2006 convivii
1081 1950 1523 2022 participatione
1573 1952 1769 2005 donat.
1806 1984 1852 2048 Β

125 2040 228 2095 Nec
260 2040 370 2095 fuit
400 2040 503 2112 qui
533 2040 835 2095 absolutos
859 2045 1165 2111 repeteret,
1199 2057 1332 2094 cum
1369 2038 1777 2094 manifestissi-

124 2145 209 2182 me
253 2128 359 2183 hoc
408 2129 620 2183 divina:
678 2129 913 2182 virtutis
974 2128 1253 2200 potentia,
1288 2146 1402 2183 non
1447 2128 1773 2183 humanum

124 2216 394 2273 auxilium
430 2222 633 2272 sancto
668 2216 867 2271 antisti
900 2215 1263 2272 contulisset.

767 2357 994 2413 CAPUT
1036 2358 1127 2413 IV.

528 2457 584 2512 S.
617 2457 833 2512 Juliani
862 2474 1026 2523 mors,
1061 2458 1363 2527 sepultura.

189 2572 577 2628 29.Plantata
643 2573 823 2644 igitur
890 2574 945 2626 in
1016 2589 1165 2644 pago
1233 2572 1619 2627 Cenomanico
1689 2574 1774 2627 di-

129 2660 236 2715 vini
282 2660 480 2717 cultus
531 2661 722 2729 vinea,
755 2662 1100 2732 abrasisque
1130 2662 1200 2715 de
1232 2678 1299 2715 ea
1349 2662 1637 2717 idolorum
1689 2678 1774 2716 er-

131 2766 435 2821 rorumque
494 2748 763 2803 omnium
824 2749 1079 2816 tribulis,
1137 2755 1373 2820 tempus
1432 2750 1778 2805 imminebat

132 2854 235 2909 quo
288 2839 499 2894 beatus
555 2836 651 2892 ille
712 2837 966 2908 agricola
1025 2838 1283 2892 fructum
1344 2838 1421 2909 pii
1483 2838 1700 2894 laboris
1745 2856 1779 2893 a

136 2926 366 2982 Domino
397 2943 508 2982 suo
551 2929 951 2997 percepturus,
986 2926 1058 2980 ab
1112 2926 1243 2981 istis
1292 2928 1595 2998 praesentis
1646 2929 1775 2981 vita:

136 3013 363 3086 laqueis,
392 3016 466 3070 ad
502 3019 718 3069 tetcrna
748 3013 882 3069 felix
905 3014 1142 3069 deberet
1164 3015 1552 3070 conscendere
1574 3031 1772 3085 regna.

132 3102 315 3174 Itaque
348 3103 782 3176 propinquante
815 3103 1134 3157 vocationis
1168 3119 1284 3157 sure
1319 3102 1434 3170 die,
1459 3103 1677 3158 secedit
1703 3104 1775 3157 ad

132 3188 332 3261 vicum,
364 3193 423 3247 in
451 3209 572 3263 quo
606 3208 760 3245 nunc
793 3191 854 3245 B.
891 3190 1174 3246 Martialis
1224 3189 1472 3246 ecclesia
1521 3193 1633 3247 sita
1664 3197 1773 3249 est.

134 3279 186 3333 In
204 3298 311 3352 quo
328 3299 461 3338 cum
490 3280 761 3353 pluribus
780 3281 1015 3352 degeret
1036 3281 1265 3349 diebus,
1282 3284 1339 3334 et
1355 3279 1645 3336 instanter
1662 3299 1773 3337 cm-

1874 724 2007 761 cum
2043 708 2231 763 tribus
2264 709 2609 763 diaconibus
2640 710 2765 764 suis
2797 713 2853 765 ct
2875 710 3062 764 tribus
3085 710 3268 766 cereis
3297 711 3527 766 venien-

1874 801 1990 851 tem
2026 798 2095 851 ad
2129 816 2208 863 se,
2245 800 2343 868 qui
2389 816 2605 863 cereos,
2640 817 2787 870 quos
2838 800 3169 870 portabant,
3205 805 3529 871 posuerunt

1875 904 2051 956 super
2082 903 2342 940 mensam
2396 892 2529 941 ante
2579 905 2735 953 eum,
2769 893 2824 941 et
2864 887 3153 943 abierunt.
3189 889 3342 943 Dixit
3389 907 3527 961 ergo

1879 975 2189 1045 pra-dictus
2216 977 2492 1029 Defensor
2513 977 2581 1029 ad
2607 977 2989 1030 Consedentes
3014 994 3027 1030 :
3054 976 3258 1031 videtis
3280 978 3526 1047 gloriam

1878 1081 2051 1133 quam
2088 1082 2190 1129 ego
2221 1065 2428 1117 viden?
2460 1066 2562 1129 Qui
2603 1064 2745 1118 nihil
2771 1082 2832 1118 se
2854 1064 3045 1119 videre
3072 1067 3265 1119 testati
3293 1069 3529 1121 sunt.At

1880 1152 1973 1205 iile
2007 1152 2180 1205 dixit:
2200 1153 2494 1223 Numquid
2519 1173 2630 1206 lmn
2654 1154 2743 1206 hic
2762 1154 2993 1207 vidistis
3013 1160 3236 1224 patrem
3262 1160 3528 1210 nostrum

1877 1241 2205 1305 Julianum,
2229 1241 2325 1310 qui
2354 1246 2436 1294 tot
2460 1242 2611 1294 bella
2638 1243 2802 1295 nubis
2826 1243 3101 1308 ostendit,
3123 1249 3205 1297 tot
3228 1241 3529 1298 miraculis

1879 1330 2231 1383 laetiliravit?
2266 1331 2406 1383 Ecce
2440 1330 2593 1383 enim
2630 1348 2783 1383 nunc
2818 1348 2951 1383 cum
2976 1332 3164 1385 tribus
3188 1333 3531 1387 diaconibus

1880 1417 2004 1471 suis
2032 1425 2085 1471 et
2123 1419 2311 1471 tribus
2339 1418 2520 1471 cereis
2553 1419 2664 1472 huc
2698 1424 2828 1472 ante
2852 1436 2943 1473 me
2966 1421 3214 1485 venit,ct
3236 1420 3533 1476 lmtissimo

1879 1505 2046 1560 vultu
2098 1507 2412 1561 subridens
2462 1507 2756 1561 benedixit
2808 1526 2933 1574 nos,
2972 1508 3307 1580 relictisque
3355 1510 3535 1565 cereis

1882 1594 2187 1649 abscessit.
2224 1595 2387 1650 Unde
2418 1614 2521 1667 pro
2554 1602 2709 1650 certe
2743 1598 2883 1661 scio,
2919 1598 3057 1668 quia
3085 1597 3355 1670 migravit
3385 1618 3417 1654 a
3440 1617 3537 1655 sa:-

1882 1682 2032 1737 culo.
2065 1686 2131 1737 Et
2166 1683 2354 1749 nobis,
2380 1702 2527 1754 quos
2550 1685 2832 1755 corporali
2865 1687 3174 1757 praesentia
3199 1687 3531 1760 dereliquit,

1883 1773 2164 1828 beneficia
2197 1772 2430 1844 pietatis
2463 1791 2579 1828 sum
2611 1773 2810 1828 vivens
2842 1775 2899 1828 in
2934 1774 3166 1830 Christo
3198 1776 3536 1849 impendere

1884 1878 2188 1932 nunquam
2222 1861 2494 1916 cessabit.
2531 1863 2855 1933 Surgamus
2887 1878 3043 1935 ergo,
3074 1867 3130 1919 et
3150 1865 3221 1919 ad
3256 1864 3536 1937 sepelien-

1884 1951 2025 2005 dum
2041 1950 2375 2021 piissimum
2393 1951 2743 2021 magistrum
2758 1957 3027 2006 nostrum
3042 1954 3396 2023 quantocius
3409 1968 3537 2025 pro-

1885 2056 2179 2110 peremus,
2216 2044 2281 2093 ut
2311 2056 2443 2093 eum
2478 2056 2810 2093 mereamur
2843 2040 3173 2110 abjutorem
3219 2041 3435 2097 habere
3473 2042 3534 2097 in

1886 2127 2045 2182 cadis
2078 2143 2251 2199 quem
2284 2128 2493 2183 salutis
2527 2129 2822 2182 doctorem
2866 2128 3184 2184 habuimus
3234 2129 3295 2185 in
3343 2130 3533 2186 terris.

1888 2217 2016 2271 Ilaec
2050 2233 2114 2271 eo
2148 2216 2394 2285 dicente,
2424 2233 2628 2272 omnes
2670 2216 2943 2272 admirati
2996 2223 3169 2283 sunt;
3202 2220 3538 2292 pariterque

1888 2310 2195 2377 surgentes
2217 2307 2287 2360 ad
2311 2306 2617 2376 exsequias
2635 2306 2823 2361 sancti
2843 2306 3188 2362 festinanter
3202 2314 3535 2364 accurrunt.

1886 2394 2017 2450 Jam
2048 2411 2205 2459 vero,
2238 2398 2303 2448 ut
2328 2395 2397 2449 de
2448 2394 2699 2450 Martino
2750 2393 2851 2449 illo
2902 2396 3251 2467 pontiﬁcum
3302 2398 3539 2468 speculo

1887 2483 2123 2555 legitur,
2184 2482 2547 2554 impossibile
2604 2483 2763 2537 dictu
2814 2490 2903 2538 est
2960 2489 3180 2555 quanta
3232 2486 3540 2541 hominum

1889 2572 2207 2626 multitudo
2240 2572 2592 2638 convenerit,
2624 2571 2817 2625 cuncti
2852 2589 2917 2626 ex
2949 2573 3105 2644 agris
3134 2580 3191 2629 et
3218 2575 3383 2640 vicis,
3399 2593 3543 2630 non-

1888 2659 2033 2714 nulli
2068 2659 2243 2715 etiam
2277 2677 2343 2713 ex
2374 2659 2579 2713 vicinis
2612 2660 2846 2714 adfuere
2878 2661 3153 2716 castellis.
3189 2663 3334 2717 Hinc
3383 2663 3539 2734 psal-

1888 2747 2133 2802 micines
2168 2746 2510 2801 clericorum
2546 2746 2886 2818 phalanges,
2911 2747 3072 2803 illinc
3103 2767 3403 2805 sacrarum
3426 2751 3538 2806 vir-

1886 2837 2092 2908 ginum
2127 2853 2241 2907 prae
2274 2835 2634 2906 parcimonia
2665 2840 2871 2890 turma}
2895 2836 3196 2907 pallentes,
3215 2836 3350 2893 hinc
3372 2838 3539 2910 plebs

1889 2926 2114 2979 urbana
2140 2923 2437 2979 nobilibus
2462 2928 2731 2979 conserta
2750 2924 3089 2993 viris,illinc
3115 2944 3328 2983 manus
3349 2945 3540 3003 agres-

1885 3014 1962 3069 tis
1996 3013 2213 3069 sanctis
2248 3013 2400 3068 beati
2428 3014 2536 3067 viri
2571 3013 2933 3069 famulantur
2963 3016 3275 3087 exsequiis.

1958 3105 2046 3156 31.
2082 3102 2191 3157 Sed
2226 3120 2295 3155 ne
2326 3103 2459 3173 quis
2511 3103 2657 3157 forte
2710 3108 3029 3170 moveatur,
3063 3105 3219 3176 quod
3268 3105 3542 3163 Julianus

1887 3191 2140 3246 Mai-tino
2199 3191 2702 3263 mquiparaverim,
2736 3192 2837 3262 qui
2898 3191 3005 3247 hoc
3064 3193 3232 3261 dicis,
3278 3195 3327 3250 si
3388 3201 3542 3252 recte

1888 3297 2235 3352 percenseas
2266 3297 2411 3351 pene.
2445 3279 2665 3334 similia
2706 3282 2779 3335 ab
2832 3285 3081 3353 utroque
3131 3287 3296 3355 potes
3346 3285 3541 3341 videre

133 3346 279 3426 lastis
307 3370 434 3426 vitae
468 3346 820 3425 ducedinem
854 3346 977 3425 suis
1010 3346 1347 3441 propinaret
1380 3370 1770 3440 auditoribus,
1806 3346 1848 3413 ρ
1889 3346 2709 3439 completa.Martinusadhuc
2728 3346 3228 3427 cathechumerius
3250 3371 3538 3445 algentem

134 3455 228 3512 levi
248 3464 431 3515 tactus
450 3459 848 3523 incommodo,
866 3457 1034 3513 laetus
1051 3464 1104 3512 et
1122 3457 1313 3512 alacer
1330 3459 1777 3529 praestolabatur

135 3544 320 3602 horam
339 3566 457 3620 qua
474 3546 747 3602 laborum
766 3545 1275 3617 certaminumque
1294 3563 1536 3601 suorum
1564 3548 1777 3618 reposi-

137 3641 244 3690 tam
269 3654 301 3692 a
323 3639 490 3709 justo
512 3634 708 3707 jucice
740 3634 1023 3706 reciperet
1053 3635 1426 3689 coronam.Et
1451 3635 1590 3707 quia
1613 3635 1777 3692 navis

136 3730 331 3780 sanctae
368 3725 643 3781 Ecclesia:
678 3724 898 3794 absque
944 3723 1338 3794 gubernatore
1384 3741 1486 3794 per
1534 3723 1777 3797 pelagus

136 3811 298 3885 hujus
329 3813 539 3870 mundi
572 3810 687 3868 non
720 3817 948 3884 poterat
987 3812 1316 3883 enavigare,
1352 3813 1551 3867 sedem
1602 3812 1711 3867 sibi
1744 3831 1778 3868 a

136 3900 239 3957 Deo
268 3903 763 3969 commendatam,
798 3918 932 3955 cum
965 3900 1267 3955 communi
1299 3901 1436 3955 cleri
1473 3901 1779 3973 plebisque

136 3993 381 4061 consilio,
414 3996 619 4048 sancto
652 3989 935 4061 delegavit
965 3989 1225 4055 Turibio,
1250 4007 1422 4061 quem
1447 3991 1775 4061 adjutorcm

135 4084 185 4132 et
210 4081 423 4136 socium
447 4082 507 4135 in
535 4084 748 4135 saneta:
773 4077 1202 4150 praedicationis
1225 4083 1468 4134 eatenus
1492 4078 1778 4135 habuerat

136 4167 326 4224 (fficio.
364 4170 528 4225 Idem
560 4168 717 4223 enim
749 4165 1026 4221 Turibius
1056 4166 1403 4238 presbyterii
1435 4167 1625 4221 ofﬁcio
1649 4168 1777 4239 glo-

139 4254 310 4312 riosus
338 4275 473 4313 cum
498 4258 560 4313 S.
587 4256 819 4312 Pavatio
842 4256 1085 4310 diacono
1108 4256 1179 4309 ad
1204 4254 1574 4310 revelandam
1606 4256 1781 4311 Ceno-

140 4346 504 4402 manensibus
536 4343 753 4401 Christi
786 4344 1058 4415 gratiam,
1093 4348 1158 4398 ut
1191 4343 1263 4398 ab
1295 4343 1557 4415 antiquis
1589 4361 1782 4401 susce-

142 4430 336 4504 pimus,
361 4451 560 4490 comes
590 4437 649 4488 et
679 4433 914 4503 adjutor
935 4432 993 4489 S.
1019 4430 1301 4487 Julianoa
1318 4432 1591 4486 Romanae
1615 4434 1779 4489 urbis

144 4520 382 4578 antistite
412 4522 748 4578 destinatus
778 4525 885 4576 est.

206 4608 288 4663 30.
302 4609 774 4668 Gloriosissimus
791 4609 970 4681 igitur
985 4613 1183 4682 pastor
1201 4610 1501 4664 communi
1515 4610 1779 4665 omnium

1885 3473 2202 3528 pauperem
2251 3457 2438 3510 divisa
2486 3454 2777 3511 chlamide
2827 3457 3091 3526 vestivit;
3125 3459 3398 3515 Julianus
3428 3462 3541 3516 ﬁde

1886 3546 2161 3599 robustus
2194 3549 2277 3598 tot
2309 3543 2495 3598 millia
2526 3549 2772 3599 veterem
2825 3545 3123 3601 hominem
3174 3552 3369 3615 exuta,
3406 3549 3539 3604 fidei

1884 3638 2042 3688 veste
2075 3632 2349 3687 contexit.
2387 3631 2676 3686 Martinus
2716 3632 2907 3702 primo
2957 3633 3280 3690 solitariam
3326 3635 3542 3708 delegit

1884 3722 2089 3787 vitam,
2123 3725 2188 3775 ut
2219 3720 2433 3775 Christi
2467 3718 2775 3775 dulcedine
2808 3720 3187 3793 singulariter
3226 3723 3537 3780 frueretur.

1886 3809 2158 3865 Julianus
2198 3814 2463 3880 apertam
2512 3808 2751 3879 expetiit
2802 3825 3082 3880 pugnam,
3118 3815 3185 3865 ut
3216 3811 3537 3869 multorum

1889 3899 2118 3955 animas
2150 3898 2497 3953 lucraretur.
2527 3898 2813 3953 Martinus
2846 3898 2918 3952 ad
2951 3898 3353 3971 episcopatum
3377 3919 3410 3956 a
3430 3903 3542 3958 Tu-

1889 3987 2237 4042 ronensibus
2271 3993 2475 4058 raptus
2500 3991 2620 4053 est;
2654 3984 2925 4041 Julianus
2947 3986 3485 4045 Cenomanensibus
3507 4009 3541 4047 a

1890 4076 2005 4131 Deo
2039 4076 2317 4146 pontifex,
2351 4076 2615 4147 quinimo
2648 4081 2706 4130 et
2736 4075 3057 4146 apostolus,
3084 4077 3411 4133 destinatus
3433 4085 3541 4135 est.

1892 4164 2180 4220 Martinus
2195 4165 2405 4219 virtute
2418 4164 2727 4219 Trinitatis
2741 4164 2838 4219 Dei
2850 4165 2967 4219 lica:
2982 4166 3159 4220 trium
3175 4170 3540 4224 mortuorum

1891 4258 1979 4307 est
2011 4253 2363 4325 magnificus
2395 4254 2745 4309 suscitator:
2771 4252 3045 4309 Julianus
3087 4254 3330 4310 totidem
3357 4257 3430 4311 ad
3462 4258 3542 4311 vi-

1890 4346 2010 4396 tam
2035 4358 2312 4397 revocans
2346 4346 2628 4408 mortuos,
2661 4340 2833 4396 toties
2866 4342 3074 4396 mortis
3093 4342 3315 4397 exstitit
3333 4343 3537 4399 victor.

1894 4430 2125 4485 Martini
2163 4447 2373 4502 corpus
2402 4429 2440 4483 ii
2465 4429 2563 4501 qui
2585 4429 2767 4483 ductu
2790 4430 2910 4499 (aL,
2938 4429 3203 4499 inductu)
3226 4431 3353 4500 ejus
3377 4449 3543 4486 mun-

1892 4520 2032 4574 dum
2065 4518 2322 4573 vicerant
2352 4521 2788 4589 prosequuntur
2821 4533 2832 4569 :
2868 4516 3085 4571 Juliani
3133 4518 3424 4589 exsequiis
3457 4519 3538 4588 hi,

1893 4606 1992 4678 qui
2034 4624 2100 4662 eo
2151 4606 2299 4661 duce
2342 4603 2599 4659 cmlcstia
2638 4604 2764 4674 jam
2824 4604 3119 4669 tenebant,
3154 4603 3538 4661 famulantur.

148 4694 369 4755 allectus
389 4698 1343 4770 (al.,evectus)consensu,fratres
1363 4697 1627 4770 ﬁliosque
1642 4717 1779 4755 suos
1808 4712 1856 4777 D
1893 4696 2038 4762 Quid
2073 4694 2283 4768 plura?
2314 4693 2423 4749 Uni
2456 4692 2595 4765 Regi
2630 4691 2979 4761 militarunt,
3017 4693 3115 4747 uni
3149 4692 3394 4749 Domino
3414 4712 3543 4750 scr-

148 4792 345 4856 evocat,
368 4793 424 4844 et
454 4788 801 4860 consignato
830 4804 1189 4857 successore,
1207 4786 1391 4842 oculis
1414 4804 1478 4842 ac
1502 4788 1777 4843 manibus

147 4868 199 4926 in
227 4874 427 4931 ccelum
460 4877 719 4943 elevatis,
753 4875 1089 4931 diutissime
1120 4875 1341 4948 gratias
1372 4881 1638 4948 agens,et
1663 4876 1778 4932 col-

148 4957 375 5019 laudans
403 4965 744 5030 Dominum,
769 4980 1040 5037 ovesque,
1068 4981 1216 5036 quas
1246 4963 1475 5021 Christo
1502 4966 1782 5037 acquisie-

150 5052 244 5115 rat,
275 5050 457 5108 eidem
502 5070 737 5109 summo
785 5052 1006 5125 pastori
1052 5053 1494 5119 commendans,
1527 5054 1696 5110 lzetus
1727 5059 1783 5111 et

150 5133 517 5198 alacerbeatis
534 5142 762 5198 meritis
779 5143 1032 5197 ditatum
1052 5141 1195 5197 cmlo
1212 5142 1465 5196 reddidit
1484 5142 1778 5213 spiritum.

150 5223 257 5286 Quo
284 5227 539 5285 ccelestia
559 5248 739 5302 regna
770 5235 1020 5302 petente,
1051 5229 1147 5284 ille
1176 5230 1305 5300 ejus
1340 5229 1545 5286 merito
1574 5230 1708 5286 fidei
1727 5236 1785 5286 et

151 5309 413 5383 bonorum
445 5323 684 5374 actuum
736 5319 1160 5374 dilectissimus
1211 5319 1510 5384 Defensor,
1543 5320 1629 5373 vir
1658 5319 1778 5391 glo-

152 5399 343 5473 riosus,
358 5424 615 5478 praesens
632 5427 748 5463 non
766 5414 908 5476 erat,
928 5409 1027 5463 sed
1048 5410 1177 5480 ejus
1200 5407 1556 5463 sanctissimi
1583 5409 1779 5464 obitus

151 5488 238 5543 tali
267 5496 445 5550 ordini
478 5498 747 5569 cognovit
778 5497 954 5553 diem.
992 5498 1241 5551 Sedentc
1275 5512 1339 5550 eo
1372 5497 1443 5551 ad
1487 5513 1776 5565 mensam,

152 5580 316 5646 aperti
345 5589 479 5639 sunt
512 5584 934 5641 iutellectuales
965 5584 1115 5639 oculi
1163 5585 1311 5655 ejus,
1348 5589 1401 5638 et
1458 5602 1587 5639 cccc
1637 5586 1780 5641 vidit

212 5687 278 5755 (7)
308 5689 458 5745 Seria
479 5692 835 5762 purissimus
853 5689 1779 5762 amnisAlaneonium,ipsamun

152 5752 591 5817 Cenemaiiorum
606 5763 993 5835 episcopalem
1009 5763 1212 5817 urbem
1231 5761 1430 5828 alluit;
1452 5752 1515 5816 ac
1531 5752 1778 5829 deinmti

1888 4784 2140 4849 vierunt,
2172 4800 2288 4838 uno
2322 4781 2541 4854 Spiritu
2564 4780 2910 4837 sanctificati
2933 4785 3093 4846 sunt,
3116 4798 3295 4853 supra
3316 4787 3541 4857 petram

1892 4875 2070 4928 unius
2102 4873 2237 4928 ﬁdei
2271 4870 2502 4927 fundati
2533 4875 2692 4926 sunt.
2728 4871 2928 4926 Restat
2952 4886 3087 4943 ergo
3119 4876 3187 4926 ut
3216 4888 3323 4943 par
3353 4872 3431 4927 sit
3459 4873 3545 4928 eis

1891 4963 2079 5017 honor
2109 4965 2165 5016 et
2183 4961 2370 5033 gloria
2400 4978 2547 5032 quos
2578 4960 2814 5016 virtutis
2844 4959 2992 5015 actio
3035 4976 3206 5030 pares
3236 4959 3297 5015 in
3326 4960 3545 5017 Christi

1892 5049 2198 5106 constituit
2228 5048 2563 5120 disciplina.

1963 5142 2052 5195 32.
2088 5139 2205 5193 Hoc
2237 5138 2419 5208 igitur
2451 5136 2604 5191 beati
2635 5136 2740 5192 viri
2773 5154 2982 5209 corpus
3031 5155 3165 5194 cum
3216 5139 3287 5194 ad
3338 5141 3543 5195 urbem

1896 5228 2191 5301 propriam
2221 5228 2651 5296 deportaretur,
2682 5231 2921 5281 ventum
2972 5232 3060 5282 est
3105 5229 3176 5283 ad
3228 5230 3541 5284 transitum

1892 5317 2071 5382 ﬂuvii,
2106 5315 2196 5369 cui
2226 5319 2402 5369 Sartze
2433 5312 2509 5382 ('7)
2532 5314 2882 5369 vocabulum
2905 5317 3111 5370 est.Ad
3125 5316 3542 5372 declarandum

1891 5425 2027 5479 ergo
2059 5404 2261 5477 quanti
2298 5401 2486 5458 meriti
2519 5407 2675 5456 esset
2704 5404 2875 5473 cujus
2908 5403 3166 5475 reliquiae
3210 5406 3544 5460 ferebantur

1890 5496 2045 5567 equi,
2063 5494 2159 5566 qui
2193 5492 2458 5546 lecticam
2485 5494 2821 5545 sanctarum
2845 5492 3154 5563 gestabant
3176 5494 3539 5548 exuviarum-

1890 5584 2114 5640 czeteris
2144 5582 2235 5635 vix
2266 5578 2661 5648 enatantibus,
2688 5579 2839 5634 inter
2872 5581 3059 5635 undas
3090 5579 3309 5635 validas
3330 5586 3387 5635 et
3409 5597 3537 5651 pro-

1890 5697 1945 5747 et
1973 5689 2160 5753 Ledus,
2197 5688 2497 5741 Meditana:
2534 5685 2830 5757 miscetur,
2867 5686 2965 5755 qui
3001 5687 3057 5739 in
3092 5684 3343 5757 Ligerim
3386 5683 3533 5741 infra

1886 5763 2331 5831 Andegavorum
2366 5757 2566 5811 urbem
2600 5755 2809 5811 inﬂuit.
