3906 6372
329 435 448 500 795

1393 437 1729 498 LETALDI
1778 435 2270 498 MlCIACENSIS
2315 434 2696 497 MONACIII.

3655 435 3756 497 796

328 569 523 629 funda:
556 569 834 628 eiecitatis
864 569 1158 644 gurgites,
1194 587 1298 627 nec
1339 571 1594 644 genibus,
1625 588 1778 644 aqua
1817 571 1987 627 tactis
2017 569 2072 637 Α
2102 569 2337 625 tandem
2391 571 2694 626 recordata
2740 569 3000 644 pignoris
3059 569 3150 627 sui
3214 569 3425 643 pavida
3484 570 3756 638 accurrit,

332 659 504 717 littus
534 658 808 726 alterum,
845 660 1076 716 cunctis
1107 660 1462 714 mirantibus
1494 659 1822 715 subierunt.

401 749 491 805 33.
521 749 667 804 Cum
697 765 833 804 vero
877 752 1002 804 tota
1046 749 1186 804 urbs
1234 749 1537 804 festinaret
1575 749 1632 803 in
1675 765 1987 804 occursum

331 839 424 894 sui
458 839 732 912 pastoris,
765 839 1033 910 quaedam
1071 839 1284 894 mulier
1315 836 1624 910 parvulum
1659 838 1844 893 ﬁlium
1879 837 1989 892 cal-

329 927 504 984 daria:
523 928 904 1000 imposuerat,
923 927 1348 1000 suppositoque
1371 927 1502 998 igne
1523 927 1787 981 membra
1805 927 1858 980 in
1870 927 1989 981 fan-

327 1016 434 1072 tuli
469 1034 623 1088 aqua
669 1019 898 1090 tepente
944 1016 1175 1071 lavabat
1207 1033 1219 1070 :
1258 1034 1386 1088 qum
1434 1033 1572 1070 voce
1604 1015 1982 1087 psallentium

328 1106 578 1162 attonita
599 1106 861 1161 ofﬁcium
885 1110 1140 1177 coeptum
1160 1105 1398 1173 deserit,
1413 1104 1713 1176 oblitaque
1735 1103 1790 1157 in
1803 1105 1987 1158 fantu-

325 1195 390 1262 li,
426 1212 560 1250 cum
593 1195 816 1248 cazteris
840 1194 1070 1249 obviam
1099 1199 1304 1248 saneto
1339 1193 1610 1248 accurrit.
1639 1193 1982 1265 lgiturdum

327 1300 396 1340 ea
425 1281 928 1339 venerai'itissimis
963 1286 1226 1336 moratur
1255 1281 1569 1353 exsequiis,
1599 1281 1751 1353 ignis
1776 1281 1982 1336 infanti

327 1370 650 1444 suppositis
681 1370 1000 1436 calescens,
1034 1388 1137 1425 vas
1169 1371 1442 1437 ferreum,
1469 1371 1524 1424 in
1559 1387 1674 1442 quo
1708 1371 1983 1442 parvulus

326 1458 556 1530 positus
586 1463 730 1526 erat,
765 1458 1050 1525 obambit,
1086 1458 1525 1528 immensosque
1557 1457 1776 1513 calores
1806 1458 1986 1513 efﬁcit

326 1551 385 1602 et
414 1547 755 1603 efferventes
780 1546 838 1602 in
864 1547 1125 1618 seipsum
1153 1545 1416 1601 refundit
1433 1563 1696 1618 vapores.
1722 1546 1862 1612 Quis
1884 1564 1985 1618 pu-

325 1639 478 1691 taret
515 1634 574 1690 in
625 1634 726 1691 tali
785 1635 1126 1690 discrimine
1176 1634 1366 1690 vivere
1424 1633 1758 1706 potuisset?
1807 1635 1982 1692 Porro

324 1724 494 1780 beata
523 1728 712 1780 mater
743 1741 877 1780 cum
920 1725 1047 1796 jam
1090 1727 1306 1780 sancta:
1338 1722 1596 1796 reliquiae
1649 1724 1807 1778 domi
1859 1742 1978 1780 sua:

322 1813 837 1886 propinquassent,
855 1814 1326 1886 domesticaeque
1360 1811 1512 1870 lares
1546 1813 1980 1886 recognovisset

2098 659 2396 714 mstimans
2441 659 2592 714 inter
2635 677 2879 732 vapores
2929 660 3209 733 igniferos
3243 658 3678 732 ‘liquefactum,
3710 666 3758 715 et

2099 753 2296 802 tenera
2331 747 2494 819 pueri
2527 747 2882 803 distabuisse
2906 749 3190 804 membra.
3218 749 3330 804 Sed
3359 749 3573 804 ardore
3609 749 3756 817 ﬁdei,

2099 854 2226 909 qua:
2259 835 2418 891 illam
2467 841 2668 892 sancto
2708 836 2934 909 corpori
2966 837 3121 892 exire
3165 837 3398 892 obviam
3451 838 3757 908 compulit,

2098 926 2376 980 restincta
2409 929 2496 980 est
2526 925 2786 981 ardentis
2820 927 3091 982 ﬂammas
3121 925 3360 980 camini.
3397 926 3614 980 Subito
3649 932 3759 982 ter-

2097 1031 2224 1070 rore
2270 1013 2540 1085 perculsa
2583 1013 2769 1068 ﬁlium
2819 1033 2934 1070 non
2987 1015 3279 1079 admovet,
3313 1014 3501 1068 donec
3551 1017 3758 1086 grandi

2097 1103 2350 1157 clamore
2383 1102 2602 1157 multos
2632 1102 3028 1175 compelleret.
3063 1101 3332 1157 adunari.

2165 1193 2254 1246 34.
2291 1192 2447 1246 Beati
2495 1210 2665 1264 porro
2697 1193 2804 1247 viri
2837 1209 3050 1264 corpus
3095 1191 3366 1246 humanae
3399 1193 3760 1248 conditionis

2094 1281 2218 1352 lege
2249 1281 2566 1353 sepultum,
2592 1298 2720 1336 vere
2755 1281 2810 1335 in
2835 1281 3064 1336 Christo
3097 1298 3158 1336 se
3179 1281 3365 1336 vivere
3389 1282 3760 1337 demonstrat

2094 1370 2570 1442 frequentissima
2592 1369 2989 1426 consolatione
3005 1370 3350 1425 viventium.
3372 1369 3524 1425 Nam
3550 1371 3634 1426 ibi
3672 1387 3761 1424 rc-

2093 1458 2234 1531 cipit
2266 1460 2495 1514 czreitas
2525 1459 2740 1525 visum,
2773 1459 3047 1514 debilitas
3091 1474 3386 1532 gressum,
3419 1458 3762 1531 etl‘ugantur

2093 1547 2401 1613 daemonia,
2435 1548 2732 1602 donantur
2772 1564 2908 1602 eum
2953 1547 3066 1602 ﬁde
3111 1547 3450 1620 petentibus
3494 1563 3761 1621 congrua

2090 1640 2242 1702 vota,
2269 1640 2583 1708 praestante
2605 1636 2852 1692 Domino
2878 1641 3080 1692 nostro
3106 1635 3247 1692 Jesu
3273 1635 3510 1691 Christo
3543 1634 3644 1691 cui
3678 1643 3764 1693 est

2090 1741 2224 1780 cum
2249 1725 2416 1780 Patre
2438 1730 2491 1780 et
2523 1723 2743 1796 Spiritu
2768 1729 2968 1780 sancto
2992 1724 3180 1781 honor
3201 1727 3259 1780 et
3281 1722 3492 1796 gloria,
3521 1729 3580 1780 et
3606 1741 3761 1781 nunc

2090 1817 2148 1870 et
2177 1829 2282 1888 per
2311 1818 2528 1870 aeterna
2559 1813 2792 1870 sarcula.
2824 1815 3028 1870 Amen.

929 2124 1292 2241 LIBER
1373 2123 2276 2242 MIRACULORUM
2351 2126 2444 2240 s.
2532 2035 3149 2241 MAXlMlNI

1635 2332 1941 2388 ABBATIS
1983 2330 2440 2389 MICIACENSIS

1424 2488 1683 2548 Auctore
1717 2485 1958 2548 Letaldo
1991 2485 2273 2546 monacho
2305 2486 2660 2548 Miciacensi

1589 2647 1778 2720 (Apud
1811 2645 2058 2714 Mabill.,
2093 2646 2226 2702 Acta
2259 2647 2302 2714 Ι,
2334 2647 2484 2716 598.)

1390 2934 2028 3022 PROLOGUS
2095 2933 2674 3023 AUC'I'ORIS

399 3139 450 3193 1.
474 3139 538 3194 In
570 3137 870 3192 flammam
901 3137 1092 3192 sciens
1124 3143 1181 3192 et
1212 3139 1469 3210 prudens
1502 3139 1670 3194 mitto
1713 3154 1979 3204 manum,
2012 3139 2058 3204 B
2158 3141 2212 3192 2.
2249 3139 2374 3203 Qua
2402 3138 2472 3193 de
2503 3154 2563 3192 re
2611 3135 2909 3193 temerarii
2941 3136 3178 3208 quidem
3231 3153 3414 3192 ausus
3465 3151 3744 3208 praesum-

329 3226 430 3300 qui
453 3225 930 3298 prmsumpserim
957 3225 1107 3280 inter
1130 3229 1214 3280 tot
1237 3226 1853 3298 eloquentissimorum
1879 3227 1982 3281 ilu-

327 3313 490 3370 mina
511 3312 827 3368 homuncio
851 3312 1068 3368 arentis
1090 3314 1306 3387 ingenii
1332 3332 1454 3370 rem
1487 3315 1774 3371 hactenus
1794 3314 1980 3370 intac-

324 3407 446 3458 tam
465 3404 918 3469 attentare,eum
943 3418 1054 3456 non
1081 3403 1562 3476 praasumpserint
1581 3404 1681 3475 qui
1700 3403 1905 3460 idonee
1927 3410 1984 3460 et

326 3493 726 3562 competenter
753 3489 826 3545 ad
861 3490 918 3545 id
951 3491 1325 3546 efﬁciendum
1365 3492 1852 3548 sufﬁeientissimi
1896 3494 1982 3548 fo-

325 3582 475 3645 rent,
493 3583 552 3633 et
574 3595 729 3632 nunc
754 3578 976 3633 affatim
1004 3579 1524 3652 floreant,quorum
1551 3583 1739 3654 arguti
1764 3581 1982 3636 exami-

326 3668 420 3723 nis
441 3666 608 3723 lance
639 3671 698 3722 et
729 3667 1068 3739 prarjudieio
1090 3669 1466 3725 condemnari
1497 3687 1715 3726 verear.
1733 3671 1850 3726 Hoc
1878 3689 1980 3726 au-

325 3761 445 3812 tem
463 3756 721 3828 estquod
741 3775 776 3812 a
797 3757 1164 3829 temporibus
1186 3758 1465 3830 piissimo:
1485 3759 1776 3814 memoria;
1800 3761 1983 3832 patris

325 3844 629 3900 Maximini
655 3861 842 3916 usque
859 3847 930 3900 ad
953 3845 1074 3901 haec
1092 3847 1308 3918 quibus
1330 3865 1437 3903 nos
1456 3848 1698 3904 consilio
1713 3848 1986 3920 Omnipo-

324 3932 506 3988 tentis
529 3933 629 4004 qui
651 3936 819 3988 vocat
842 3949 910 3987 ea
931 3950 1058 4004 qua:
1080 3952 1197 3990 non
1220 3941 1360 3990 sunt
1388 3941 1690 4008 tamquam
1714 3954 1842 4009 quze
1865 3937 1985 3992 sint

327 4039 454 4078 esse
477 4020 716 4094 placuit,
741 4038 876 4076 cum
900 4021 1129 4078 diverso
1157 4025 1328 4078 modo
1356 4023 1519 4080 locus
1542 4024 1639 4079 ille
1663 4042 1836 4097 quem
1861 4025 1986 4096 ipse

325 4109 414 4164 vir
445 4107 680 4164 Domini
721 4113 1124 4165 construxerat
1165 4111 1532 4168 Mieiacensis
1570 4111 1790 4169 scilicet
1828 4131 1982 4170 nunc

327 4195 614 4264 floruerit,
661 4212 818 4252 nunc
865 4196 1085 4252 ultima:
1137 4199 1449 4270 abjectioni
1500 4203 1775 4274 patuerit,
1811 4203 1983 4259 modo

253 4309 268 4316 -
328 4302 562 4358 quoque
584 4300 889 4357 resurgere
913 4287 1152 4342 tentarit
1177 4304 1190 4342 :
1211 4287 1368 4344 inter
1394 4306 1540 4362 quas
1571 4305 1774 4347 omnes
1793 4291 1984 4347 varie-

328 4378 477 4430 tates
501 4373 811 4431 clementia
833 4373 1231 4433 misericordis
1254 4377 1355 4433 Dei
1373 4395 1676 4450 nunquam
1704 4380 1911 4447 abfuit,
1927 4384 1986 4436 et

329 4463 747 4520 miraculorum
781 4465 948 4537 copia
971 4465 1198 4522 meritis
1219 4467 1484 4539 ejusdem
1515 4467 1703 4523 Patris
1725 4468 1983 4524 exhibita
2013 4497 2055 4566 ρ

325 4552 668 4610 vacillantes
691 4559 748 4610 et
769 4553 1029 4626 trepidos
1055 4557 1266 4628 saepius
1285 4555 1584 4612 consolata
1599 4561 1716 4625 est;
1738 4557 1983 4613 inveniri

328 4658 500 4698 nemo
549 4643 741 4714 potuit
771 4642 872 4714 qui
921 4643 1030 4698 hoc
1080 4644 1296 4716 scripto
1327 4645 1544 4712 ederet,
1573 4651 1862 4716 quatenus
1912 4647 1984 4702 ad

328 4730 597 4786 notitiam
629 4730 989 4803 posteritatis
1011 4732 1215 4788 ordine
1249 4731 1543 4804 pervenire
1565 4732 1802 4789 valeret.
1820 4736 1983 4802 Quod

329 4817 526 4889 magni
569 4818 824 4874 arbitror
869 4819 1225 4890 detrimenti,
1261 4839 1395 4876 cum
1448 4827 1505 4878 et
1554 4821 1653 4877 Dei
1703 4823 1986 4880 beneﬁcia

327 4903 549 4977 ignava:
575 4905 851 4962 oblivioni
877 4908 998 4963 sint
1017 4909 1234 4965 tradita
1257 4913 1312 4964 et
1337 4909 1500 4966 locus
1523 4911 1804 4983 abjectior
1824 4911 1985 4969 habi-

329 4997 712 5065 tus,quantus
727 4995 814 5050 vel
840 4995 1033 5068 qualis
1049 4997 1189 5052 olim
1215 4997 1389 5054 fuerit
1406 4999 1787 5056 monimentis
1807 5000 1983 5056 silen-

329 5079 488 5136 tibus
512 5098 658 5154 pene
683 5083 912 5139 cunctis
933 5084 1298 5157 incognitum
1323 5087 1421 5142 sit.
1441 5087 1587 5143 Nam
1611 5090 1764 5160 quod
1788 5091 1857 5145 ad
1883 5090 1982 5146 ali-

329 5170 421 5241 euj
433 5187 500 5224 us
518 5169 786 5225 notitiam
811 5172 1110 5242 pervenire
1132 5174 1505 5246 potuit,quod
1525 5177 1634 5231 sub
1653 5177 1838 5234 oculis
1856 5181 1986 5250 ejus

329 5257 425 5313 cui
457 5257 772 5312 innotescit
812 5262 1106 5329 patratum
1150 5279 1265 5316 non
1307 5267 1424 5330 est;
1465 5263 1520 5317 id
1564 5267 1764 5335 procul
1805 5268 1984 5325 dubio

329 5351 434 5402 aut
462 5345 675 5400 litteris
705 5349 808 5400 aut
838 5346 1152 5403 traditione
1184 5348 1322 5404 vivrc
1361 5351 1519 5406 vocis
1552 5352 1839 5424 perlatum
1873 5362 1981 5412 est.

329 5435 492 5501 Quod
516 5437 714 5489 autem
738 5437 946 5488 neutro
967 5433 1199 5503 horum,
1225 5437 1281 5491 id
1317 5439 1516 5508 procul
1543 5441 1722 5497 dubio
1754 5461 1826 5498 an
1861 5446 1983 5502 fue-

332 5523 430 5590 rit,
451 5522 539 5578 vel
571 5537 686 5576 non
721 5520 916 5590 fuerit,
941 5538 1170 5577 mecum
1203 5525 1422 5596 pariter
1452 5542 1652 5583 emnes
1687 5533 1980 5590 tacebunt.

331 5610 493 5668 Tolle
526 5608 889 5666 monimenta
920 5610 990 5664 de
1021 5610 1218 5679 rebus,
1243 5629 1480 5668 necesse
1511 5621 1600 5670 est
1631 5621 1693 5672 ut
1724 5628 1980 5691 pereant,

332 5705 392 5758 et
421 5703 612 5757 status
639 5696 870 5752 vivendi
910 5697 1114 5752 ordine
1146 5702 1387 5756 confuso
1429 5700 1642 5760 titubet
1673 5712 1728 5762 et
1759 5709 1986 5768 vacillet

2091 3227 2308 3298 ptione,
2337 3231 2594 3282 attamen
2627 3225 2788 3282 utilis
2820 3226 3114 3298 profectus
3147 3223 3642 3297 contemplatione
3673 3224 3744 3278 ad

2091 3315 2200 3371 hoc
2235 3315 2542 3372 annimum
2575 3315 2798 3388 appuli,
2833 3319 2898 3370 ut
2929 3330 3054 3386 qua:
3085 3312 3172 3368 vel
3205 3313 3330 3386 ipse
3359 3313 3633 3378 viderim,
3658 3310 3746 3366 vel

2092 3406 2473 3478 probatorum
2503 3405 2760 3460 veridica
2803 3402 3080 3459 relatione
3128 3403 3523 3475 cognoverim,
3554 3402 3626 3456 de
3654 3399 3746 3454 bis

2091 3492 2360 3548 videlicet
2377 3511 2504 3566 qum
2539 3491 2850 3548 intentioni
2873 3494 3013 3546 sunt
3033 3490 3343 3546 scribenda
3366 3493 3660 3562 putarem.
3687 3488 3744 3543 In

2093 3599 2208 3654 quo
2239 3583 2432 3654 operis
2463 3585 2732 3638 contextu
2757 3579 2840 3636 nil
2869 3580 3088 3635 mirum
3108 3578 3290 3634 videri
3308 3577 3500 3644 debet,
3527 3577 3575 3632 si
3601 3594 3752 3649 quae-

2093 3673 2228 3727 dam
2263 3671 2608 3727 interseram
2641 3687 2768 3742 qua;
2799 3669 2872 3725 ad
2903 3669 2959 3723 id
2995 3667 3295 3741 negotium
3326 3667 3617 3739 pertinere
3647 3667 3753 3721 mi-

2094 3762 2252 3817 nime
2281 3761 2608 3826 videantur,
2632 3775 2766 3815 cum
2801 3759 2858 3813 id
2883 3762 2940 3814 et
2964 3774 3093 3812 raro
3116 3755 3472 3826 faciam,etsi
3497 3756 3752 3812 intuitus

2095 3855 2248 3906 recte
2289 3848 2632 3922 speculandi
2684 3846 2841 3903 adsit
2886 3863 3003 3902 non
3045 3845 3172 3902 sine
3217 3863 3414 3902 causa.
3447 3845 3596 3900 Nam
3627 3848 3688 3899 et
3718 3860 3754 3898 a

2093 3938 2420 3996 Chlodeveo
2452 3937 2738 4008 incipiens
2757 3941 2814 3992 et
2832 3936 2904 3991 de
2924 3937 3052 4008 ejus
3073 3934 3270 3990 solerti
3299 3932 3532 4006 ingenio
3564 3949 3752 4004 pauca

2095 4027 2415 4084 admodum
2447 4025 2759 4100 prazlibans
2787 4041 2856 4081 ea
2877 4025 2947 4079 de
2969 4041 3030 4079 re
3057 4023 3113 4079 id
3135 4022 3311 4090 volui,
3336 4027 3403 4078 ut
3421 4038 3488 4078 eo
3512 4025 3750 4077 auctore

2094 4118 2266 4189 cujus
2285 4113 2688 4171 muniﬁcentia
2707 4113 2871 4170 locus
2894 4113 2963 4168 de
2987 4129 3101 4184 quo
3131 4111 3288 4184 loqui
3313 4111 3602 4183 gestimus
3629 4126 3750 4165 ca:-

2094 4205 2179 4278 pit
2200 4203 2524 4270 exordium,
2541 4207 2752 4259 nostra:
2769 4218 3002 4274 quoque
3026 4200 3381 4256 narrationis
3403 4198 3752 4254 fundaretur

2094 4293 2472 4368 principium.
2508 4291 2654 4347 Item
2687 4307 2820 4348 cum
2855 4289 3008 4346 ﬁlios
3038 4291 3168 4362 ejus
3209 4289 3446 4355 induco,
3481 4287 3537 4342 id
3571 4303 3754 4342 causa

2093 4382 2246 4439 beati
2267 4381 2418 4437 Aviti
2453 4379 2600 4436 facio
2621 4384 2678 4435 et
2707 4379 3121 4452 antiquitatem
3145 4382 3202 4434 et
3224 4376 3486 4432 studium
3516 4373 3750 4448 pietatis

2095 4473 2223 4544 ejus
2255 4469 2667 4526 commendare
2697 4467 2914 4524 volens.
2951 4469 3178 4524 Rursus
3210 4482 3344 4522 cum
3375 4480 3577 4538 regum
3609 4467 3756 4519 tem-

2096 4576 2238 4633 pora
2268 4575 2371 4631 per
2396 4573 2686 4614 annorum
2721 4555 3197 4628 supputationem
3223 4570 3408 4627 usque
3430 4554 3501 4608 ad
3524 4552 3754 4608 Childe-

2096 4649 2328 4704 bertum
2373 4646 2660 4718 Sigeberti
2714 4645 2903 4701 ﬁlium
2953 4645 3274 4716 distinguo,
3308 4643 3363 4698 id
3399 4641 3630 4696 duabus
3683 4659 3755 4696 ex

2095 4736 2290 4792 causis
2321 4735 2535 4805 efﬁcio,
2559 4739 2624 4791 ut
2652 4735 3024 4806 comprobem
3050 4734 3112 4788 Β.
3140 4733 3575 4788 Launomarum
3598 4730 3754 4802 patri

2095 4823 2410 4882 Maximino
2435 4821 2830 4896 synchronum
2865 4822 3066 4888 fuisse,
3091 4821 3374 4876 duntaxat
3396 4818 3477 4875 sic
3503 4823 3569 4872 ut
3588 4821 3756 4890 patre

2096 4911 2412 4970 Maximino
2443 4910 2630 4967 mtatis
2663 4912 2928 4982 perfectae
2952 4909 3046 4965 hic
3079 4907 3454 4964 adoleSCeret.
3477 4906 3593 4962 Nec
3616 4912 3755 4962 ante

2093 5002 2364 5058 eumdem
2399 5005 2626 5074 patrem
2650 4999 3038 5054 Maximinum
3071 4999 3130 5053 in
3160 4997 3267 5053 hac
3293 5001 3496 5053 nostra
3515 4995 3755 5067 regione

2095 5105 2453 5164 quemquam
2487 5093 2721 5160 patrum
2749 5089 2876 5160 ejus
2899 5087 3268 5143 auctoritatis
3291 5085 3576 5158 scriptum
3601 5083 3759 5141 inve

2096 5179 2231 5248 niri,
2254 5179 2354 5250 qui
2388 5181 2472 5234 tot
2503 5181 2738 5232 sanctos
2772 5181 2830 5234 et
2865 5175 3124 5232 illustres
3153 5175 3311 5231 viros
3338 5171 3602 5244 exemplo
3633 5191 3757 5229 suae

2095 5265 2485 5324 institutionis
2517 5264 2869 5333 informarit,
2906 5269 3081 5338 atque
3131 5264 3260 5320 ideo
3305 5280 3422 5318 non
3455 5262 3756 5317 immerito

2095 5355 2528 5428 conjiciendum
2553 5353 2749 5426 ipsum
2779 5357 3050 5409 sanctum
3075 5356 3133 5408 et
3153 5351 3546 5420 venerabilem
3561 5350 3754 5406 virum

2097 5446 2534 5502 Launomarum
2559 5442 2769 5499 de.hac
2797 5442 2924 5516 ipsa
2955 5443 3083 5514 ejus
3114 5441 3470 5514 processisse
3493 5437 3759 5511 discipli-

2096 5550 2202 5590 na:
2230 5549 2364 5588 cum
2384 5536 2440 5586 et
2463 5536 2725 5604 tempora
2743 5531 3116 5598 concordent,
3132 5534 3188 5586 et
3211 5527 3581 5586 familiaritas
3603 5528 3758 5584 inter

2097 5622 2477 5679 Miciaeenses
2503 5625 2561 5676 et
2580 5620 3005 5676 Corbionenses
3026 5619 3304 5689 (Corbion)
3322 5633 3508 5689 usque
3531 5617 3604 5672 ad
3631 5615 3756 5672 haec

2095 5726 2242 5784 pene
2274 5714 2539 5782 tempora
2571 5709 2914 5766 inconvulsa
2940 5708 3341 5782 perseverarit.
3367 5706 3630 5779 Denique.
3654 5706 3759 5762 He-
