1968 3231
104 240 154 271 201

567 243 893 279 Plt/ELOQUIORUM
916 243 1021 275 LIBRI
1045 246 1131 276 SEX.
1149 263 1187 268 —
1203 246 1278 276 LlB.
1304 247 1340 276 ll.

1753 245 1813 274 202

104 294 203 340 lluxus,
219 298 269 344 qui
283 308 316 336 ﬁt
331 308 362 336 in
373 309 589 337 dormientibus
600 310 664 337 sine
677 310 924 346 culpa,interdum
985 311 1073 339 subdi
1087 319 1145 340 non
1161 312 1338 349 dedignatus
1346 313 1385 341 sit
1393 314 1498 341 cuncto
1506 320 1619 345 creans,
1636 311 1812 339 etnutriens

101 351 282 388 vigilantibus
298 353 443 390 contingit
458 362 492 381 ex
507 352 613 390 culpa;
628 354 678 382 sed
691 354 770 382 aliud
787 357 832 382 est
846 355 923 391 quod

99 396 125 424 in
135 396 296 425 dormiente
308 398 352 432 tit,
364 397 443 425 aliud
456 398 532 434 quod
547 398 673 435 vigilans
690 398 756 426 facit
769 408 775 433 ;
788 399 827 427 ibi
841 401 926 427 natu-

99 441 190 470 raliter
200 441 355 478 plenitudo
370 442 504 471 humoris
514 443 679 479 expellitur,
691 443 738 471 hic
753 444 847 480 turpis
857 453 924 472 cou-

97 485 272 523 cupiscentia
285 486 463 523 publicator.
482 499 496 512 ν
510 487 550 515 Ne
567 487 657 524 igitur
672 488 774 516 cmlebs
789 488 922 516 amittere

97 530 234 558 castitatis
248 530 414 567 vilipendas
429 532 551 564 donum,
570 532 662 560 recole
678 532 749 560 illud
775 533 921 568 prophetre

97 575 245 612 imperium
259 583 265 603 ε
284 576 434 611 Quomodo,
451 576 556 614 inquit,
573 577 696 605 cecidisti
709 577 742 604 de
756 578 821 605 δαείη
839 579 920 606 Lari-

95 621 144 656 ίαν,
158 621 207 657 qui
220 627 306 648 mane
319 621 451 649 oricbaris
462 624 474 648 ἔν
490 622 555 658 (Isai
569 630 626 655 xw,
649 622 689 655 l2)
706 621 735 650 id
756 624 801 650 est
830 622 920 658 virgi-

95 664 187 699 nitatis
201 665 361 702 splendore
376 666 490 694 cunctis
506 667 629 702 parebas
648 667 771 694 decorus
781 669 810 694 et
824 666 918 694 admi-

92 709 196 738 rabilis.
209 710 376 738 Admiratio
391 710 469 738 enim
485 711 542 739 ista
556 720 615 738 non
632 713 676 739 est
685 719 774 739 causa
784 711 919 747 ignoran-

92 754 142 789 tia,
155 755 206 783 sed
223 757 296 783 nota
310 755 486 782 calumniis:
505 764 540 783 ex
564 755 652 792 culpa
679 756 768 790 enim,
799 758 832 783 ut
853 756 918 791 jam

91 799 224 834 diximus,
241 799 399 836 superbiae,
427 800 546 828 miseria
576 801 746 836 bujusmodi
776 801 920 837 contingit

91 843 192 879 ruina;
205 844 278 881 quia
290 844 425 872 videlicet
436 852 504 872 cum
515 845 562 872 his
570 845 686 872 duobus
694 844 772 871 vitiis
783 844 920 872 diabolus

90 887 255 917 universum
265 897 361 925 genus
373 889 775 925 pereuntium.maxime,imo
787 888 919 916 omnimo

89 932 129 962 dis
142 933 327 970 supplantat,
344 932 477 960 libidinis
501 932 612 961 scilicet
639 935 725 968 atque
750 933 895 969 superbiae
912 942 918 966 ;

88 987 171 1006 unum
187 981 295 1006 tamen
311 978 418 1013 pendet
430 986 465 1005 ex
481 977 582 1005 altero.
605 977 688 1004 Sicut
703 978 782 1005 enim
806 986 856 1013 per
867 974 917 1005 su-

89 1022 210 1058 perbiam
228 1021 296 1049 itur
308 1022 338 1048 in
355 1021 591 1057 prostitutionem
609 1021 749 1054 libidinis,
766 1022 832 1049 itaa
853 1021 917 1049 libi-

88 1067 147 1100 dine
160 1067 340 1103 pervenitur
354 1066 389 1093 ad
406 1066 546 1094 duritiam
559 1066 677 1099 mentis,
689 1068 727 1099 et,
745 1066 800 1093 heu
818 1066 915 1094 dolor!

87 1119 170 1148 usque
178 1112 214 1140 ad
225 1113 345 1139 contem
351 1112 432 1146 ptum
444 1110 538 1138 ruitur
544 1110 697 1143 Creatoris;
709 1113 737 1138 et
748 1111 787 1138 ita
796 1111 915 1138 demum

85 1164 137 1191 cor,
145 1156 223 1194 quod
235 1155 288 1184 Dei
302 1155 444 1182 debuerat
457 1163 508 1190 pcr
520 1154 715 1182 humilitatem
730 1157 817 1191 atque
829 1163 914 1182 mun-

85 1201 181 1229 ditiam
198 1209 267 1229 esse
283 1199 440 1235 templum.
460 1200 492 1226 lit
506 1199 717 1226 daemoniorum
741 1207 793 1235 per
811 1208 913 1235 super-

85 1245 155 1274 biam
169 1248 262 1281 atque
277 1243 499 1272 immunditiam
518 1243 684 1275 delubrum,
701 1246 738 1277 et,
756 1246 788 1271 ut
816 1244 914 1280 aptius

24 1284 30 1293 ’
85 1290 183 1322 dicam,
195 1288 309 1318 diaboli
323 1288 614 1316 monumentum.Sic
625 1288 793 1324 enim.quod
808 1296 914 1324 negare

86 1343 136 1363 non
151 1342 328 1372 possumus,
345 1332 408 1369 ipse
421 1333 456 1360 ad
470 1333 589 1360 beatum
603 1332 657 1361 Job
675 1333 818 1360 Dominus
848 1333 888 1361 ait
906 1342 912 1361 :

85 1379 133 1407 Sub
146 1381 247 1408 umbra
261 1378 367 1406 dormit
381 1378 412 1405 in
423 1382 522 1405 secreto
536 1378 638 1405 calami
651 1382 676 1405 et
691 1378 756 1405 locis
776 1378 913 1405 humenti-

86 1425 129 1453 bus
141 1424 206 1460 (Job
231 1432 281 1456 XL,
315 1423 370 1458 16).
397 1422 470 1450 Cave
499 1422 591 1458 igitur
620 1422 788 1458 quicunque
819 1422 913 1450 adhuc

86 1470 158 1497 tanta
168 1467 320 1497 castitatis
338 1467 427 1494 fueris
444 1466 642 1503 prterogalivn,
670 1475 706 1503 ne
730 1466 789 1494 tuis
802 1467 913 1494 meritis

83 1521 140 1542 eam
153 1512 328 1546 tribuendo,
345 1512 414 1539 dum
430 1511 562 1539 dcclinas
573 1511 737 1545 libidinem,
750 1511 863 1539 incidas
882 1511 912 1539 in

26 1585 30 1589 _
82 1557 228 1586 elationem
240 1567 252 1590 ;
267 1559 300 1585 et
314 1555 385 1583 dum
401 1564 485 1583 cavos
501 1555 670 1588 elationem,
683 1556 771 1583 cadas
784 1556 913 1592 segniter

83 1602 108 1630 in
121 1601 274 1630 libidinem
295 1609 302 1629 :
319 1599 397 1637 quod
414 1602 445 1627 ut
461 1608 547 1636 agere
559 1599 667 1634 valcas,
694 1601 830 1628 timorem
861 1608 910 1637 ge-

982 355 1148 384 Dominus?
1164 357 1197 384 Et
1213 365 1290 392 smpe
1306 356 1459 394 contingit,
1476 358 1508 384 ut
1523 364 1650 393 paupere
1661 358 1743 392 patre
1756 355 1812 383 exi—

979 403 1084 434 stente,
1101 401 1181 429 dives
1197 401 1235 429 sit
1252 401 1338 429 illius.
1357 401 1431 435 Quid
1447 409 1518 438 rogo
1534 401 1563 428 in
1579 409 1678 428 rerum
1704 401 1810 427 natura

978 445 1108 473 fmdius?
1124 446 1158 473 Et
1174 454 1239 473 cum
1257 445 1306 474 alii
1323 446 1359 474 de
1385 446 1463 474 fastu
1492 448 1619 482 paterna:
1646 443 1810 473 nobilitatis

977 490 1091 517 soleant
1106 490 1267 526 superbire,
1286 493 1318 518 tu
1334 491 1368 518 ad
1385 490 1579 528 ignominiam
1591 490 1632 518 tui
1648 489 1810 526 ipsius,pa~

976 536 1051 562 trem
1069 538 1138 562 nota
1152 536 1334 572 paupertatis
1346 536 1496 567 adustum,
1506 543 1557 571 per
1567 535 1677 571 plateas
1685 533 1810 562 dimittis

977 578 1170 607 mendicando
1177 579 1395 612 incederc.Quid
1404 579 1482 608 enim
1491 577 1807 611 mendicansclamitat,

976 623 1032 651 nisi
1049 626 1076 651 te
1092 624 1246 657 uovitium,
1264 627 1291 652 te
1307 626 1505 660 assumptum,
1522 626 1551 652 te
1566 623 1650 658 illud,
1661 623 1739 659 quod
1756 631 1808 650 nu-

975 676 1026 703 per
1041 668 1077 696 ab
1093 668 1138 696 his
1155 669 1305 696 inventum
1321 672 1375 697 est.
1393 669 1444 705 qui
1461 677 1493 696 se
1507 668 1642 696 homines
1657 668 1751 696 facere
1760 667 1806 703 ,ᾔει

974 714 1066 746 ctant,
1083 713 1112 740 id
1128 715 1172 740 est
1187 713 1332 741 factitium
1349 714 1417 747 (95),
1433 715 1462 741 te
1477 712 1678 745 allevatitium,
1695 714 1723 740 te
1754 720 1805 740 no-

973 757 1068 789 thum,
1081 757 1276 793 spuriumque
1290 758 1474 786 demonstrat
1484 757 1556 786 ?Cui
1571 757 1595 784 si
1610 755 1754 793 aliquisid
1761 755 1805 784 vel

975 801 1122 829 mentiens
1138 802 1358 838 improperarct,
1375 811 1473 830 nonne
1486 810 1577 829 causa
1598 800 1807 829 commotionis

974 845 1035 872 lucc
1051 853 1158 881 magna
1173 854 1237 873 esse
1245 846 1387 882 potuisset
1396 846 1448 874 PEt
1461 846 1522 874 haec
1529 846 1648 884 quidem
1658 847 1804 882 quantum

975 890 1010 916 ad
1028 889 1179 917 saxulum.
1197 891 1366 918 Secundum
1381 898 1448 918 vero
1480 893 1580 923 Deum,
1606 897 1673 917 cum
1698 889 1806 925 ipsein

975 933 1090 961 Psalan
1107 934 1202 962 dicat:
1220 935 1318 962 Beatus
1332 935 1382 971 qui
1397 935 1529 969 intelligit
1544 942 1626 970 super
1638 941 1754 969 egenum
1781 930 1809 962 ct-

973 986 1120 1014 paupcrcm
1135 979 1221 1014 (l’sal.
1239 988 1274 1006 XL
1286 981 1302 1006 2
1319 989 1325 1012 ;
1343 987 1432 1015 super
1441 987 1528 1015 quem
1546 982 1587 1012 tu,
1618 986 1697 1014 rogo,
1720 978 1803 1006 intel~

974 1022 1057 1058 liges,
1074 1023 1124 1058 qui
1141 1031 1193 1050 nec
1211 1023 1307 1059 ipsum
1324 1023 1490 1051 mendicum
1508 1023 1674 1051 miserando
1690 1025 1801 1059 patrem

973 1068 1157 1103 recognoscis
1168 1067 1183 1094 ‘I
1198 1065 1261 1099 Cui,
1279 1076 1359 1104 rogo,
1377 1068 1502 1103 porrigis
1517 1067 1800 1104 eleemosynam,qui

972 1119 1024 1139 nec
1041 1112 1134 1148 ipsam
1152 1112 1179 1139 in
1196 1115 1277 1148 patre
1288 1112 1800 1148 agnoscisnaturam‘IEtsiomnibus

971 1156 1171 1184 misericordia
1186 1156 1373 1192 impcdanda,
1395 1157 1482 1184 etiam
1511 1166 1528 1184 ε.
1558 1157 1614 1184 ﬁde
1643 1156 1799 1190 extraneis,

970 1201 1096 1229 maxime
1111 1203 1220 1234 autem,
1235 1204 1268 1229 ut
1284 1201 1324 1229 ait
1339 1201 1507 1237 Apostolus,
1524 1201 1560 1229 ad
1576 1201 1754 1229 domesticos
1765 1201 1801 1228 ll-

969 1244 1015 1272 dei
1032 1245 1102 1280 (Gal.
1119 1254 1155 1279 VI,
1174 1246 1229 1279 10),
1246 1245 1316 1282 quid
1333 1246 1389 1278 his,
1407 1246 1457 1281 qui
1473 1245 1635 1273 nonsolum
1646 1245 1799 1273 domestici

970 1289 1048 1321 fidei,
1064 1290 1114 1317 sed
1130 1290 1218 1317 etiam
1235 1289 1387 1317 domestici
1405 1289 1570 1326 sanguinis,
1582 1288 1626 1316 vel
1638 1288 1718 1325 origo
1729 1291 1801 1316 sunt

969 1334 1096 1369 generis,
1113 1334 1167 1367 vel,
1185 1334 1262 1362 sicut
1277 1334 1396 1370 quidam
1412 1333 1534 1370 pulchre
1563 1332 1593 1360 in
1619 1333 1799 1361 deoachordo

970 1378 1028 1405 ait:
1045 1378 1099 1410 Qui
1114 1378 1177 1405 suis
1194 1378 1366 1414 parentibus
1381 1386 1438 1405 non
1455 1377 1547 1406 defert
1559 1377 1711 1410 honorem,
1732 1377 1799 1414 qui-

969 1423 1024 1450 bus
1041 1431 1141 1459 parcre
1156 1422 1283 1459 poterit?
1298 1421 1657 1459 Omnibusigitnraliquid
1667 1422 1798 1450 dandum

969 1469 1022 1511 cs.t,
1040 1467 1214 1503 patritotum
1223 1467 1547 1502 committendum,ejus
1558 1466 1688 1494 dominio
1704 1468 1798 1494 totum

968 1510 1208 1547 m'ancipandum.
1225 1511 1310 1539 Pater
1325 1512 1423 1548 itaque
1439 1511 1492 1547 sis,
1507 1511 1586 1539 filius
1602 1510 1653 1545 sis,
1675 1511 1799 1548 quilibet

968 1557 1206 1593 consanguineus
1222 1557 1274 1588 sis,
1290 1556 1358 1584 audi
1374 1556 1547 1592 Apostolum
1560 1564 1566 1583 :
1580 1556 1632 1590 Qui
1643 1559 1800 1590 suorum,et

965 1603 1086 1629 maxime
1100 1601 1305 1629 domesticorum
1320 1609 1417 1628 curam
1430 1609 1487 1628 mm
1500 1600 1590 1634 habet,
1607 1600 1688 1636 ﬁdem
1716 1608 1799 1636 nega-

83 1646 176 1676 lieune
189 1646 290 1675 oculis
305 1653 434 1682 propone
451 1644 568 1678 mentis,
586 1648 613 1672 et
629 1647 661 1672 ut
683 1644 782 1673 clavus
794 1645 908 1673 clavum
963 1647 1013 1681 m‘l,
1030 1650 1056 1674 et
1074 1648 1113 1675 est
1129 1646 1237 1681 inﬁdeli
1251 1645 1371 1673 deterior
1385 1647 1411 1680 (l
1425 1646 1492 1673 Tim.
1508 1654 1535 1679 v,
1551 1646 1590 1679 8).

84 1690 202 1728 expellit,
218 1691 262 1719 ita
278 1690 372 1726 hujus
396 1689 485 1717 timor
507 1689 634 1716 incendii
664 1690 798 1717 ardorem
831 1689 911 1718 illius
927 1683 948 1716 C

84 1735 200 1772 expellat
213 1732 295 1764 vitii.
311 1733 510 1762 Consideratio
527 1742 643 1770 quoque
658 1736 779 1761 terrenae
802 1734 910 1770 fragili-

86 1779 147 1808 tatis
157 1780 298 1808 timorem
311 1779 436 1806 refrenet
451 1778 597 1806 elationis.
615 1779 657 1805 Ita
668 1779 699 1805 ﬁt
712 1781 744 1806 ut
754 1781 781 1805 et
795 1779 831 1806 ab
851 1778 909 1806 ela-

87 1823 167 1853 tionis
179 1831 307 1857 venono,
323 1824 353 1850 et
367 1831 384 1850 a
397 1822 529 1850 libidinis
545 1822 689 1856 incendio,
702 1822 817 1850 Christo
826 1823 910 1857 adju-

87 1871 173 1903 vante,
194 1867 351 1901 defensus,
380 1867 492 1904 angelis
516 1867 659 1903 perpetim
684 1866 911 1902 conjucundcris

86 1914 277 1947 consortibus,
294 1912 459 1949 angelicam
475 1912 504 1939 in
522 1912 607 1940 terris
622 1911 861 1947 quandoquidem
874 1910 912 1938 vi-

86 1961 140 1986 tam
153 1966 185 1987 es
198 1958 348 1987 imitatus.

255 2003 322 2031 Τιτ.
337 2001 386 2029 Vl.
403 2017 437 2022 —
452 2001 490 2028 De
503 2003 581 2036 patre
594 2003 619 2028 et
636 2002 732 2027 matre.

118 2048 158 2076 15.
172 2048 261 2076 Pater
275 2048 329 2074 aut
340 2048 435 2074 mater
449 2054 480 2074 es
492 2046 506 2073 ?
517 2046 663 2073 Memento
675 2044 861 2081 disciplinam
884 2047 911 2072 te

85 2091 181 2121 debere
195 2091 313 2125 ﬁliis,et
327 2091 371 2119 sic
382 2090 502 2118 monitis
513 2090 684 2126 obtempera
696 2089 912 2125 npostolicis,ut

87 2135 169 2165 simul
183 2138 212 2164 ct
226 2135 383 2164 interitum
399 2143 502 2163 caveas
527 2135 589 2162 Heli
618 2134 778 2161 sacerdotis
794 2144 800 2169 κ
820 2135 831 2161 1
847 2135 910 2168 Reg.

87 2188 115 2214 ll,
129 2180 164 2218 ι).
177 2181 290 2214 [δαν-εδ,
303 2179 404 2216 inquit
419 2179 674 2216 Apostolus,nolite
688 2178 722 2205 ad
737 2178 912 2206 iracundia'n

87 2232 225 2260 provocare
237 2225 316 2261 ﬁlios
329 2226 442 2258 vestros,
468 2225 568 2251 utnon
595 2223 697 2259 pusillo
724 2224 818 2250 animo
844 2223 913 2258 ﬁant

90 2269 187 2306 (Ephu.
199 2277 239 2306 γι,
255 2269 296 2307 4).
453 2301 460 2305 _

329 2314 392 2342 Trr.
410 2313 469 2341 vn.
485 2328 517 2333 —
534 2313 569 2340 De.
583 2313 660 2348 ﬁliis.

1201 1690 1261 1718 Trr.
1279 1690 1353 1718 VIlI.
1370 1705 1403 1710 —
1420 1690 1457 1718 De
1466 1690 1567 1717 viduis.

1002 1737 1047 1763 17-
1060 1735 1156 1763 Vidua
1171 1735 1226 1762 es?
1242 1734 1338 1762 Habes
1351 1735 1478 1767 Annam,
1491 1736 1585 1766 tuam,
1601 1735 1633 1760 ut
1649 1733 1690 1761 ita
1715 1732 1796 1761 dixe-

966 1781 1033 1812 rim,
1051 1779 1183 1815 regulam
1202 1779 1276 1814 (Lac.
1294 1787 1325 1812 ιι,
1342 1779 1398 1811 87).
1415 1777 1496 1809 Quod
1507 1776 1729 1805 sialitervivere
1739 1777 1794 1810 vis,

966 1824 1032 1851 audi
1049 1822 1221 1859 Apostolum
1235 1831 1241 1849 :
1262 1821 1357 1854 Vidua,
1373 1820 1482 1856 inquit,
1498 1828 1560 1857 qua:
1576 1821 1604 1848 in
1620 1820 1724 1847 diliciis
1743 1822 1792 1854 est,

966 1869 1058 1896 vivens
1078 1868 1186 1895 mortua
1199 1870 1237 1894 est
1253 1867 1277 1901 (Ι
1294 1866 1361 1893 Tim.
1382 1874 1409 1900 ν,
1425 1865 1462 1900 6).

1175 1911 1233 1939 Trr.
1251 1911 1297 1938 IX.
1311 1927 1345 1930 ——
1360 1911 1397 1938 De
1411 1910 1575 1944 virginibus.

1003 1958 1045 1984 18,
1062 1956 1148 1991 Virgo
1164 1955 1217 1983 es?
1233 1956 1333 1984 Gaude
1350 1955 1377 1982 in
1385 1954 1509 1982 Domino
1525 1954 1718 1988 humiliter,et
1729 1963 1797 1982 cave

967 2011 1002 2029 ne
1019 2002 1124 2038 perdas
1138 2008 1211 2033 esse,
1229 2001 1306 2035 quod
1322 2008 1363 2028 es.
1378 2000 1472 2037 Aabes
1488 1999 1624 2031 Mariam,
1648 1999 1796 2035 pudieitize

966 2045 1130 2083 speculum,
1147 2044 1323 2081 virginitatis
1340 2044 1470 2075 titulum,
1481 2043 1659 2071 humilitatis
1669 2043 1797 2080 insigne,

967 2092 1056 2119 decus
1071 2089 1253 2117 innocentiae.
1272 2090 1408 2117 Scrutare
1427 2089 1492 2123 ejus
1517 2087 1675 2121 canticum,
1701 2089 1801 2124 potest

966 2135 1017 2163 tibi
1026 2135 1161 2162 sul‘licere
1172 2133 1208 2161 ad
1219 2133 1463 2169 compositionem
1471 2139 1598 2159 morum.
1612 2133 1729 2159 Intuere
1739 2138 1800 2166 qua

968 2179 1096 2207 maxime
1112 2178 1217 2204 virtute
1236 2177 1299 2204 nisa
1315 2178 1360 2203 est
1373 2175 1434 2207 illa,
1449 2177 1483 2202 ut
1503 2175 1594 2210 hujus
1613 2176 1674 2202 tam
1690 2172 1798 2202 excelsi

968 2227 996 2252 et
1011 2221 1158 2255 sublimis,
1178 2220 1249 2248 nulli
1269 2222 1343 2255 post,
1356 2227 1408 2247 nec
1420 2221 1504 2246 untcn
1518 2218 1649 2246 concessi
1665 2214 1800 2247 muneris

969 2267 1109 2296 meruerit
1120 2266 1310 2303 prterogutiva
1319 2264 1416 2298 ditari,
1433 2266 1461 2291 et
1471 2264 1554 2291 stude
1561 2266 1705 2299 quantum
1717 2265 1800 2300 potes

969 2315 997 2340 ct
1012 2315 1043 2339 tu
1059 2320 1122 2339 eam
1141 2310 1268 2337 imitari:
1287 2309 1363 2345 quod
1382 2310 1413 2336 ut
1428 2308 1568 2344 quaerenti
1582 2308 1632 2336 tibi
1651 2308 1733 2336 facile
1749 2317 1799 2336 00‘

121 2359 162 2388 16.
178 2359 270 2389 Filius
285 2358 330 2387 vel
345 2357 406 2386 ﬁlia
421 2366 452 2386 es
466 2360 478 2386 Ρ
499 2357 643 2385 Memento
670 2358 698 2385 te
722 2357 912 2384 reverentiam
930 2368 952 2400 Ι)
968 2359 1077 2389 currat,
1093 2356 1270 2390 interrogata
1285 2353 1436 2400 humiliter
1460 2353 1524 2400 ipsa
1548 2354 1723 2400 respondeat
1747 2361 1798 2400 isis-

89 2403 186 2434 debere
197 2403 371 2442 parentibus
385 2411 392 2437 ;
409 2403 472 2439 ipse
482 2402 560 2430 enim
577 2401 752 2438 Unigenitus
779 2401 829 2437 qui
855 2409 913 2429 non

90 2456 121 2476 ex
133 2446 179 2478 οι
196 2442 316 2486 peccato
331 2449 366 2476 ut
379 2450 422 2481 tu,
435 2447 486 2475 sed
503 2455 537 2474 ex
548 2446 656 2482 Spiritu
682 2449 783 2474 sancto
812 2454 912 2473 conce-

91 2495 163 2530 ptus,
175 2494 212 2523 de
224 2492 350 2530 Virgine
364 2496 452 2521 natus
461 2494 505 2520 est
517 2501 523 2526 ;
538 2494 693 2528 postquam
707 2491 735 2517 in
752 2490 860 2526 templo
873 2491 914 2518 in-

89 2540 196 2574 ventus,
211 2539 364 2576 parentes,
379 2536 408 2565 id
422 2539 468 2564 est
481 2538 605 2564 matrem
630 2534 793 2571 Virginem,
818 2537 846 2562 et
860 2543 913 2562 nu-

92 2581 198 2615 tritimn
210 2581 428 2617 castissimum,
439 2583 467 2609 et
478 2580 542 2609 ideo
555 2581 668 2616 patrem
680 2579 915 2612 nominatum,de

93 2625 249 2657 divinitatis
263 2634 325 2655 sua
339 2625 481 2663 potentia,
494 2633 553 2661 qua
567 2633 633 2652 cum
647 2623 730 2651 Putre
741 2623 841 2651 omnia
851 2632 916 2660 pos—

93 2670 185 2701 uidens
198 2670 358 2703 inhabitat,
374 2669 555 2698 edocuisset:
571 2671 600 2696 et
614 2668 656 2696 illi
671 2677 730 2696 non
755 2667 917 2696 intellexis-

94 2717 162 2750 unt.
172 2708 331 2748 Munda,
344 2713 443 2751 inquit
456 2713 645 2751 evangelista,
661 2721 724 2740 cum
739 2713 787 2746 eis,
803 2714 829 2740 et
843 2713 918 2740 venit

94 2759 233 2797 πωπω,
247 2763 275 2790 et
289 2761 351 2789 erat
361 2758 487 2787 subditus
501 2758 559 2786 illis
570 2758 646 2792 (Luc.
663 2766 693 2792 ιι,
708 2758 765 2792 51).
778 2758 835 2784 Cur
849 2765 916 2794 ergo

97 2805 125 2832 tu
135 2804 304 2843 “digneris
318 2803 407 2833 subdi
420 2802 674 2840 parentibus,cum
685 2803 714 2829 et
730 2801 853 2829 nutritio
863 2809 917 2830 suo

124 2858 179 2896 (οδ)
195 2857 436 2896 γιιιεηίαιίριατη,
451 2855 544 2896 male.
555 2855 688 2896 Factitius
704 2854 754 2883 ille
779 2853 916 2896 intelligi-

96 2891 147 2932 tur.
160 2891 212 2937 qui
226 2891 341 2927 ιιόνίὶθι·
354 2893 450 2922 tectus
461 2893 505 2920 cst
516 2892 608 2920 dives.
621 2891 727 2920 Eodem
740 2898 827 2920 sensu
840 2891 916 2921 noii-

246 2957 381 2992 Pmtnt.
405 2955 566 2991 CXXXVI.

970 2402 1092 2438 pientcr,
1109 2400 1179 2434 Quia
1192 2399 1318 2435 respexit,
1331 2398 1478 2434 inquiens,
1491 2398 1678 2440 humilitatem
1686 2398 1802 2427 ancilla

967 2454 1027 2474 sua:
1041 2446 1115 2481 (Luc.
1132 2453 1151 2478 1,
1170 2444 1204 2471 48
1216 2444 1234 2479 ),
1253 2443 1324 2471 Ecce
1339 2451 1438 2478 causa,
1456 2450 1523 2470 nam
1535 2445 1563 2470 ct
1576 2442 1631 2470 hoc
1648 2442 1725 2470 idem
1733 2443 1799 2477 jam

969 2491 1038 2518 olim
1052 2489 1227 2525 promiserat
1238 2496 1289 2523 per
1299 2487 1470 2523 prophetam
1484 2495 1490 2515 :
1503 2486 1543 2515 Ad
1552 2495 1633 2523 quem
1642 2486 1800 2521 respiciam.

970 2535 1117 2571 inquiens,
1133 2534 1189 2561 nisi
1203 2533 1237 2560 ad
1252 2531 1386 2559 humilem
1397 2533 1423 2558 et
1437 2532 1561 2567 quietum
1588 2533 1615 2559 et
1639 2532 1800 2559 trementem

970 2587 1105 2609 sermones
1115 2578 1210 2607 meos?
1224 2577 1298 2613 (Isai.
1316 2585 1391 2608 va1,
1407 2578 1434 2603 2.
1450 2578 1460 2611 )
1479 2576 1552 2604 'I‘ota
1580 2575 1680 2611 itaque
1710 2583 1800 2603 causa

972 2622 1142 2660 perditionis
1159 2623 1264 2650 nostrae
1275 2620 1423 2657 superbia,
1437 2622 1496 2648 tota
1507 2619 1738 2657 recuperationis
1748 2619 1799 2647 02

972 2667 1134 2696 humilitas.
1151 2666 1309 2694 llumilitas
1324 2667 1419 2693 muter
1433 2665 1586 2697 virtutum,
1609 2671 1727 2692 morum
1756 2665 1802 2691 est

972 2713 1105 2741 omnium
1122 2712 1348 2743 ornamentum;
1365 2709 1430 2737 sine
1444 2709 1498 2737 hac
1514 2709 1607 2737 virtus
1618 2707 1700 2736 nulla
1712 2715 1720 2742 ;
1732 2707 1801 2736 abs-

972 2765 1027 2794 que
1043 2765 1077 2785 ea
1091 2762 1193 2784 omnes
1209 2754 1332 2782 virtutes
1344 2761 1402 2780 non
1417 2753 1541 2782 virtutes
1555 2754 1636 2785 sunt,
1656 2750 1708 2779 sed
1717 2750 1802 2782 vitia;

971 2793 1102 2837 ﬁentque
1117 2798 1231 2835 profero
1246 2797 1367 2826 tibitres
1383 2805 1442 2825 uno
1457 2797 1569 2832 ordine,
1581 2797 1617 2824 de
1627 2793 1814 2834 quatiquati,

971 2857 1027 2885 tius
1041 2853 1125 2882 valde
1139 2859 1244 2887 novus,
1260 2853 1425 2887 assumptus,
1441 2850 1622 2885 allevamus,
1649 2846 1683 2875 ἰὼ
1707 2845 1804 2887 atde

971 2890 1144 2931 paupertate
1158 2888 1296 2925 sumpt-us
1310 2886 1341 2915 et
1348 2886 1475 2914 levatus.
1772 2886 1794 2906 7.

1625 2942 1645 2973 ’τ
