3906 6376
114 510 238 574 797

1143 512 1371 572 LIBER
1420 513 1519 572 DE
1566 509 1989 571 MIRACALIS
2038 511 2101 570 S.
2152 510 2553 575 ΜΑΧΙΜΙΝΙ.

3441 518 3561 578 798

113 641 364 711 riricus,
399 647 462 698 ut
485 648 620 716 post
642 644 851 699 dicturi
888 663 1116 710 sumus,
1145 645 1285 700 dum
1320 646 1391 700 ad
1440 644 1551 699 hoc
1583 643 1792 698 moles-
1824 642 1879 709 Α
1908 641 2071 698 dium
2103 643 2392 716 hodieque
2413 646 2613 701 claret.
2650 646 2794 702 Nam
2829 648 2980 703 inter
3009 653 3248 705 cmteros
3269 650 3560 706 bonorum

114 733 283 787 tatus
332 732 676 787 recessisset
734 732 881 799 loco,
918 735 989 788 ad
1053 733 1446 788 Corbionense
1501 736 1794 786 monaste-

119 821 279 874 rium
315 838 382 875 se
404 820 674 877 contulit.
709 827 765 877 et
796 823 949 893 quod
986 822 1126 877 Vita:
1164 826 1487 894 supererat,
1526 822 1599 875 ibi
1637 837 1792 874 com-

118 908 323 979 plevit.

191 999 247 1053 3.
284 997 467 1052 Porro
491 1003 689 1052 autem
710 1016 813 1053 nec
847 1000 1045 1053 omnia
1068 1018 1193 1071 quae
1218 999 1587 1067 Cognoverim
1609 998 1664 1050 in
1689 998 1795 1051 hoc

118 1085 293 1157 posui
344 1084 565 1153 libello,
603 1104 729 1157 qum
776 1089 830 1140 in
887 1088 994 1142 hoc
1027 1088 1111 1141 vel
1165 1089 1235 1141 de
1266 1088 1375 1141 hoc
1424 1087 1625 1141 habita
1656 1087 1793 1151 sint,

122 1179 439 1229 revocatus
474 1175 678 1246 utique
712 1180 1042 1247 temporum
1077 1175 1416 1229 confusione
1450 1192 1463 1229 :
1501 1194 1626 1245 (μην
1661 1175 1798 1245 quia
1846 1172 1849 1175 ’

122 1263 464 1317 discernere
490 1262 743 1333 nequivi,
765 1265 1056 1319 Conticere
1087 1265 1293 1317 exinde
1330 1264 1541 1317 melius
1575 1262 1794 1333 putavi.

125 1352 423 1416 Quoniam
460 1350 685 1406 nobiles
702 1358 758 1406 et
788 1352 1109 1406 industrios
1143 1353 1339 1407 Patres
1372 1352 1427 1404 in
1465 1352 1567 1405 boe
1594 1352 1795 1404 emlein

124 1438 401 1494 ﬂoruisse
431 1438 555 1493 loco
599 1441 861 1511 cognovi,
897 1442 1254 1513 Ilaymonem
1291 1440 1577 1506 videlicet,
1603 1441 1801 1493 Steno-

126 1528 414 1600 gaudium
435 1534 492 1582 et
515 1529 1340 1598 Dructesiudum,l}ertoldum
1360 1546 1589 1600 quoque
1610 1528 1799 1581 virum

127 1616 606 1672 eruditissimum
639 1617 740 1688 qui
771 1618 967 1672 Vitam
1000 1624 1252 1673 veterem
1288 1618 1469 1689 patris
1495 1616 1800 1671 Maximini

134 1704 355 1759 dicitur
386 1704 665 1773 edidisse,
684 1706 918 1761 Petrum
937 1708 1115 1763 etiam
1140 1708 1308 1777 cujus
1332 1705 1581 1761 eruditio
1605 1711 1658 1761 et
1677 1710 1798 1759 stu-

1080 2017 1783 2126 INCIPIUNT

672 2238 904 2295 CAPUT
947 2239 1255 2295 PRIMUM.

140 2343 386 2400 Clodovei
413 2346 687 2417 elogium.
710 2345 766 2399 S.
802 2346 1048 2415 Euspicii
1078 2348 1204 2401 vita:
1225 2347 1635 2417 compendium,-
1670 2348 1795 2400 item

200 2417 254 2472 S.
285 2417 606 2471 Maximini.
641 2416 933 2471 Maximini
964 2419 1204 2487 insignes
1224 2418 1796 2487 discipuli.SmuenIia

200 2489 438 2544 auctoris
473 2487 539 2543 de
562 2487 795 2543 adventu
826 2488 882 2542 S.
917 2487 1095 2544 Mauri
1126 2490 1186 2543 in
1210 2489 1430 2545 Callias.

204 2595 384 2651 i.Diu
423 2612 524 2650 me
568 2600 964 2666 pertractante
1010 2596 1153 2667 quid
1202 2597 1395 2668 potius
1438 2596 1792 2651 assumendo

139 2684 493 2741 narrationis
525 2684 750 2739 ordirer
770 2684 1127 2756 principium
1155 2684 1461 2740 locuturus
1484 2686 1554 2740 de
1569 2684 1795 2739 virtuti-

139 2773 242 2829 bus
257 2773 458 2845 magni
483 2776 544 2827 et
563 2771 1086 2844 prwcellentissimi
1116 2773 1300 2828 Patris
1326 2773 1794 2845 Maximini,rege

144 2861 458 2917 Chlodoveo
483 2860 635 2916 nihil
667 2860 881 2916 clarius
904 2861 1347 2934 inventum,qui
1372 2863 1552 2917 totius
1582 2866 1792 2917 nostra:

141 2951 594 3023 superponenda:
632 2949 888 3005 historia:
948 2952 1115 3022 quasi
1174 2951 1647 3021 fundamentum,
1683 2951 1794 3023 pri-

142 3056 414 3112 mumque
431 3039 891 3096 fundamentum
906 3056 1019 3094 non
1041 3039 1332 3095 immerito
1345 3039 1792 3095 collocetur.Hic

143 3128 339 3184 etenim
363 3148 463 3185 rex
486 3146 624 3183 cum
650 3129 837 3201 primo
859 3145 1051 3184 errore
1073 3128 1419 3200 gentilitatis
1435 3134 1589 3184 esset
1610 3129 1793 3183 irreti-

144 3221 248 3284 tus,
272 3218 685 3290 priedicatione
716 3218 777 3272 B.
796 3217 1042 3289 Remigii
1073 3218 1427 3273 lthemorum
1452 3217 1793 3289 episcopi,et

145 3305 428 3363 exhortata
481 3304 876 3361 nihilominus
905 3305 1264 3361 Chrotbildis
1295 3307 1506 3377 regina)
1552 3324 1669 3361 suae
1717 3306 1790 3361 ad

147 3393 303 3450 fidem
335 3395 555 3451 Christi
590 3411 926 3460 conversus,
962 3401 1080 3449 tam
1132 3396 1333 3451 devote
1382 3395 1611 3450 Christo
1652 3395 1793 3449 vixit

147 3482 430 3554 subjectus
459 3500 646 3555 quam
678 3483 739 3537 in
763 3482 944 3539 armis
976 3500 1103 3538 esse
1137 3484 1616 3555 studuitsemper
1646 3483 1789 3537 invi-

147 3572 280 3627 ctus.
328 3573 475 3628 Cum
532 3572 689 3627 enim
740 3570 1027 3627 catholica
1076 3573 1263 3643 pietas
1306 3573 1545 3645 vigeret,
1572 3574 1789 3628 Gothos

145 3660 233 3729 qui
252 3660 905 3732 Arianisimpietatibus
936 3660 1311 3733 squallebant
1357 3662 1429 3717 ab
1472 3661 1791 3733 Aquitania

144 3748 363 3818 expulit,
398 3756 454 3806 et
486 3750 684 3806 occiso
717 3766 917 3804 eorum
971 3768 1102 3820 rege
1150 3749 1376 3805 Alarico
1426 3750 1612 3804 tilium
1659 3751 1788 3820 ejus

142 3834 477 3895 Amalricum
512 3841 575 3895 in
605 3838 916 3911 Hispanias
950 3840 1149 3911 fugere
1180 3840 1388 3911 coegit,
1416 3857 1679 3911 peneque
1708 3843 1787 3895 to-

139 3926 247 3978 tam
293 3927 543 3985 Galliam
596 3927 706 3982 sibi
761 3927 943 3982 armis
990 3926 1322 3995 vindicans,
1356 3929 1503 3984 fines
1553 3929 1783 4001 imperii

144 4009 414 4085 Rhenum,
445 4017 648 4089 Alpes,
682 4017 1071 4073 Meridianum
1104 4034 1284 4085 mare,
1338 4023 1565 4073 montes
1617 4019 1784 4091 Pyre-

142 4109 344 4160 naaoset
364 4106 664 4163 Oceanum
683 4106 890 4161 habuit
909 4106 1456 4178 Septentrionalem.
1474 4107 1536 4162 In
1552 4112 1783 4163 tantum

142 4185 369 4262 denique
389 4193 649 4249 nominis
673 4194 803 4263 ejus
826 4198 1014 4248 terror
1033 4198 1279 4248 cunctas
1302 4194 1413 4249 sibi
1436 4195 1784 4267 continguas

143 4286 447 4343 pervaserat
481 4281 773 4348 nationes,
798 4286 861 4336 ut
890 4281 1067 4337 etiam
1098 4280 1461 4350 Anastasius,
1483 4281 1584 4353 qui
1606 4281 1785 4354 impe-

144 4362 214 4418 rio
243 4366 478 4426 Romani
513 4371 773 4427 nominis
806 4375 1071 4442 praeerat,
1099 4371 1391 4426 amicitias
1421 4372 1551 4443 ejus
1593 4373 1780 4427 ambi-

144 4456 234 4518 ret,
258 4460 311 4511 et
339 4460 640 4517 consulem
673 4477 807 4515 eum
839 4477 906 4514 ac
938 4461 1252 4531 patricium
1288 4461 1564 4516 Romanis
1596 4462 1781 4534 reipu-

146 4538 287 4598 blicae
309 4547 457 4606 datis
480 4548 770 4606 codicillis
792 4548 1253 4620 muneribusque
1277 4550 1508 4621 magnis
1532 4552 1783 4606 conscri-

145 4625 304 4687 beret.
336 4637 461 4694 Fuit
480 4640 639 4695 enim
661 4637 750 4693 vir
783 4655 885 4710 per
901 4638 1099 4693 omnia
1123 4643 1420 4702 strenuus,
1442 4639 1542 4710 qui
1579 4639 1777 4711 gloria:

146 4711 432 4787 aliquando
455 4723 603 4780 nihil
640 4723 1014 4793 minaerit,et
1039 4725 1300 4780 secunda
1330 4726 1584 4794 fortuna,
1602 4728 1780 4783 maxi-

148 4815 332 4877 meque
376 4812 630 4870 imbellis
682 4830 915 4885 semper
958 4831 1103 4869 usus
1136 4814 1237 4881 sit,
1270 4814 1539 4871 infensus
1579 4820 1775 4872 tamen

148 4899 457 4958 parentibus
476 4921 625 4976 quos
644 4921 789 4975 pene
803 4920 1009 4959 omnes
1032 4903 1276 4959 diversis
1294 4903 1539 4976 peremit
1558 4905 1775 4959 causis.

1904 748 2170 801 suorum,
2204 733 2562 789 diversarum
2597 734 2980 792 historiarum
3028 737 3209 799 libros
3258 738 3395 794 huic
3433 738 3560 795 loco

1904 820 2171 888 contulit,
2205 826 2260 875 et
2296 824 2527 894 proprio
2580 823 2778 879 labore
2825 830 3116 881 correctos
3165 830 3219 881 et
3245 826 3560 883 distinctos

1904 908 1996 962 die
2022 909 2205 963 Οωιιειι
2231 911 2480 977 Domini,
2497 918 2554 966 et
2578 918 2640 966 ut
2662 912 2768 983 ipsi
2805 913 2933 967 libri
2958 918 3269 981 testantur,
3288 932 3463 986 super
3484 914 3562 970 al-

1908 1000 2025 1050 tare
2058 999 2116 1051 S.
2153 999 2430 1068 Stephani
2458 1001 2899 1072 protomartyris
2932 1001 3146 1073 posuit.
3182 1002 3261 1057 De
3291 1002 3382 1057 his
3422 1019 3559 1075 ergo

1907 1086 2044 1156 quia
2075 1086 2347 1140 discretio
2381 1093 2709 1159 temporum
2745 1107 2855 1143 non
2899 1088 3089 1144 elucet
3133 1091 3278 1144 satis
3312 1091 3557 1145 dictum.

1908 1175 2072 1228 Nunc
2099 1176 2169 1228 ad
2195 1175 2403 1229 seriem
2426 1176 2777 1231 narrationis
2800 1177 3562 1234 reversurioramusChristi

1908 1264 2185 1317 bonitatis
2213 1264 2692 1333 iiumensitalem,
2710 1269 2773 1318 ut
2794 1266 3009 1336 potenti
3035 1267 3268 1321 dextera
3289 1266 3560 1322 suifultos

1908 1352 1979 1406 ad
2012 1352 2191 1421 optati
2226 1351 2440 1405 littoris
2474 1354 2762 1423 perdurat-
2786 1372 2889 1407 nos
2924 1354 3297 1409 melatiouem
3334 1373 3347 1410 :
3383 1355 3559 1410 simul

1908 1440 2083 1494 etiam
2122 1440 2453 1509 flagitantes
2474 1442 2520 1494 si
2545 1441 2711 1496 orqu
2741 1442 3081 1496 intentionis
3113 1447 3320 1497 nostra:
3344 1444 3564 1498 festuca

1910 1528 2379 1593 inlueserit,cum
2414 1529 2724 1585 dilectione
2756 1530 2955 1586 evulsa
2987 1548 3097 1585 non
3126 1529 3361 1587 livorem
3388 1533 3564 1605 perfe-

1911 1622 2019 1684 rat,
2055 1618 2155 1672 sed
2191 1617 2557 1673 charitatem.

1900 2016 2619 2126 MIRACULA

1827 2241 1873 2305 B
1905 2238 2285 2295 dilectissimo
2318 2239 2534 2295 indolis
2557 2241 2872 2297 Maximino
2896 2244 3210 2299 adveniens
3234 2244 3557 2303 honoratus

1905 2326 1963 2382 in
1988 2332 2217 2384 tantum
2239 2347 2271 2384 a
2291 2346 2424 2407 rege
2446 2333 2628 2397 est,ut
2647 2329 2823 2385 etiam
2847 2332 3045 2387 sedem
3062 2348 3231 2388 suam
3252 2333 3561 2390 Miciacum

1905 2434 2019 2489 quo
2042 2423 2279 2491 propter
2308 2418 2548 2475 delicias
2580 2419 2832 2490 piscium
2863 2419 2951 2481 vel
2981 2424 3300 2477 venatuum
3347 2422 3563 2480 immo-

1905 2506 2019 2560 rari
2053 2512 2455 2574 consueverat,
2490 2507 2540 2562 ei
2577 2508 2712 2579 jure
2762 2507 3129 2563 hazreditario
3161 2510 3517 2566 condonaret
3546 2529 3560 2567 :

1904 2593 2083 2650 simul
2104 2596 2278 2650 etiam
2293 2595 2671 2651 Cambiacum
2690 2600 2747 2651 et
2769 2595 3141 2660 Litimiacum
3162 2598 3565 2669 possessiones

1905 2684 2002 2740 illo
2034 2689 2294 2755 tempore
2325 2684 2573 2757 inclytas
2605 2701 2739 2740 cum
2781 2685 3057 2741 omnibus
3087 2702 3215 2757 qum
3265 2685 3358 2742 his
3395 2689 3565 2760 perti-

1904 2776 2128 2842 tierent,
2188 2779 2660 2845 praeceptumque
2714 2772 2884 2845 regite
2943 2773 3305 2830 auctoritatis
3353 2792 3423 2831 ex
3468 2775 3562 2833 his

1902 2862 2024 2916 ﬁeri
2050 2862 2304 2933 juberet.

1972 2952 2025 3005 3.
2053 2950 2115 3005 In
2147 2950 2255 3005 hoc
2302 2951 2501 3021 itaque
2552 2950 2679 3023 ipso
2715 2951 2914 3019 fundo,
2949 2950 3280 3008 Miciacensi
3314 2952 3558 3024 scilicet,

1901 3043 2199 3093 exstructa
2262 3038 2503 3094 basilica
2562 3038 2811 3111 aliisque
2870 3040 3216 3096 necessariis
3273 3040 3557 3110 aedificiis,

1903 3128 1964 3182 Β.
1993 3129 2300 3199 Euspicius
2332 3145 2466 3182 cum
2502 3127 2651 3183 felici
2691 3132 2901 3200 nepote
2948 3127 3264 3184 Maximino
3296 3130 3559 3201 quandiu

1902 3217 2077 3271 rebus
2109 3216 2387 3271 humanis
2418 3217 2704 3284 interfuit,
2736 3216 3113 3273 laudabiliter
3142 3218 3303 3274 vixit.
3326 3219 3399 3273 At
3427 3236 3561 3275 vero

1901 3322 1967 3359 eo
1989 3306 2303 3360 decedente
2337 3311 2393 3360 et
2418 3307 2588 3376 juxta
2635 3306 2790 3361 latus
2838 3306 2991 3362 beati
3039 3306 3308 3379 prmsulis
3352 3307 3559 3363 Aniani

1902 3394 2129 3465 sepulto
2153 3394 2237 3447 vir
2266 3394 2495 3449 Domini
2533 3394 2890 3451 Maximinus
2919 3396 3191 3451 eumdem
3222 3395 3415 3451 locum
3449 3396 3561 3451 sibi

1900 3480 2253 3534 attributum
2289 3480 2702 3535 honestissime
2748 3497 2976 3553 regens,
3010 3481 3068 3535 in
3101 3487 3333 3537 tantum
3366 3482 3563 3538 lauda-

1901 3568 2035 3624 bilis
2060 3567 2169 3622 fuit
2191 3567 2534 3640 disciplinae,
2551 3573 2613 3623 ut
2642 3568 2817 3623 etiam
2850 3569 3208 3625 sanctissimi
3227 3571 3335 3624 viri
3355 3572 3558 3627 Avitus

1900 3661 1956 3712 et
1985 3657 2267 3711 Carilefus
2299 3674 2432 3711 cum
2466 3673 2728 3711 eremum
2763 3658 3060 3712 communi
3110 3658 3354 3714 consilio
3398 3665 3555 3731 pete-

1898 3751 2025 3800 rent
2056 3751 2111 3800 et
2140 3763 2269 3799 oras
2303 3744 2523 3816 Ligeris
2556 3744 2817 3800 [luminis
2850 3744 3203 3818 attingentes
3226 3747 3354 3816 ejus
3386 3748 3554 3803 fama:

1895 3836 2131 3889 odorem
2164 3834 2525 3904 hausissent,
2558 3832 2756 3889 relicto
2788 3833 2966 3906 priori
2998 3836 3317 3907 proposito,
3339 3838 3551 3892 arden-

1895 3922 2123 3978 tissimo
2155 3924 2225 3978 ad
2258 3940 2391 3977 eum
2426 3922 2767 3978 festinarent
2789 3940 3035 3978 occursu
3060 3940 3073 3978 :
3099 3941 3247 3995 quos
3277 3923 3376 3981 ille
3399 3926 3554 3981 beni-

1896 4010 2180 4084 gnissime
2211 4011 2560 4083 suscipiens,
2594 4011 3090 4085 cohabitandique
3142 4014 3280 4069 data
3318 4013 3554 4070 licentia

1896 4119 1994 4156 eos
2027 4101 2139 4156 sibi
2170 4100 2461 4172 spirituali
2493 4100 2751 4156 devinxit
2781 4106 3071 4167 amore,et
3091 4102 3277 4158 sancti
3301 4103 3551 4175 Carilefi,

1894 4207 2041 4261 pene
2072 4190 2311 4244 assidua
2344 4190 2645 4245 fruebatur
2676 4190 3081 4246 collocatione.
3116 4193 3329 4248 Sancto
3355 4197 3553 4249 autem

1892 4279 2056 4333 Avito
2087 4295 2288 4333 curam
2322 4278 2608 4350 delegavit
2640 4280 2909 4335 fraternae
2928 4281 3422 4349 substantia},sub
3452 4301 3552 4338 cu-

1883 4368 1988 4437 jus
2018 4366 2207 4422 oflicio
2241 4366 2340 4421 illa
2371 4368 2790 4439 omnipotentis
2827 4368 3058 4422 Domini
3098 4368 3304 4441 gratia,
3339 4369 3551 4425 libera-

1891 4454 2303 4527 litas,largitas
2336 4455 2488 4510 Patri
2522 4455 2837 4511 Maximino
2869 4456 3101 4511 indulta
3130 4473 3346 4529 pagum
3376 4459 3551 4513 Aure-

1890 4543 2213 4598 lianensem
2246 4559 2392 4613 pene
2423 4543 2609 4597 totum
2644 4561 2677 4597 a
2706 4541 2879 4597 famis
2898 4542 3157 4613 periculo
3187 4543 3471 4600 liberavit.

1961 4633 2008 4687 4.
2048 4630 2330 4686 Mirabilis
2364 4631 2532 4686 Pater
2562 4648 2663 4702 per
2693 4631 2911 4698 omnia,
2931 4632 3023 4687 cui
3048 4631 3324 4687 collatum
3348 4632 3545 4691 divino

1889 4721 1966 4776 sit
1993 4735 2232 4774 munere
2262 4718 2406 4774 tales
2437 4718 2651 4774 habere
2681 4718 3023 4792 discipulos,
3046 4718 3314 4792 talesque
3340 4721 3546 4778 minis-

1886 4810 2189 4881 tros.Nam
2211 4810 2337 4880 ejus
2374 4813 2588 4864 sanctae
2624 4808 2906 4864 clientela)
2940 4827 3055 4865 non
3086 4809 3281 4866 solum
3314 4810 3373 4866 hi
3405 4812 3545 4881 duo,

1887 4900 1983 4953 sed
2014 4903 2069 4954 et
2091 4897 2186 4954 alii
2218 4896 2387 4952 multi
2411 4897 2597 4952 sancti
2620 4897 2995 4953 adhzerebant
3015 4898 3123 4954 viri
3158 4900 3381 4955 mundo
3404 4900 3543 4956 olim

206 4983 255 5035 2.
281 4985 455 5058 Igitur
509 4990 972 5046 Virdunensium
1043 4989 1391 5047 rebelliones
1447 4992 1775 5047 vicinorum
1804 4976 1851 5041 D
1883 4986 2323 5060 exspectabiles,
2346 4986 2446 5041 sed
2481 5003 2635 5043 nunc
2660 4985 2868 5042 merito
2889 4987 3122 5043 virtutis
3156 4982 3386 5044 eunetis
3418 4988 3547 5043 imi-

147 5063 541 5153 Germanorum
564 5097 665 5152 spe
692 5079 981 5152 provocati
1006 5096 1039 5134 a
1060 5096 1192 5152 rege
1214 5080 1775 5153 deﬁciunt,quorum

149 5152 409 5249 civitatem
441 5167 596 5223 illico
628 5168 880 5236 obsedit,
930 5168 1456 5239 subvertissetque,
1488 5152 1600 5224 nisi
1649 5187 1778 5225 ora-

148 5240 285 5301 tione
311 5256 735 5320 praeclarissimi
766 5256 870 5312 viri
892 5256 1150 5328 Euspicii
1183 5257 1283 5329 qui
1318 5257 1374 5311 in
1399 5258 1601 5313 eadem
1634 5260 1778 5315 urbe

152 5335 459 5423 presbyterii
491 5346 711 5402 honore
731 5347 991 5415 florebat,
1006 5345 1294 5418 impetum
1313 5347 1780 5416 revocavisset,et

150 5426 527 5490 1mPunitatem
557 5435 829 5507 quamvis
865 5434 1300 5490 nocentissimis
1330 5436 1776 5491 condonandam

154 5511 458 5596 putavisset.
492 5523 656 5580 Hunc
688 5526 886 5596 itaque
924 5524 1116 5579 virum
1149 5522 1289 5595 quia
1314 5524 1480 5580 locus
1510 5526 1775 5591 vacabat,

153 5589 274 5652 dum
305 5618 487 5662 creare
509 5612 846 5685 episcopum
872 5611 1208 5683 optavisset,
1230 5630 1335 5667 nec
1358 5613 1416 5667 id
1446 5614 1517 5668 ab
1538 5631 1602 5668 eo
1626 5614 1774 5669 obti-

156 5692 270 5739 nere
294 5692 585 5767 quivisset,
607 5702 829 5773 rogavit
851 5700 961 5756 sibi
989 5701 1262 5757 comitem
1287 5702 1409 5756 fieri
1434 5701 1773 5758 Aureliano-

156 5780 267 5827 I‘um
295 5776 500 5839 finibus
532 5790 847 5859 accedenti,
883 5807 998 5862 quo
1030 5791 1235 5846 beatus
1268 5789 1365 5845 ille
1398 5807 1533 5845 cum
1564 5795 1773 5862 nepote

1885 5077 2114 5133 tabiles.
2135 5078 2215 5132 Ex
2245 5076 2372 5147 ejus
2400 5092 2653 5146 namque
2676 5074 2988 5146 disciplina
3017 5075 3079 5130 hi
3108 5076 3393 5132 virtutum
3425 5076 3543 5132 cul-

1888 5165 2045 5222 mine
2076 5164 2278 5233 erecti;
2316 5162 2554 5236 plurimi
2583 5179 2783 5218 eorum
2815 5164 3282 5221 anachoreticam
3301 5165 3545 5237 expetie-

1887 5260 2026 5310 runt
2052 5255 2252 5322 vitam,
2277 5259 2333 5308 et
2363 5253 2421 5307 in
2451 5269 2520 5308 ea
2550 5256 2886 5308 constanter
2931 5253 3331 5326 philosophati
3367 5259 3538 5323 sunt;

1890 5349 1954 5400 ut
1974 5363 2086 5399 non
2103 5344 2293 5400 solum
2313 5359 2655 5398 communes
2670 5342 2939 5397 humana}
2952 5342 3332 5398 habitationis
3350 5345 3538 5410 sedes,

1887 5435 1988 5489 sed
2009 5435 2237 5489 deserta
2265 5431 2492 5487 etiuvia
2523 5436 2580 5485 et
2601 5431 2887 5502 inaquosa
2924 5432 3063 5486 rivis
3083 5450 3200 5488 suae
3223 5430 3540 5487 beatitudi-

1887 5521 2228 5591 nis,Christi
2265 5520 2392 5574 fulti
2427 5520 2811 5590 adjutorio,et
2854 5520 3108 5575 colerent
3127 5520 3535 5592 etirrigarent.

1886 5614 2162 5668 Testatur
2192 5609 2299 5663 hoc
2333 5609 2590 5664 Perticus
2617 5609 2690 5677 (le
2722 5608 2962 5675 Perelio),
2981 5607 3167 5665 beatis
3196 5607 3336 5662 viris
3374 5604 3536 5659 Avito

1884 5706 1940 5757 et
1962 5699 2206 5754 Carilefo
2228 5696 2459 5767 magnis
2491 5697 2720 5751 duobus
2740 5696 2963 5750 radiata
2982 5695 3326 5749 luminibus.
3343 5692 3535 5745 Testa-

1882 5795 1978 5844 tur
2008 5785 2309 5843 Secalonia
2339 5786 2417 5852 (la
2440 5784 2708 5854 Sologne),
2728 5784 2947 5838 bonum
2969 5781 3261 5837 Viatorem
3293 5791 3528 5834 servans
