3906 6412
321 469 439 534 799

1403 462 1741 525 LETALDI
1795 458 2287 524 MICIACENSIS
2334 461 2712 528 MONACHI.

3624 466 3767 529 800

320 602 382 660 in
412 599 691 667 Viatoria,
724 603 777 656 et
810 596 1180 655 Dulchardus
1218 594 1444 653 vicinus
1479 593 1970 661 Bituricensibus;
2003 591 2060 660 Α
2090 593 2289 666 Itaque
2340 601 2470 667 post
2526 596 2849 669 gloriosum
2902 598 3150 671 piissimi
3205 599 3396 657 Patris
3446 600 3764 657 Maximini

322 691 465 749 silva
494 691 670 746 etiam
701 706 827 761 qua:
873 688 1217 759 Longinqua
1247 686 1477 749 dicitur,
1514 700 1691 757 quam
1738 684 1796 737 B.
1834 683 1975 737 Leo-

322 781 541 835 nardus
572 776 982 851 spiritualibus
1014 775 1138 831 suis
1170 774 1459 830 exercitiis
1492 779 1548 829 et
1578 773 1837 843 corporis
1871 770 1979 825 ho—

321 869 497 941 spitio
528 871 585 923 et
616 865 899 922 celebrem
938 864 1193 920 reddidit
1229 868 1285 919 et
1317 862 1887 936 propinquain.i\'am
1915 861 1972 915 Β.

321 958 757 1013 Launomarum
780 955 911 1009 etS.
939 953 1240 1008 Lit’ardum
1264 970 1332 1008 ex
1360 954 1465 1006 bac
1502 951 1687 1022 ipsius
1713 949 1978 1004 floruisse

320 1044 632 1117 disciplina
661 1042 803 1098 nulli
839 1042 1259 1113 ambigendum
1295 1047 1403 1095 est.

386 1137 442 1192 5.
478 1134 780 1207 Siquidem
829 1138 965 1187 ante
1015 1132 1240 1187 Patrem
1290 1130 1673 1185 Maximinum
1736 1128 1978 1198 ejusque

320 1223 675 1282 avunculum
708 1221 1047 1292 Euspicium
1086 1237 1255 1274 nemo
1287 1223 1519 1290 patrum
1555 1220 1681 1288 ejus
1727 1217 1977 1271 auctori-

319 1313 464 1369 tutis
496 1313 554 1367 in
586 1312 693 1366 hac
718 1309 1015 1382 provincia
1046 1308 1261 1380 legitur
1293 1307 1608 1371 habitasse,
1639 1305 1734 1377 qui
1776 1310 1856 1359 tot
1892 1305 1975 1358 in-

320 1403 520 1475 signes
549 1399 859 1456 sanctitate
890 1396 1043 1451 viros
1093 1394 1374 1466 exemplis
1425 1413 1543 1448 sum
1594 1391 1978 1447 institutionis

321 1488 671 1547 informarit.
708 1487 868 1553 Quod
901 1486 1055 1541 enim
1091 1484 1470 1539 beatissinus
1496 1483 1663 1536 Pater
1702 1481 1977 1535 Benedic-

318 1583 415 1635 tus
446 1575 896 1633 dilectissimum
922 1590 1094 1629 suum
1121 1571 1469 1644 discipulum
1498 1572 1551 1625 M
1577 1586 1748 1624 urum
1774 1573 1977 1641 rogatu

321 1665 735 1725 Berthecranni
770 1663 1229 1719 Cenomanensis
1261 1660 1517 1732 episcopi
1540 1660 1647 1714 has
1682 1659 1738 1713 in
1784 1662 1977 1730 partes

321 1756 550 1823 direxit,
573 1752 953 1824 subsequenti
985 1755 1247 1822 tempore
1269 1750 1487 1805 factum
1511 1753 1618 1804 est.
1636 1750 1757 1814 Quo
1781 1751 1975 1802 autem

317 1848 578 1916 tempore
599 1841 1067 1916 gloriosissimus
1100 1839 1267 1895 Pater
1298 1837 1656 1894 Maximinus
1692 1834 1974 1901 floruerit,

319 1933 484 2005 satis,
517 1937 585 1988 ut
612 1929 1120 2000 reor,intimatum
1153 1931 1260 1983 est.
1282 1927 1457 1983 Porro
1475 1927 1682 1982 beatus
1712 1924 1971 1991 Maurus,

318 2019 748 2079 Brunnechilde
778 2035 913 2073 cum
937 2016 1247 2089 nepotibus
1277 2016 1679 2072 Theodeberto
1714 2018 1770 2069 et
1800 2014 1978 2069 Theo-

318 2109 536 2176 dorico,
569 2107 708 2164 ﬁliis
757 2104 1094 2173 Hildeberti,
1158 2103 1676 2177 Burgundionibus
1732 2102 1976 2174 imperi-

316 2202 500 2266 tante,
533 2194 751 2253 Gallias
782 2194 1087 2271 ingressus
1119 2193 1347 2249 est.Hic
1380 2198 1577 2248 autem
1611 2190 1979 2246 Hildebertus

318 2285 477 2343 ﬁlius
506 2284 618 2341 fuit
647 2281 1060 2356 Sigiberti,qui
1094 2283 1165 2338 de
1192 2282 1491 2354 Hispaniis
1524 2285 1819 2336 evocatam
1843 2280 1978 2334 Bru-

318 2374 647 2431 nechildem
677 2371 844 2428 duxit
874 2388 1136 2440 uxorem,
1170 2375 1227 2426 et
1256 2371 1517 2441 suscepit
1565 2387 1631 2425 ex
1672 2387 1740 2424 ea
1789 2368 1978 2423 ﬁlium

317 2463 720 2520 Hildebertum
753 2461 1070 2533 sedemque
1120 2459 1291 2515 Motis
1324 2459 1552 2526 habuit,
1589 2476 1715 2530 quce
1764 2457 1980 2512 Medio-

317 2550 631 2607 matricum
664 2548 866 2605 civitas
913 2552 1022 2604 est.
1059 2548 1232 2603 Porro
1282 2548 1614 2620 Sigibertus
1664 2546 1821 2601 ﬁlius
1872 2544 1983 2600 fuit

315 2638 659 2707 Chlotharii,
722 2639 819 2712 qui
883 2636 1259 2693 Chlotharius
1329 2636 1450 2709 regi
1518 2636 1843 2691 Chlodoveo
1911 2635 1983 2689 de

318 2727 655 2786 Chrothilde
710 2726 870 2783 ﬁlius
920 2730 1095 2781 natus
1144 2730 1254 2781 est.
1281 2725 1464 2797 Igitur
1514 2731 1674 2780 tanto
1722 2730 1983 2796 tempore

322 2817 596 2892 prmcedi't
627 2832 879 2889 magnus
902 2816 1072 2870 Pater
1102 2813 1456 2869 Maximinus
1490 2815 1805 2869 adventum
1828 2802 1984 2868 beati

322 2905 509 2962 Mauri
542 2906 601 2961 in
635 2904 861 2969 Galliis,
882 2908 1102 2976 quanto
1135 2919 1380 2975 regnum
1405 2902 1713 2957 Chlodovei
1737 2900 1983 2957 senioris

323 2994 599 3067 praecedit
622 3009 867 3067 regnum
892 2997 1279 3064 pronepotum
1304 3008 1545 3046 suorum
1568 2988 1910 3045 Theoderici
1929 2995 1985 3043 et

321 3081 729 3139 Theodeberti.
763 3082 911 3136 Nam
961 3081 1033 3134 ab
1083 3079 1292 3133 ultimo
1335 3096 1486 3134 anno
1519 3076 1848 3141 Chlodovei,
1883 3067 1983 3147 qui

316 3168 544 3243 primus
571 3173 659 3223 est
691 3167 990 3234 Chlotarii,
1008 3183 1194 3238 usque
1217 3167 1288 3220 ad
1314 3165 1573 3238 primum
1606 3180 1848 3219 annum.
1871 3164 1984 3217 Hil-

321 3256 544 3313 deberti
578 3255 765 3310 Patris
792 3255 1037 3310 istorum
1063 3254 1423 3325 colliguntur
1444 3253 1580 3307 anni
1607 3253 1983 3323 septuaginta

2093 684 2407 740 transitum
2443 687 2503 740 B.
2538 688 2742 743 Avitus
2774 688 2845 743 ab
2878 689 3058 743 eremi
3110 689 3308 761 quiete
3359 689 3683 758 divellitur,
3710 695 3768 746 et

2090 774 2146 827 in
2176 774 2303 844 ejus
2328 774 2450 837 loco
2483 794 2515 830 a
2538 776 2818 831 fratribus
2836 778 3219 849 subrogatur;
3246 779 3345 850 qui
3378 783 3433 833 et
3466 779 3589 851 ipse
3631 779 3770 835 reli-

2089 860 2260 933 gione
2292 863 2603 931 mirabilis,
2634 864 2713 936 pii
2744 865 2930 920 Patris
2961 865 3209 938 vestigia
3255 866 3770 923 indeclinabiliter

2090 958 2433 1023 prosecutus
2466 959 2573 1007 est.

2157 1043 2211 1093 7.
2244 1042 2321 1094 Eo
2343 1045 2540 1094 autem
2562 1047 2819 1113 tempore
2843 1041 3218 1096 Clilotharius
3240 1048 3295 1098 et
3316 1043 3765 1110 Chledomirus,

2089 1128 2191 1181 filii
2228 1128 2555 1195 Cblmlovei,
2593 1131 2991 1201 Burgundiam
3035 1135 3261 1203 petunt,
3298 1134 3651 1187 Gotmarum
3710 1140 3764 1188 et

2090 1218 2537 1287 Sigismumlum
2575 1236 2738 1290 reges
2774 1220 2921 1273 ﬁlios
2946 1220 3333 1274 Gundebaudi
3358 1222 3524 1276 cassis
3545 1239 3766 1276 eorum

2089 1307 2439 1360 exercitibus
2475 1308 2531 1360 in
2567 1308 2761 1377 fugam
2786 1314 3037 1362 vertunt.
3072 1308 3488 1379 Sigismundns
3530 1328 3637 1364 rex
3691 1311 3766 1365 ad

2090 1401 2324 1449 sanctos
2350 1401 2632 1466 martyres
2651 1398 3030 1467 Aganncnscs
3052 1398 3503 1470 confugiens,ibi
3531 1417 3565 1453 a
3590 1398 3771 1454 Chlo-

2090 1484 2316 1537 dmniro
2349 1501 2480 1537 cum
2517 1501 2691 1539 uxore
2724 1492 2780 1539 et
2814 1484 2950 1538 ﬁliis
2983 1489 3403 1557 captus,atque
3445 1487 3517 1541 ad
3551 1487 3768 1543 civita-

2089 1578 2206 1626 tem
2238 1572 2715 1627 Aurelianensem
2750 1573 3068 1644 perductus
3099 1578 3207 1628 est.
3241 1576 3403 1640 Quod
3458 1575 3519 1629 B.
3548 1575 3768 1630 Avitus

2089 1662 2353 1721 audiens,
2390 1663 2459 1715 de
2484 1662 2838 1717 monasterio
2891 1664 2962 1717 ad
3002 1663 3215 1718 urbem
3250 1664 3405 1719 venit
3440 1669 3769 1736 rogaturus

2087 1766 2191 1822 pro
2225 1750 2604 1823 Sigismundo
2634 1767 2784 1823 rege,
2819 1752 2992 1822 oujus
3025 1768 3224 1825 preces
3258 1752 3550 1808 frustratae
3592 1761 3768 1821 sunt,

2088 1838 2228 1911 quia
2247 1838 2600 1895 Chlothildis
2625 1839 2825 1913 regina
2842 1841 3197 1897 Chlodomiri
3222 1846 3409 1897 mater
3428 1841 3771 1916 Sigismun-

2087 1929 2227 1983 dum
2260 1928 2478 1995 oderat,
2514 1929 2670 1999 quod
2705 1928 2875 1983 Pater
2923 1931 3052 2001 ejus
3100 1935 3157 1985 et
3208 1935 3395 1986 mater
3444 1948 3479 1986 a
3509 1932 3771 1989 Gunde-

2089 2016 2281 2072 baudo
2314 2015 2675 2088 Sigismundi
2712 2020 2875 2088 patre
2908 2017 3243 2090 interempti
3277 2018 3485 2074 forent.
3522 2019 3652 2075 Hac
3698 2021 3772 2076 de

2088 2123 2267 2161 causa
2300 2106 2719 2177 Sigismundus
2760 2123 2859 2161 rex
2903 2112 2960 2162 et
3010 2112 3234 2179 martyr
3284 2112 3526 2164 necatus
3557 2112 3677 2177 est,
3715 2115 3773 2164 et

2088 2212 2222 2250 cum
2258 2212 2433 2250 uxore
2460 2201 2515 2249 et
2548 2194 2685 2251 ﬁliis
2719 2195 2773 2249 in
2809 2200 3054 2267 puteum
3099 2198 3345 2252 obrutus
3396 2202 3503 2252 est.
3536 2197 3771 2253 Verum

2089 2283 2500 2338 Chlodomirus
2532 2300 2644 2337 non
2672 2300 2856 2354 usque
2889 2284 3032 2339 adeo
3073 2283 3301 2339 laztatus
3331 2289 3440 2341 est.
3467 2286 3619 2341 Nam
3659 2286 3772 2343 ite-

2091 2389 2222 2427 rum
2255 2389 2388 2427 eum
2425 2373 2703 2427 fratribus
2725 2379 2779 2428 et
2811 2374 3045 2444 copioso
3068 2373 3324 2430 exercitu
3348 2374 3769 2447 Burgundiam

2092 2461 2416 2533 ingressus,
2451 2461 2543 2515 die
2584 2478 2791 2533 pugnae
2841 2462 2993 2516 inter
3042 2463 3505 2519 confertissimos
3557 2464 3771 2519 hostes

2090 2549 2460 2604 vivacissimo
2494 2550 2767 2605 devectus
2802 2566 2950 2621 equo
2980 2550 3203 2605 inultus
3245 2551 3539 2607 occubuit.
3575 2552 3770 2624 Cujus

2093 2637 2196 2692 ﬁlii
2231 2637 2371 2691 dum
2404 2653 2505 2708 spe
2537 2635 2764 2709 paterni
2787 2636 2948 2708 regni
2981 2637 3052 2692 ab
3086 2637 3213 2693 avia
3258 2638 3629 2707 nutriuntur,
3667 2655 3769 2694 eos

2095 2727 2303 2782 fratres
2337 2726 2596 2780 defuncti
2631 2726 2702 2780 ab
2754 2724 2882 2780 avia
2932 2726 3132 2781 fraude
3186 2727 3488 2782 adducunt
3536 2730 3594 2781 et
3639 2727 3768 2782 sine

2096 2832 2259 2870 mora
2290 2813 2689 2885 exstinguunt.

2165 2905 2217 2957 8.
2253 2902 2462 2956 Beatus
2496 2918 2665 2973 porro
2695 2902 2897 2956 Avitus
2933 2919 3065 2957 cum
3110 2921 3298 2975 pauco
3331 2908 3597 2975 tempore
3640 2920 3769 2958 rno-

2095 2989 2405 3045 nasteriale
2440 2989 2695 3061 regimen
2751 2990 3057 3057 tenuisset,
3093 2991 3163 3045 ad
3210 2992 3583 3048 dulcedinem
3620 3008 3771 3047 ana-

2094 3076 2397 3133 choretica:
2448 3077 2594 3144 vitm,
2631 3093 2807 3147 quam
2839 3078 2965 3147 jam
3017 3078 3446 3149 degustaverat,
3499 3096 3771 3136 remeare

2094 3164 2371 3236 disponit.
2401 3165 2611 3218 Beatus
2646 3163 3031 3219 nihilominus
3063 3166 3347 3221 (larilefus
3396 3169 3609 3224 eodem
3668 3169 3768 3222 ﬂa-

2056 3300 2061 3305 .
2093 3270 2270 3327 graus
2303 3253 2506 3307 ardore
2538 3252 2926 3307 Cenomanica
2958 3255 3188 3308 deserta
3220 3254 3405 3325 petiit,
3440 3261 3630 3327 atque
3685 3257 3769 3310 in-

319 3344 582 3418 quinque
613 3342 688 3413 (8)
725 3359 737 3395 :
772 3342 872 3413 qui
908 3340 1280 3397 Hildebertus
1312 3341 1371 3395 in
1404 3340 1692 3412 superiori
1736 3340 1979 3395 Francia
2009 3326 2051 3392 C
2093 3326 2180 3397 fra
2211 3342 2381 3396 breve
2413 3341 2889 3412 tempus,multis
2921 3343 2991 3397 ad
3026 3359 3159 3397 cum
3193 3326 3646 3401 conﬂuentibus
3681 3362 3772 3401 no-

317 3449 589 3506 regnans,
623 3431 681 3485 in
711 3447 889 3503 regno
921 3430 1294 3486 Gunthranni
1327 3428 1517 3501 patrui
1552 3428 1782 3500 sui,qui
1824 3430 1973 3483 Bur-

314 3522 715 3596 gundionibus
739 3521 1080 3592 imperaret,
1097 3524 1345 3575 matrem
1370 3517 1814 3573 Brunechildem
1838 3535 1974 3572 cum

316 3610 627 3683 nepotibus
650 3608 773 3665 suis
795 3608 1061 3664 videlicet
1084 3608 1219 3663 ﬁliis
1245 3606 1766 3680 supranominatis,
1788 3607 1973 3662 Theo-

315 3698 551 3755 deberto
587 3697 809 3755 scilicet
835 3702 890 3753 et
928 3697 1305 3765 Theoderico,
1328 3701 1703 3770 regnaturum
1746 3696 1973 3750 direxit.

314 3788 417 3845 His
450 3788 648 3860 itaque
676 3787 1154 3860 imperitantibus
1189 3788 1249 3841 B.
1287 3787 1527 3841 Maurus
1561 3802 1692 3840 eum
1726 3790 1980 3856 quatuor

317 3876 596 3932 fratribus
629 3881 686 3932 et
725 3877 1019 3931 Arderado
1051 3880 1106 3930 et
1142 3874 1474 3930 Flodecario
1508 3874 1715 3947 legatis
1763 3872 1979 3931 Gallias

314 3964 662 4039 ingreditur.
700 3966 809 4021 Sed
846 3966 915 4020 de
948 3965 1040 4019 bis
1073 3964 1378 4020 hactenus.

979 4053 1212 4108 CAPUT
1254 4054 1323 4108 II.

519 4144 592 4198 De
623 4144 685 4196 Β.
721 4143 873 4198 Avito
905 4150 956 4197 et
985 4144 1224 4197 transitu
1256 4145 1432 4198 sancti
1464 4143 1771 4197 Maximini.

386 4233 441 4285 6.
478 4230 661 4304 Igitur
692 4230 754 4284 Β.
775 4230 976 4285 Avitus
998 4230 1221 4285 vivente
1251 4230 1441 4285 adhuc
1466 4232 1778 4303 patrcjejus
1810 4231 1980 4302 spiri-

316 4319 692 4387 tuali,sancto
705 4318 1301 4374 videlicetMaximiuo
1318 4320 1524 4390 primo,
1542 4320 1603 4373 in
1628 4320 1982 4376 monasterio

317 4408 612 4464 interdum
637 4414 903 4464 semotus
934 4409 1173 4475 mansit,
1198 4425 1260 4463 ac
1287 4408 1495 4464 deinde
1521 4415 1772 4480 quatuor
1805 4411 1919 4465 fere
1950 4426 1984 4465 a

317 4498 673 4554 monasterio
701 4496 966 4553 millibus
991 4497 1049 4551 in
1075 4495 1198 4553 loco
1237 4498 1334 4569 qui
1369 4498 1629 4554 Macerize
1654 4498 1980 4569 (Muz'u'éres)

319 4585 834 4654 dicitur,cellulam
859 4586 970 4641 sibi
992 4586 1423 4654 constituit,ubi
1451 4604 1638 4659 usque
1660 4588 1831 4643 hodie
1853 4605 1979 4642 ora-

2082 3430 2198 3486 bile
2230 3430 2562 3484 emnobium
2593 3430 2651 3484 in
2687 3430 2809 3486 loco
2851 3433 2949 3503 qui
2982 3431 3270 3487 Aninsula
3301 3433 3508 3503 (Anille
3535 3434 3631 3505 fl.)
3669 3450 3765 3488 no-

2086 3521 2349 3575 minatur
2381 3519 2900 3575 mdiﬁeavit.Porro
2934 3521 2997 3575 B.
3023 3519 3223 3575 Avitus
3258 3520 3315 3574 in
3349 3520 3495 3575 locis
3518 3522 3763 3577 Duneu-

2087 3609 2240 3664 sium
2289 3609 2359 3679 (lc
2406 3609 2634 3674 Dunoz‘s)
2658 3611 2713 3662 et
2755 3607 2880 3679 ipse
2941 3607 3387 3664 multitudinem
3428 3625 3764 3681 aggregans

2090 3697 2513 3752 monachorum
2550 3696 2751 3750 multis
2786 3696 3001 3752 clarius
3025 3696 3340 3751 virtutibus
3364 3701 3420 3752 et
3451 3696 3761 3755 miraculis

2088 3785 2259 3857 longe
2292 3785 2522 3856 lateque
2556 3783 2805 3839 refulsit.

2159 3876 2209 3928 9.
2250 3875 2311 3929 In
2346 3873 2469 3928 loco
2494 3874 2669 3929 etiam
2704 3874 3036 3929 Miciasensi
3088 3873 3329 3945 quidam
3381 3873 3562 3928 frater
3611 3878 3756 3939 erat,

2091 3979 2265 4034 quem
2299 3963 2356 4017 S.
2390 3961 2590 4016 Avitus
2641 3962 2878 4033 speciali
2930 3962 3212 4033 diligebat
3261 3980 3456 4018 amore
3490 3964 3635 4035 :qui
3689 3961 3759 4017 ad

2090 4056 2417 4107 extremum
2467 4051 2703 4105 veniens
2756 4068 2882 4107 sese
2932 4052 3238 4107 visitantcs
3290 4054 3499 4107 fratres
3544 4052 3760 4107 obnixe

2092 4142 2317 4213 flagitat
2372 4157 2442 4195 ne
2502 4156 2711 4213 corpus
2757 4141 2884 4212 ejus
2940 4142 3103 4213 prius
3157 4140 3471 4214 sepultura:
3515 4142 3759 4197 daretur

2093 4247 2269 4302 quam
2303 4230 2360 4283 S.
2394 4230 2596 4284 Avitus
2633 4230 2949 4286 adveniens
3008 4248 3117 4285 sua
3163 4230 3424 4285 oratione
3473 4248 3613 4286 eum
3645 4230 3753 4286 Do-

2093 4318 2251 4374 mino
2285 4319 2742 4374 commendaret.
2769 4319 3017 4374 Missum
3069 4320 3268 4391 itaque
3309 4324 3544 4391 repente
3578 4322 3669 4375 est
3697 4321 3751 4371 ct

2091 4408 2259 4463 beato
2289 4408 2409 4463 viro
2442 4408 2803 4475 nuntiatum,
2835 4408 2931 4479 qui
2968 4409 3217 4464 festinus
3269 4408 3602 4464 accelerans
3651 4406 3757 4461 iter

2092 4498 2447 4570 intempesta
2480 4498 2669 4552 noctis
2693 4496 2838 4553 hora
2858 4498 3285 4554 monasterium
3314 4497 3621 4569 ingressus
3645 4496 3750 4557 est,

2083 4584 2327 4657 jamque
2362 4584 2540 4640 frater
2570 4584 2666 4639 ille
2699 4585 2943 4653 obierat,
2964 4590 3020 4640 et
3051 4603 3263 4658 corpus
3296 4586 3423 4657 ejus
3455 4584 3514 4639 in
3567 4583 3754 4640 medio

317 4675 750 4747 toriuminejus
768 4675 1004 4731 nomine
1022 4680 1326 4746 permanet
1347 4677 1848 4732 consecratumln
1867 4693 1979 4748 quo
2013 4696 2058 4761 D
2092 4673 2347 4745 positum
2400 4673 2553 4728 tristi
2606 4673 2973 4729 maerentium
3023 4674 3215 4731 ofﬁcio
3265 4674 3628 4731 servabatur.
3660 4670 3754 4725 Viz'

316 4764 443 4820 loco
467 4765 608 4819 dum
634 4764 868 4835 spiritui
892 4763 1186 4819 reluctans
1209 4764 1507 4835 subigeret
1528 4782 1759 4837 corpus,
1777 4766 1982 4821 beatus

321 4852 490 4908 Pater
545 4852 901 4909 Maximinus
958 4857 1090 4925 post
1138 4854 1481 4910 innumeras
1533 4872 1677 4926 quas
1723 4859 1983 4926 patrarat

321 4945 525 4998 contra
555 4939 853 4996 diabolum
895 4942 1009 4997 Deo
1042 4942 1296 4998 donante
1328 4943 1624 5009 victorias,
1643 4944 1851 5016 plenus
1872 4944 1983 4999 vir-

324 5028 554 5085 tutibus
582 5033 638 5084 et
661 5030 971 5085 sanctitate
993 5030 1102 5085 sibi
1127 5032 1352 5087 debitos
1385 5032 1655 5104 migravit
1686 5033 1756 5088 ad
1787 5033 1984 5089 ccelos.

325 5115 603 5189 Sepultus
642 5123 731 5173 est
773 5135 904 5174 vero
937 5136 971 5173 a
998 5120 1315 5175 venerabili
1348 5121 1600 5176 Eusebio
1632 5122 1901 5194 episcopo
1931 5127 1989 5178 et

323 5206 606 5261 fratribus
638 5206 698 5259 in
724 5211 921 5261 monte
952 5205 1389 5279 transligerino,
1408 5209 1464 5263 in
1490 5227 1603 5280 quo
1624 5210 1746 5282 ipse
1764 5228 1867 5283 per
1886 5212 1992 5267 Do«

327 5293 470 5348 mini
499 5293 767 5349 virtutem
795 5311 1011 5349 saevum
1043 5297 1398 5352 exstinxerat
1436 5298 1746 5354 draconem
1774 5317 1787 5353 :
1814 5318 1990 5372 super

325 5382 499 5453 cujus
528 5382 858 5437 venerabile
891 5398 1103 5453 corpus
1153 5385 1395 5456 quidam
1447 5392 1772 5457 praepotens
1812 5387 1990 5444 homo

327 5469 561 5525 nomine
587 5470 791 5542 Agilis,
827 5470 899 5525 ob
935 5471 1249 5526 sanitatem
1284 5474 1393 5528 sibi
1429 5475 1720 5529 redditam
1746 5477 1991 5532 aediﬁca-

322 5558 407 5613 vit
426 5558 752 5625 basilicam,
771 5562 828 5612 ct
858 5559 1235 5628 postmodum
1262 5560 1416 5614 idem
1433 5560 1615 5631 Agilis
1630 5563 1697 5616 ad
1724 5562 1991 5620 habitum

328 5647 664 5703 sanctitatis
697 5662 1011 5702 conversus
1044 5644 1213 5701 hodie
1245 5649 1420 5702 etiam
1456 5645 1757 5706 miraculis
1794 5651 1991 5711 claret.

395 5738 477 5808 (8)
509 5736 771 5792 Fallitur.

2094 4768 2291 4818 autem
2315 4762 2547 4818 Domini
2566 4762 2871 4818 ecclesiam
2898 4764 3200 4837 ingressus
3223 4780 3426 4819 omnes
3450 4780 3599 4836 pene
3626 4762 3751 4817 dor-

2095 4852 2343 4906 mientes
2374 4851 2607 4923 reperit,
2621 4855 2677 4907 et
2708 4869 2769 4908 se
2804 4852 3135 4924 pavimento
3174 4857 3450 4908 oraturus
3492 4847 3729 4924 projecit

2094 4941 2249 5013 quod
2284 4940 2467 4996 multo
2499 4940 2686 4996 imbre
2717 4940 3108 5013 lacrymarum
3143 4942 3498 5014 perfundens
3536 4938 3748 4996 diutina

2096 5029 2344 5086 orationi
2374 5030 2662 5085 incubuit.
2699 5031 2918 5087 Dehinc
2951 5050 3197 5106 surgens
3244 5032 3574 5102 feretroque
3620 5042 3747 5083 con‘

2091 5122 2336 5192 junctus
2371 5119 2610 5175 fratrem
2654 5119 2821 5175 illum
2878 5138 2991 5176 non
3042 5121 3250 5194 grandi
3304 5136 3577 5176 sermone
3622 5130 3733 5172 VOCt

2099 5208 2342 5278 vocavit,
2379 5210 2477 5281 qui
2511 5210 2678 5280 quasi
2714 5208 2916 5265 leviter
2962 5210 3260 5267 dormiens
3310 5209 3464 5264 illico
3518 5220 3734 5279 respon-

2099 5299 2205 5366 dit,
2239 5304 2293 5353 ct
2326 5298 2627 5370 surrigeus
2660 5317 2720 5354 se
2754 5298 2809 5352 in
2855 5300 3064 5354 feretro
3105 5299 3343 5355 resedit.
3366 5298 3445 5352 Ex
3476 5286 3739 5352 confabu"

2099 5388 2347 5443 lantium
2399 5405 2700 5443 murmure
2757 5388 2965 5444 fratres
3023 5389 3254 5444 excitati
3318 5388 3517 5443 vident
3562 5386 3738 5441 vivuu;

2102 5494 2275 5548 quem
2308 5478 2617 5532 servabant
2648 5482 2970 5549 mortuum,
2988 5482 3044 5533 et
3076 5478 3261 5533 multo
3294 5477 3525 5533 attoniti
3550 5484 3738 5550 pavorc

2105 5567 2172 5621 ad
2208 5568 2385 5639 pedes
2420 5568 2604 5621 sancti
2636 5566 2740 5621 viri
2774 5572 3073 5635 corruunt,
3109 5569 3466 5639 fratremque
3508 5557 3738 5621 vinculis

2106 5656 2450 5713 funebribus
2480 5656 2812 5726 expeditum
2845 5674 2976 5711 cum
3000 5657 3219 5728 ingenti
3239 5655 3453 5729 gaudio
3480 5649 3736 5709 educunt,
