3906 6350
115 442 216 504 801

991 440 1221 503 ΙΛΒῙίΙὶ
1268 440 1367 501 Ι)Ιί
1414 437 1837 501 MIRACL'LIS
1884 441 2163 502 SANCTI
2210 440 2611 503 ΜΛΧΙΜΙΝΙ.

3396 446 3512 507 802

115 577 203 649 qui
236 576 602 649 postmodum
639 579 811 629 tantce
865 575 943 628 rei
996 575 1161 628 testis
1210 574 1480 645 plurimis
1534 573 1743 627 advixit
1776 576 1827 642 Α
1860 574 2161 629 ecclesiam
2197 576 2447 647 propriis
2480 576 2860 630 facultatibus
2883 577 3435 651 dotavit,quatenus
3456 588 3514 638 et

113 664 289 721 annis.
314 666 521 719 Beatus
552 680 725 737 porro
762 664 982 730 Avitus,
1020 663 1309 717 humanas
1362 664 1590 732 fugiens
1623 662 1745 716 lau-

112 755 224 822 des,
261 770 458 809 rursus
491 754 563 808 ad
598 753 768 809 sedes
800 756 1007 823 optatm
1040 751 1279 807 seceSsit
1314 752 1546 822 quietis.

726 840 960 896 CAPUT
1015 841 1109 895 Ill.

573 933 646 986 Dc
674 939 855 985 sancto
902 931 1261 985 Thcmlcmz’ro.

178 1022 257 1075 10.
290 1021 435 1075 Sane
460 1020 597 1091 quia
626 1019 1221 1073 fratresMiciacenses
1238 1019 1360 1073 sine
1377 1026 1605 1089 pastore
1620 1035 1745 1071 esse

113 1126 216 1163 non
248 1114 533 1181 poterant,
564 1109 754 1162 virum
790 1108 1017 1162 Domini
1053 1108 1508 1162 'l‘ln-odemirum
1553 1110 1744 1161 minus

110 1199 460 1270 congregatio
494 1197 605 1251 sibi
640 1198 802 1267 eligit
845 1203 1255 1267 pastoremque
1304 1198 1606 1267 prmpouit.
1644 1197 1743 1250 llic

109 1291 287 1341 autem
318 1286 742 1341 Theodemirns
776 1286 936 1338 lmua‘
971 1286 1270 1354 gravitatis
1304 1290 1357 1337 et
1407 1286 1557 1338 inter
1608 1304 1744 1338 suos

109 1391 314 1447 magna:
362 1374 693 1430 reverentia)
743 1378 884 1439 erat,
932 1375 1109 1428 etiam
1164 1381 1480 1445 antequam
1530 1381 1743 1429 sanctm

108 1454 546 1519 conversationis
579 1462 877 1516 schemate
913 1469 1195 1517 uteretur.
1222 1464 1350 1517 Fuit
1375 1464 1528 1517 enim
1557 1464 1743 1534 primo

106 1557 304 1606 sancte
336 1552 536 1607 Crucis
570 1550 906 1617 canonicos,
937 1558 1011 1616 et,
1048 1558 1109 1604 ut
1146 1550 1401 1622 plerique
1435 1559 1745 1606 autumant

106 1640 266 1693 etiam
298 1642 569 1695 dccanus.
610 1640 679 1694 lit
711 1645 903 1693 autem
940 1641 1263 1693 monachus
1299 1644 1459 1694 tieret
1481 1658 1546 1694 ea
1568 1658 1747 1695 causa

106 1728 406 1798 plurimum
442 1729 719 1803 prestitit,
748 1730 884 1801 quia
908 1729 1046 1783 dum
1075 1729 1311 1783 haberet
1337 1747 1590 1783 sororem
1619 1748 1743 1801 qua}

106 1816 478 1891 caligantibus
501 1817 685 1873 oculis
711 1818 835 1872 luce
861 1818 1212 1889 privabatur,
1235 1819 1348 1871 iure
1366 1824 1566 1872 sancto
1591 1825 1641 1872 et
1660 1835 1745 1869 ve-

1857 662 2098 719 clerieos
2131 664 2227 735 qui
2278 665 2391 718 Deo
2440 665 2724 719 servirent
2774 665 3032 734 haberet,
3067 671 3125 721 et
3156 667 3404 725 lucernae
3457 675 3514 728 et

1857 750 1953 806 alii
1988 759 2372 823 congruentes
2404 760 2645 809 ornatus
2677 754 2728 808 ei
2762 773 2874 809 non
2907 756 3194 812 deessent.

1930 843 2015 894 12.
2050 845 2308 912 Cumque
2340 842 2455 895 lrre
2491 843 2692 896 multis
2717 843 3072 899 mansissent
3093 848 3512 917 aztatibus,ccn-

1858 930 1940 1001 pit
1972 931 2198 983 devotio
2228 931 2591 986 Miciaceusis
2623 932 2865 986 ecenobii
2900 938 2955 987 et
2997 935 3256 990 studium
3308 954 3508 992 mona-

1856 1020 2014 1073 sticm
2039 1019 2161 1071 vitm
2196 1020 2441 1073 aniolliri
2467 1026 2519 1075 et
2543 1022 3137 1079 smculidilectoribus
3170 1026 3383 1095 partim
3417 1044 3508 1081 cu-

1842 1108 2118 1177 piditate,
2154 1127 2279 1179 qum
2314 1115 2499 1163 mater
2529 1116 2617 1165 est
2651 1111 2915 1166 omnium
2960 1112 3272 1181 malorum,
3297 1117 3508 1187 partim

1860 1196 2189 1251 incursione
2210 1198 2450 1257 hostica,
2468 1218 2595 1270 qum
2615 1218 2679 1252 ex
2705 1201 3052 1271 Aquitanica
3074 1204 3513 1276 impngnationc

1857 1286 2057 1338 crebro
2089 1287 2386 1355 obtingere.
2418 1289 2659 1341 solebat.
2683 1289 2783 1342 Per
2815 1290 2965 1344 idem
2998 1292 3152 1346 enim
3179 1298 3410 1364 tempus
3434 1294 3515 1348 in-

1856 1378 1944 1427 ter
1976 1374 2201 1445 l‘ippini
2224 1376 2402 1428 «luces
2425 1381 2479 1430 et
2502 1376 2851 1431 \Vaifarium
2869 1379 3295 1448 Aquinatorum
3318 1399 3515 1451 regem

1856 1462 2048 1534 gravis
2083 1469 2137 1518 ct
2171 1464 2449 1518 diuturna
2482 1466 2835 1520 conflictatio
2882 1467 3305 1538 rempublicam
3340 1470 3516 1525 Fran-

1856 1568 2057 1605 corum
2093 1569 2203 1606 non
2241 1553 2466 1606 modico
2516 1554 2841 1625 profligavit
2889 1557 3127 1625 damno,
3161 1559 3517 1631 tandemque

1857 1641 2009 1710 apud
2044 1641 2366 1693 'I‘oarcense
2400 1642 2685 1708 (Thorium,
2722 1643 2874 1712 apud
2911 1642 3220 1713 Pictones),
3256 1652 3519 1705 castrum

1866 1734 2033 1799 capto
2056 1729 2338 1783 \Vaifario
2369 1747 2602 1784 summa
2628 1748 2820 1785 rerum
2852 1731 2924 1785 ad
2960 1732 3272 1803 Pippinum
3289 1751 3520 1792 conces-

1857 1817 1952 1871 sit.
1991 1818 2088 1871 llis
2125 1820 2237 1871 fere
2272 1818 2651 1889 temporibus,
2686 1823 2747 1871 ut
2780 1820 2895 1873 orsi
2941 1837 3199 1887 eramus,
3230 1822 3392 1878 locus
3426 1841 3520 1879 su-

108 1907 331 1961 nerabili
369 1907 523 1962 Patri
559 1907 875 1962 Maximino
908 1906 1101 1961 obla‘a
1136 1913 1185 1959 et
1226 1924 1322 1978 per
1352 1908 1578 1960 Domini
1614 1926 1741 1978 gra-
1776 1945 1824 2011 Β
1864 1906 2160 1977 pradictus
2184 1907 2453 1976 prreilicto
2475 1907 2644 1959 modo
2661 1907 3033 1962 nobilisadco
3051 1910 3515 1977 estannullatus,

108 1994 233 2051 tiam
268 1997 389 2051 sine
425 2013 591 2050 mora
624 1996 955 2049 illuminata
987 2002 1093 2049 est.
1130 2000 1392 2059 Quantus
1426 2002 1616 2050 autem
1656 1997 1744 2051 hic

106 2084 183 2138 vir
210 2084 431 2140 Domini
468 2085 894 2139 'I‘heodemirus
926 2084 982 2139 in
1018 2091 1217 2138 sancta
1252 2085 1524 2156 religione
1551 2086 1742 2151 fuerit,

107 2173 228 2228 linis
256 2175 476 2240 edocet,
513 2175 570 2227 in
606 2191 721 2245 quo
749 2174 941 2229 omnis
965 2174 1094 2227 laus
1118 2190 1318 2227 secure
1344 2175 1747 2227 canitur..\'am

107 2261 232 2315 dum
280 2261 337 2317 in
387 2264 669 2317 extremis
722 2267 937 2333 ageret,
976 2264 1180 2317 beatus
1234 2263 1519 2325 Lit’ardus,
1556 2264 1653 2333 qui
1690 2264 1746 2316 in

106 2349 213 2405 vico
245 2352 631 2425 Magdunensi
660 2352 985 2407 solitariam
1022 2353 1260 2423 gerebat
1289 2353 1489 2416 vitam,
1518 2352 1574 2406 in
1601 2370 1751 2405 soni-

107 2438 187 2494 nis
215 2445 298 2494 est
326 2441 671 2496 admonitus
704 2446 765 2495 ut
798 2441 1147 2513 quantocius
1180 2441 1418 2505 veniret,
1444 2447 1495 2495 et
1529 2442 1749 2495 exitum

104 2527 314 2585 abbatis
330 2529 706 2586 'l‘heodemiri
732 2530 980 2585 Domino
1008 2531 1579 2595 CUIUIIICHtltlt‘CLQUi
1600 2530 1751 2584 illico

105 2633 333 2692 surgens
366 2620 480 2675 iter
500 2619 767 2691 arripuit,
784 2620 881 2674 sed
902 2625 1217 2691 antequam
1238 2620 1306 2673 ad
1330 2619 1750 2675 monasterium

110 2700 431 2776 perveniret,
471 2707 711 2762 elevatis
743 2707 801 2761 in
835 2706 1047 2761 oculum
1071 2706 1256 2761 oculis
1275 2706 1414 2759 vidit
1437 2708 1490 2759 in
1513 2706 1754 2759 sublimi

112 2794 300 2851 choros
329 2797 678 2868 angelorum
712 2796 971 2851 animam
1006 2795 1185 2865 hujus
1218 2795 1402 2849 sancti
1437 2795 1540 2848 viri
1566 2797 1622 2849 in
1647 2814 1755 2849 CLI)-

115 2882 188 2938 los
216 2887 576 2956 portantium
611 2890 786 2956 atque
816 2884 1135 2938 dicentium
1168 2902 1178 2936 2
1206 2886 1401 2938 Beatus
1424 2886 1753 2955 qucmclegi—

115 2974 175 3025 sli
200 2980 246 3027 et
272 2976 647 3046 assumpsisti,
685 2974 1014 3028 inhabilabit
1052 2976 1104 3027 in
1140 2976 1299 3027 atriis
1332 2976 1460 3027 tuis.
1497 2974 1756 3027 Habebat

125 3067 302 3118 autem
333 3065 492 3118 idem
526 3062 949 3117 Theodemirus
980 3079 1046 3116 ex
1070 3063 1373 3128 sorore,ch
1397 3063 1652 3133 quajam
1677 3062 1760 3114 di-

120 3149 314 3220 ximus,
348 3155 625 3225 nepotem
658 3152 892 3206 nomine
927 3151 1329 3206 Maximinum.
1358 3150 1430 3205 L't
1458 3156 1652 3205 autem
1678 3151 1759 3205 sic

119 3247 422 3309 vocaretur,
457 3257 704 3296 causam
755 3240 1162 3307 existimantis,
1197 3240 1281 3295 vel
1336 3240 1473 3311 quia
1523 3241 1611 3294 vir
1659 3239 1759 3294 Dei

1862 2002 1922 2049 ut
1953 2012 2121 2047 nemo
2149 1995 2222 2047 ibi
2262 2000 2454 2066 posset
2490 2012 2721 2049 manere
2748 1997 3312 2064 monachorum,sed
3351 2000 3517 2056 habi-

1860 2083 2051 2137 tacula
2084 2102 2283 2137 eorum
2316 2089 2413 2137 aut
2448 2089 2639 2138 essent
2682 2084 2998 2139 diversoria
3037 2088 3427 2155 sarcularium,
3464 2095 3521 2145 et

1862 2172 2235 2239 feminarum,
2270 2178 2367 2226 aut
2404 2172 2634 2227 stabula
2667 2190 2950 2244 equinum
3002 2179 3055 2228 et
3103 2176 3398 2247 pastiones
3432 2195 3525 2234 ca-

1863 2279 1894 2314 ll
1908 2278 1937 2313 υ
1948 2279 2002 2313 m
2014 2305 2025 2315 .

1938 2351 2021 2403 13.
2057 2350 2445 2420 Temporibus
2476 2351 2653 2421 igitur
2676 2353 2819 2406 diva.-
2864 2354 3155 2409 memoria)
3188 2354 3374 2410 Caroli
3404 2359 3525 2411 Au-

1862 2440 2018 2509 gusti
2037 2442 2442 2509 (cognomento
2460 2440 2675 2511 Magni)
2692 2441 3037 2511 disponente
3053 2460 3245 2499 rerum
3260 2446 3526 2501 omnium

1865 2528 2111 2583 Domino
2137 2529 2411 2582 etnmlem
2437 2528 2628 2583 locum
2657 2531 2913 2600 pristinae
2940 2531 3180 2587 reddere
3205 2532 3525 2602 nobilitati;

1865 2617 2226 2671 Tlieodnlt'us
2252 2616 2654 2673 nobilissimus
2676 2624 2732 2673 et
2755 2619 3017 2674 moribus
3041 2624 3097 2674 et
3118 2637 3352 2692 genere,
3368 2639 3528 2677 acer.

1866 2706 2117 2775 rimiqne
2149 2706 2365 2777 ingenii
2416 2705 2854 2762 Aurelianensis
2902 2706 3171 2762 Ecclesia)
3215 2708 3527 2782 episcopus

1866 2794 2238 2863 subrogatnr.
2260 2795 2359 2849 llic
2387 2794 2582 2865 itaque
2606 2794 2791 2849 multa
2813 2794 3106 2849 industria
3130 2802 3362 2852 certans
3381 2814 3524 2869 qua-

1868 2888 2039 2937 tenus
2064 2884 2214 2936 idem
2240 2883 2402 2937 locus
2427 2883 2482 2937 in
2501 2883 2811 2955 antiquum
2833 2888 3198 2939 revocaretur
3217 2883 3522 2953 honorem,

1870 2972 2081 3026 dumin
2107 2972 2399 3044 contiguis
2418 2972 2756 3043 regionibus
2783 2973 2980 3027 minus
3001 2972 3241 3028 idoneos
3267 2974 3526 3030 invenis-

1871 3068 1957 3116 set
1989 3063 2060 3115 ad
2086 3062 2139 3115 id
2160 3061 2533 3116 efﬁciendum
2561 3050 2984 3128 monachos,ex
3010 3062 3384 3134 Septimanim
3402 3079 3528 3134 par-

1871 3150 2030 3205 tibus
2062 3152 2171 3219 (tO)
2206 3150 2661 3221 ascivit,quibus
2709 3155 2766 3205 et
2814 3149 3008 3207 locum
3039 3150 3218 3223 dedit,
3237 3155 3294 3207 et
3323 3168 3414 3206 res
3446 3150 3525 3205 illi

1872 3238 1996 3295 loco
2029 3240 2169 3295 olim
2195 3241 2511 3295 attributas
2545 3240 2614 3295 de
2648 3258 2755 3295 suo
2788 3241 3029 3313 insuper
3059 3241 3281 3297 addens
3309 3244 3531 3296 contra-

121 3325 454 3387 Maviminus
489 3346 627 3385 eum
650 3330 719 3384 de
737 3346 902 3385 sacro
926 3330 1081 3384 fonte
1105 3329 1446 3400 susceperit,
1471 3328 1557 3383 vel
1581 3328 1757 3383 etiam
1790 3311 1834 3378 C
1874 3330 2041 3384 didit.
2068 3330 2130 3384 In
2164 3347 2280 3400 qua
2311 3347 2368 3384 re
2403 3346 2516 3383 non
2551 3329 2822 3400 pcenitnit
2846 3311 2980 3384 eum
3002 3330 3137 3385 facti
3160 3329 3252 3385 sui
3279 3347 3291 3385 :
3317 3331 3533 3403 quippe

119 3422 288 3473 mater
315 3421 444 3491 ejus
478 3435 679 3474 amore
712 3418 895 3489 patris
927 3417 1086 3473 illius
1120 3436 1152 3472 a
1185 3436 1298 3489 quo
1331 3418 1666 3473 illuminata
1687 3418 1764 3471 fo—

119 3507 410 3572 ret,filium
430 3509 520 3563 sic
544 3507 848 3563 nominare
872 3506 1165 3561 maluerit.
1184 3507 1345 3561 Hunc
1372 3508 1567 3579 itaque
1594 3508 1762 3560 beato

117 3596 384 3653 avunculo
416 3599 466 3669 ej
483 3614 552 3651 us
589 3595 821 3667 sepulto
855 3596 943 3650 vir
975 3595 1205 3650 Domini
1244 3597 1514 3650 Lifardus
1545 3601 1601 3649 et
1636 3596 1764 3650 Fra-

116 3687 221 3739 tres
252 3686 525 3743 abbatem
560 3685 807 3756 elignnt,
842 3690 897 3739 et
932 3686 988 3739 in
1022 3684 1145 3739 loco
1180 3686 1512 3739 tlL'CW'lcnilS
1547 3684 1761 3739 substi-

119 3778 277 3830 tuunt
306 3792 319 3829 :
354 3776 456 3847 qui
489 3777 635 3830 dum
660 3774 894 3841 advixit,
914 3791 1063 3828 cura).
1088 3774 1277 3845 gregis
1304 3774 1411 3828 sibi
1437 3774 1759 3839 commissi,

119 3868 303 3935 utpote
336 3864 716 3937 disciplinam
767 3864 1001 3918 Patrum
1056 3869 1311 3929 secutus,
1349 3869 1582 3917 strenue
1619 3862 1763 3916 invi-

119 3950 321 4021 gilavit.

182 4042 263 4115 tl.
296 4043 471 4099 Porro
506 4042 671 4097 locus
705 4060 817 4114 quo
852 4042 1176 4097 beatissimi
1228 4042 1411 4095 Patris
1465 4040 1763 4096 Maximini

118 4144 313 4203 corpus
343 4132 679 4187 habebatur
710 4130 1042 4196 humatum,
1079 4147 1213 4185 cum
1268 4130 1469 4185 multis
1524 4130 1765 4202 polleret

117 4218 382 4275 virtutum
414 4218 629 4293 signis,
655 4219 928 4290 primaevo
961 4236 1066 4274 suo
1102 4224 1359 4289 tempore
1382 4236 1595 4291 magno
1623 4218 1763 4273 cele-

119 4304 383 4364 brabatur
415 4309 661 4363 honore.
696 4308 960 4379 Cumque
994 4306 1165 4362 multi
1203 4308 1485 4362 beneficia
1531 4308 1764 4378 petituri

120 4399 505 4463 convenirent,
544 4402 601 4451 et
626 4413 728 4467 pro
758 4401 886 4451 voto
922 4414 1013 4452 res
1057 4395 1327 4468 pluribus
1377 4398 1667 4464 cederent,
1704 4401 1768 4451 ut

120 4484 338 4554 assolet,
375 4485 607 4542 novitas
641 4484 891 4541 nimium
921 4489 1087 4556 grata
1136 4485 1551 4539 beneficiorum
1595 4486 1768 4557 coepit

118 4572 376 4631 vilescere
408 4573 771 4647 negligentia
793 4580 1184 4646 posterorum.
1212 4575 1320 4629 Sed
1348 4573 1404 4628 in
1428 4574 1763 4646 episcopatu

1874 3419 2042 3489 cujus
2072 3419 2434 3488 temporibus
2460 3419 2517 3470 in
2546 3422 2776 3473 tantum
2800 3418 2929 3489 ejus
2954 3417 3062 3472 loci
3092 3417 3279 3489 gloria
3298 3418 3527 3486 enituit;

1875 3513 1937 3562 ut
1954 3508 2164 3563 veteris
2187 3507 2518 3579 ignominia:
2538 3506 2789 3560 dedecus
2813 3506 3088 3562 honestas
3113 3506 3533 3583 superveniens

1874 3597 2317 3651 obumbrat-etet
2340 3595 2766 3666 prmteritorum
2782 3594 3260 3666 dispendialucra
3282 3611 3529 3665 sequen-

1873 3686 1953 3741 tia
1985 3689 2448 3757 compensarent.
2466 3683 2829 3738 Theodulfus
2856 3683 3031 3754 igitur
3050 3682 3360 3755 episcopus
3383 3683 3533 3738 inter

1875 3779 2078 3829 caetera
2096 3790 2335 3829 suorum
2360 3789 2600 3844 operum
2626 3771 2897 3827 basilicas
2927 3770 3059 3827 miri
3097 3772 3309 3843 operis,
3345 3771 3533 3826 instar

1872 3864 2136 3919 videlicet
2156 3866 2282 3935 ejus
2305 3880 2429 3934 qua:
2452 3862 2633 3933 Aquis
2656 3866 2744 3916 est
2780 3862 3116 3929 constituta,
3133 3861 3438 3916 :editicavit
3471 3862 3530 3916 in

1873 3952 2008 4008 villa
2032 3970 2155 4024 qua:
2184 3952 2399 4006 dicitur
2419 3950 2823 4006 Gcrminiacns
2851 3950 3185 4021 (Gcrmigny,
3206 3966 3383 4022 prope
3408 3967 3529 4005 mo-

1876 4041 2197 4096 nasterium
2234 4038 2636 4111 Floriacense),
2672 4056 2785 4109 quo
2816 4040 2992 4094 etiam
3027 4038 3118 4095 his
3146 4039 3409 4096 versibus
3440 4039 3532 4093 sui

1877 4130 2219 4186 memoriam
2255 4130 2550 4201 eleganter
2578 4127 2884 4201 expressit.

2002 4239 2123 4286 "me
2153 4238 2205 4285 in
2236 4237 2440 4285 honore
2473 4237 2563 4285 Dei
2590 4235 2916 4286 Tlieodult’us
2946 4235 3145 4299 templa
3174 4237 3378 4287 sacravi

2049 4302 2176 4357 Qua:
2208 4300 2334 4348 dum
2366 4298 2609 4363 quisquis
2635 4299 2766 4360 adis,
2799 4313 2894 4347 oro
2923 4298 3193 4348 memento
3224 4300 3326 4348 mei

1948 4399 2047 4454 llic
2078 4397 2275 4469 itaque
2308 4394 2655 4451 venerabilis
2686 4396 2961 4450 sacerdos
2992 4393 3372 4448 insimulatus
3403 4410 3535 4448 con-

1869 4483 2189 4557 jurationis
2219 4483 2373 4555 apud
2407 4499 2601 4552 regem
2652 4481 2722 4535 de
2764 4480 3104 4552 episcopatu
3155 4480 3441 4550 dejectus,
3474 4484 3533 4535 et

1878 4573 2080 4628 multis
2114 4572 2318 4626 diebus
2343 4568 2620 4625 custodia:
2645 4567 3012 4638 mancipatus
3035 4568 3529 4637 est,postmodum

119 4660 372 4719 Ecclesia:
403 4662 846 4719 Aurelianensis
878 4663 1231 4733 subrogatus
1266 4662 1769 4735 Sigobertusimmt
1803 4683 1847 4748 ι)
1880 4661 2132 4718 mirabili
2157 4676 2350 4715 rerum
2372 4657 2745 4713 conversione
2771 4662 2826 4711 et
2850 4656 3067 4711 crimen
3091 4655 3532 4727 promptissime

120 4765 313 4820 genere
344 4759 400 4808 et
432 4752 702 4807 moribus
736 4751 1139 4806 nobilissimus
1170 4752 1373 4806 videns
1396 4752 1549 4807 hunc
1576 4753 1767 4807 locum

120 4838 249 4894 olim
291 4841 781 4897 florentissimum
814 4858 847 4894 a
878 4840 1069 4912 prisca
1119 4840 1418 4895 nobilitate
1464 4843 1763 4908 defecisse,

120 4931 406 4999 nigerrimo
441 4929 599 4985 tulit.
634 4928 889 4984 Consilio
923 4928 1115 4999 itaque
1148 4929 1282 4983 cleri
1326 4930 1410 4982 vel
1462 4931 1658 5001 populi
1695 4931 1766 4985 al)

120 5018 310 5073 eodem
343 5019 471 5074 loco
515 5036 650 5074 ossa
684 5018 869 5072 sancti
904 5020 1339 5072 transferuntur
1378 5019 1676 5074 Maximini
1710 5020 1766 5073 in

120 5105 415 5161 ecclesiam
449 5124 633 5179 quam
668 5107 820 5162 idem
853 5107 1166 5178 episcopus
1201 5106 1258 5161 in
1293 5124 1429 5178 agro
1471 5108 1627 5177 juris
1677 5108 1767 5163 sui

122 5200 545 5263 construxerat,
580 5214 706 5267 qua:
741 5196 980 5268 quidem
1011 5201 1171 5250 extra
1203 5196 1408 5250 urbem
1449 5197 1549 5251 sed
1601 5214 1767 5252 muro

121 5287 201 5337 est
247 5285 460 5353 vicina,
499 5286 897 5358 contiguaque
947 5284 1204 5339 ecclesia:
1237 5284 1297 5339 B.
1330 5285 1539 5340 Aniani
1591 5303 1785 5359 quam,

122 5369 347 5429 Miciaco
363 5373 929 5429 dedit.Venerabilis
953 5378 1148 5429 autem
1172 5374 1481 5445 episcopus
1503 5376 1768 5429 eamdem

185 5517 255 5587 (9)
289 5517 635 5589 Sigobcrtns
686 5517 837 5589 sedit
883 5516 1038 5571 circa
1086 5534 1223 5571 ann.
1276 5519 1400 5570 670.
1436 5518 1668 5572 Ecclsia)
1710 5519 1767 5571 in

121 5582 390 5643 honorem
445 5590 507 5644 S.
545 5588 846 5643 Maximini
877 5605 910 5643 a
942 5606 1002 5643 se
1053 5593 1399 5643 constructae
1453 5606 1635 5659 pauca
1687 5607 1772 5644 re-

117 5662 267 5787 itant
294 5660 550 5743 vestigia
579 5661 650 5716 ad
685 5659 920 5735 plagam
949 5660 1369 5717 occidentalem
1415 5660 1671 5718 ecclesia:
1706 5664 1769 5719 S.

164 5747 338 5787 mani.

164 5747 338 5789 [1111111.

1879 4751 2147 4817 abluit,et
2168 4749 2317 4819 regis
2331 4748 2577 4817 gratiam
2594 4749 2944 4800 consecutus
2966 4743 3304 4800 cathedram
3328 4745 3531 4817 pristi-

1880 4862 1965 4898 nae
1997 4839 2299 4911 dignitatis
2334 4854 2444 4889 non
2478 4836 2577 4888 diu
2609 4835 2867 4889 victurus
2901 4832 3355 4905 recepit.Fertur
3373 4834 3530 4889 enim

1877 4933 1930 4987 vi
1954 4929 2156 4988 veneni
2188 4927 2375 4982 abhis
2401 4925 2725 4980 exstinctus
2748 4923 2843 4994 qui
2870 4923 3011 4977 dum
3035 4922 3348 4989 exsularet,
3366 4923 3535 4978 liber-

1879 5027 1996 5077 tate
2052 5019 2237 5091 potiti,
2272 5017 2424 5069 bona
2482 5016 2609 5085 ejus
2670 5012 2980 5067 invadendi
3026 5014 3152 5084 jam
3207 5013 3534 5095 hauserant

1879 5110 2280 5182 cupiditatem.

1953 5200 2038 5253 15.
2076 5196 2135 5251 Ei
2169 5196 2348 5250 Jonas
2380 5192 2698 5247 succedens
2722 5190 3080 5247 habitatores
3104 5190 3211 5247 loci
3237 5192 3366 5264 ejus
3388 5191 3533 5248 mire

1880 5287 2081 5354 coluit,
2109 5286 2299 5339 locum
2333 5281 2655 5346 adornavit,
2692 5280 3115 5353 ecclesiamun
3164 5281 3532 5354 amplificans

1882 5375 2161 5432 fornicem
2195 5370 2535 5428 orientalem
2566 5368 2864 5425 laterculis
2897 5368 3189 5441 plumbeis
3228 5369 3534 5442 elegantis-

1952 5521 2061 5586 (10)
2094 5518 2309 5587 Nempe
2344 5533 2411 5569 ex
2446 5513 2800 5587 monasterio
2850 5513 2908 5568 S.
2939 5512 3254 5587 Salvatoris
3274 5511 3526 5577 Anianas,

1882 5585 1975 5646 cui
2028 5591 2089 5644 B.
2126 5585 2743 5656 Benedictus,ordinis
2794 5585 3103 5643 monastici
3152 5585 3525 5651 instaurator,

1879 5668 2007 5719 tum
2038 5665 2302 5739 praeerat.
