3906 6382
342 391 546 459 803’

1401 389 1741 452 LETALDI
1789 387 2284 451 MICIACENSIS
2328 387 2706 449 MONAClll.

3653 388 3774 450 804

343 531 493 587 sime
524 528 800 586 contexit.
836 525 1058 583 Floruit
1089 529 1283 581 autem
1316 523 1496 579 Jonas
1541 539 1658 577 non
1709 521 1900 576 solum
1945 521 2002 576 in
2033 523 2090 590 Α
2119 521 2278 576 mino
2309 523 2798 589 commendasset,
2826 522 2992 576 lmtus
3023 521 3094 576 de
3125 539 3365 594 corpore
3386 521 3580 577 exivit.
3603 523 3775 588 Quod

342 617 622 676 humanis
644 617 817 672 sedet
838 615 896 669 in
913 613 1126 669 divinis
1150 611 1526 683 rebus,cujus
1549 610 1680 666 ﬁdei
1701 609 2003 682 plenitudo

343 707 608 764 studium
639 708 698 760 et
727 701 980 758 eruditio
1009 700 1235 774 liquido
1282 703 1478 772 potest
1521 697 1713 770 colligi
1755 712 1823 753 ex
1853 697 2002 753 libro

341 811 518 869 quem
551 797 756 850 contra
785 790 1098 848 Claudium
1129 787 1551 845 Taurinensem
1575 787 1916 860 episcopum
1946 790 2005 841 et

341 900 555 940 novum
591 880 1041 937 hmresiarcham
1067 875 1839 949 conscripsit,quiClaudius
1869 875 2006 947 dog-

341 972 658 1029 matizabat
698 969 916 1042 stigma
955 969 1134 1022 beata:
1167 972 1224 1023 et
1256 966 1494 1021 viviticrc
1539 965 1728 1020 cruris
1761 964 2002 1019 minime

341 1066 607 1134 oportere
629 1057 880 1116 adorari.
901 1057 1432 1128 Si,inquiens,crux
1449 1055 1746 1118 adoratur,
1765 1053 2005 1107 adoren-

343 1157 440 1206 tur
459 1155 512 1207 et
535 1149 740 1222 puella:
761 1147 1040 1219 virgines,
1058 1146 1196 1218 quia
1226 1143 1388 1215 virgo
1412 1142 1636 1214 peperit
1669 1141 1998 1210 Christum;

341 1241 660 1296 adorentur
680 1243 738 1292 et
759 1235 1207 1310 praesepia,quia
1221 1251 1353 1288 mox
1377 1238 1549 1287 natus
1569 1233 1627 1286 in
1648 1231 1888 1303 przrsepi
1915 1247 2001 1285 re-

339 1330 622 1396 clinatur;
656 1328 972 1382 adorentur
1009 1328 1067 1379 et
1110 1323 1283 1389 asini,
1327 1320 1466 1394 quia
1514 1321 1746 1376 asinum
1791 1321 2003 1376 sedens

339 1417 800 1490 Hierosolymam
813 1415 998 1482 venit;
1023 1419 1084 1468 et
1105 1412 1275 1485 plura
1287 1411 1540 1466 nefanda
1550 1409 2002 1465 commentando

339 1505 708 1581 simplicitati
721 1503 1064 1560 Cbrislianze
1084 1501 1220 1556 ﬁdei
1244 1501 1579 1572 derogabat.
1595 1499 1809 1554 Contra
1829 1497 2002 1570 cujus

333 1612 586 1654 vesanos
604 1609 828 1650 errores
844 1591 1026 1648 Jonas
1043 1588 1415 1656 venerabilis,
1432 1587 1534 1660 qui
1561 1590 1776 1642 sancta;
1799 1585 2002 1642 Crucis

338 1689 463 1742 erat
481 1684 814 1756 episcopus,
849 1679 1140 1736 Ludovico
1171 1677 1523 1750 imperatore
1557 1675 1853 1749 flagitante
1884 1675 2000 1730 mi-

338 1772 584 1830 rabilem
607 1770 791 1827 edidit
819 1769 1037 1825 librum
1071 1783 1244 1840 quem
1280 1765 1349 1821 de
1395 1765 1642 1820 diversis
1692 1763 2001 1820 sententiis

337 1863 578 1920 Patrum
607 1859 768 1916 velut
799 1857 1106 1915 ﬂoscidum
1157 1855 1422 1928 depinxit
1473 1857 1696 1910 sertum
1726 1872 1738 1921 ;
1773 1858 1832 1909 et
1877 1857 1998 1909 tam

335 1951 538 2009 valida:
568 1948 835 2008 stultitiae
862 1944 1088 2004 Claudii
1121 1943 1394 2012 obviavit,
1423 1947 1489 2000 ut
1519 1943 1795 2016 deinceps
1828 1959 1999 1998 nemo

337 2043 607 2098 inventus
638 2038 715 2096 sit
747 2036 846 2110 qui
879 2037 1146 2092 eamdem
1171 2034 1469 2090 vesaniam
1499 2031 1882 2088 resuscitarit.
1906 2032 1998 2087 Li-

336 2130 525 2188 bellus
555 2133 749 2184 autem
769 2127 892 2198 ipse
914 2141 1091 2197 penes
1127 2140 1234 2178 nos
1257 2121 1528 2188 habetur,
1545 2122 1643 2193 qui
1666 2121 1725 2176 in
1743 2121 1997 2192 quadam

337 2219 510 2276 domo
530 2218 664 2290 igne
684 2230 926 2288 pervasa
940 2213 1173 2268 incaute
1195 2209 1528 2278 derelictus,
1553 2215 1609 2266 et
1639 2215 1769 2281 post
1803 2210 1997 2281 ignem

335 2309 563 2381 integer
593 2306 866 2362 inventus
897 2307 1004 2358 est.

411 2399 500 2454 15.
535 2396 686 2453 Jona
715 2392 897 2466 igitur
915 2391 974 2446 in
997 2391 1337 2462 episcopatu
1363 2389 1555 2462 posito
1583 2387 1752 2443 multi
1771 2386 1998 2443 nobiles

334 2490 393 2542 et
423 2484 635 2542 saeculo
657 2479 1078 2554 exspectabiles
1110 2478 1217 2535 viri
1248 2476 1486 2549 cingula
1515 2478 1872 2548 deponentcs
1895 2475 2000 2530 mi-

334 2574 474 2632 litiae
511 2578 882 2643 veteremque
915 2585 1050 2625 cum
1083 2567 1208 2622 suis
1235 2567 1466 2623 actibus
1497 2565 1797 2621 hominem
1819 2563 1995 2634 exuti,

334 2663 394 2720 in
416 2662 619 2719 eodem
646 2659 773 2733 ipso
790 2658 914 2714 loco
941 2655 1190 2713 Domino
1207 2672 1270 2710 se
1292 2653 1613 2726 mancipari
1639 2653 1993 2726 gaudebant.

336 2754 596 2820 Quorum
627 2753 794 2823 pater
839 2747 970 2803 vita:
1018 2743 1369 2801 venerabilis
1413 2743 1712 2800 Heriricus
1762 2741 1998 2798 nomine

335 2843 562 2898 dudum
592 2855 797 2912 regum
819 2834 1244 2902 amicissimus,
1272 2851 1338 2889 eo
1363 2836 1560 2890 autem
1581 2837 1844 2904 tempore
1873 2847 1998 2886 mo-

335 2931 548 2988 nastici
580 2927 804 2985 ordinis
835 2929 959 2983 erat
979 2923 1172 2980 cultor
1200 2921 1697 2988 ferventissimus;
1731 2919 1832 2992 qui
1862 2936 1998 2974 cum

336 3020 497 3076 omni
517 3017 732 3091 gaudio
753 3012 1048 3088 spirituali
1065 3029 1200 3068 cum
1225 3010 1652 3084 supplementis
1666 3009 1794 3063 vita:
1817 3007 1999 3078 hujus

337 3105 685 3165 necessariis
707 3103 1057 3176 potirentur,
1081 3116 1266 3154 unum
1299 3103 1422 3153 erat
1454 3097 1609 3169 quod
1651 3095 2001 3156 mmstitudi_

336 3213 472 3252 nem
499 3209 700 3248 eorum
723 3189 998 3246 cordibus
1021 3204 1135 3242 non
1159 3186 1452 3240 modicam
1473 3182 2000 3251 inferebat,videli-

2112 627 2218 684 ego
2248 611 2503 666 veridica
2533 610 2832 666 seniorum
2864 609 3144 666 relatione
3165 627 3526 683 cognoscens
3548 626 3774 683 nequa-

2113 716 2290 772 quam
2323 698 2556 756 silentio
2588 717 2800 772 passus
2833 715 2964 754 sum
2997 698 3314 766 abscondi;
3349 697 3553 771 procul
3585 699 3775 756 dubio

2111 790 2375 856 credens,
2408 789 2545 862 quia
2573 789 2680 844 etsi
2713 793 2853 844 sunt
2884 788 2997 844 rari
3031 805 3188 844 nunc
3220 787 3504 844 miracula
3552 788 3774 844 facien-

2111 883 2220 948 tes,
2252 878 2423 934 multi
2455 883 2650 934 tamen
2685 878 2742 932 in
2777 883 2980 932 sancta
3010 881 3150 932 sunt
3192 875 3473 944 Ecclesia,
3507 876 3609 950 qui
3643 877 3775 932 vitae

2113 967 2320 1022 merito
2381 967 2788 1040 operatoribus
2847 965 3266 1022 miraculorum
3327 965 3593 1037 dispares
3658 983 3772 1021 non

2113 1060 2270 1110 sunt.

2186 1147 2271 1199 17.
2302 1145 2592 1200 Ludovico
2625 1143 2894 1215 piissimo
2923 1145 3184 1216 Augusto
3219 1147 3306 1212 (ut
3335 1144 3658 1216 credimus)
3697 1163 3777 1200 re-

2112 1251 2228 1307 gna
2257 1233 2514 1289 cmlestia
2542 1239 2771 1306 petente
2817 1233 3128 1306 imperium
3182 1235 3536 1290 Francorum
3587 1234 3776 1289 armis

2112 1323 2210 1379 diu
2245 1323 2554 1396 qumsitum
2583 1322 3018 1394 atqueaCarolo
3035 1323 3166 1393 ejus
3186 1326 3346 1393 patre
3364 1323 3778 1394 multipliciter

2111 1417 2520 1486 propagatum,
2537 1430 2569 1466 a
2591 1410 2769 1466 nobili
2795 1409 2956 1467 illius
2978 1412 3238 1482 corporis
3259 1428 3542 1484 compage
3565 1411 3776 1467 multis

2111 1499 2450 1556 nationibus
2479 1503 2680 1554 coacta
2709 1499 2998 1555 trifariam
3030 1499 3330 1569 dividitur,
3360 1499 3775 1573 triarchesque

2111 1587 2216 1644 filii
2239 1588 2542 1644 constituti
2559 1587 2618 1643 id
2641 1587 2963 1660 regendum
2992 1586 3534 1660 sortiuntur.Major
3554 1589 3775 1644 horum

2112 1678 2425 1734 Lotharius
2458 1677 2765 1734 Franciam
2799 1692 2934 1732 eum
2986 1675 3171 1744 Italia,
3209 1678 3537 1733 Ludovicus
3588 1679 3774 1734 Saxo-

2111 1767 2271 1824 niam
2304 1783 2655 1839 omnemque
2687 1765 3084 1834 Germaniam,
3118 1766 3359 1823 Carolus
3389 1767 3602 1823 Junior
3638 1768 3776 1824 Bur-

2111 1857 2393 1930 gundiam
2426 1873 2560 1912 cum
2593 1856 2903 1928 Bquitania
2935 1856 3214 1928 possedit.
3249 1857 3372 1923 Quo
3411 1856 3618 1914 Carolo
3656 1874 3772 1913 non

2109 1945 2417 2002 minimam
2448 1945 2610 2018 regni
2642 1949 2868 2018 partem
2901 1946 3350 2014 assecuto,dum
3376 1945 3614 2002 fortuna
3637 1963 3774 2002 cum

2108 2035 2427 2090 infortunio
2461 2034 2731 2101 alternat,
2758 2035 2918 2106 regni
2953 2036 3082 2106 ejus
3104 2037 3295 2091 status
3316 2034 3506 2107 primo
3528 2035 3774 2108 quidem

2108 2124 2402 2180 intestinis
2426 2123 2715 2180 bellorum
2733 2123 3023 2190 cladibus,
3038 2125 3416 2196 postmodum
3434 2141 3569 2180 vero
3591 2130 3778 2181 exter-

2111 2213 2202 2270 nis
2234 2213 2588 2269 tumultibus
2612 2217 2888 2285 gravatus
2918 2213 3383 2286 proﬂigatasque
3432 2219 3541 2272 est.
3580 2214 3774 2270 Duces

2107 2303 2322 2358 etenim
2347 2301 2445 2374 qui
2470 2303 2616 2358 fines
2639 2302 2870 2374 imperii
2895 2303 3046 2358 tueri
3070 2302 3569 2372 debuerant,dum
3591 2303 3775 2360 rebus

2107 2390 2524 2448 communibus
2555 2389 2780 2463 privata
2821 2391 3024 2464 jurgia
3073 2395 3443 2464 praeponunt,
3471 2396 3652 2464 atque
3701 2391 3774 2447 ob

2109 2480 2167 2536 id
2201 2480 2491 2536 mortibus
2521 2485 2578 2536 et
2607 2479 2831 2552 rapinis
2862 2497 2992 2536 sese
3023 2479 3406 2549 insectantur,
3439 2479 3638 2536 locum
3671 2481 3771 2536 de-

2107 2569 2245 2626 dere
2256 2569 2544 2638 barbaris,
2559 2585 2676 2641 quo
2692 2568 3007 2640 imperium
3026 2569 3264 2642 regibus
3282 2569 3514 2643 inclytis
3529 2574 3771 2642 partum

2107 2662 2165 2714 et
2195 2662 2280 2713 tot
2311 2656 2542 2714 saaculis
2571 2655 3017 2712 formidolosum
3051 2655 3770 2729 rapinisetincendiisipsi

2107 2747 2746 2803 dehonestarent.lnter
2766 2747 3145 2802 Lambertum
3165 2745 3323 2802 enim
3341 2750 3396 2803 et
3414 2745 3771 2802 Rainoldum

2109 2837 2210 2908 qui
2239 2833 2522 2892 Neustriaa
2555 2835 2700 2890 fines
2729 2851 2935 2890 versus
2966 2835 3263 2890 Oceanum
3286 2834 3769 2907 regebant,longa

2108 2922 2482 2988 concertatio,
2515 2928 2764 2994 utraque
2796 2921 3044 2995 perditio
3075 2923 3275 2994 patriae
3321 2923 3477 2979 latus
3527 2924 3772 2989 detexit,

2107 3029 2211 3086 per
2239 3011 2392 3084 quod
2437 3010 2632 3066 clades
2679 3027 2924 3082 regnum
2976 3011 3332 3068 Francorum
3384 3011 3772 3085 profligatum

2108 3100 2299 3172 primo
2326 3098 2540 3154 infecta
2559 3103 2669 3153 est.
2692 3100 2770 3153 Ae
2792 3098 3053 3170 primum
3073 3099 3162 3152 vis
3185 3099 3496 3156 Britonum
3518 3100 3772 3156 limitem

2105 3192 2494 3258 transgressa,
2511 3185 2815 3258 antiquam
2833 3186 2978 3241 Nam
2987 3185 3235 3241 neticam
3251 3186 3496 3259 (Nautes)
3511 3191 3607 3244 An
3616 3191 3774 3262 dega-

337 3283 592 3356 eetquod
615 3293 856 3350 corpore
876 3275 1104 3350 patroni
1125 3275 1215 3330 sui
1242 3271 1542 3328 Maximini
1562 3272 1994 3327 fraudarentur.
2026 3264 2069 3330 C
2107 3291 2461 3347 vensemque
2491 3275 2736 3348 (Angcrs)
2769 3275 3056 3348 regiones,
3092 3275 3772 3350 Meduanam(Maycnnc)

339 3371 628 3431 Ludovico
643 3369 840 3440 itaque
862 3366 1185 3437 imperante
1211 3360 1507 3418 Heriricus
1527 3360 1710 3416 abbas
1731 3376 1864 3415 cum
1888 3360 1998 3416 fra-

335 3463 528 3520 tribus
560 3456 842 3533 palatium
874 3453 1019 3528 petit
1043 3469 1258 3524 corpus
1288 3449 1442 3506 beati
1477 3449 1672 3504 Patris
1695 3448 1994 3504 Maximini

337 3547 834 3627 sitpostulaturus,
858 3542 1178 3614 itidemque
1232 3539 1380 3596 alias
1426 3537 1712 3594 utilitates
1743 3537 1853 3593 loci
1883 3538 1997 3594 sibi

339 3637 639 3700 commissi
670 3651 785 3692 non
819 3632 1217 3706 neglecturus.
1253 3629 1576 3702 Imperator
1611 3644 1744 3682 vero
1800 3628 1998 3683 favens

337 3729 434 3787 his
463 3725 867 3802 petitionibus,
885 3723 1120 3777 evocato
1157 3719 1306 3776 Jona
1327 3717 1624 3790 episcopo,
1633 3715 1818 3788 jussit
1837 3716 2000 3772 reddi

339 3834 572 3893 corpus,
607 3814 764 3888 quod
795 3828 930 3869 cum
961 3825 1174 3881 magno
1206 3807 1421 3880 gaudio
1454 3825 1487 3862 a
1516 3806 1642 3862 loco
1664 3805 1998 3878 sepulcrali,

339 3911 401 3966 in
433 3923 549 3980 quo
577 3905 635 3961 id
657 3903 1001 3975 Sigobcrtus
1022 3898 1336 3971 episcopus
1357 3898 1444 3967 (ut
1457 3897 1584 3969 jam
1607 3895 1888 3965 diximus)
1911 3895 2005 3950 de-

339 3997 616 4071 posuerat
645 3990 956 4056 elevatum,
990 3991 1164 4059 atque
1193 3986 1264 4041 ad
1299 3984 1654 4042 Mieianense
1703 3988 2004 4040 monaste-

340 4087 495 4144 rium
526 4096 662 4139 cum
693 4078 927 4136 ossibus
949 4077 1203 4131 duorum
1228 4075 1356 4145 ejus
1377 4073 1804 4146 discipulorum
1823 4073 2007 4130 Theo-

343 4171 552 4230 demiri
585 4167 808 4226 scilicet
840 4169 1016 4236 atque
1069 4162 1394 4229 Maximini,
1427 4178 1682 4233 quorum
1733 4161 2004 4234 superius

345 4260 713 4320 mensionem
745 4254 1075 4330 posuimus,
1111 4250 1399 4324 perlatum
1429 4255 1536 4306 est.

415 4351 504 4407 16.
535 4349 617 4405 De
643 4343 920 4403 Hciririco
952 4346 1148 4399 autem
1175 4341 1385 4398 abbate
1416 4338 1755 4407 venerabili,
1781 4340 1880 4412 qui
1913 4338 2006 4395 his

345 4437 714 4512 temporibus
747 4438 835 4503 (ut
864 4431 1085 4505 praefati
1107 4433 1338 4497 sumus)
1361 4427 1485 4485 loco
1507 4427 1840 4486 Mieiacensi
1865 4445 2008 4500 pra-

345 4526 647 4596 erat,illud
671 4525 856 4582 fertur
877 4518 1166 4588 mirabile,
1183 4518 1323 4591 quia
1344 4534 1480 4574 cum
1505 4521 1810 4590 aegrotaret
1849 4517 2005 4588 apud

2107 3364 2351 3421 fluvium
2383 3381 2570 3436 usque
2603 3381 2722 3420 sum
2755 3363 3015 3418 barbarae
3049 3364 3314 3420 subdidit
3344 3365 3578 3424 ditioui.

2180 3453 2247 3508 18
2301 3453 2342 3508 Ε
2372 3453 2616 3526 vestigio
2649 3469 2792 3525 gens
2818 3452 3214 3509 Normannica
3233 3453 3446 3528 vagina
3467 3473 3593 3511 suae
3619 3454 3774 3514 habi-

2106 3541 2346 3598 tationis
2377 3557 2613 3614 egressa
2644 3558 2758 3597 non
2793 3559 2954 3597 more
2975 3542 3362 3614 piratico,sed
3383 3541 3564 3601 libere
3591 3550 3772 3602 terra:

2109 3631 2495 3704 pervavendo,
2529 3631 2669 3686 dum
2702 3647 2873 3686 nemo
2907 3631 3148 3700 resistit,
3181 3649 3421 3688 omnem
3454 3647 3624 3690 oram
3657 3651 3776 3690 ma-

2111 3719 2370 3775 ritimam
2428 3719 2733 3787 incendiis,
2788 3719 3030 3792 rapinis,
3065 3719 3345 3792 omnique
3406 3721 3772 3778 crudelitatis

2112 3825 2320 3882 genere
2371 3807 2786 3865 miserabiliter
2833 3809 3106 3865 confecit.
3140 3809 3403 3882 Denique
3436 3811 3530 3867 die
3561 3809 3769 3868 nativi-

2112 3899 2250 3953 tatis
2267 3898 2325 3953 S.
2344 3896 2590 3953 Joannis
2613 3897 2887 3969 Baptista:
2909 3898 3114 3953 urbem
3132 3897 3541 3955 Namneticam
3564 3901 3774 3956 adorsa

2113 3989 2467 4054 concremat,
2511 3991 2568 4041 et
2617 3985 3006 4042 Gunhardum
3059 3985 3136 4058 (S.
3171 3985 3406 4056 Gohard)
3463 3985 3769 4060 praesulem

2114 4075 2298 4132 sacris
2331 4074 2649 4130 missarum
2694 4073 3000 4130 solemniis
3049 4074 3340 4132 intentum
3388 4093 3568 4150 super
3616 4090 3771 4132 aram

2117 4163 2366 4221 Ferreoli
2423 4163 2702 4236 martyris
2731 4180 2858 4235 quae
2891 4168 2981 4218 est
3011 4163 3082 4218 ad
3117 4161 3319 4220 lmvam
3352 4165 3492 4222 tedis
3524 4165 3589 4221 Β.
3625 4162 3769 4220 Petri

2116 4251 2365 4326 apostoli
2385 4253 2591 4308 matris
2605 4251 2864 4308 ecclesia:
2881 4253 3148 4323 ejusdem
3167 4253 3424 4310 civitatis
3441 4254 3767 4317 obtruncat,

2117 4341 2588 4413 bacchantesque
2619 4357 2722 4414 per
2751 4339 3034 4413 populum
3068 4340 3214 4397 nulli
3235 4343 3388 4398 mtati
3413 4342 3766 4415 parcendum

2117 4434 2348 4502 putant.
2385 4429 2516 4501 lpsa
2547 4429 2691 4485 urbe
2721 4429 2962 4486 incensa
2990 4433 3160 4498 (anno
3181 4431 3311 4499 81:3)
3342 4447 3476 4486 cum
3499 4430 3662 4486 omni
3685 4444 3771 4485 su-

2118 4517 2392 4591 pellectili
2424 4518 2674 4574 civitatis
2697 4522 2753 4573 et
2773 4517 2981 4591 grandi
3005 4518 3366 4592 captivorum
3397 4518 3767 4574 multitudine

345 4617 736 4675 Corbionense
761 4606 1505 4686 (Corbion),monasterium
1527 4605 1866 4662 inﬁrmitate
1893 4622 2008 4676 qua
2038 4623 2085 4687 Β
2117 4607 2177 4662 in
2209 4605 2467 4662 insulam
2498 4605 2819 4678 quamdam
2870 4607 3134 4662 ccenobio
3165 4607 3223 4664 S.
3262 4606 3536 4664 Florentii
3591 4605 3766 4664 conti-

345 4712 402 4762 et
431 4706 596 4773 obiit,
615 4707 851 4761 fratrem
887 4701 997 4756 sibi
1031 4697 1379 4754 familiarius
1401 4696 1780 4752 inhaerentem
1811 4711 2008 4750 evoca-

345 4795 491 4850 verit
523 4792 778 4864 persicas
799 4791 908 4846 sibi
935 4786 1449 4861 perquirijubens.
1469 4785 1632 4850 Quod
1665 4801 1800 4840 cum
1831 4784 2010 4839 frater

349 4881 662 4935 miraretur
689 4895 824 4934 eum
847 4884 1082 4948 tempus
1106 4876 1158 4930 id
1185 4873 1514 4929 inveniendi
1539 4890 1654 4928 non
1677 4877 1852 4939 esset,
1869 4872 2011 4944 quia

349 4969 475 5024 dies
506 4967 960 5039 Epiplianiorum
994 4970 1161 5020 erant
1194 4981 1206 5018 :
1243 4963 1418 5029 Vade,
1453 4963 1553 5031 ait,
1579 4967 1710 5034 post
1741 4967 2004 5034 cryptam

351 5055 713 5122 monasterii,
747 5060 804 5109 et
835 5055 989 5124 quod
1038 5052 1328 5106 inveneris
1359 5052 1537 5106 defer.
1563 5052 1761 5106 Frater
1810 5055 2008 5106 autem

351 5143 450 5200 ille
471 5161 585 5198 non
618 5159 722 5213 spe
753 5141 1080 5195 inveniendi
1113 5140 1210 5193 sed
1255 5139 1700 5212 importunitate
1742 5139 2012 5210 jubentis

351 5231 723 5298 devictus,ad
751 5229 1042 5300 designati
1075 5229 1181 5282 loci
1217 5229 1482 5282 arborem
1515 5227 1782 5296 accessit,
1815 5227 1874 5282 in
1895 5244 2013 5300 qua

356 5328 477 5378 tres
509 5321 670 5376 mirae
694 5319 904 5390 speciei
942 5317 1198 5388 persicas
1230 5316 1472 5381 invenit,
1505 5333 1755 5388 quarum
1791 5316 2014 5372 similes

355 5429 461 5467 suo
483 5416 746 5480 tempore
778 5407 952 5462 arbor
983 5405 1079 5459 illa
1103 5422 1406 5476 nunquam
1431 5405 1691 5458 ediderat
1715 5421 1728 5458 :
1755 5421 1901 5476 quas
1923 5422 2014 5460 ce-

353 5495 1115 5564 leriterexliiuitaszegrotus
1129 5492 1456 5563 suscipiens
1470 5493 1852 5564 omnipotenti
1877 5494 2012 5562 Deo,

357 5593 570 5646 sancta:
594 5583 859 5641 videlicet
880 5579 1152 5637 Trinitati
1177 5581 1394 5652 gratias
1415 5580 1686 5649 reddidit,
1703 5585 1761 5635 et
1795 5581 1864 5636 de
1901 5583 2020 5638 fru-

355 5683 455 5738 otu
488 5677 811 5736 memorato
831 5668 1196 5747 prmgustans
1220 5686 1354 5726 cum
1378 5668 1584 5725 fratres
1614 5668 1885 5749 ﬁliosque
1915 5671 2022 5732 Do-

2118 4711 2300 4768 gnum
2333 4697 2724 4760 revertuntur,
2761 4693 2962 4766 ibique
2994 4693 3444 4750 contubernium
3485 4695 3763 4756 statuunt,

2119 4783 2405 4855 quidquid
2463 4782 2676 4837 alicubi
2737 4783 3215 4855 deprzedarentur
3273 4799 3340 4838 eo
3390 4784 3762 4839 conferentes.

2120 4871 2379 4926 Primum
2413 4871 2651 4943 quidem
2674 4871 2969 4944 imperitia
2990 4874 3291 4944 equitandi
3317 4871 3610 4945 longiores
3631 4874 3768 4924 veta-

2118 4962 2218 5016 bat
2249 4977 2565 5027 excursus;
2601 4961 2671 5016 ad
2707 4966 3071 5032 postremum
3104 4979 3234 5017 vero
3266 4979 3332 5017 eo
3365 4979 3475 5016 usu
3507 4959 3766 5016 exercita-

2119 5050 2298 5104 tiores
2329 5066 2442 5104 non
2469 5048 2661 5104 solum
2686 5066 2934 5122 qumque
2958 5050 3230 5119 ﬁnitima,
3247 5051 3345 5105 sed
3367 5050 3568 5123 procul
3594 5046 3767 5122 posita

2119 5143 2532 5211 pervagantur,
2568 5138 2828 5193 cwdibus
2871 5139 3176 5211 opplentcs
3203 5139 3401 5194 omnia
3432 5141 3601 5212 (anno
3630 5135 3762 5203 853).

2125 5228 2341 5284 lterum
2391 5243 2528 5300 ergo
2578 5225 2826 5283 navibus
2875 5229 3215 5284 conscensis
3275 5228 3531 5283 Turonis
3582 5238 3763 5300 perva-

2124 5317 2294 5384 dunt,
2354 5331 2571 5388 perque
2630 5314 2858 5371 alveum
2931 5317 3154 5390 Ligeris
3213 5318 3285 5372 ad
3355 5314 3762 5373 monasterium

2126 5405 2314 5460 Patris
2373 5404 2676 5460 Maximini
2729 5404 3120 5476 perveniunt:
3158 5407 3312 5479 quod
3373 5423 3626 5462 vacuum
3668 5401 3762 5456 h0-

2126 5493 2388 5549 minibus
2419 5493 2794 5566 reperientes,
2814 5511 3060 5566 quicque
3084 5494 3452 5550 occurrentia
3473 5491 3758 5566 diripiunt.

2127 5589 2184 5639 et
2215 5584 2286 5638 ad
2318 5583 2596 5638 ultimum
2629 5583 2864 5638 admoto
2898 5583 3031 5656 igne
3061 5601 3096 5640 a
3125 5590 3288 5656 parte
3319 5583 3566 5640 australi
3596 5575 3762 5638 Eccle-

2131 5671 2280 5731 siam
2303 5673 2645 5730 comburere
2674 5677 2984 5731 conantur.
3009 5674 3120 5732 Sed
3155 5678 3421 5734 servante
3443 5689 3511 5732 eo
3534 5671 3632 5749 qui
3659 5678 3760 5725 non
