3906 6352
101 439 214 503 805

1097 441 1334 505 LIBER
1379 445 1479 506 DE
1525 445 1952 512 MIRACL'LIS
2002 452 2066 512 S.
2102 449 2503 515 MAXIMINI.

3394 463 3511 525 806

100 575 304 632 dormit
325 590 510 662 neque
541 572 842 643 dormitat,
871 574 970 648 qui
999 577 1259 632 custodit
1282 576 1477 644 Israel,
1510 578 1749 649 ncquid-
1777 581 1832 646 Α
1862 580 2015 636 rium
2041 599 2226 655 usque
2259 586 2555 654 conducit,
2590 593 2646 644 et
2675 587 2735 643 in
2765 589 3166 662 expulsioncm
3198 594 3394 651 ovium
3425 595 3515 652 Iu-

99 680 268 737 quam
322 664 420 719 diu
475 661 835 730 laborantes,
867 669 924 720 et
953 665 1111 720 omni
1146 667 1353 721 effectu
1388 666 1624 722 malitiae
1654 684 1746 722 (ια’

97 758 278 810 rentes
336 752 678 808 confusione
741 752 1001 824 adoperti
1059 754 1392 808 discedunt.
1454 755 1746 810 Hactenus

97 859 256 915 porro
285 840 532 897 intueri:
565 841 758 909 datur,
780 847 1003 914 quanta
1033 841 1344 914 vigilantia
1377 843 1543 899 Pater
1574 845 1745 900 Maxi-

97 932 281 988 minus
312 931 466 986 hunc
503 931 818 986 servaverit
844 930 1060 999 locum,
1089 949 1266 1003 quem
1291 950 1323 988 a
1343 932 1436 987 die
1459 951 1578 987 sua:
1608 951 1744 990 con-

97 1021 324 1077 ditionis
344 1020 523 1075 etiam
551 1025 809 1092 tempore
840 1021 1144 1076 barbarico
1171 1021 1408 1092 ignibus
1440 1041 1742 1094 nunquam

99 1109 418 1184 permjserit
456 1107 682 1162 violari.
731 1109 876 1162 Nam
909 1126 975 1163 ca
1005 1115 1352 1180 tempestate
1385 1111 1475 1165 vix
1506 1112 1743 1184 aliquod

97 1197 409 1253 cmnobium
435 1197 612 1251 totius
635 1197 939 1264 Ncustriae,
963 1203 1020 1252 et
1048 1216 1260 1269 magna
1283 1217 1349 1252 ex
1372 1206 1534 1270 parte
1565 1203 1741 1272 Aqui-

97 1287 255 1341 taniae
278 1303 487 1340 manus
512 1285 829 1358 impiorum
863 1287 1066 1353 evasit,
1100 1305 1234 1341 cum
1258 1295 1313 1342 et
1337 1289 1394 1343 S.
1423 1288 1653 1342 Martini
1687 1295 1743 1343 et

98 1375 236 1430 beati
260 1375 445 1430 Patris
468 1374 766 1430 Benedicti
799 1375 1154 1431 monasteria
1178 1377 1248 1430 ab
1271 1377 1356 1432 eis
1387 1378 1742 1450 conﬂagrata

97 1465 340 1521 sint.Sed
372 1481 545 1520 nemo
576 1468 842 1520 autumet
875 1481 967 1520 me
1000 1463 1056 1520 in
1085 1467 1371 1538 cujusque
1403 1467 1588 1522 sancti
1610 1485 1743 1540 sug—

95 1552 438 1625 gillationcm
459 1552 574 1611 ista
587 1553 864 1626 prosequi
881 1573 894 1622 ;
911 1571 1112 1610 verum
1127 1556 1195 1610 ad
1212 1555 1630 1613 demonstrand
1643 1575 1672 1612 u
1683 1573 1740 1611 m

93 1643 166 1713 pii
193 1642 367 1716 hujus
396 1642 586 1698 Patris
618 1644 916 1711 aifectum,
950 1643 1050 1715 qui
1083 1644 1449 1716 prospiciens
1511 1645 1741 1703 futuros

93 1749 254 1788 casus
281 1737 337 1788 et
367 1723 637 1804 tempora
668 1749 794 1804 qua:
827 1749 937 1788 sua
980 1739 1120 1788 sunt
1179 1735 1567 1805 quaerentium
1625 1752 1739 1792 non

93 1821 362 1877 sustinuit
410 1820 718 1878 aediculam
779 1837 947 1877 suam
1009 1821 1264 1892 amburi,
1300 1823 1608 1894 providens
1641 1830 1741 1879 aut

91 1911 175 1966 vix
201 1915 299 1967 aut
327 1910 668 1967 nullatenus
702 1927 831 1967 eam
859 1911 915 1966 in
950 1917 1175 1967 statum
1211 1911 1528 1984 pristinum
1570 1914 1740 1968 refor-
1770 1953 1819 2018 Β

98 2004 306 2056 metum
336 1999 429 2055 iri.

161 2089 238 2144 19.
265 2089 610 2163 IgiturAgio
633 2089 925 2162 cpisc0po,
961 2091 1070 2145 sub
1104 2109 1219 2163 quo
1252 2093 1454 2148 civitas
1483 2092 1740 2147 Aurelia-

99 2178 278 2235 nensis
327 2177 510 2235 semel
563 2179 848 2235 distracta
877 2180 1134 2235 secundo
1168 2181 1409 2236 incensa
1441 2187 1550 2250 est,
1585 2182 1740 2236 diem

96 2266 675 2336 obeunte,Walterius
697 2269 806 2341 (11)
831 2269 1118 2324 successit
1150 2269 1236 2324 vir
1267 2275 1637 2336 strenuus,et
1670 2270 1741 2324 ad

97 2371 319 2429 quaeque
367 2356 716 2430 perferenda
741 2356 872 2412 forti
909 2357 1106 2413 animo
1138 2362 1521 2430 praeparatus,
1557 2359 1656 2430 qui
1687 2364 1744 2413 et

94 2460 275 2502 muros
295 2446 465 2503 urbis
485 2446 794 2516 exstruxit,
811 2451 868 2503 et
897 2446 1053 2503 cives
1084 2451 1172 2503 tot
1202 2446 1470 2504 cladibus
1496 2449 1743 2504 miseros

97 2534 162 2590 ad
194 2534 589 2592 resistendum
619 2533 886 2591 barbaris
919 2535 1220 2592 animavit.
1255 2537 1358 2593 Cui
1391 2536 1744 2594 Trohannus

97 2622 370 2693 (Trannin)
401 2623 728 2679 succedens
784 2621 932 2678 nihil
983 2623 1191 2680 efﬁcax
1233 2624 1507 2692 ostendit,
1542 2641 1743 2680 verum

99 2711 298 2768 crudeli
321 2712 481 2768 exitu
502 2709 754 2784 posteris
777 2711 868 2767 sui
892 2711 1237 2768 memoriam
1261 2712 1742 2786 dereliquit.Nam

103 2798 314 2856 levitate
370 2801 558 2857 animi
618 2799 807 2856 multa
863 2805 1060 2869 utens,
1091 2799 1350 2873 plurima
1384 2801 1744 2860 temulentus

106 2887 226 2946 dare
251 2889 336 2946 vel
367 2887 716 2964 promittere
772 2887 983 2946 solitus
1011 2893 1158 2958 erat,
1193 2906 1321 2962 qum
1354 2889 1487 2946 vino
1519 2890 1744 2963 digesto

105 2977 316 3049 penitus
336 2977 823 3052 ignoraret.Hano
846 2978 1188 3050 auspicatus
1221 2977 1586 3035 occasionem
1613 2981 1742 3038 Fro-

104 3065 278 3124 dricus
307 3069 555 3141 quidam
604 3065 816 3122 nobilis
863 3065 1112 3122 clericus
1163 3068 1453 3140 quosdam
1487 3068 1743 3142 cpisc0pi

103 3156 438 3213 necessarios
468 3156 585 3214 sibi
635 3155 842 3212 ascivit
887 3160 1312 3228 cooperatores,
1342 3159 1746 3230 acccdensque

103 3249 216 3314 post
245 3263 468 3304 caenam
503 3246 577 3302 ad
608 3245 952 3318 episcopum
989 3247 1346 3318 quibusdam
1383 3246 1660 3304 laudibus
1689 3253 1746 3305 et

1857 685 1999 740 pum
2033 671 2230 728 saevire
2259 673 2434 746 cogit.
2471 675 2674 746 Itaque
2704 691 2838 732 eum
2871 677 3134 734 Wimaro
3165 681 3384 753 quique
3413 697 3514 754 po-

1859 757 2032 813 tiores
2053 760 2708 836 expelluntur,quinque
2729 769 2962 820 tantum
2988 773 3336 840 personatus
3357 768 3518 827 vilio-

1857 845 1937 901 ris
1959 847 2237 904 fratribus
2259 849 2793 925 derelictis.Sicque
2817 855 3268 912 Fredricusvoto
3288 857 3514 930 potitus

1857 951 2067 990 nomen
2091 938 2324 994 abbatis
2355 940 2898 1008 obtinuit,ofﬁcium
2921 943 3160 999 omnino
3186 943 3510 1001 declinans.

1855 1025 1966 1080 Eos
1993 1025 2208 1082 etenim
2241 1045 2386 1099 quos
2436 1028 2582 1084 inibi
2641 1029 2955 1102 reliquerat
3011 1031 3231 1086 ultima:
3289 1032 3514 1087 habens

1839 1114 2168 1185 .dejoctioni
2194 1123 2255 1170 ut
2279 1118 2694 1190 stipendiarios
2715 1119 2888 1192 sigilo
2914 1119 3128 1188 alebat,
3163 1123 3389 1177 cretei-is
3419 1122 3515 1177 bo—

1857 1203 1949 1257 nis
1982 1205 2216 1274 penitus
2248 1206 2496 1259 abrasis.
2532 1207 2640 1271 Qui
2693 1213 2918 1262 tantam
2967 1225 3106 1280 erga
3137 1227 3197 1264 se
3230 1209 3512 1265 duritiam

1856 1309 1969 1345 non
2006 1294 2256 1348 ferentes
2303 1295 2644 1367 episcopum
2705 1297 2946 1365 adeunt,
2978 1302 3037 1352 et
3066 1299 3362 1369 querelam
3392 1317 3513 1354 sum

1853 1380 2207 1436 calamitatis
2264 1399 2459 1438 coram
2494 1400 2560 1437 eo
2594 1385 2936 1456 deponunt;
2971 1403 3118 1457 quos
3148 1386 3245 1442 ille
3275 1387 3514 1444 omnino

1854 1470 2091 1541 sprevit,
2124 1475 2183 1524 et
2242 1487 2378 1526 cum
2438 1471 2660 1544 ingenti
2718 1473 2936 1545 injuria
2982 1491 3018 1530 a
3061 1480 3378 1548 conspectu
3407 1493 3515 1532 suo

1853 1557 1983 1628 ejici
2025 1558 2230 1629 jussit.
2266 1561 2374 1626 Qui
2407 1563 2729 1634 contempti
2765 1562 3190 1619 monasterium
3221 1569 3514 1637 repetunt,

1851 1652 1908 1702 et
1943 1647 2002 1702 Β.
2037 1647 2353 1702 Maximino
2386 1649 2741 1722 importunis
2774 1653 3082 1724 questibus
3114 1651 3364 1708 miseriae
3395 1672 3515 1711 suae

1852 1735 2220 1806 ingeminant
2266 1753 2491 1805 casum,
2529 1744 2586 1794 et
2617 1738 2799 1795 sacris
2832 1740 3129 1796 cineribus
3163 1740 3514 1799 inhaerentes

1852 1824 1965 1879 diei
1997 1830 2228 1880 noctem
2262 1825 2628 1883 continuant.

1921 1915 2009 1967 20.
2026 1913 2204 1970 Nocte
2231 1915 2428 1986 itaque
2453 1915 2708 1986 quadam
2731 1915 3057 1989 quiescenti
3079 1919 3355 1992 episcopo
3390 1921 3507 1978 duo

1877 2001 2140 2057 crribiles
2160 2003 2449 2058 assistunt
2467 2004 2594 2071 viri,
2630 2005 2834 2062 habitu
2857 2005 3139 2078 praeclari,
3173 2008 3389 2064 canitie
3421 2024 3509 2064 re-

1850 2092 2113 2144 verendi:
2135 2108 2288 2146 unus
2311 2091 2626 2165 episcopali
2646 2094 3120 2161 schemate,altcr
3149 2096 3330 2152 abbas
3361 2097 3514 2152 vide-

1852 2182 2044 2247 batur,
2079 2181 2177 2252 qui
2201 2183 2369 2253 quasi
2405 2183 2691 2239 rationem
2725 2201 2860 2239 cum
2893 2201 2958 2239 eo
2991 2201 3204 2257 ponere
3232 2186 3510 2244 videban-

1853 2275 1969 2335 tur,
2004 2287 2108 2324 cur
2140 2271 2187 2324 is
2221 2271 2484 2344 neglecta
2527 2274 2861 2329 animarum
2895 2273 3084 2330 salute
3115 2275 3338 2332 sanctis
3369 2274 3514 2332 locis

1853 2359 2128 2430 indignas
2179 2366 2538 2433 prmponerct
2589 2378 2890 2433 personas,
2925 2362 3027 2434 qui
3059 2361 3302 2419 luxuria:
3331 2369 3389 2420 et
3415 2381 3513 2422 vo-

1853 2446 2067 2519 luptati
2090 2465 2327 2520 operam
2351 2449 2576 2518 darent,
2600 2454 2658 2506 et
2689 2466 2822 2506 oves
2853 2450 3191 2508 Dominicas
3217 2453 3514 2509 morsibus

1853 2534 2127 2608 luporum
2152 2535 2460 2594 laniandas
2492 2539 2804 2612 eil‘ugando
2833 2541 3412 2598 contraderent.Cum
3439 2541 3514 2598 ad

1854 2621 1975 2678 hmo
2005 2622 2316 2696 episcopus
2357 2625 2608 2680 reticens
2667 2624 2815 2682 nihil
2869 2626 3222 2698 respondere
3277 2626 3512 2698 valeret,

1853 2712 2279 2785 aggrediuntur
2298 2729 2432 2768 eum
2458 2713 2678 2786 ﬂagris,
2703 2718 2760 2769 et
2787 2713 3209 2770 obscenissime
3237 2713 3512 2771 derelicto

1855 2801 2390 2873 abscedunt.Cujus
2419 2800 2778 2858 clamoribus
2808 2801 3016 2858 famuli
3041 2803 3276 2858 excitati
3299 2801 3514 2858 clamo-

1853 2889 1934 2944 ris
1957 2907 2167 2945 causas
2209 2889 2536 2962 inquirunt,
2564 2890 2774 2962 vixque
2803 2889 2874 2946 ab
2906 2907 2973 2946 eo
3006 2889 3380 2962 aliquatenus
3410 2908 3512 2948 co-

1853 2995 2132 3048 gnoscere
2167 2982 2516 3050 potuerunt:
2551 2978 2651 3034 sed
2683 2982 2915 3034 tantum
2946 2977 3100 3034 inter
3128 2977 3424 3052 singultus
3454 2983 3514 3036 et

1854 3068 2009 3123 anxii
2033 3067 2306 3122 tremoris
2331 3067 2604 3122 nutantia
2635 3067 2814 3123 verba
2832 3067 3138 3124 Evurtium
3168 3073 3226 3124 et
3246 3068 3513 3124 Maximi-

1854 3173 1998 3212 num
2032 3155 2471 3223 inclamabat,et
2491 3157 2812 3212 monachos
2831 3157 3058 3214 diutius
3087 3155 3512 3230 ingeminabat.

1856 3244 1944 3300 Illi
1965 3243 2358 3316 intelligentes
2382 3246 2643 3301 ascensis
2672 3245 2840 3318 equis
2861 3246 3286 3302 monasterium
3309 3246 3513 3302 eadem

102 3333 406 3392 urbanitate
423 3334 644 3408 eloquii
657 3335 785 3406 ejus
801 3333 1067 3390 animum
1086 3335 1196 3390 sibi
1215 3335 1527 3391 conciliare
1545 3337 1741 3410 cmpit,
1769 3319 1815 3389 C
1855 3333 2000 3390 hora
2019 3332 2247 3388 concito
2271 3351 2448 3390 cursu
2471 3338 2752 3406 expetunt
2765 3352 2778 3402 ;
2793 3335 2896 3390 sed
2910 3339 3228 3407 antequam
3239 3334 3514 3391 monachi

102 3421 418 3498 perlatoque
446 3424 585 3480 vino
617 3423 768 3479 inter
785 3423 1106 3480 bibendum
1127 3424 1198 3478 de
1216 3423 1341 3480 loco
1359 3425 1418 3480 S.
1441 3425 1744 3480 Maximini

101 3515 272 3568 motus
287 3517 374 3570 est
389 3511 866 3578 sermo.Quidam
887 3513 1045 3568 enim
1062 3512 1369 3569 Wimarus
1393 3513 1738 3583 monachus,

99 3601 184 3656 sed
201 3607 254 3658 et
270 3603 392 3676 ipse
415 3601 751 3660 secundum
775 3600 975 3657 saeculi
1001 3601 1347 3674 dignitatem
1367 3601 1562 3658 clarus
1583 3619 1741 3658 eum-

98 3687 213 3746 dem
265 3690 461 3748 locum
525 3691 838 3758 ambierat,
873 3695 929 3746 et
960 3691 1031 3748 ad
1065 3689 1262 3763 ipsum
1309 3691 1647 3748 Fredricum
1679 3709 1741 3746 se

98 3780 376 3837 conferens
433 3781 708 3838 effectum
769 3779 1048 3835 desiderii
1107 3778 1575 3852 praestolabatur.
1627 3781 1740 3836 Sed

98 3867 318 3925 consilio
340 3867 640 3926 Ermentei
675 3868 875 3924 fratris
907 3869 1022 3928 sui.
1045 3867 1352 3924 Fredricus
1385 3868 1440 3923 id
1474 3869 1738 3924 studium

98 3969 256 4013 causa
277 3958 546 4014 videlicet
575 3957 831 4013 Wimari
855 3957 1360 4030 derelinquens,ut
1391 3957 1503 4012 sibi
1537 3975 1742 4013 consu-

99 4040 224 4109 leret
252 4063 570 4121 aggressus
599 4051 709 4122 est,
741 4045 1088 4119 habensque
1120 4045 1441 4102 familiares
1479 4047 1737 4120 episcopi

99 4129 331 4191 fautores
354 4153 491 4192 eum
514 4135 661 4191 hora
681 4152 800 4208 qua
813 4135 942 4208 jam
965 4135 1190 4190 dictum
1213 4139 1322 4202 est,
1357 4135 1523 4201 adiit,
1553 4141 1610 4190 et
1643 4135 1740 4190 da-

99 4220 293 4278 tionem
346 4223 610 4298 prmdicti
665 4223 774 4281 loci
822 4224 993 4296 quasi
1027 4223 1438 4296 imaginariam
1470 4223 1582 4280 sibi
1615 4224 1738 4279 fieri

98 4313 334 4370 extorsit.
367 4314 450 4370 Ne
481 4313 629 4384 forte
673 4309 852 4370 etiam
899 4313 1213 4385 episcopus
1263 4313 1606 4386 paenitentia
1637 4313 1738 4368 du~

99 4402 212 4457 ctus
259 4401 317 4458 id
369 4418 586 4477 negare
640 4406 1042 4475 praesumeret,
1078 4399 1355 4458 baculum
1401 4401 1529 4472 ejus
1583 4401 1736 4459 furto

99 4495 399 4561 asportant,
429 4497 488 4550 et
528 4491 862 4548 donationis
921 4489 1174 4548 indicem
1207 4491 1266 4547 in
1297 4491 1623 4547 crastinum
1655 4507 1738 4546 re-

98 4584 326 4636 servant.
348 4581 546 4638 Altero
568 4585 766 4638 autem
789 4580 882 4638 die
904 4578 1281 4651 consurgenti
1312 4579 1584 4651 episcopo
1607 4580 1734 4636 offi-

1853 3423 2319 3494 peracccdercnt,
2353 3422 2665 3496 episcopus
2709 3439 2884 3478 carne
2917 3422 3146 3479 solutus
3170 3427 3280 3479 est.
3313 3423 3425 3480 Sed
3455 3429 3515 3480 et

1852 3513 1978 3584 ipse
2001 3511 2310 3568 Fredricus
2359 3529 2477 3566 non
2500 3511 2560 3566 in
2585 3510 2828 3584 longum
2858 3509 3090 3568 laatatus
3119 3515 3208 3568 est
3239 3528 3252 3565 :
3286 3528 3424 3566 nam
3454 3516 3512 3568 et

1851 3600 1978 3672 ipse
2007 3590 2369 3656 validissimo
2403 3604 2672 3672 arreptus
2704 3598 3186 3667 incommodo,do
3215 3616 3282 3655 eo
3314 3598 3373 3654 in
3391 3617 3508 3672 quo

1851 3689 2252 3756 incumbebat,
2285 3687 2555 3744 cxsilibat
2608 3691 2796 3743 stratu
2854 3688 2912 3742 S.
2958 3688 3341 3744 Maximinum
3393 3706 3510 3745 non

1850 3778 2152 3834 sustinens
2171 3776 2638 3833 insistentem.In
2660 3775 2752 3830 his
2773 3791 2910 3848 ergo
2929 3775 3285 3832 clamoribus
3306 3777 3512 3834 imma-

1848 3872 1980 3924 tura
2012 3870 2342 3940 praeventus
2375 3869 2562 3922 morte
2595 3881 2728 3922 cum
2762 3863 3085 3920 multorum
3115 3863 3312 3921 dolore
3345 3865 3512 3938 spiri-

1847 3961 1975 4012 tum
2008 3954 2316 4012 exhalavit.

2491 4043 2722 4100 CAPUT
2765 4042 2856 4098 IV.

2077 4139 2152 4190 Dc
2183 4133 2399 4190 Letaldo
2427 4133 2618 4190 abbate
2645 4141 2697 4190 et
2723 4134 2840 4207 ejus
2865 4134 3282 4190 successoribus.

1917 4225 1981 4278 21
1995 4223 2116 4278 .Ilis
2131 4224 2328 4296 itaque
2343 4222 2540 4280 taliter
2553 4221 3036 4292 multatis,defuit
3051 4223 3153 4296 qui
3165 4240 3232 4280 eo
3245 4227 3506 4296 tempore

1848 4318 2048 4369 contra
2052 4314 2076 4385 j
2086 4330 2154 4369 us
2169 4313 2596 4369 monasterium
2611 4311 2804 4370 locum
2817 4311 3219 4383 supradictum
3235 4312 3504 4379 ambiret;

1847 4403 1949 4458 sed
1964 4401 2173 4458 reversi
2193 4401 2412 4474 quique
2427 4400 2976 4473 adispersione,qua
2986 4399 3235 4472 dispersi
3252 4399 3502 4466 fuerant,

1845 4489 2040 4547 locum
2071 4489 2380 4561 rccipiunt,
2416 4490 2691 4561 profanos
2721 4493 2778 4545 et
2809 4487 3152 4544 temerarios
3203 4486 3503 4543 invasores

1846 4578 2046 4652 procul
2069 4577 2382 4650 expellunt,
2399 4581 2575 4648 atque
2595 4593 2625 4634 c
2648 4576 2772 4632 suis
2803 4591 2988 4630 unum
3019 4573 3244 4647 eligunt
3266 4575 3504 4630 nomine

97 4665 442 4726 ciosissimus
474 4669 643 4725 adest
689 4669 996 4724 Frcdricns
1026 4685 1130 4741 pro
1161 4666 1387 4724 collatis
1418 4673 1612 4741 grates
1645 4685 1730 4723 re-
1847 4666 2152 4724 Lctaldum
2173 4667 2362 4721 virum
2388 4665 2730 4733 nobilem,ct
2753 4663 3077 4720 secundum
3101 4663 3160 4717 id
3191 4665 3502 4735 tempusin

101 4757 362 4826 pendens,
397 4757 655 4830 denique
707 4761 915 4814 testem
967 4757 1244 4813 baculum
1289 4762 1731 4829 repraesentans.

97 4839 371 4902 Confusus
403 4847 738 4919 episcopus,
771 4851 829 4902 et
881 4846 1020 4919 quid
1084 4845 1284 4902 fecerit
1339 4847 1600 4918 ignarus,
1631 4846 1733 4901 sed

101 4928 454 4991 factiosorum
524 4935 916 4992 unanimitate
947 4936 1268 5003 convictus,
1302 4935 1501 4990 volens
1531 4935 1734 4990 nolens

98 5021 274 5077 tamen
295 5025 609 5081 consentit.
642 5025 713 5080 Et
745 5024 885 5097 quia
916 5025 995 5080 rei
1029 5023 1336 5079 familiaris
1369 5041 1503 5079 cum
1537 5023 1735 5096 inopia

99 5119 434 5182 perurgeret,
469 5113 679 5185 dapsili
711 5112 971 5169 convivio
1003 5114 1257 5168 donatus
1290 5114 1459 5167 firma
1480 5113 1606 5184 jam
1639 5130 1735 5168 au-

101 5197 343 5256 ctoritate
403 5203 671 5258 Fredrico
721 5208 920 5275 optata
977 5201 1292 5258 consensit.
1327 5205 1448 5268 Quo
1499 5203 1572 5257 ad
1622 5202 1736 5258 Mo-

101 5286 401 5343 nasterium
453 5289 719 5344 veniente
781 5288 1078 5347 Wlmarus
1137 5305 1271 5345 cum
1330 5288 1572 5362 reliquis
1628 5291 1738 5345 fra.

99 5368 268 5427 tribus
333 5377 532 5431 aditus
607 5377 944 5433 monasterii
1023 5375 1325 5444 claudunt,
1385 5381 1442 5432 et
1495 5379 1733 5434 venien-

100 5461 204 5514 tem
261 5461 474 5520 intrare
530 5482 646 5520 non
698 5466 920 5521 sinunt.
987 5466 1186 5537 Itaque
1261 5483 1396 5521 cum
1471 5465 1737 5540 indigna-

100 5545 240 5605 tione
293 5553 363 5608 ad
419 5553 760 5626 episcopum
817 5571 1105 5624 reversus,
1139 5571 1273 5610 eum
1325 5555 1396 5610 ad
1447 5562 1735 5612 monaste-

1847 4755 2051 4810 multis
2077 4753 2766 4824 solertem,abbatemque
2785 4751 3174 4808 constituunt.
3194 4753 3274 4808 Eo
3305 4757 3502 4808 autem

1845 4850 2106 4917 tempore
2153 4843 2247 4896 vix
2289 4842 2468 4914 aliqui
2503 4841 2924 4898 monachorum
2959 4840 3202 4896 inveniri
3237 4846 3505 4913 poterant

1845 4933 1944 5006 qui
1968 4932 2292 4988 secundum
2326 4929 2654 5002 regularem
2684 4931 2942 4985 viverent
2968 4929 3352 4986 sanctionem.
3375 4929 3504 4986 Flo-

1846 5022 1962 5077 ruit
1994 5025 2188 5078 autem
2235 5037 2300 5076 eo
2359 5025 2620 5091 tempore
2677 5019 2799 5075 Odo
2856 5019 3096 5075 omnino
3155 5018 3502 5076 venerabilis

1844 5113 2026 5167 abbas
2057 5128 2159 5182 per
2183 5127 2358 5181 quem
2389 5110 2532 5164 ordo
2561 5109 2922 5164 monasticus
2970 5108 3224 5164 rediviva
3253 5109 3375 5164 vice
3407 5126 3501 5164 re-

1845 5217 2082 5274 surgere
2109 5204 2334 5270 cceptus
2359 5203 2467 5253 est.
2486 5197 2617 5253 Fuit
2640 5197 2796 5252 enim
2818 5197 2907 5252 vir
2938 5197 3203 5254 moribus
3233 5197 3502 5270 egregius

1845 5295 1902 5346 ct
1917 5289 2075 5346 omni
2101 5287 2391 5360 sapientia
2422 5288 2764 5355 adornatus,
2785 5286 2884 5359 qui
2916 5291 2973 5342 et
3003 5286 3288 5360 plurimos
3317 5286 3502 5341 edidit

1845 5379 2112 5444 1ibros,in
2144 5377 2360 5449 quibus
2391 5376 2672 5432 studiosis
2697 5379 2754 5432 et
2783 5375 2920 5431 boni
2951 5375 3184 5449 cupidis
3210 5375 3500 5430 viventem

1844 5469 1936 5524 sui
1951 5466 2261 5538 dereliquit
2275 5465 2610 5538 imaginem;
2627 5465 2767 5537 quia
2778 5467 3117 5521 virsanctus
3129 5480 3498 5536 nequaquam

1845 5557 2014 5612 aliter
2045 5555 2235 5627 potuit
2265 5556 2472 5610 docere
2503 5571 2680 5626 quam
2711 5552 2874 5609 vixit.

161 5667 266 5758 (At!)
295 5669 512 5758 Agium
538 5671 739 5758 sedere
771 5671 1020 5758 coepisse
1051 5689 1204 5758 anno
1235 5672 1340 5727 843
1367 5678 1566 5730 censet
1599 5673 1841 5734 Carolus
1872 5673 2200 5758 Saussoyus
2232 5671 2291 5728 in
2323 5669 2427 5727 lib.
2458 5688 2515 5728 v1
2544 5667 2754 5728 Annal.
2785 5667 3121 5740 Aurel.,qui
3149 5665 3490 5723 Anselmum

102 5732 141 5814 Ι,
169 5732 403 5822 collocat
430 5741 583 5801 inter
609 5741 822 5822 Agium
853 5732 909 5801 et
935 5743 1284 5803 Walterum.
