3906 6360
351 384 468 446 807

1416 382 1617 446 LE'I‘A
1628 382 1755 444 LDl
1802 378 2299 442 MlCIACENSlS
2345 382 2718 444 MONACHI.

3670 386 3798 447 808

421 521 511 573 22.
547 518 696 573 Sane
746 522 876 590 post
924 516 1306 574 Trohannum
1354 518 1538 572 Berno
1570 516 1873 585 successit,
1907 515 2006 585 qui
2036 514 2094 585 Α
2124 520 2240 568 tem
2275 518 2520 570 fratrum
2547 517 2644 588 qui
2668 517 2811 570 inibi
2848 523 3271 586 remanserant,
3307 534 3410 589 per
3439 520 3802 575 ministrum

354 608 612 663 moriens
670 606 950 663 Anselmo
1001 608 1114 679 (12)
1164 607 1572 679 pontificatum
1613 605 1869 687 reliquit,
1903 619 2017 675 quo

351 697 666 752 decedente
687 695 1083 752 Theodericus
1107 693 1195 751 vir
1218 694 1474 751 industri
1486 714 1553 748 ns
1577 694 1879 759 successit,
1915 692 2013 764 qui

352 791 408 843 et
429 803 668 858 corpore
691 787 1414 857 venustissimusjuventa
1434 785 1825 850 alacer,vivax
1846 784 2014 855 inge-

350 875 535 941 nio,et
568 876 835 931 moribus
870 876 981 930 fuit
1015 875 1505 945 suavis.Contigit
1537 879 1729 928 autem
1764 873 2014 926 obeunte

350 964 590 1019 Letaldo
623 966 837 1020 abbate
881 964 1073 1019 locum
1111 965 1298 1019 Patris
1330 962 1633 1018 Maximini
1665 963 1722 1015 in
1756 959 2012 1032 episcopi

347 1047 690 1108 Theoderici
727 1053 1055 1108 dominium
1091 1053 1380 1107 devenire.
1416 1054 1597 1117 Quem
1656 1050 1846 1105 locum
1882 1067 2009 1120 spe-

347 1141 481 1197 ciali
512 1142 714 1199 dilexit
746 1148 1027 1209 amore,ct
1060 1142 1170 1196 nisi
1200 1142 1313 1195 heu
1344 1142 1355 1195 !
1390 1140 1534 1213 proh
1570 1140 1765 1194 dolor!
1802 1140 2009 1193 imma-

348 1236 481 1286 tura
530 1238 716 1286 morte
778 1236 1107 1303 prmventus
1168 1233 1332 1298 foret,
1371 1229 1725 1284 omnimodis
1781 1246 1915 1283 eum
1949 1228 2006 1281 in

346 1324 567 1376 statum
602 1322 864 1392 pristina:
896 1320 1201 1392 dignitatis
1234 1319 1636 1374 revoravissct.
1654 1318 1761 1371 Vix
1791 1317 2008 1373 etenim

346 1414 601 1481 quatuor
623 1409 793 1464 annis
817 1410 1159 1480 pontificatu
1177 1408 1622 1480 potitus.scdem
1636 1406 2008 1478 episcopatus

343 1499 712 1556 Ermentharo
760 1498 1094 1569 dereliquit.
1132 1497 1607 1553 Procurationem
1637 1512 1771 1551 vero
1803 1494 2007 1550 Micia-

346 1586 674 1645 censisloci
709 1588 951 1659 quidam
989 1586 1323 1641 Bothardus
1355 1584 1827 1649 administrabat,
1858 1582 2009 1639 inter

346 1694 523 1752 quem
554 1682 611 1732 et
638 1676 1016 1732 Benedictum
1049 1675 1305 1747 episcopi
1338 1672 1687 1728 Ermenthzei
1729 1673 2006 1745 praeposi-

344 1772 470 1822 tum
495 1767 565 1821 de
587 1764 712 1819 loco
735 1767 937 1818 eodem
959 1762 1256 1819 altercatio
1281 1763 1520 1835 grandis
1551 1768 1768 1829 exorta,
1790 1763 1902 1817 isto
1924 1761 2007 1817 in-

2126 603 2418 659 Benedicti
2442 603 2611 675 panis
2634 605 2883 660 dabatur
2905 606 3150 679 exiguus
3171 612 3227 661 et
3248 605 3510 679 pugillus
3533 607 3799 679 legumi-

2125 693 2374 760 nis,raro
2394 693 2617 761 vinum,
2644 698 2699 749 et
2722 696 2958 766 quando
2982 696 3038 749 id
3066 696 3319 750 dabatur
3339 713 3455 751 non
3481 694 3802 753 luxuriosa

2124 782 2377 836 dabatur
2405 799 2702 838 mensura.
2738 783 2893 839 Nihil
2926 783 3082 839 enim
3115 784 3441 840 officiorum
3475 786 3797 841 monachis

2122 871 2593 942 promittebatur,
2629 873 2726 927 sed
2763 890 3006 945 qumque
3039 875 3263 945 agenda
3297 875 3484 929 forent
3515 875 3796 932 ministe-

2124 958 2296 1013 riales
2330 959 2621 1013 Benedicti
2659 960 2856 1014 omnia
2889 961 3301 1032 procumbunt.

2192 1051 2279 1103 24.
2315 1049 2392 1103 Eo
2417 1053 2612 1103 autem
2639 1053 2897 1121 tempore
2929 1051 3170 1105 florebat
3203 1050 3346 1104 inibi
3377 1051 3464 1104 vir
3489 1050 3797 1105 venerabi-

2120 1136 2190 1191 lis
2216 1139 2620 1193 Gaudebertus
2655 1140 2889 1193 nomine
2921 1138 3265 1193 sacerdotali
3299 1139 3533 1210 quidem
3554 1138 3797 1211 prmful-

2118 1244 2261 1299 gens
2285 1226 2601 1294 schemate,
2627 1228 2820 1282 clarus
2842 1230 3181 1299 genere,sed
3214 1227 3426 1283 clarior
3459 1228 3794 1300 spirituali-

2120 1316 2231 1370 bus
2252 1320 2375 1369 erat
2400 1317 2604 1382 rebus;
2629 1315 2997 1389 habebatque
3032 1318 3270 1371 fratrem
3295 1316 3553 1388 junioris
3585 1318 3792 1372 adhuc

2118 1405 2304 1459 (etatis
2328 1405 2667 1459 Bernerium
2692 1405 3057 1477 nomine,qui
3076 1412 3131 1459 et
3148 1404 3270 1477 ipse
3288 1408 3677 1478 postmodum
3703 1408 3795 1461 vir

2118 1493 2393 1565 egregius
2418 1494 2607 1548 factus
2628 1497 2734 1559 est,
2760 1494 2861 1565 qui
2887 1493 3183 1550 communi
3208 1493 3446 1549 utilitati
3472 1494 3617 1549 nihil
3648 1512 3795 1568 pra)-

2118 1583 2458 1656 ponendum
2493 1581 2809 1654 aliquando
2844 1583 3185 1654 putavisset.
3221 1582 3288 1638 Hi
3321 1599 3455 1656 ergo
3488 1600 3622 1639 cum
3663 1584 3795 1656 qui.

2116 1672 2367 1727 busdam
2400 1671 2530 1727 aliis
2572 1671 2722 1726 hanc
2755 1673 3030 1727 miseram
3076 1673 3413 1728 servitutem
3464 1677 3784 1745 gementes

2116 1761 2259 1815 inibi
2287 1761 2635 1816 residebant.
2652 1760 2824 1815 Porro
2847 1776 2914 1815 ea
2945 1765 3289 1833 tempestate
3321 1761 3561 1832 quidam
3594 1777 3784 1816 vene-

341 1856 550 1912 vadcre
569 1853 859 1927 cupiente,
877 1852 1057 1908 altero
1083 1854 1408 1919 resistente,
1426 1852 1696 1907 eumdem
1715 1851 1908 1907 locum
1932 1852 2002 1906 ad
2035 1886 2083 1950 Β
2116 1850 2316 1905 rabilis
2339 1851 2648 1921 cpiscopus
2670 1852 2904 1905 nomine
2929 1851 3277 1905 Benedictus
3300 1867 3333 1904 a
3354 1851 3660 1906 Britannis
3686 1851 3787 1905 ad-

340 1944 609 2001 ultimam
638 1958 825 2014 usque
860 1942 1249 2013 dejectionem
1273 1942 1759 2014 prostravit.Cum
1783 1941 2000 1995 etenim

337 2034 609 2089 homines
623 2031 730 2088 loci
748 2030 1106 2086 saeculariter
1125 2031 1377 2085 viverent
1391 2029 1789 2096 ,insimulandi
1808 2028 1998 2084 locum

338 2122 649 2178 Benedicto
683 2120 989 2176 dederunt.
1014 2119 1228 2174 Verum
1263 2119 1668 2173 Ermenthwus
1688 2118 1999 2190 episcopus

338 2209 692 2269 immodicus
716 2208 976 2263 animiet
1001 2207 1250 2262 nimium
1275 2219 1339 2262 c‘o
1363 2214 1624 2280 tempore
1656 2207 1851 2262 smculi
1880 2208 2001 2262 fau-

336 2304 450 2367 tor,
480 2296 953 2353 insimulationes
1004 2302 1207 2350 contra
1246 2298 1453 2351 fratres
1487 2296 1719 2351 habitas
1754 2296 2001 2351 libenter

338 2387 604 2453 audiens,
638 2403 841 2442 eorum
873 2386 1276 2440 contentiones
1309 2385 1788 2452 dissimulavit,et
1820 2390 1996 2439 certa-

339 2476 518 2531 minis
532 2492 734 2531 eorum
750 2473 999 2528 callidus
1014 2474 1437 2547 contemplator
1460 2475 1705 2529 accessit
1732 2490 1993 2541 securus,

337 2564 477 2637 quia
506 2565 685 2639 hujus
716 2562 1121 2618 controversia-2
1155 2562 1266 2619 sibi
1310 2567 1707 2618 concresceret
1740 2561 1992 2618 lucrum.

337 2656 461 2721 Qua
490 2654 562 2709 de
593 2670 652 2707 re
670 2657 867 2709 actum
886 2656 974 2707 est
991 2656 1057 2708 ut
1075 2652 1409 2707 Bothardus
1440 2670 1555 2707 non
1579 2652 1879 2707 sustinens
1901 2652 1998 2706 Be-

337 2742 553 2799 nedicti
576 2741 905 2797 calumnias
926 2741 1242 2807 cederet,et
1258 2741 1708 2814 quibuscunque
1727 2741 1995 2813 pretiosis

337 2832 513 2887 rebus
545 2829 761 2887 coactis
795 2830 865 2887 ad
900 2830 1171 2909 abbatem
1232 2831 1547 2902 quemdam
1606 2831 1737 2903 pagi
1780 2830 1993 2887 Bituri-

337 2921 534 2977 censis
562 2920 797 2976 nomine
847 2919 1246 2974 Raimundum
1281 2936 1341 2974 se
1371 2921 1676 2986 conferret,
1709 2920 1992 2974 damnum

336 3010 663 3067 maximum
714 3008 839 3063 loco
898 3007 995 3061 isti
1057 3008 1233 3062 rebus
1272 3006 1484 3063 ablatis
1512 3008 1834 3071 conferens,
1866 3013 1993 3062 tum

336 3098 591 3157 maxime
623 3098 776 3168 quod
810 3100 1097 3167 praecepta
1127 3112 1331 3167 regum
1365 3096 1741 3167 antiquorum
1774 3112 1899 3167 quia
1923 3096 1994 3150 de

335 3188 512 3242 rebus
542 3185 807 3256 ejusdem
840 3183 949 3238 loci
982 3184 1263 3238 munifica
1295 3189 1351 3237 et
1374 3184 1801 3255 pretiosissima
1824 3184 1996 3239 habeo

335 3275 572 3341 bantur,
608 3288 808 3329 secum
842 3272 1185 3344 asportavit.

404 3364 494 3419 23.
531 3362 705 3417 Porro
738 3361 1091 3416 Benedictus
1123 3376 1188 3415 eo
1219 3361 1521 3415 recedente
1580 3360 1747 3432 quasi
1798 3361 1856 3416 in
1904 3362 1996 3417 de-

335 3451 589 3509 solatum
621 3450 813 3505 locum
842 3465 968 3504 sese
1004 3449 1303 3515 infudit,et
1335 3448 1595 3503 habenas
1625 3466 1743 3504 suae
1776 3450 1995 3522 cupidi-

336 3542 475 3597 tatis
516 3540 687 3613 longe
735 3538 968 3611 lateque
1025 3539 1301 3610 porrexit,
1330 3543 1385 3593 et
1418 3555 1551 3593 cum
1583 3540 1742 3593 omni
1775 3539 1998 3595 familia

335 3631 526 3687 eidem
560 3647 620 3685 se
642 3629 767 3685 loco
791 3629 1065 3701 ingerens
1085 3634 1289 3700 suapte
1315 3628 1499 3684 vivere
1532 3630 1722 3700 coepit.
1758 3630 1902 3685 Nam
1936 3630 1995 3685 in

336 3720 614 3775 domibus
646 3719 893 3774 fratrum
927 3715 1159 3772 stabula
1190 3715 1495 3771 constituit
1526 3733 1833 3789 equorum,
1859 3717 1996 3772 hinc

336 3809 506 3864 sedes
537 3807 905 3878 accipitrum,
935 3806 1072 3861 hinc
1096 3806 1392 3877 pastiones
1425 3822 1659 3873 canum,
1693 3805 1829 3860 hinc
1860 3823 1995 3861 cum

336 3902 502 3953 scuto
538 3902 593 3952 et
623 3895 854 3968 virgula
884 3894 1166 3949 ludebant
1188 3895 1455 3964 juvenes,
1492 3894 1627 3950 hinc
1662 3901 1866 3968 arguto
1899 3912 1995 3967 pc-

336 3986 492 4041 ctine
514 3984 909 4058 personabant
931 3982 1369 4048 textrices,hinc
1402 3989 1719 4038 conventus
1752 3983 1995 4039 saecula-

337 4074 515 4142 rium,
534 4072 671 4127 hinc
694 4071 934 4125 domina
956 4070 1170 4143 populo
1202 4070 1622 4143 disprocedens
1655 4073 1872 4143 stipata
1902 4089 1997 4128 cu-

336 4161 464 4217 neis
494 4160 1002 4233 pedissequarum.
1039 4157 1180 4224 Quis
1209 4159 1632 4214 monachorum
1691 4160 1847 4215 inter
1874 4161 1995 4215 haec

335 4247 598 4305 viveret?
620 4248 753 4321 quis
785 4246 895 4302 hoc
924 4246 1385 4318 ignominiosum
1419 4248 1673 4303 dedecus
1705 4250 1996 4306 sustinere

335 4336 598 4395 valeret?
628 4336 980 4392 Benedictus
1012 4336 1229 4391 interea
1253 4353 1429 4407 super
1451 4336 1685 4409 Ligeriti
1708 4340 1781 4407 (le
1798 4340 1996 4407 Loiret)

337 4427 602 4484 fluminis
634 4443 796 4483 oram
831 4426 1074 4481 domum
1108 4425 1432 4494 constituit,
1470 4444 1645 4498 quam
1675 4444 1870 4483 casam
1897 4429 1998 4483 Mi-

337 4518 579 4575 randem
622 4515 865 4583 vocavit,
900 4521 965 4569 ut
998 4531 1102 4569 nec
1134 4514 1242 4585 ipsi
1277 4515 1500 4570 reditus
1532 4515 1783 4587 piscium
1817 4516 1994 4573 libero

2112 1940 2370 2007 veniens,
2396 1938 2585 1993 locum
2619 1939 2771 1993 hunc
2806 1940 2875 1993 de
2907 1956 3022 2010 quo
3056 1939 3224 1995 nobis
3256 1957 3447 1996 sermo
3480 1946 3589 2007 est,
3616 1942 3785 1997 datis

2111 2027 2350 2100 triginta
2403 2028 2774 2083 denariorum
2830 2028 2993 2083 libris
3026 2030 3098 2085 ab
3129 2031 3400 2102 episcopo
3441 2032 3606 2087 emit.
3648 2032 3786 2088 Fuit

2110 2124 2306 2171 autem
2332 2118 2483 2172 idem
2510 2122 2749 2173 sanctus
2772 2120 3083 2190 episcopus
3116 2120 3275 2174 omni
3308 2121 3497 2191 gratia
3528 2122 3786 2179 adorna-

2110 2212 2207 2261 tus
2227 2222 2437 2277 genere
2476 2206 2905 2272 nobilissimus,
2940 2214 3166 2263 statura
3196 2226 3493 2280 procerus,
3530 2226 3786 2282 corpore

2109 2296 2282 2361 sicco,
2304 2296 2581 2350 omnibus
2606 2296 2846 2367 spiritus
2870 2298 3040 2352 bonis
3067 2299 3483 2363 intentus,tum
3516 2302 3783 2355 maxime

2107 2385 2354 2440 orationi
2398 2384 2699 2451 assiduus,
2721 2386 2985 2457 synaxim
3021 2387 3357 2443 Davidicam
3390 2394 3529 2460 quot
3561 2389 3781 2445 diebus

2107 2472 2464 2546 persolvens,
2507 2479 2633 2529 tum
2667 2474 2874 2529 deinde
2907 2477 3117 2531 stando
3147 2477 3523 2550 Evangelium
3557 2495 3778 2533 secun-

2105 2563 2247 2618 dum
2279 2564 2565 2619 Joannem
2598 2564 2801 2620 ordine
2850 2567 3189 2621 memoriter
3220 2568 3492 2623 recitans.
3531 2568 3635 2623 llic
3672 2568 3777 2623 ha-

2105 2651 2235 2707 buit
2256 2652 2611 2710 avunculum
2636 2653 2871 2709 nomine
2895 2655 3368 2723 Gradilonem,de
3391 2674 3505 2730 quo
3524 2658 3774 2731 dignam

2106 2740 2412 2797 historiam
2439 2742 2510 2797 ad
2540 2759 2645 2797 nos
2670 2758 2855 2814 usque
2890 2743 3171 2815 perlatam
3207 2763 3320 2801 non
3354 2747 3460 2802 abs
3490 2763 3549 2801 re
3577 2747 3777 2802 credi-

2106 2846 2239 2884 mus
2272 2846 2589 2902 parumper
2616 2847 2903 2901 suspenso
2935 2834 3224 2888 sermonis
3255 2835 3539 2907 prepositi
3560 2835 3775 2891 ordine

2104 2917 2239 2973 huic
2272 2918 2432 2989 operi
2465 2918 2859 2975 inserendam.

2172 3007 2262 3059 25.
2285 3005 2430 3060 Cum
2463 3005 2620 3060 enim
2652 3004 2746 3060 hic
2779 3008 3227 3078 potentissimus
3261 3012 3567 3068 Britonum
3604 3013 3773 3079 foret,

2104 3093 2324 3149 relictis
2348 3093 2543 3149 saeculi
2566 3096 2797 3166 pompis
2820 3098 2890 3151 ad
2916 3103 3320 3157 monasterum
3357 3104 3453 3157 cui
3488 3103 3630 3159 Heri
3668 3104 3778 3175 (13)

2104 3181 2299 3238 insula
2320 3199 2531 3238 nomen
2556 3184 2860 3258 est,gratia
2891 3188 3349 3243 conversationis
3380 3191 3558 3246 venit.
3603 3193 3776 3249 Cum-

2105 3287 2217 3343 que
2242 3272 2442 3327 devote
2465 3278 2775 3345 susceptus
2798 3280 2970 3343 esset,
2989 3280 3043 3330 ct
3066 3276 3191 3348 ipse
3223 3278 3611 3337 devotissime
3644 3298 3774 3337 con—

2104 3362 2534 3427 versaretur,ob
2557 3364 2814 3435 corporis
2838 3364 3305 3423 imbecillitatem
3320 3374 3544 3424 semoto
3558 3371 3774 3442 jussus

2106 3456 2194 3506 est
2220 3450 2504 3506 habitare.
2540 3452 2713 3508 Porro
2774 3454 2948 3509 amici
2999 3455 3129 3525 ejus
3158 3456 3259 3526 qui
3294 3456 3433 3511 olim
3464 3457 3521 3512 in
3553 3458 3771 3515 saeculo

2106 3556 2239 3595 eum
2274 3540 2616 3609 dilexerant,
2653 3541 2840 3597 multa
2899 3559 3145 3599 munera
3187 3545 3236 3599 ei
3271 3546 3615 3618 mittebant,
3647 3565 3770 3621 qua:

2106 3629 2229 3702 ipse
2253 3630 2531 3685 fratribus
2555 3631 2611 3685 in
2640 3633 2996 3687 monasterio
3020 3633 3229 3704 positis
3264 3635 3504 3707 pulchre
3527 3639 3791 3711 dispen-.

2106 3721 2292 3775 sanda
2314 3721 2578 3775 curabat.
2604 3721 2832 3777 Fratres
2855 3728 3051 3777 autem
3075 3730 3351 3795 putantes
3383 3742 3515 3781 eum
3548 3727 3768 3782 multas

2107 3807 2319 3863 habere
2352 3809 2657 3881 pecunias,
2690 3816 2754 3866 ut
2814 3810 2990 3866 citius
3047 3817 3258 3867 cuncta
3316 3814 3427 3868 sibi
3488 3814 3766 3871 relicturo

2106 3897 2312 3969 grandi
2376 3899 2660 3969 parebant
2718 3900 3021 3971 obsequio,
3058 3900 3200 3956 nihil
3251 3904 3621 3962 necessitatis
3653 3922 3765 3958 non

2106 3986 2511 4059 supplebatur,
2534 3988 2634 4043 sed
2665 3995 2877 4043 cuncta
2901 3990 2970 4043 ad
3004 3995 3202 4046 votum
3236 3998 3445 4064 praesto
3475 4000 3667 4049 erant.
3698 3996 3766 4047 At

2102 4091 2239 4131 vero
2287 4092 2353 4131 eo
2404 4076 2628 4131 diutius
2679 4083 2887 4149 prmter
2931 4095 3095 4151 spem
3128 4079 3373 4149 vivente,
3398 4087 3454 4137 et
3482 4082 3765 4137 missione

2106 4164 2497 4236 pecuniarum
2526 4164 2848 4231 deficiente,
2904 4184 3023 4222 una
3052 4184 3284 4239 quoque
3316 4170 3561 4225 deficere
3594 4170 3765 4242 cmpit

2106 4255 2353 4309 fratrum
2380 4254 2681 4319 sedulitas,
2708 4260 2763 4309 et
2785 4256 3094 4329 frigescere
3116 4257 3291 4329 cmpit
3322 4257 3419 4313 illa
3449 4260 3764 4330 pecuniosa

2105 4341 2382 4399 Charitas.
2419 4344 2581 4409 Quod
2633 4343 2729 4398 ille
2778 4344 2877 4399 ubi
2936 4346 3371 4416 animadvertit,
3420 4346 3759 4419 hujusmodi

2105 4436 2438 4488 commento
2462 4434 2742 4489 adversus
2764 4434 3028 4490 crudeles
3052 4453 3196 4491 usus
3233 4440 3341 4491 est.
3377 4437 3624 4492 Evocate
3655 4435 3757 4491 sibi

2105 4521 2459 4577 familiarius
2483 4522 2799 4576 inhzercnte
2834 4523 3011 4578 fratre
3035 4524 3249 4596 ;jussit
3274 4542 3509 4580 arenam
3543 4529 3758 4581 secreto

336 4606 619 4662 fratribus
642 4603 1017 4660 deservirent.
1047 4605 1113 4658 Et
1133 4603 1273 4676 quia
1293 4604 1604 4676 cpiscopus
1627 4612 1836 4661 cuncta
1868 4609 1995 4679 ejus
2027 4619 2076 4684 D
2107 4610 2217 4666 sibi
2242 4610 2450 4665 deferri
2467 4610 2790 4682 etglareas:
2816 4612 3033 4683 quibus
3055 4612 3377 4668 allatisduo
3399 4614 3618 4669 scrinia
3640 4628 3756 4685 quae
3794 4640 3811 4655 ι

337 4695 580 4751 consilio
603 4693 933 4766 peragebat,
951 4693 1050 4747 dat
1080 4693 1129 4747 ei
1156 4693 1379 4747 invisus
1402 4694 1517 4747 Deo
1541 4694 1997 4768 consilium,quo

338 4783 555 4854 przedia
588 4799 794 4853 resque
828 4783 994 4837 beato
1031 4782 1179 4835 l’atri
1230 4782 1544 4836 Maximino
1575 4800 1607 4837 a
1640 4783 1875 4856 regibus
1904 4785 1990 4840 vel

338 4871 516 4926 etiam
548 4871 999 4941 quibuscunque
1032 4870 1304 4925 fidelibus
1338 4888 1440 4942 pro
1474 4872 1731 4927 remedio
1764 4874 1993 4928 anima-

340 4976 471 5014 rum
504 4975 743 5012 suarum
778 4959 990 5013 collata
1023 4959 1311 5014 militibus
1372 4961 1495 5014 suis
1546 4962 1862 5031 partiretur
1891 4979 1994 5034 pro

342 5045 526 5100 libito.
551 5046 713 5110 Quod
749 5051 805 5099 et
836 5048 1053 5100 factum
1080 5053 1188 5111 est,
1215 5048 1559 5119 primusque
1594 5049 1716 5120 ipse
1748 5067 1995 5121 quicque

342 5134 567 5206 potiora
599 5150 979 5204 prmsumcns,
1011 5134 1403 5201 Litimiacum,
1436 5155 1611 5207 quem
1636 5156 1733 5194 rex
1757 5139 1997 5195 Chlodo-

339 5239 483 5276 veus
503 5222 653 5276 Patri
686 5221 1002 5277 Maximino
1026 5222 1510 5291 indulserat,cum
1529 5226 1755 5281 cunctis
1773 5229 1841 5282 ad
1863 5247 1997 5283 eum

343 5309 793 5383 reSpicientibus
815 5310 925 5363 sibi
950 5311 1234 5379 vindicat;
1256 5313 1462 5368 dehinc
1495 5332 1598 5384 per
1619 5316 1875 5387 reliquos
1906 5337 1997 5374 sa-

342 5399 594 5454 tellitum
618 5397 968 5469 praediorum
994 5399 1145 5452 facta
1165 5400 1450 5455 divisione
1467 5403 1536 5456 de
1550 5403 1694 5472 ipsis
1710 5404 1994 5477 reliquiis,

344 5488 489 5543 nihil
523 5486 727 5557 reliqui
765 5486 1069 5540 monachis
1104 5487 1369 5541 relictum
1402 5494 1510 5543 est.
1548 5490 1871 5564 Unicuique
1903 5513 2000 5550 au-

416 5596 529 5667 (12)
558 5592 870 5673 Ansel‘mus
929 5591 1001 5645 ad
1063 5607 1285 5649 annum
1314 5594 1420 5649 930
1449 5596 1783 5668 pervenisse
1843 5603 1998 5673 apud

344 5664 699 5744 Sausseyum
730 5664 961 5740 legitur.

2109 4698 2323 4755 lectulo
2347 4701 2475 4770 ejus
2499 4700 2857 4771 prmstabant
2877 4700 3206 4772 complevit,
3228 4705 3283 4756 et
3314 4703 3480 4773 quasi
3504 4704 3603 4774 qui
3637 4716 3753 4773 pre-

2104 4791 2255 4845 tiosa
2286 4789 2828 4856 condiderit,firmis
2860 4788 3121 4845 clavibus
3152 4790 3461 4862 diligenter
3492 4788 3750 4845 munivit.

2106 4879 2241 4934 Post
2275 4878 2394 4931 haec
2417 4882 2650 4932 evocato
2676 4878 2887 4931 abbate
2911 4895 3015 4932 cur
3036 4884 3119 4933 tot
3143 4879 3350 4934 diebus
3367 4880 3455 4933 sui
3480 4876 3752 4934 visitatio-

2106 4983 2239 5023 nem
2296 4965 2633 5037 neglexerit,
2695 4969 2956 5022 modeste
3009 4969 3313 5040 perquirit.
3350 4972 3492 5023 Cum
3555 4970 3753 5023 abbate

2106 5057 2314 5110 fratres
2376 5055 2753 5121 intraverant,
2789 5057 2885 5127 qui
2920 5058 3123 5111 eadem
3153 5058 3371 5112 scrinia
3404 5063 3467 5111 ut
3497 5057 3754 5112 sederent

2106 5143 2366 5199 audituri
2417 5161 2544 5215 qurc
2580 5144 2915 5199 dicerentur
2945 5151 3144 5217 aptare
3178 5146 3503 5211 molientes,
3538 5148 3631 5202 vix
3660 5144 3753 5199 ali-

2109 5238 2402 5304 quatenus
2434 5248 2664 5287 movcre
2698 5239 3032 5305 potuerunt.
3060 5234 3223 5289 Unde
3255 5235 3490 5291 solliciti
3519 5235 3670 5308 apud
3700 5246 3753 5285 se

2109 5322 2420 5377 redeuntes
2477 5320 2713 5393 culpare
2774 5321 2998 5393 seipsos
3045 5329 3367 5396 creperunt,
3401 5341 3507 5379 cur
3538 5326 3751 5379 tantum

2106 5410 2298 5465 virum
2359 5409 2718 5481 neglexerint
2766 5411 2865 5481 qui
2916 5415 3002 5466 tot
3050 5412 3201 5467 bona
3255 5414 3407 5485 apud
3442 5430 3504 5467 se
3536 5409 3751 5468 condita

2109 5500 2228 5553 illis
2256 5503 2594 5554 reservaret.
2624 5498 2917 5553 Renovata
2950 5500 3147 5571 itaque
3179 5499 3579 5555 sollicitudine
3609 5491 3747 5554 omni

2180 5600 2499 5688 (itiiile'rio
2539 5603 2756 5688 insula,
2803 5605 3149 5688 vulgo_l’lsle
3176 5607 3241 5662 dc
3270 5608 3630 5682 Nmnontier,
3660 5614 3746 5659 seu

2109 5678 2169 5737 S.
2205 5677 2505 5735 Philiberti
2535 5677 2596 5735 in
2629 5678 2846 5735 finibus
2879 5677 3207 5739 Pictonum.
