3906 6370
153 456 262 520 809
1155 458 1387 517 LIBER
1435 459 1534 517 DE
1582 458 1695 517 ΜΠ

2052 465 2113 521 S.
2166 463 2536 523 ΜΛΧΙΜΙΝΙ
3434 468 3552 525 8ft)

153 610 276 648 cum
308 591 494 646 studio
527 595 584 645 et
614 606 753 646 cura
793 589 1068 646 alendum
1120 595 1457 662 procurant,
1492 590 1589 661 qui
1639 590 1790 645 infra
1818 594 1872 657 Α
1904 598 2009 662 est,
2045 612 2182 650 suos
2214 594 2418 652 exinde
2450 614 2581 651 cum
2617 597 2789 652 rebus
2820 597 3015 653 emisit
3063 596 3185 652 solo
3226 597 3387 653 Isaac
3419 604 3552 671 post

151 683 310 738 breve
363 684 597 753 tempus
658 676 932 736 collectus
985 680 1055 734 ad
1108 679 1423 735 Dominam
1477 678 1622 733 felici
1678 682 1791 734 fine
1902 683 2029 753 ejus
2062 684 2284 739 obitum
2318 690 2673 741 remanente.

151 768 372 845 quievit.
1968 776 2054 828 28.
2093 773 2295 845 Itaque
2341 780 2472 846 post
2525 775 2748 830 obitum
2797 774 2975 831 Jacob
3024 775 3301 849 episcopi,
3334 776 3547 835 oblatis

208 861 295 916 26.
328 859 458 913 Post
490 858 663 930 cujus
693 857 920 912 obitum
952 856 1171 929 quique
1209 857 1338 929 ejus
1389 855 1605 912 creduli
1662 855 1786 929 pel-
1899 858 2088 913 denuo
2120 860 2321 932 viginti
2356 860 2807 917 librisAlbertus
2830 862 3219 919 etAzenerias
3238 866 3542 922 Annonem

146 950 352 1015 lantur,
384 946 594 1003 cellula
624 945 935 1013 clauditur,
967 946 1035 1001 ab
1058 962 1203 1018 sque
1225 946 1381 1000 clave
1404 944 1619 999 scrinia
1643 962 1787 1000 rese-
1895 949 2281 1004 venerabilem
2301 950 2640 1006 Gemmetici
2664 952 2970 1023 (Jumit‘ges)
2996 948 3239 1008 emnobii
3266 954 3538 1010 abbatem

148 1042 355 1103 rantur,
408 1036 690 1091 reconditi
748 1035 1007 1090 thesauri
1064 1035 1451 1106 reperiuntur,
1498 1034 1786 1087 immensa
1894 1053 2069 1089 suum
2102 1037 2365 1093 videlicet
2392 1040 2626 1094 fratrem
2649 1046 2909 1109 evocant,
2933 1041 3245 1111 etjubente
3267 1043 3538 1116 episeopo

145 1125 350 1181 scilicet
371 1124 554 1179 moles
587 1139 773 1178 arena:
808 1123 951 1178 bene
986 1123 1217 1177 illorum
1253 1140 1581 1193 congruens
1606 1122 1785 1175 avari-
1838 1174 1841 1175 ν
1894 1125 2425 1181 Ermentlizeoidem
2445 1129 3107 1185 virvenerandusloeum
3129 1132 3535 1204 sapt-adiciam

145 1214 248 1282 tiae,
277 1214 373 1285 qui
405 1213 513 1268 rati
548 1213 621 1268 ab
653 1213 781 1283 ejus
814 1212 1085 1266 ministro
1134 1212 1398 1266 sublatos
1447 1211 1778 1278 thesauros,
1893 1213 1963 1266 ad
2001 1216 2317 1284 regendum
2353 1218 2594 1272 sortitus
2623 1224 2729 1273 est.
2763 1217 2944 1289 Cujus
2980 1219 3341 1291 temporibus
3364 1222 3530 1292 quasi

143 1302 559 1375 apprehensum
592 1318 725 1355 eum
760 1301 1006 1356 diversis
1049 1300 1385 1354 excruciant
1432 1298 1642 1353 modis.
1676 1300 1779 1354 Cui
1890 1300 2130 1371 quidam
2168 1302 2454 1359 redivivus
2486 1324 2635 1376 aeger
2664 1324 2697 1359 ει
2722 1304 2891 1377 longa
2931 1307 3271 1377 aegritudine
3321 1296 3534 1363 conva-

141 1391 405 1463 dejeranti
441 1407 576 1445 eum
611 1388 772 1443 nulla
801 1390 1179 1444 adhiberetur
1211 1390 1389 1443 fides:
1426 1388 1628 1443 Ducite
1663 1405 1775 1455 me,
1890 1388 2135 1457 leseens,
2172 1390 2325 1447 idem
2358 1392 2517 1447 locus
2549 1412 2581 1446 a
2612 1394 2955 1463 dejectionis
2973 1413 3089 1448 sum
3110 1395 3329 1449 vilitate
3352 1414 3536 1451 resur-

141 1482 231 1546 ait,
265 1481 333 1536 ad
367 1479 591 1535 domini
624 1478 737 1534 mei
770 1479 1126 1550 sepulcrum,
1155 1484 1212 1533 et
1234 1479 1420 1549 ipsius
1447 1477 1780 1548 requiratur
1886 1493 2021 1549 gere
2048 1496 2361 1551 aggressus
2393 1486 2499 1535 est.
2535 1482 2639 1536 Per
2667 1482 3003 1537 humenim
3025 1483 3412 1537 venerabilem
3436 1483 3537 1540 Pa-

138 1568 820 1635 testimonium.0uicum
847 1569 1522 1638 assentirent,venerunt
1544 1564 1776 1637 utrique
1886 1570 2034 1621 trem
2067 1567 2353 1640 regularis
2385 1570 2525 1624 ordo
2558 1570 2774 1625 nostris
2805 1570 3013 1626 diebus
3036 1570 3171 1627 huic
3199 1570 3323 1626 loco
3343 1572 3533 1644 primo

138 1659 202 1714 ad
219 1656 1457 1728 monumentum,elevataqueministerejus
1479 1671 1615 1709 voce
1638 1670 1772 1708 cum
1885 1654 2149 1710 invectus
2180 1656 2289 1711 sub
2322 1674 2387 1711 eo
2420 1656 2845 1713 ferventissime
2877 1658 3081 1730 viguit,
3112 1663 3170 1713 et
3200 1659 3248 1715 si
3276 1659 3333 1714 in
3357 1660 3532 1718 rebus

137 1742 262 1801 fletu
294 1762 307 1800 :
339 1745 463 1810 Eia,
486 1744 1114 1817 inquit,domne,quos
1136 1742 1443 1799 thesauros
1467 1739 1774 1813 reliqueris
1882 1742 2112 1798 adesset
2140 1749 2475 1816 paupertas,
2499 1745 2683 1800 virtus
2713 1748 2909 1802 tamen
2940 1745 3243 1802 charitatis
3262 1751 3318 1802 et
3338 1746 3533 1821 hospi-

135 1834 348 1902 edicito,
383 1838 440 1889 et
473 1833 522 1889 si
548 1834 724 1905 justa:
746 1837 885 1889 sunt
906 1849 1088 1905 pmnze
1111 1849 1256 1905 quas
1273 1831 1767 1904 patiorintimato.
1879 1830 2121 1886 talitatis
2153 1848 2281 1888 eam
2309 1838 2623 1906 contegens
2666 1832 2908 1902 celabat,
2941 1840 2998 1889 et
3029 1833 3285 1890 liberalis
3315 1836 3525 1893 obum-

133 1920 227 1977 Cui
257 1922 325 1978 de
352 1920 584 1978 tumulo
617 1926 884 1977 mortuus
924 1921 1225 1992 respondit
1257 1938 1269 1977 :
1305 1921 1678 1976 Innocentem
1710 1925 1767 1974 te
1799 1981 1846 1996 ﬁ
1880 1919 2088 1975 brabat
2117 1920 2412 1977 honestas.
2447 1921 2642 1978 Toties
2681 1922 2836 1978 enim
2885 1922 3140 1978 vidimus
3189 1922 3522 1996 hospitibus

134 2011 352 2083 quidem
383 2015 441 2067 et
473 2011 601 2067 sine
632 2026 809 2066 causa
839 1981 1129 2082 affligunt,
1164 2011 1265 2066 sed
1286 2009 1433 2065 tales
1455 2004 1767 2080 ele‘emosy-
1799 1981 1847 2047 B
1879 2009 2120 2081 largiter
2146 2010 2281 2064 vina
2303 2010 2803 2083 propinari,nobis
2826 2010 3102 2067 omnibus
3119 2027 3271 2082 aqua
3290 1981 3523 2068 conten-

132 2098 512 2155 nariitalibus
542 2098 835 2155 thesauris
866 2100 1105 2155 omnino
1136 2099 1296 2170 digni
1319 2103 1476 2154 sunt.
1498 2097 1659 2163 Quod
1683 2095 1767 2151 illi
1879 2098 1976 2165 tis,
2010 2102 2066 2151 et
2104 2103 2300 2153 tamen
2350 2116 2417 2155 ea
2466 2099 2588 2155 ﬁeri
2646 2099 2875 2154 cautela
2921 2103 2987 2154 ut
3034 2104 3347 2171 przesentes
3408 2100 3521 2173 ipsi

132 2187 415 2244 audientes
440 2186 612 2244 valde
641 2188 996 2243 consternati
1027 2192 1186 2253 sunt,
1212 2204 1315 2241 nec
1338 2188 1409 2242 ab
1431 2204 1496 2242 eo
1523 2186 1767 2241 alterius
1878 2185 2136 2256 hospites
2170 2186 2276 2241 hoc
2294 2187 2530 2243 omnino
2555 2188 2868 2253 nescirent,
2888 2188 2989 2243 sed
3007 2204 3210 2244 omnes
3230 2194 3292 2243 ut
3307 2206 3369 2245 se
3389 2190 3520 2244 vino

132 2275 438 2349 quidquam
474 2281 669 2348 petere
700 2281 1223 2349 prmsumpserunt.
1256 2276 1368 2330 Sed
1420 2274 1764 2329 Benedictus
1878 2273 2169 2328 delibatos
2202 2275 2581 2331 a-stimarent.
2606 2275 2861 2332 Diversis
2892 2280 3089 2332 autem
3111 2275 3301 2332 modis
3323 2277 3524 2334 aderat

130 2365 425 2438 episcopus
457 2381 647 2439 pauco
677 2365 994 2420 admodum
1030 2370 1289 2437 tempore
1318 2365 1376 2419 in
1410 2363 1533 2419 loco
1566 2361 1763 2417 Micia-
1876 2361 1975 2417 Dei
2010 2362 2218 2435 gratia,
2255 2381 2379 2435 quae
2414 2365 2745 2420 necessitati
2777 2370 3239 2433 cencarreret,et
3263 2366 3520 2438 inopiam

129 2454 272 2509 censi
302 2459 701 2523 conversatus,
735 2471 941 2509 rursus
972 2454 1221 2525 patriam
1273 2453 1517 2508 visitans
1548 2453 1607 2506 in
1642 2451 1763 2506 Bri-
1874 2454 1995 2505 tam
2021 2453 2355 2508 verecundae
2374 2452 2973 2510 charitatissolamine
2992 2456 3082 2509 sui
3105 2453 3366 2526 suffragii
3390 2454 3524 2510 sab-

127 2542 326 2596 tanniis
356 2559 627 2599 reversus
657 2546 764 2599 est.
1874 2537 2110 2608 levaret,
2144 2541 2246 2597 sed
2278 2546 2334 2596 et
2365 2558 2468 2613 per
2514 2542 2934 2599 miraculorum
2981 2542 3521 2616 frequentissimam

186 2633 269 2684 27.
300 2630 695 2703 Consequenti
748 2635 1011 2703 tempore
1061 2630 1240 2686 Jacob
1290 2629 1529 2701 quidam
1580 2629 1761 2683 abbas
1873 2628 2101 2699 copiam
2136 2634 2435 2699 respectus
2467 2630 2558 2685 sui
2584 2631 3011 2687 demonstraret
3040 2630 3520 2703 praesentiamﬂe

126 2720 606 2776 transmaritanas
653 2718 713 2774 in
762 2719 971 2793 patria,
1012 2736 1149 2775 eum
1199 2720 1259 2774 in
1309 2735 1457 2791 pago
1508 2718 1761 2772 Diturico
1872 2716 2088 2787 quibus
2110 2733 2296 2787 pauca
2317 2734 2471 2773 nunc
2493 2719 2885 2791 perstringere
2906 2719 3208 2791 cupientes
3226 2718 3388 2773 nulla
3409 2734 3517 2774 nos

129 2804 191 2876 (lc
217 2808 403 2880 Bcrry)
421 2811 885 2877 conversaretur,
903 2808 1059 2863 fama
1074 2812 1375 2879 permotus
1396 2807 1465 2861 ad
1486 2807 1760 2861 eumdem
1870 2807 2208 2859 narraturos
2249 2804 2501 2860 fatemur
2547 2823 2674 2877 quis
2722 2810 2824 2861 aut
2872 2807 2983 2877 ipsi
3015 2822 3131 2863 non
3171 2806 3513 2875 viderimus,

128 2892 302 2950 locum
344 2897 758 2952 Miciacensem
808 2895 1030 2952 scilicet
1075 2895 1252 2963 venit,
1287 2899 1343 2951 et
1370 2895 1574 2950 videns
1622 2911 1758 2949 eum
1870 2896 1971 2946 aut
2013 2892 2085 2946 ab
2134 2892 2225 2949 his
2284 2892 2383 2965 qui
2448 2893 2700 2949 viderint
2762 2893 2851 2948 vel
2917 2893 3139 2950 sincere
3205 2893 3517 2950 didicerint

127 2997 401 3040 ammnum
434 2989 503 3041 ut
546 2989 656 3054 est,
690 2984 843 3041 facta
890 3002 1026 3042 cum
1074 2985 1346 3057 episeopo
1394 2982 1757 3040 Ermentharo
1870 2980 2286 3052 acceperimus.
2329 2981 2473 3036 Hinc
2517 2981 2697 3054 igitur
2742 2983 2932 3037 soluto
2982 2982 3227 3038 rudente
3274 2983 3517 3039 carbasa

127 3074 410 3145 sexaginta
445 3073 737 3130 librarum
785 3075 1185 3141 conventione,
1218 3073 1428 3144 hisque
1477 3072 1758 3143 porrectis
1868 3074 2077 3123 nostra)
2119 3070 2470 3125 narrationis
2518 3076 2720 3126 sancto
2770 3070 3202 3127 committimus
3247 3072 3517 3145 Spiritui,

127 3156 299 3216 locum
330 3162 608 3218 eumdem
631 3162 881 3235 parietes
902 3179 1116 3218 vacuos
1138 3160 1360 3217 scilicet
1381 3161 1623 3216 sortitas
1644 3165 1753 3215 est.
1868 3162 1934 3214 ut
1965 3159 2036 3213 de
2093 3159 2412 3215 Maximino
2461 3177 2567 3215 suo
2626 3160 2912 3217 locuturis
2969 3159 3062 3217 sui
3117 3160 3371 3234 gratiam
3427 3161 3516 3217 in-

128 3245 1755 3321 MortuoautemCanano,S.Pauli(Leonensis)episcopo,
1868 3247 2076 3302 fundat
2120 3247 2287 3318 roris,
2318 3252 2493 3321 atque
2520 3249 2591 3304 ad
2642 3250 2954 3305 stationem
3002 3249 3185 3322 Optati
3235 3250 3517 3323 perducat

124 3336 321 3394 Alanus
343 3357 542 3397 comes
564 3339 758 3396 sciens
776 3339 957 3397 Jacob
976 3339 1195 3394 multas
1217 3338 1429 3394 habere
1451 3338 1753 3410 pecunias,
1788 3345 1831 3411 ρ
1865 3332 2099 3392 littoris.

121 3428 309 3483 eumin
322 3427 661 3485 decedentis
678 3428 802 3484 loco
820 3427 1123 3484 constituit
1140 3427 1238 3499 qui
1258 3426 1756 3482 consecrationem
2519 3427 2753 3485 CAPUT
2792 3428 2858 3482 V.

125 3511 377 3587 indeptus
408 3517 614 3573 sedem
645 3516 739 3573 cui
790 3522 1167 3572 consecratus
1216 3516 1405 3571 fuerat
1451 3532 1756 3587 nunquam
1943 3516 2017 3569 De
2044 3514 2251 3571 duobus
2278 3516 2545 3587 fratribus
2570 3517 2904 3572 mirabiliter
2929 3532 2962 3571 a
2991 3523 3163 3571 morte
3189 3517 3432 3572 δαιυαιίε.

124 3600 317 3675 (εαμΡΙε
345 3606 539 3674 adiit),
574 3605 677 3661 sed
708 3605 768 3661 in
797 3604 923 3661 loco
956 3605 1288 3661 Miciacensi
1323 3622 1507 3677 usque
1536 3605 1607 3659 ad
1630 3604 1756 3658 vita:
1934 3604 2025 3657 29.
2059 3602 2204 3658 Cum
2238 3604 2427 3658 acrior
2455 3603 2623 3659 solito
2653 3604 2953 3678 ingrueret
2981 3603 3191 3671 hiems,
3217 3605 3514 3661 intantam

124 3693 427 3749 terminum
446 3694 856 3767 perseveravit.
871 3694 1087 3749 Verum
1109 3712 1175 3750 eo
1198 3693 1340 3748 inibi
1365 3694 1610 3765 degente
1632 3697 1759 3747 orta
1866 3696 1932 3746 ut
1950 3692 2120 3763 Liger
2140 3691 2351 3747 fluvius
2371 3690 2554 3764 glacie
2571 3692 2894 3747 obduratus
2912 3691 3121 3765 rigenti
3141 3693 3312 3748 dorso
3331 3697 3516 3748 trans-

125 3782 203 3835 est
229 3782 623 3839 controversia
653 3781 805 3838 inter
830 3798 990 3851 suos,
1024 3799 1173 3854 quos
1202 3779 1300 3837 il'lo
1342 3782 1401 3837 in
1450 3780 1574 3836 loco
1625 3798 1756 3837 con—
1866 3780 2014 3834 itum
2049 3798 2163 3835 non
2194 3779 2386 3835 solum
2419 3780 2747 3847 hominum,
2772 3781 2873 3835 sed
2895 3780 3258 3838 diversorum
3280 3798 3512 3854 quoque

124 3867 364 3937 duxerat,
398 3872 457 3927 et
487 3869 645 3927 inter
666 3887 767 3927 eos
796 3871 897 3943 qui
921 3876 1053 3927 ante
1074 3888 1209 3926 eum
1231 3869 1375 3925 inibi
1399 3869 1757 3925 habitavisse
1869 3873 2166 3939 pateretur
2194 3868 2629 3937 vehiculorum;
2661 3868 2776 3923 duo
2807 3868 2910 3923 viri
2943 3868 3208 3942 germani
3238 3870 3446 3925 fratres
3477 3887 3511 3926 ο,

121 3953 469 4016 videbantur.
504 3957 633 4016 Non
666 3960 825 4017 enim
865 3960 977 4016 sibi
1027 3959 1469 4027 conveniebant,
1502 3963 1559 4014 et
1590 3958 1758 4030 quasi
1868 3956 2069 4012 villula
2099 3958 2283 4013 sancti
2309 3956 2564 4013 Marcelli
2587 3975 2715 4030 qum
2739 3957 2891 4013 ultra
2908 3956 3159 4031 Ligerim
3181 3962 3272 4014 est
3294 3958 3513 4031 egressi

123 4045 257 4101 testa
286 4053 342 4103 et
374 4067 452 4105 ms
484 4046 722 4104 misceri
743 4048 984 4105 omnino
1007 4046 1525 4121 nequibant.Unde
1547 4046 1760 4103 accidit
1869 4050 2027 4116 sunt,
2063 4048 2266 4102 urbem
2301 4051 2493 4120 petere
2543 4046 2819 4114 volentes,
2856 4047 3044 4102 ferens
3099 4047 3296 4104 caules
3347 4048 3512 4117 alter,

122 4134 547 4210 utTartulphus
560 4137 819 4211 episcopi
852 4137 1032 4195 Jacob
1056 4136 1381 4193 monachus
1403 4135 1759 4208 quibusdam
1870 4135 2019 4192 alter
2041 4141 2297 4193 onustus
2328 4135 2609 4192 stramine
2639 4136 2910 4207 aptandis
2942 4135 3219 4193 carnibus
3250 4138 3514 4210 quaesito.

122 4220 513 4283 oecasionibus
562 4223 925 4299 interceptus
975 4226 1315 4282 auctoribus
1364 4224 1671 4279 Lamberto
1706 4226 1762 4280 et
1871 4223 1924 4281 Is
1954 4225 2150 4297 itaque
2182 4242 2361 4298 super
2390 4226 2663 4281 duratam
2694 4224 2955 4282 fluminis
2987 4224 3196 4281 faciem
3219 4229 3522 4282 transeun-

121 4310 385 4372 Adelardo
415 4313 789 4389 gravissimis
808 4314 1148 4371 verberibus
1173 4314 1319 4371 foret
1340 4314 1581 4369 atfectus
1602 4330 1615 4380 ;
1636 4312 1760 4383 ipse
1869 4313 2049 4383 tibus,
2071 4331 2204 4370 eum
2216 4315 2343 4387 jam
2364 4331 2508 4387 pene
2530 4314 2587 4368 in
2606 4313 2798 4370 medio
2819 4313 3080 4372 fluminis
3096 4314 3521 4384 constitissent,

125 4408 338 4473 quoque
367 4403 687 4476 episcopus
717 4403 1059 4475 injuriatus,
1091 4408 1147 4461 et
1167 4401 1299 4475 plus
1323 4401 1553 4474 pavoris
1584 4417 1760 4472 quam
1871 4402 2107 4475 repente
2136 4400 2320 4476 glaeie
2352 4402 2639 4459 dissoluta
2669 4403 2936 4475 quaedam
2968 4401 3138 4474 quasi
3167 4402 3367 4459 tabula
3386 4418 3521 4459 cum

124 4488 347 4555 periculi
380 4492 620 4564 passus,
653 4489 875 4549 clavem
906 4496 1145 4550 coactus
1176 4493 1247 4548 de
1278 4491 1410 4548 sinu
1456 4492 1759 4563 proferret,
1870 4490 1988 4547 illis
2020 4489 2219 4547 evulsa
2250 4495 2354 4560 est,
2389 4506 2516 4561 qua:
2548 4489 2862 4547 subsidens
2878 4494 2934 4547 et
2952 4479 3285 4548 viﬂuminis
3312 4490 3527 4564 impul-

123 4576 221 4630 s'ab
242 4593 357 4649 qua
396 4580 530 4651 ejus
579 4596 826 4653 quzsqae
874 4580 1304 4654 pretiosissima
1358 4580 1755 4636 servabantur.
1871 4597 1937 4636 sa
1969 4596 2299 4653 resurgens,
2335 4578 2651 4651 leviterque
2683 4596 2797 4635 uno
2829 4578 2920 4633 sui
2951 4578 3139 4650 capite
3170 4578 3377 4636 adacto
3417 4596 3524 4636 su-

122 4660 367 4739 Cumque
399 4669 566 4726 Isaac
596 4675 653 4726 et
681 4669 944 4742 Egroalis
975 4669 1034 4726 id
1076 4669 1442 4726 Ermenthzeo
1491 4668 1761 4740 episcopo
1793 4713 1840 4742 η
1873 4685 1976 4740 per
2005 4668 2229 4741 reliqua
2258 4667 2463 4739 glaeiei
2496 4666 2787 4722 soliditate
2806 4667 3262 4739 consurgens,in
3280 4668 3522 4723 modum

133 4713 367 4739 ““”“Ὶ“’ν
399 4713 565 4726 ’νων
597 4713 653 4726 V“
682 4713 944 4742 ⁸⁴Ο⁵νν⁵⁵⁸⁹
976 4713 1034 4726 ⁸⁸⁸
1076 4713 1139 4726 ⁸⁴⁸
1156 4713 1440 4725 ⁸⁵⁸⁹⁸⁸⁹⁸υκν
1492 4713 1760 4740 νει-υννΓν
1873 4713 1965 4740 1"“
2006 4713 2229 4741 “"”‘l"""'
2258 4713 2463 4739 O‘“"""'
2496 4713 2786 4722 """"""'"’
2807 4713 3262 4739 '“""‘"O""‘1"'
3280 4713 3522 4723 ”““¹”⁸⁶“’·⁵⁸⁸

124 4752 560 4827 nuntiavissent,
617 4757 993 4814 vehementer
1047 4758 1142 4815 ille
1198 4762 1548 4825 commotus,
1602 4757 1763 4812 misit
1792 4713 1840 4779 D
1874 4757 2095 4827 sagiita:
2114 4756 2491 4812 velocissima:
2519 4756 2914 4822 dccurrit,nec
2931 4755 3322 4828 priusrestitit
3343 4756 3525 4813 donec

122 4837 376 4899 Valinum
400 4848 693 4902 decanum
715 4846 908 4902 virum
931 4847 1228 4919 egregium
1254 4863 1388 4901 cum
1408 4845 1609 4900 multis
1633 4845 1762 4900 aliis
1874 4851 2053 4901 totam
2086 4848 2353 4901 evaderet
2382 4844 2628 4917 glaciem
2659 4849 2717 4900 et
2746 4845 2931 4901 obviis
2950 4844 3285 4917 gurgitibus
3306 4847 3530 4918 excipe-

124 4931 402 4991 nobilibus
433 4937 539 5008 qui
572 4940 840 4992 auctores
864 4936 1101 4991 malitia:
1133 4934 1762 5007 perquirerent,inven-
1875 4940 2055 4989 retur.
2091 4935 2153 4990 In
2188 4934 2377 4990 medio
2410 4932 2584 4988 fluvio
2615 4951 2730 5005 quo
2762 4938 2882 4990 tota
2910 4934 2996 4991 vis
3020 4934 3282 4991 fluminis
3304 4934 3529 4992 ineam-

126 5021 314 5090 tosque
363 5023 570 5096 procul
620 5022 998 5097 expellerent,
1045 5024 1317 5097 episc0po
1376 5029 1568 5079 autem
1629 5040 1763 5078 eum
1876 5026 2071 5091 bebat,
2106 5025 2264 5078 rivus
2298 5041 2409 5078 non
2458 5023 2713 5079 multum
2763 5023 3003 5096 grandis
3049 5024 3377 5095 videbatur,
3411 5043 3529 5099 quo

127 5110 272 5164 omni
303 5111 527 5167 honore
557 5128 667 5167 sua
698 5113 1097 5169 restituerent.
1126 5114 1237 5170 Sed
1271 5130 1383 5167 non
1417 5113 1603 5167 multo
1637 5117 1767 5183 post
1877 5113 2078 5169 tabula
2110 5112 2209 5168 illa
2240 5112 2581 5185 perveniens
2622 5117 2937 5168 trementes
2966 5117 3024 5168 et
3053 5130 3199 5186 pene
3230 5115 3529 5172 exanimes

125 5196 365 5267 tampore
394 5201 580 5256 Jacob
612 5200 927 5274 episcopus
975 5218 1332 5273 cognoscens
1381 5205 1613 5272 tempus
1646 5219 1765 5255 sua:
1878 5202 1963 5257 sie
1996 5203 2141 5255 ferre
2176 5202 2370 5272 cwpit,
2403 5206 2653 5273 utraque
2686 5201 2811 5273 ripa
2842 5201 3015 5274 plena
3065 5204 3530 5275 vociferantium,

126 5280 492 5368 depositionis
527 5286 856 5357 imminere,
888 5295 947 5346 et
976 5292 1155 5346 nimis
1187 5291 1358 5345 illatae
1393 5307 1617 5347 memor
1639 5307 1766 5345 ma-
1879 5292 1980 5346 sed
2014 5289 2329 5344 consilium
2364 5308 2656 5361 nusquam
2688 5292 2908 5345 aderat.
2941 5292 3090 5348 Nam
3124 5292 3205 5348 ire
3236 5312 3352 5351 non
3382 5301 3537 5368 pote-

125 5366 266 5441 litiae,
292 5376 601 5434 thesauros
632 5394 771 5434 suos
789 5383 847 5434 et
864 5384 1208 5435 ornamenta
1226 5380 1483 5451 insignia
1505 5396 1607 5452 per
1627 5396 1766 5435 suos
1880 5383 1989 5449 rat,
2023 5384 2079 5435 et
2110 5379 2249 5433 dum
2281 5378 2529 5451 quisque
2552 5378 2779 5447 metuit,
2795 5379 3013 5436 intrare
3035 5399 3204 5439 nemo
3227 5366 3539 5455 praesume-

127 5463 382 5548 partitur,
416 5471 629 5523 caetera
658 5468 716 5521 in
749 5467 1066 5523 Britanniis
1091 5468 1412 5524 remittens.
1444 5469 1577 5523 Post
1597 5470 1769 5541 cujus
1879 5469 1999 5523 bat.
2036 5469 2237 5540 Itaque
2268 5468 2381 5539 ipsi
2414 5468 2513 5540 qui
2547 5468 2885 5525 ferebantur
2923 5471 3053 5544 jam
3084 5472 3154 5529 de
3186 5474 3303 5531 vita
3332 5476 3537 5548 despe-

127 5547 337 5607 obitam
358 5559 560 5610 atrum
588 5556 937 5612 Benedictus
959 5558 1125 5612 adest
1146 5561 1543 5628 perserutator
1563 5557 1769 5612 acerri-
1880 5561 2096 5624 rantes,
2145 5573 2323 5629 super
2373 5557 2679 5613 inimicum
2727 5558 3064 5616 vehiculum
3122 5547 3530 5628 consederunt,

128 5650 270 5707 Inus,
300 5643 402 5698 sed
434 5643 666 5699 tardius
698 5662 877 5717 quam
910 5645 1134 5700 debuit.
1169 5638 1492 5717 Episcopus
1523 5647 1681 5701 enim
1709 5646 1766 5702 id
1879 5642 1979 5699 Dei
2015 5644 2199 5701 solius
2230 5644 2631 5718 praestolantes
2660 5645 2965 5704 auxilium.
3000 5649 3145 5708 Cum
3175 5655 3378 5706 contra
3406 5665 3528 5703 mo-

130 5721 378 5786 futurum
404 5731 773 5805 prospiciens
805 5733 947 5791 dum
975 5734 1167 5791 adhuc
1197 5733 1433 5807 viveret,
1457 5739 1521 5792 ut
1542 5735 1768 5794 dictum
1880 5735 2201 5792 nasterium
2246 5736 2638 5807 advolassent,
2665 5753 2819 5793 unus
2850 5730 3154 5794 ecclesiam
3187 5726 3521 5809 respiciens,

582 5856 822 5918 PATROL.
858 5859 1166 5919 CXXXVII.
3020 5864 3089 5919 26
