3906 6370
373 405 484 467 8M

1447 402 1779 464 LETALDI
1825 398 2320 463 MICIACENSIS
2367 399 2721 462 MONACIII

3688 400 3797 460 812

376 540 564 598 Patris
596 535 896 593 Maximini
930 535 1275 608 suffragium
1302 534 1550 614 supplici
1575 553 1708 591 voce
1732 536 2026 607 impetrat.
2059 535 2115 602 Α
2143 535 2337 607 opiam
2352 532 2844 589 ﬁeri.Idofﬁciiad
2860 534 3175 604 quemdam
3190 532 3799 589 famulumAlvaldum

378 629 537 687 Illico
569 632 624 683 et
655 627 780 682 sine
811 642 995 692 mora,
1030 624 1217 679 divisa
1246 641 1350 696 per
1381 624 1640 680 medium
1675 624 1874 680 tabula
1895 641 2031 680 eum

377 718 476 791 qui
511 717 862 773 clamaverat
892 730 1105 769 sanum
1149 716 1325 783 atque
1373 711 1728 767 incolumem
1762 712 1833 767 ad
1868 711 2033 767 littus

379 808 591 875 defert;
627 805 726 877 qui
758 804 830 859 ad
864 801 1285 858 monasterium
1318 819 1629 857 accurrcns
1664 805 1798 856 ante
1853 801 2034 856 altare

378 894 790 971 prosternitur,
825 895 881 947 et
913 892 1202 946 immenso
1230 891 1366 945 ﬂetu
1401 890 1469 944 de
1495 907 1555 945 se
1586 889 1807 961 gratias
1840 906 2038 961 repen-

380 990 525 1043 dens
569 1002 672 1057 pro
722 984 897 1038 fratre
945 981 1191 1036 sollicite
1241 980 1589 1051 precabatur
1622 996 1634 1033 :
1672 980 1750 1034 De
1782 980 1911 1045 hac,
1947 979 2035 1033 in-

383 1077 612 1150 quiens,
650 1076 865 1135 sancte,
899 1076 1003 1125 tua
1044 1069 1285 1124 basilica
1316 1086 1430 1124 non
1464 1085 1685 1135 exeam,
1715 1069 1898 1121 donec
1925 1067 2037 1122 fra-

385 1172 532 1223 trem
563 1179 760 1217 meum
795 1160 937 1215 mihi
964 1158 1297 1213 incolumen
1326 1156 1837 1228 reprzesentesﬂui
1862 1157 2038 1211 etiam

377 1275 507 1342 ipse
538 1254 680 1307 dum
710 1253 914 1305 contra
942 1248 1246 1342 ecclesiam
1282 1245 1434 1300 beati
1474 1245 1714 1342 Andreae
1766 1245 2035 1342 apostoli,

383 1334 512 1425 quae
544 1348 632 1402 est
661 1342 720 1396 in
750 1338 888 1394 villa
919 1335 1250 1404 Ostellensi,
1284 1335 1664 1406 pervenisset,
1698 1334 1883 1388 sancti
1910 1352 2043 1406 apo-

384 1416 520 1497 stoli
552 1431 874 1505 implorans
917 1416 1223 1493 au‘xilium,
1261 1423 1460 1479 statim
1513 1424 1585 1479 ad
1636 1422 1805 1479 littus
1835 1428 1891 1478 et
1921 1424 2043 1495 ipse

384 1529 657 1586 devectus
692 1523 799 1585 est,
836 1517 1191 1586 fratremque
1224 1516 1495 1585 repetens
1525 1530 1659 1567 eum
1692 1530 1818 1569 sese
1839 1513 2044 1585 lugen-

384 1623 507 1676 tem
538 1609 786 1685 reperit;
820 1606 917 1678 qui
942 1604 1143 1659 videns
1166 1604 1428 1671 fratrem,
1448 1603 1583 1657 flere
1602 1602 1856 1675 amplius
1874 1604 2048 1675 ccepit

386 1722 503 1779 prze
534 1698 770 1775 gaudio,
794 1698 849 1749 et
880 1692 938 1746 in
970 1690 1305 1763 amplexum
1340 1706 1517 1745 ruens
1538 1689 1900 1747 liberationis
1923 1707 2046 1746 mo-

386 1778 529 1850 dum
560 1784 895 1862 perquirere
931 1780 1125 1850 coepit.
1162 1778 1428 1850 Denique
1458 1779 1837 1850 postmodum
1866 1778 2048 1851 ρΙιιι-ί-

387 1880 502 1938 mis
532 1875 876 1935 advixerunt
905 1868 1293 1941 temporibus,
1329 1872 1386 1922 et
1416 1867 1734 1939 quotannis
1772 1868 2043 1924 liberato-

387 1968 552 2025 ribus
585 1962 711 2019 suis
741 1958 948 2016 debita:
980 1956 1277 2013 servitutis
1301 1955 1650 2027 obsequium
1674 1956 2048 2013 devotissime

387 2051 683 2129 prosecuti
716 2052 875 2106 sunt.

1032 2132 1264 2188 CAPUT
1303 2132 1399 2188 VI.

497 2231 568 2286 De
596 2225 853 2299 praedone
872 2238 1096 2294 pcrvaso
1125 2238 1159 2275 a
1187 2221 1434 2277 (immane
1463 2231 1515 2277 et
1538 2231 1659 2293 post
1688 2223 1933 2280 liberato.

458 2320 548 2375 30.
585 2314 857 2372 Fulconis
888 2311 1182 2382 quondam
1211 2310 1490 2367 satellites
1524 2310 1705 2383 hujus
1738 2312 1926 2369 Patris
1950 2313 2047 2368 vil-

390 2407 508 2464 lam
540 2422 668 2478 qua:
699 2400 927 2458 Bezillis
951 2398 1164 2454 dicitur
1181 2400 1539 2454 intraverant
1555 2404 1611 2456 et
1628 2401 1686 2455 in
1706 2401 2044 2458 colonorum

384 2484 858 2567 inquietudinem
890 2487 1076 2541 multa
1097 2485 1328 2541 insania
1348 2488 2044 2558 grassabantur.Missum

391 2587 625 2657 repente
656 2585 745 2637 est
775 2584 831 2634 et
862 2577 1142 2633 fratribus
1173 2576 1509 2633 nuntiatum
1544 2594 1556 2632 :
1588 2578 1688 2649 qui
1719 2596 1852 2634 cum
1876 2598 2045 2637 sanc-

392 2680 585 2729 torum
613 2666 956 2743 pignoribus
975 2665 1261 2736 quosdam
1283 2682 1311 2719 e
1333 2664 1458 2720 suis
1484 2666 1941 2723 transmiserunt
1963 2686 2049 2724 ro-

392 2766 654 2834 gaturos,
680 2761 745 2812 ut
776 2756 847 2810 ab
881 2755 988 2809 hac
1020 2752 1289 2808 molestia
1310 2770 1370 2808 se
1392 2757 1715 2825 temperare
1744 2756 2043 2813 deberent.

392 2850 496 2907 Cui
529 2844 855 2905 ministerio
887 2841 1119 2915 praefuit
1161 2841 1512 2897 venerabilis
1544 2843 1778 2900 Simeon
1812 2846 2046 2903 nomine

391 2956 427 2996 a
455 2938 601 2994 laico
647 2934 884 3008 quidem
916 2935 1276 2997 tonsuratus,
1312 2931 1412 2985 sed
1445 2931 1742 2988 modestia:
1773 2936 1828 2987 et
1857 2934 2043 3005 gravi-

391 3027 530 3084 tatis
561 3024 823 3081 moribus
846 3039 960 3077 non
982 3019 1469 3091 improbabilibus
1488 3020 1891 3075 adornatus.ls
1908 3036 2044 3092 ergo

390 3132 526 3173 cum
543 3110 889 3169 venerandis
906 3113 1245 3166 sanctorum
1270 3106 1567 3162 memoriis
1586 3107 2041 3185 appensiscollo,

390 3205 534 3260 dum
564 3200 937 3266 eurticulam,
971 3214 1087 3268 qua
1117 3194 1299 3250 coacti
1333 3196 1635 3266 praedones
1684 3212 1811 3250 sese
1843 3195 2041 3250 defen-

2144 623 2379 680 nomine
2410 623 2699 695 pertinere
2727 622 3053 691 videbatur,
3079 639 3254 695 quem
3285 621 3584 678 celllarius
3606 638 3800 679 conve-

2144 712 2313 767 niens
2345 713 2489 767 dure
2520 712 2804 781 increpat,
2835 727 2941 766 cur
2971 709 3169 766 relicto
3200 728 3306 766 suo
3329 710 3523 766 ofﬁcio
3546 709 3691 766 huic
3710 726 3801 767 ne-

2145 801 2403 857 cessitati
2421 818 2534 855 non
2554 801 2921 855 occurrat.At
2938 799 3033 854 ille
3052 800 3498 871 importunitate
3517 800 3803 867 devictus,

2147 890 2379 945 duobus
2402 906 2601 945 secum
2620 887 2876 959 sumptis
2893 888 3096 956 asinis,
3113 887 3444 943 naviculam
3462 889 3803 944 conscendit

2148 978 2309 1034 solus
2340 994 2485 1051 pene
2516 981 2789 1033 cunctam
2820 976 3025 1032 insula:
3058 976 3429 1050 superﬁciem
3453 978 3807 1050 contegenti-

2149 1068 2261 1123 bus
2294 1068 2485 1139 aquis,
2520 1071 2689 1122 vento
2721 1072 2916 1122 autem
2950 1067 3125 1122 flante
3157 1084 3186 1121 e
3218 1066 3695 1122 eontrario.Cum
3720 1065 3807 1121 ille

2151 1157 2211 1211 in
2241 1161 2481 1211 ventum
2509 1156 2704 1211 conari
2730 1172 2845 1210 non
2869 1160 3085 1226 posset,
3104 1155 3160 1208 in
3180 1153 3438 1209 medium
3461 1155 3656 1228 pelagi
3682 1172 3805 1210 cum

2152 1246 2335 1301 asinis
2366 1246 2491 1301 suis
2523 1244 2831 1315 devolutus
2862 1249 2968 1311 est,
2994 1262 3109 1315 quo
3141 1249 3197 1297 et
3227 1244 3603 1314 profunditas
3628 1245 3809 1316 rapidi

2155 1335 2417 1389 fluminis
2449 1340 2506 1389 et
2532 1335 2684 1389 venti
2718 1334 3039 1389 adversitas
3072 1332 3219 1387 nihil
3249 1333 3299 1387 ei
3332 1334 3807 1388 commendanda

2155 1423 2363 1480 salutis
2397 1423 2551 1478 ultra
2597 1422 2974 1495 relinqueret,
3006 1422 3338 1493 fluctusque
3379 1422 3661 1478 cumulos
3712 1422 3810 1476 mi-

2156 1529 2329 1568 naces
2370 1512 2601 1585 erigens
2626 1512 2821 1569 navim
2871 1511 3139 1582 operiret,
3174 1515 3241 1566 ut
3288 1528 3405 1565 non
3463 1516 3589 1566 tam
3654 1510 3810 1567 navis

2157 1603 2310 1658 inter
2340 1602 2549 1670 undas,
2583 1617 2763 1674 quam
2795 1601 2964 1656 unda:
2996 1599 3146 1654 inter
3194 1616 3398 1656 navem
3450 1600 3809 1655 viderentur.

2157 1690 2305 1746 Cum
2336 1707 2473 1763 ergo
2506 1707 2695 1763 neque
2726 1694 2896 1745 conto
2930 1705 3117 1761 neque
3148 1705 3309 1744 remo
3343 1688 3566 1760 aliquid
3619 1688 3811 1744 conari

2157 1779 2397 1847 valeret,
2431 1779 2675 1853 puppim
2706 1779 2944 1847 insedit,
2975 1782 3033 1832 et
3061 1777 3302 1833 vocibus
3342 1776 3478 1833 altis
3526 1777 3811 1833 auxilium

2160 1869 2358 1942 magni
2392 1868 2578 1924 Patris
2611 1866 2913 1923 Maximini
2938 1865 3251 1938 implorare
3271 1866 3633 1938 cmpitJllico
3655 1870 3815 1922 vento

2157 1958 2512 2030 quiescente,
2548 1956 2679 2013 navi
2714 1961 2921 2011 tamen
2956 1954 3233 2010 fluctibus
3264 1953 3500 2027 oppleta
3540 1954 3819 2011 invisibili

2158 2063 2338 2103 manu
2370 2046 2713 2119 perductus,
2740 2049 2982 2117 portum
3014 2043 3275 2117 Mrrogili
3291 2044 3555 2116 (Mareau)
3571 2043 3815 2117 appulit,

2158 2152 2357 2191 secum
2392 2134 2515 2207 ipse
2544 2134 2921 2189 vehementer
2951 2132 3255 2189 admirans
3285 2131 3541 2203 qualiter
3578 2133 3817 2188 evadere

2159 2223 2431 2297 potuerit.
2467 2222 2689 2278 Dehinc
2728 2222 2798 2277 ad
2832 2220 3257 2277 monasterium
3290 2237 3424 2276 cum
3470 2221 3663 2276 asinis
3705 2219 3819 2276 suis

2158 2329 2479 2385 regressus,
2506 2311 2815 2383 ereptione
2847 2309 2939 2366 sui
2970 2310 3253 2382 gaudium
3286 2326 3570 2382 magnum
3597 2309 3820 2366 cunctis

2157 2402 2292 2457 fecit
2323 2400 2621 2457 fratribus.

2769 2487 3004 2544 CAPUT
3044 2488 3192 2545 VIIl.

2282 2580 2355 2634 De
2381 2595 2559 2635 merso
2591 2577 2691 2634 diu
2708 2580 2925 2650 jamntc
2956 2578 3015 2632 in
3046 2579 3298 2648 ﬂumine,
3335 2594 3433 2634 nec
3459 2585 3698 2634 mortuo.

2226 2668 2315 2723 32.
2350 2668 2627 2723 Vivianus
2659 2667 2813 2722 beati
2850 2667 3085 2722 Martini
3132 2667 3451 2723 canonicus
3499 2667 3642 2722 huic
3695 2666 3809 2721 loco

2157 2757 2456 2829 quondam
2489 2755 2997 2812 familiarissimus
3027 2756 3169 2811 fuit:
3204 2757 3306 2828 qui
3337 2773 3540 2813 secum
3564 2755 3808 2828 quodam

2157 2851 2421 2917 tempore
2449 2862 2517 2900 eo
2550 2844 2866 2913 divertens,
2902 2844 3179 2900 conduxit
3208 2845 3525 2917 quemdam
3559 2862 3681 2900 suae
3711 2844 3811 2898 fra-

2157 2933 2452 2989 ternitatis
2475 2932 2828 2987 canonicum
2848 2931 3085 2987 nomine
3102 2932 3690 3007 Constantin.um,qui
3712 2932 3812 2988 ala-

2155 3022 2329 3077 criter
2359 3038 2393 3075 a
2423 3020 2705 3075 fratribus
2736 3020 3016 3091 suscepti,
3045 3020 3223 3077 biduo
3254 3038 3390 3077 enm
3422 3023 3589 3078 omni
3612 3020 3811 3077 ofﬁcio-

2154 3109 2327 3165 sitate
2377 3106 2600 3163 detenti
2652 3112 2814 3162 sunt.
2849 3107 2927 3162 Eo
2976 3112 3175 3162 autem
3227 3108 3320 3164 die
3369 3126 3485 3181 quo
3535 3107 3811 3167 reversuri

2152 3197 2522 3264 videbantur,
2554 3195 2802 3267 quidam
2834 3194 3061 3267 collegii
3093 3213 3296 3252 eorum
3320 3198 3692 3269 juvenculus
3712 3214 3811 3254 me-

389 3308 520 3349 sare
569 3290 874 3363 parabant,
903 3287 1118 3341 intrare
1164 3282 1354 3349 vellet,
1390 3299 1546 3338 unus
1596 3300 1796 3337 eorum
1846 3282 2040 3355 lapide
2077 3273 2120 3339 C
2155 3284 2299 3340 ridie
2332 3283 2770 3356 quiescentibus
2805 3283 3087 3338 fratribus
3118 3285 3234 3353 (14)
3263 3302 3398 3340 cum
3429 3303 3577 3341 arcu
3611 3292 3671 3343 et
3701 3286 3809 3358 spi-

389 3387 618 3452 arrepto
645 3378 1026 3434 irreverenter
1056 3371 1436 3427 reverendum
1485 3371 1651 3426 nisus
1698 3376 1787 3426 est
1834 3388 2042 3444 percu-

387 3476 508 3527 tere
539 3470 751 3525 virum.
777 3464 889 3521 Sed
923 3478 1057 3517 cum
1088 3459 1343 3531 lapidem
1362 3458 1765 3531 dimittit,ipse
1786 3476 2039 3533 quoque,

389 3555 691 3615 retroactis
715 3553 768 3608 vi
787 3551 984 3607 divina
1008 3547 1265 3603 brachiis
1283 3550 1338 3602 et
1354 3546 1645 3614 cruribus,
1662 3565 1797 3604 cum
1820 3548 2041 3622 ingenti

390 3646 585 3720 rugitu
622 3644 694 3701 ad
742 3647 959 3697 terram
1013 3635 1233 3691 corruit
1274 3640 1331 3691 et
1384 3652 1553 3691 voces
1609 3635 2041 3696 diversissimas
2080 3629 2088 3637 ’

387 3736 557 3793 edere
588 3732 779 3806 cmpit.
814 3728 976 3795 Quod
1008 3725 1199 3781 caeteri
1240 3724 1622 3797 prmvidentes
1673 3725 1890 3798 ingenii
1922 3732 2039 3783 ter-

385 3841 515 3882 rore
545 3819 798 3896 perculsi
830 3820 989 3884 sunt,
1013 3832 1217 3871 omnes
1242 3813 1458 3885 pariter
1480 3818 1643 3868 terrae
1666 3819 2045 3885 prosternun-

379 3918 479 3970 tur
503 3910 734 3967 veniam
768 3922 873 3979 pro
906 3904 1223 3959 commisso
1257 3903 1613 3974 flagitantes,
1648 3902 1826 3958 simul
1858 3905 2037 3961 etiam

376 4002 577 4061 omnia
607 3998 836 4068 direpta
865 3994 1211 4057 restituunt,
1244 3995 1301 4045 et
1330 4008 1393 4046 se
1439 3991 1732 4047 maturius
1781 3993 2037 4051 exituros

374 4090 749 4164 proﬁtentur,
775 4080 1230 4153 supplieantque
1264 4095 1367 4149 pro
1398 4095 1673 4150 compare
1704 4084 1769 4134 ut
1801 4079 2036 4138 liberari

372 4178 697 4235 mereretur
728 4171 799 4227 ab
824 4169 933 4224 hac
964 4168 1286 4222 daemonica
1313 4165 1705 4222 infestatione.
1729 4168 1904 4225 Porro
1926 4170 2037 4227 fra-

370 4271 490 4324 tres
521 4265 676 4320 bona
704 4275 807 4332 pro
841 4256 1014 4312 malis
1048 4254 1434 4327 rependentes
1466 4271 1599 4310 mox
1630 4271 1765 4311 eum
1806 4260 2032 4315 exorci-

370 4359 502 4412 zata
522 4349 894 4423 contigerunt
927 4362 1103 4417 aqua,
1135 4348 1429 4415 caputque
1463 4347 1652 4400 totum
1683 4346 2035 4418 perfunden-

370 4448 478 4515 tes,
512 4456 725 4513 corpus
757 4435 911 4492 illico
942 4434 1119 4508 pedes
1166 4436 1223 4487 et
1268 4448 1481 4488 manus
1526 4449 1632 4489 suo
1684 4441 2033 4507 reparantur

371 4533 581 4590 ofﬁcio.
601 4531 671 4588 Et
701 4529 826 4600 ipse
856 4541 1104 4597 surgens
1134 4520 1445 4577 incolumis
1464 4523 1670 4595 grandi
1691 4540 1825 4580 voce
1843 4524 2028 4581 Deum

2153 3373 2302 3429 culis
2331 3372 2656 3429 claustrum
2690 3372 2992 3446 ingressus
3023 3378 3134 3442 est,
3165 3378 3224 3429 et
3268 3391 3403 3429 cum
3454 3377 3804 3446 quibusdam

2154 3461 2447 3520 sodalium
2464 3461 2652 3517 multo
2670 3461 2917 3533 strepitu
2935 3461 3240 3534 multaque
3257 3462 3488 3519 levitate
3504 3466 3605 3536 agi
3624 3463 3804 3537 ccepit,

2154 3569 2307 3607 nunc
2341 3549 2567 3624 spicula
2597 3550 2924 3623 dirigendo,
2958 3568 3115 3606 nunc
3146 3568 3324 3608 cursu
3344 3556 3401 3607 et
3420 3551 3682 3609 clamore
3703 3554 3803 3607 fra-

2152 3646 2271 3697 tres
2304 3640 2706 3712 inquietando.
2740 3640 3004 3712 Cumque
3037 3645 3158 3696 uta
3188 3644 3352 3696 tanta
3373 3641 3635 3697 stultitia
3654 3641 3803 3714 quie-

2153 3745 2313 3785 scere
2345 3729 2585 3784 deberet
2615 3728 3054 3797 admoneretur,
3088 3746 3204 3786 non
3236 3729 3560 3801 acquievit;
3589 3747 3695 3802 pro
3725 3745 3801 3784 re-

2150 3817 2408 3873 verentia
2436 3822 2633 3873 autem
2666 3833 2867 3872 eorum
2900 3818 3002 3889 qui
3033 3834 3168 3873 eum
3196 3818 3590 3887 adduxerunt,
3618 3834 3799 3891 aequa-

2150 3905 2387 3961 nimiter
2414 3904 2522 3960 hoc
2557 3905 2791 3961 interim
2827 3906 3034 3962 fratres
3084 3906 3472 3978 pertulerunt.
3507 3907 3625 3962 Sed
3676 3921 3799 3962 cum

2147 4011 2213 4050 eo
2246 3994 2340 4050 die
2373 4012 2407 4049 a
2438 3993 2794 4049 monasterio
2826 3994 3104 4062 exissent,
3124 3994 3470 4050 temerarius
3486 3994 3587 4051 ille
3608 4008 3799 4051 navem

2146 4082 2486 4139 conscendit
2516 4086 2722 4138 contra
2745 4082 3051 4139 ecclesiam
3071 4084 3134 4139 Β.
3159 4083 3517 4156 Hilarii,quo
3534 4082 3799 4156 profundi

2145 4178 2445 4228 currentes
2463 4170 2703 4244 Ligeriti
2725 4171 2987 4227 fluminis
3004 4171 3320 4244 aliquando
3334 4173 3553 4228 vadum
3568 4177 3793 4246 negant.

2142 4261 2407 4333 Cumque
2438 4260 2497 4316 in
2530 4260 2722 4316 medio
2757 4260 2937 4317 ﬂuvio
2970 4262 3600 4333 pervenisset,contum
3631 4277 3794 4334 quem

2141 4350 2377 4406 tenebat
2408 4348 2467 4405 in
2500 4365 2714 4421 aquam
2744 4349 2985 4406 mittens
3007 4349 3262 4419 incaute,
3283 4351 3542 4407 cadendo
3563 4354 3787 4407 secutus

2140 4442 2247 4506 est,
2265 4438 2463 4510 ibique
2474 4436 2546 4493 ab
2559 4436 2704 4493 hora
2714 4454 2868 4493 nona
2898 4454 3087 4511 usque
3100 4439 3171 4495 ad
3192 4438 3383 4511 ipsam
3403 4456 3550 4511 pene
3566 4443 3784 4495 noctem

2131 4525 2572 4598 jacens,multis
2583 4542 2718 4580 eum
2733 4525 3495 4599 investigantibus,inveniri
3511 4525 3779 4600 nequivit:

371 4620 712 4678 benedicere
741 4624 798 4672 et
818 4614 1105 4671 famulum
1129 4612 1258 4683 ejus
1281 4611 1666 4667 Maximinum
1688 4613 2026 4685 magniﬁca-
2057 4644 2105 4709 Ι)
2139 4615 2322 4670 donec
2351 4615 2423 4669 de
2452 4629 2519 4669 eo
2550 4613 3021 4685 desperantibus,
3046 4615 3277 4671 umbris
3297 4615 3426 4686 jam
3447 4615 3782 4671 incumben-

373 4727 435 4766 re
464 4708 658 4782 erepit,
692 4706 973 4776 ociusque
1003 4702 1139 4757 inde
1171 4700 1418 4771 digressi
1452 4699 1531 4755 nil
1584 4703 1933 4759 temeritatis
1966 4703 2023 4759 in

372 4799 576 4853 eadem
609 4793 809 4849 villula
840 4791 1083 4848 alterius
1116 4789 1326 4843 addere
1359 4795 1882 4861 przesumpserunt.

997 4877 1230 4933 CAPUT
1278 4877 1395 4932 VII.

587 4972 661 5026 De
690 4973 885 5041 auriga
918 4971 1061 5024 inter
1078 4968 1273 5038 ﬂuctus
1302 4977 1509 5023 servato
1533 4985 1809 5040 prospere.

443 5062 533 5115 31.
569 5059 739 5130 Liger
769 5058 981 5113 fluvius
1002 5057 1137 5111 huic
1161 5058 1516 5112 monasterio
1539 5058 1854 5130 contiguus
1875 5075 2026 5114 emo-

374 5148 617 5206 lumenti
632 5164 889 5218 perszepe
902 5151 1009 5213 est,
1028 5145 1205 5200 etiam
1222 5162 1645 5218 nonnunquam
1666 5148 2023 5204 detrimenti.

370 5239 517 5293 Nam
548 5252 698 5307 szepe
731 5235 872 5289 dum
906 5238 1089 5289 metas
1124 5233 1269 5287 alvei
1299 5234 1387 5288 sui
1424 5234 1573 5290 hanc
1605 5252 1750 5305 pene
1772 5237 2027 5310 contegit

369 5324 649 5392 insulam,
677 5322 1044 5394 Ligeritoque
1076 5321 1425 5390 conjunetus
1447 5340 1630 5377 unum
1654 5324 1905 5379 efﬁcitur
1926 5342 2023 5397 pe-

366 5413 557 5486 lagus,
590 5414 917 5481 negatoque
949 5413 1279 5462 commeatu
1306 5408 1607 5464 insulariis
1630 5427 1744 5464 non
1771 5418 2026 5468 contem-

367 5500 597 5566 nendis,
634 5497 894 5552 modicas
927 5496 1206 5565 importat
1240 5497 1640 5551 necessitates.
1678 5497 1794 5552 Hoc
1829 5500 2023 5571 itaque

368 5591 677 5661 ingruente
708 5584 1101 5647 incommodo,
1123 5583 1179 5637 in
1204 5585 1376 5638 domo
1401 5584 1646 5638 fratrum
1672 5587 1917 5660 contigit
1942 5590 2025 5645 in-

402 5686 411 5691 '
441 5678 553 5755 (14)
585 5675 760 5733 Juxta
792 5671 996 5745 Regul.
1033 5671 1091 5726 S.
1129 5670 1339 5727 Bened.
1375 5688 1497 5747 cap.
1538 5673 1623 5728 43.

2138 4704 2317 4771 tibus,
2352 4702 2592 4774 quidam
2621 4701 2877 4774 piscator
2905 4703 3125 4759 Barbas
3175 4705 3432 4773 nomine,
3467 4722 3620 4759 unco
3654 4717 3778 4759 eum

2136 4790 2391 4859 attraxit,
2426 4790 2675 4861 navique
2707 4790 3053 4862 impositum
3089 4793 3160 4848 ad
3185 4793 3354 4849 littus
3378 4788 3779 4849 devexit.Nibil

2138 4882 2195 4935 in
2229 4898 2294 4936 eo
2326 4878 2568 4952 spiritus
2600 4879 2803 4935 sentiri
2836 4886 3082 4953 poterat,
3112 4887 3382 4938 mortuus
3412 4882 3485 4937 ab
3518 4880 3781 4937 omnibus

2137 4970 2459 5025 dicebatur.
2479 4967 2653 5024 Dolor
2672 4968 2907 5042 ingens,
2930 4972 3302 5043 maximeque
3324 4970 3669 5026 clericorum
3692 4966 3780 5040 qui

2135 5077 2270 5115 eum
2312 5058 2703 5129 adduxerant,
2736 5059 2908 5115 ﬂetus
2960 5059 3348 5116 intolerabilis
3401 5063 3667 5132 coegerat
3709 5053 3779 5110 ibi

2136 5148 2424 5220 plurimos
2453 5147 2691 5201 diversae
2733 5148 2921 5202 artatis
2975 5148 3152 5203 simul
3199 5154 3255 5205 et
3304 5148 3675 5204 conditionis.
3705 5141 3779 5198 Ad

2135 5236 2442 5293 ecclesiam
2475 5235 2673 5307 itaque
2699 5235 2943 5309 contigit
2972 5237 3334 5309 deportatus,
3369 5253 3588 5309 perque
3620 5234 3777 5307 pedes

2137 5342 2433 5399 appensus
2466 5328 2576 5391 est,
2610 5323 2916 5395 multoque
2947 5323 3033 5380 vel
3066 5325 3200 5381 vino
3231 5325 3317 5380 vel
3367 5343 3521 5397 aqua
3569 5322 3776 5394 digesta

2133 5415 2329 5469 media
2359 5417 2527 5468 nocte
2556 5412 2655 5466 ubi
2686 5412 2852 5467 vivus
2883 5413 3157 5485 apparuit
3186 5414 3490 5484 depositus
3511 5418 3620 5478 est,
3644 5413 3695 5463 et
3722 5406 3772 5459 in

2133 5520 2260 5559 sese
2292 5500 2576 5574 paulatim
2609 5506 2901 5557 revertens
2934 5502 3075 5573 quid
3106 5518 3307 5557 secum
3331 5506 3603 5573 ageretur
3622 5496 3768 5552 vehe-

2131 5596 2359 5648 menter
2389 5589 2666 5646 admirari
2719 5591 2911 5660 ccepit.
2946 5590 3211 5663 Cumque
3260 5590 3653 5664 requireretur
3681 5579 3766 5638 ubi
