3936 6394
351 423 471 487 203

1275 423 1653 488 RATHEHII
1696 426 1944 488 EPISC.
1992 424 2284 490 VERON.
2331 429 2504 490 ()PP.
2551 429 2752 494 PARS
2797 431 2846 494 Ι.

3647 433 3758 493 204

353 556 550 614 valeas
581 553 870 622 dubitare,
903 555 1137 627 utrique
1163 555 1430 615 doctores
1469 557 1721 625 miriﬁci,
1772 559 2007 632 utrique
2035 562 2090 630 Α
2119 577 2234 634 que
2263 566 2320 617 et
2348 566 2432 633 tu,
2467 563 2948 635 patremfamilias
2973 566 3200 631 adesse,
3234 569 3291 621 et
3344 569 3400 621 te
3460 564 3531 619 ad
3589 563 3758 620 vinea:

356 645 662 720 pontiﬁces
693 643 932 711 summi,
957 644 1193 717 utrique
1211 645 1317 702 toti
1340 645 1638 703 mirabiles
1663 647 2010 710 orbi.Romae

361 751 540 806 unus,
571 731 882 789 Mediolani
931 732 1096 802 alter,
1154 733 1432 808 Hipponaa
1487 735 1719 808 praafuit
1779 737 2008 792 tertius.

359 824 551 892 Nulla,
586 821 779 894 inquit
808 819 970 893 prior
1001 821 1238 894 lGreg.),
1271 824 1562 894 virginitas
1589 825 1796 891 carnis,
1845 842 2014 897 quam

357 929 470 970 non
519 909 862 968 commendat
911 911 1155 966 suavitas
1204 914 1424 969 mentis.
1482 914 1658 968 Decet.
1725 913 1808 968 ait
1863 913 2013 970 alter

359 1002 378 1076 (
409 1001 609 1058 Ambr.
641 1003 684 1067 ),
713 1006 774 1054 ut
805 1014 910 1070 quo
936 998 1136 1055 castior
1154 1001 1326 1070 virgo,
1349 1004 1500 1056 tanta
1523 1001 1792 1056 humilior
1817 1003 1909 1056 sit.
1933 1002 2014 1058 Me

360 1093 490 1160 lius,
523 1088 716 1162 inquit
742 1085 952 1143 tertius
985 1087 1152 1160 (Aug.
1187 1088 1229 1160 ),
1274 1096 1353 1145 est
1413 1089 1624 1146 humile
1666 1091 2008 1162 conjugium,

358 1196 524 1255 quam
547 1178 779 1250 superba
809 1177 1119 1248 virginitas.

833 1265 955 1322 Trr.
985 1269 1052 1322 X.
1082 1297 1152 1306 —
1175 1267 1252 1322 De
1273 1267 1544 1338 parvulis.

429 1359 520 1415 49.
543 1354 826 1413 Parvulas
853 1355 965 1410 es?
995 1353 1228 1411 Nutriat
1257 1359 1315 1410 te
1346 1355 1440 1412 ille
1496 1356 1554 1410 in
1612 1355 1722 1412 hoc
1777 1356 2009 1426 saeculo,

361 1447 460 1522 qui
492 1443 823 1502 Samuelem
856 1441 916 1498 in
948 1443 1183 1516 templo.
1216 1443 1369 1499 Audi
1402 1443 1619 1518 itaque,
1643 1451 1708 1501 ut
1729 1451 1891 1518 potes
1916 1463 1930 1513 ;
1955 1450 2013 1501 et

357 1541 420 1594 tu
452 1539 674 1608 satage,
709 1537 773 1588 ut
802 1536 965 1604 potes
991 1549 1004 1600 ;
1027 1536 1085 1587 et
1112 1535 1172 1586 tu
1207 1549 1437 1600 conare,
1466 1537 1532 1589 ut
1578 1539 1778 1606 potes;
1837 1539 1892 1589 et
1946 1537 2011 1590 tu

356 1625 561 1692 nitere,
593 1629 656 1678 ut
685 1627 886 1695 potes;
919 1626 977 1676 et
1000 1626 1060 1676 tu
1093 1638 1355 1694 sequere,
1392 1630 1454 1677 ut
1485 1628 1668 1695 potes,
1702 1629 1786 1694 tu,
1821 1622 2014 1680 dicen-

357 1719 478 1772 tem
511 1711 910 1784 Sapientiam:
949 1712 1226 1782 Usqueguo
1259 1713 1486 1783 parvuli
1529 1713 1768 1783 diligitis
1825 1715 2010 1783 infan-

357 1806 495 1860 tiam
517 1801 546 1857 ‘l
577 1802 758 1874 (Prov.
795 1815 834 1869 ι,
864 1801 953 1853 22.
981 1803 1002 1868 )
1035 1789 1188 1855 Scito
1213 1800 1697 1872 patremfamilias
1725 1801 2013 1867 adesse,et

355 1893 611 1964 teipsum
644 1889 744 1944 aevi
776 1888 862 1943 tui
897 1904 1068 1944 mane
1099 1889 1358 1960 quotidie
1388 1905 1610 1946 vocare.
1653 1889 1803 1946 Dum
1852 1889 2008 1946 enim

354 1977 689 2053 profeceris,
721 1978 860 2032 dum
894 1975 1103 2048 legere,
1137 1977 1276 2032 dum
1312 1977 1654 2050 intelligere,
1681 1980 1824 2034 dum
1855 1984 2007 2034 certe

354 2070 714 2140 interrogare
732 2063 1271 2132 volueris,invenies
1287 2067 1576 2138 quosdam
1599 2065 1656 2120 in
1681 2067 2008 2140 quinquen-

359 2157 479 2224 nio,
513 2161 592 2222 et,
626 2155 780 2228 quod
815 2153 1058 2224 majoris
1087 2153 1280 2209 adhuc
1312 2154 1576 2210 miraculi
1614 2160 1703 2210 est
1739 2156 1914 2212 etiam
1946 2156 2006 2212 in

359 2243 636 2311 triennio,
663 2243 733 2298 ad
768 2241 1110 2315 martyrium
1143 2247 1348 2315 sponte
1396 2243 1756 2316 prorupisse,
1777 2244 2009 2318 sapien-

359 2332 590 2391 tissime
619 2337 677 2388 et
705 2329 1109 2403 potentissime
1147 2329 1344 2385 saeculi
1395 2332 1783 2402 potestatibus
1841 2333 2006 2388 resti-

357 2422 522 2488 tisse,
556 2418 840 2476 miracula
871 2418 929 2472 in
964 2417 1198 2473 nomine
1231 2418 1463 2474 Domini
1493 2420 1840 2485 ostendisse,
1889 2425 2008 2476 tor-

358 2515 558 2568 menta
587 2509 814 2566 fortiter
871 2506 1175 2575 tolerasse,
1237 2513 1486 2564 tortores
1533 2510 2008 2566 constantissime

357 2599 653 2670 derisisse,
687 2600 934 2653 mortem
949 2613 1051 2668 pro
1068 2595 1315 2652 Domino
1335 2613 1447 2652 non
1473 2602 1589 2652 tam
1607 2597 2008 2666 immaturam,

356 2704 538 2761 quam
570 2685 884 2760 pretiosam
915 2683 1306 2740 libentissime
1338 2686 1688 2757 suscepisse,
1729 2692 1788 2742 et
1845 2703 2007 2742 coro-

357 2793 497 2833 nam
525 2773 987 2831 immortalitatis
1017 2788 1150 2828 cum
1183 2773 1380 2846 palma
1406 2773 1680 2844 victorias,
1711 2775 1898 2848 signis
1950 2779 2009 2831 et

357 2863 660 2922 miraculis
671 2863 742 2919 ad
756 2861 1041 2920 exstincta
1053 2877 1256 2917 eorum
1271 2879 1512 2934 corpora
1527 2861 2004 2932 clarescentibus,

356 2970 420 3010 se
447 2951 763 3026 accepisse,
797 2947 1300 3023 perspicaeissime
1357 2951 1792 3007 demonstrasse
1845 2952 2003 3023 (96)';

353 3041 596 3115 etquod
627 3040 819 3096 adhuc
876 3037 1327 3095 incredibilioris
1379 3039 1491 3094 erit
1541 3040 1814 3112 prodigii,
1877 3039 2006 3112 plu-

353 3147 447 3188 res
485 3129 842 3187 fortissimas
872 3125 1126 3200 virgines
1151 3127 1417 3199 ejusdem
1447 3127 1708 3184 invenies
1764 3129 1886 3196 aevi,
1946 3128 2005 3184 in

351 3219 625 3276 conﬂictu
657 3216 924 3272 victrices
955 3214 1194 3282 diaboli,
1226 3233 1330 3288 pro
1361 3233 1556 3272 amore
1580 3217 1894 3289 profecisse
1909 3233 2005 3273 no-

2121 649 2412 707 culturam
2445 656 2608 706 tanto
2625 653 2963 730 studiosius
2992 671 3216 720 vocare,
3269 657 3488 726 qnanto
3531 653 3656 724 jam
3707 658 3763 708 et

2120 739 2384 794 membra
2413 741 2673 814 corporis
2703 742 2774 797 ad
2807 741 3193 798 laborandum
3223 747 3280 798 et
3326 758 3535 798 sensus
3575 741 3646 796 ad
3677 741 3760 796 in-

2121 827 2504 901 telligendum
2537 829 2812 886 videntur
2841 847 3098 888 crescere
3123 829 3357 888 mentis.
3381 830 3526 886 Cum
3547 829 3759 885 addita-

2119 921 2316 972 mento
2346 918 2500 974 enim
2531 919 2991 990 conjunctionis,
3021 925 3075 976 te
3103 923 3164 974 et
3203 924 3514 992 sequentes
3569 919 3764 973 invitat

2118 1005 2355 1061 dicens:
2391 1007 2464 1062 Ite
2486 1015 2538 1062 et
2568 1023 2655 1062 vos
2694 1010 2756 1063 in
2786 1010 3001 1064 vineam
3057 1024 3236 1064 meam
3295 1009 3500 1081 (Matlh-
3541 1023 3638 1072 xx,
3665 1008 3719 1078 7)
3746 1023 3760 1074 ;

2120 1093 2276 1165 quod
2310 1093 2446 1150 alibi
2480 1094 2722 1151 clarabit
2752 1113 2857 1152 cur
2885 1096 3080 1152 faciat.
3107 1099 3393 1152 Memento
3413 1095 3590 1152 etiam
3620 1111 3766 1150 mor-

2119 1186 2234 1236 tem
2268 1181 2612 1251 infantibus,
2648 1183 2844 1255 pueris
2878 1185 3294 1257 etjuvenibus,
3327 1182 3460 1240 licet
3492 1183 3763 1239 immatu-

2121 1286 2269 1338 ram,
2302 1275 2499 1327 tamen
2531 1272 2843 1345 improvise
2872 1274 3154 1341 accidere,
3173 1274 3259 1330 uti
3289 1279 3347 1329 et
3367 1273 3608 1329 senibus
3630 1270 3768 1328 acci-

2120 1359 2208 1415 dit
2236 1359 2448 1416 debite.

2459 1449 2582 1504 Trr.
2615 1449 2736 1516 XIl,
2771 1482 2837 1491 —
2867 1451 2942 1506 De
2980 1450 3430 1508 adolescentibus.

2190 1535 2281 1592 5i.
2315 1537 2668 1593 Adolescens
2698 1556 2759 1593 es
2781 1539 2809 1592 ‘t
2830 1539 2978 1594 Audi
3015 1539 3326 1595 Dominum
3355 1557 3368 1595 :
3398 1540 3532 1607 Tibi,
3557 1537 3764 1610 inquit,

2120 1625 2220 1682 63
2251 1625 2390 1692 dico,
2424 1643 2583 1696 surge
2612 1627 2762 1695 (Luc.
2797 1645 2895 1694 vu,
2935 1630 3040 1695 14).
3075 1629 3224 1684 Audi
3264 1634 3322 1684 et
3376 1627 3720 1701 Apostolum
3749 1643 3763 1682 :

2121 1715 2292 1782 Surge
2321 1717 2419 1786 qui
2447 1715 2673 1780 dormis,
2703 1721 2755 1771 et
2784 1733 3016 1787 exsurge
3044 1736 3078 1772 a
3101 1719 3352 1782 mortuis,
3383 1721 3435 1772 et
3480 1717 3764 1771 illumina-

2121 1805 2198 1859 bit
2227 1809 2278 1858 te
2309 1799 2557 1858 (Jﬁristus
2580 1806 2791 1874 (Ephes.
2827 1823 2880 1872 v,
2916 1807 3024 1872 14).
3058 1805 3172 1861 Nec
3203 1821 3572 1872 succenseas,
3615 1804 3764 1876 quod

2121 1897 2239 1946 tam
2273 1891 2611 1949 terribiliter
2642 1899 2696 1949 te
2729 1895 2788 1949 in
2820 1894 2966 1966 ipsis
3022 1895 3187 1950 video
3247 1894 3430 1949 initiis
3479 1893 3765 1959 excitare;

2116 1979 2269 2035 scias
2300 1997 2391 2036 me
2422 1979 2530 2036 hoc
2562 1985 2680 2036 tam
2699 1984 2933 2054 propter
2956 1980 3236 2038 declivem
3255 1982 3328 2037 ad
3347 1981 3550 2054 lapsus
3574 1980 3766 2036 multi-

2115 2085 2296 2141 genos
2327 2087 2496 2141 agere
2529 2070 2869 2139 hujusmodi
2913 2074 3162 2135 aetatem,
3202 2087 3379 2142 quam
3406 2074 3463 2126 et
3517 2069 3770 2142 [subaudi

2116 2159 2371 2229 propter]
2391 2157 2683 2229 bicipitem
2703 2158 2762 2212 in
2776 2156 3156 2230 ipsointroitu
3171 2158 3395 2214 vivendi
3413 2157 3623 2214 callem
3639 2158 3764 2225 (97):

2116 2245 2272 2317 quod
2331 2243 2522 2300 littera
2579 2245 2682 2299 tibi
2747 2245 3080 2319 Pythagorae
3147 2246 3328 2301 Samii
3377 2247 3533 2303 valet
3585 2263 3768 2304 recor-

2116 2333 2262 2402 dari,
2298 2333 2347 2390 si
2377 2335 2611 2406 quando
2638 2335 2776 2390 dare
2807 2336 2884 2405 [f.
2920 2334 3196 2402 nolueris]
3261 2333 3519 2391 volueris
3565 2333 3766 2391 oblitui

2117 2423 2226 2478 Sed
2261 2427 2319 2478 et
2351 2421 2466 2487 ille,
2501 2423 2602 2494 qui
2638 2429 2928 2489 nostrum,
2963 2423 3119 2495 quod
3151 2423 3513 2489 laboramus,
3555 2425 3682 2496 jam
3712 2422 3768 2478 in

2117 2510 2322 2566 multis
2344 2510 2497 2581 juvit
2544 2511 2674 2582 (98),
2707 2509 2888 2576 auxit,
2921 2511 3169 2576 ornavit,
3188 2515 3246 2566 et
3277 2513 3571 2568 roboravit
3603 2528 3766 2584 opus,

2117 2616 2188 2654 ne
2221 2599 2358 2671 quid
2394 2599 2589 2654 minus
2606 2603 2663 2654 et
2688 2599 2757 2653 ad
2782 2599 2837 2654 id
2857 2598 3269 2672 explicandum
3287 2615 3459 2672 posse
3481 2599 3765 2665 videatur,

2116 2686 2291 2753 adsit,
2325 2703 2483 2758 rogo,
2503 2686 2901 2759 quantocitius
2917 2687 3281 2759 Augustinus
3302 2687 3506 2759 utique
3528 2689 3764 2745 beatus:

2113 2777 2392 2843 Iuventus,
2429 2775 2638 2847 inquit,
2666 2776 2736 2830 ad
2764 2792 3005 2831 amorem
3036 2777 3284 2844 liberior,
3323 2776 3392 2831 ad
3414 2778 3634 2848 lapsum
3691 2779 3769 2834 ia-

2115 2865 2347 2930 rautior,
2389 2864 2458 2918 ad
2512 2865 2893 2945 inﬁrmitatem
2949 2866 3225 2935 fragilior,
3259 2864 3329 2919 ad
3372 2868 3768 2938 rorreplionem

2115 2952 2324 3008 durior.
2359 2951 2736 3009 Ecclesiastes
2769 2953 2969 3024 etiam,
3033 2953 3503 3024 Proverbiorum,
3565 2959 3624 3011 et
3671 2961 3767 3009 Sa-

2116 3041 2345 3114 pientia:
2365 3041 2519 3108 libri,
2538 3047 2844 3096 auctorum
2863 3042 2928 3112 [Γ.
2949 3043 3237 3113 auctores]
3264 3043 3440 3098 etiam
3464 3047 3590 3100 tam
3632 3041 3766 3099 Novi

2115 3146 2293 3202 quam
2325 3129 2547 3186 Veteris
2575 3129 2955 3197 Testamenti,
2989 3136 3109 3185 tam
3143 3131 3363 3187 umbrze
3409 3133 3530 3187 veri
3593 3149 3765 3206 quam

2116 3217 2302 3290 ipsius
2333 3217 2591 3274 veritatis
2622 3218 2732 3272 acti
2766 3218 3064 3290 praesagiis
3097 3219 3194 3289 [αι.
3228 3222 3579 3292 prmsagns],
3628 3219 3762 3293 quid

349 3307 529 3366 minis
564 3306 800 3364 Christi.
837 3305 1102 3361 Invenies
1132 3321 1366 3376 quoque
1387 3305 1654 3376 ejusdem
1677 3306 1862 3362 aetatis
1884 3307 1997 3362 mi-
2029 3291 2074 3358 C
2112 3307 2183 3361 de
2213 3310 2323 3360 tua:
2348 3305 2678 3378 exprimant
2709 3306 3062 3377 proprietate
3080 3291 3287 3372 aetatis,
3323 3291 3548 3378 quibus
3566 3313 3620 3364 te
3639 3291 3768 3362 con-

346 3415 530 3467 seros,
565 3401 696 3469 post
727 3395 1040 3451 remissum
1073 3393 1356 3465 originale
1388 3401 1715 3467 peccatum,
1748 3396 2000 3468 propriis

345 3485 570 3542 meritis
601 3489 888 3540 mercatos
921 3483 1234 3548 infernum,
1259 3488 1315 3537 et
1337 3483 1442 3538 hoc
1464 3484 1815 3554 quibusdam
1840 3500 2002 3556 aper-

331 3574 424 3632 tis
453 3574 686 3632 indiciis
717 3575 788 3628 ad
823 3572 1089 3627 notitiam
1124 3577 1482 3627 monstrasse
1505 3573 1833 3641 hominum,
1872 3574 1998 3646 ipso

350 3661 806 3720 misericorditer
830 3660 1222 3733 permittente,
1253 3660 1352 3732 qui
1385 3659 1492 3716 hoc
1525 3661 1596 3716 ad
1647 3666 1757 3716 tuae
1808 3668 2001 3718 caute-

349 3749 418 3808 la:
449 3750 626 3808 scribi
654 3749 840 3806 voluit
868 3747 1235 3820 exemplum..

843 3838 966 3893 Trr.
993 3837 1086 3892 XI.
1112 3867 1181 3877 —
1214 3839 1284 3892 De
1309 3840 1517 3908 pueris.

419 3931 506 3986 20.
568 3929 716 3984 Puer
767 3928 877 3982 es?
933 3925 1084 3980 Audi
1141 3925 1522 3998 Apostolum:
1584 3929 1758 3984 Nolite
1833 3930 1999 4000 pueri

346 4017 495 4090 efﬁci
521 4017 790 4083 sensibus,
822 4014 914 4071 sed
956 4013 1175 4069 malitia
1229 4014 1455 4086 parvuli
1506 4020 1696 4083 estose,
1751 4018 2000 4074 sensibus

343 4116 529 4164 autem
551 4107 782 4180 perfecti
803 4107 929 4161 sitis
957 4105 1007 4174 (Ι
1035 4104 1156 4160 Cor.
1191 4121 1304 4171 xiv,
1363 4104 1477 4175 20).
1535 4105 1771 4161 imitare
1831 4105 1998 4163 illum

341 4197 414 4254 de
445 4213 561 4268 quo
592 4194 826 4268 legitur,
860 4193 1000 4266 quia
1025 4193 1345 4264 proficiebat
1366 4196 1529 4250 τςειιιίε
1556 4197 1608 4248 et
1648 4195 1920 4266 sapientia
1949 4203 2002 4251 et

335 4287 517 4357 gratia
545 4301 729 4341 coram
759 4285 866 4339 Deo
897 4286 947 4340 et
980 4282 1298 4338 hominibus
1329 4281 1479 4349 (Luc.
1515 4299 1577 4346 ιι,
1609 4282 1725 4354 52).
1779 4283 1997 4338 Secun-

338 4375 480 4431 dum
493 4373 648 4431 enim
663 4373 1029 4429 divinitatem
1045 4376 1202 4426 totus
1217 4386 1462 4426 manens
1477 4370 1790 4443 perlectus,
1810 4389 1998 4444 neque

335 4462 400 4519 in
430 4479 547 4536 quo
577 4463 882 4534 proﬁceret
911 4461 1157 4527 habens,
1186 4458 1283 4530 qui
1317 4457 1400 4514 sic
1430 4458 1558 4515 sine
1583 4459 1746 4515 initio
1778 4460 1994 4529 existit,

340 4554 410 4606 ut
438 4566 627 4621 neque
655 4549 1194 4620 deﬁciendoﬁnem
1226 4547 1484 4619 aliquem
1518 4547 1719 4604 haberi
1770 4549 1992 4620 possit;

2109 3398 2198 3451 tra
2223 3395 2516 3450 instruant
2545 3398 2600 3448 et
2633 3394 2902 3450 muniant
2929 3395 3320 3462 documentis,
3349 3395 3598 3468 longum
3647 3394 3762 3451 edi-

2109 3499 2235 3538 cere
2263 3481 2539 3547 nimis,ne
2568 3481 3052 3553 impedimentum
3082 3485 3158 3539 sit
3188 3483 3466 3555 propositi
3521 3486 3595 3541 ad
3652 3481 3766 3540 alia

2111 3571 2423 3626 tendentis.
2473 3571 2582 3626 Sed
2644 3588 2715 3626 ne
2748 3576 2820 3636 te,
2855 3571 2996 3627 dum
3033 3572 3233 3627 multis
3263 3572 3556 3644 indigeas,
3589 3574 3762 3628 etiam

2107 3660 2406 3732 aliquibus
2433 3661 2735 3715 videamur
2769 3659 3070 3727 fraudare;
3095 3659 3419 3730 hortamur,
3447 3662 3501 3716 si
3529 3661 3766 3727 velis,ut

2108 3765 2309 3806 aurem
2339 3749 2532 3804 cordis
2563 3747 2885 3804 Psalmista:
2917 3749 3200 3804 adhibeas
3231 3749 3424 3819 dictis,
3447 3749 3768 3822 quibusin-

2107 3844 2410 3910 terrogans
2440 3837 2672 3894 tibimet
2703 3854 3029 3909 congruum
3061 3838 3261 3893 statim
3293 3838 3516 3910 accepit
3575 3835 3761 3894 consi-

2108 3926 2292 3982 lium:
2327 3929 2389 3982 1η
2417 3942 2540 3998 quo,
2573 3925 2870 3997 inquiens,
2899 3928 3129 3994 corrigit
3169 3925 3562 3983 adolescentior
3618 3927 3765 3982 vium

2107 4015 2315 4071 suam?
2347 4017 2406 4070 in
2433 4014 2778 4070 custodiendo
2827 4030 3104 4070 sermones
3161 4023 3278 4070 tuos
3332 4017 3506 4084 (Psal.
3569 4030 3762 4079 cxvm,

2105 4105 2183 4172 9).
2216 4104 2362 4159 Nota
2390 4101 2572 4175 igitur
2603 4106 2665 4157 ut
2702 4103 2895 4158 verbis
2949 4102 3263 4176 Augustini
3323 4120 3482 4160 nunc
3532 4119 3762 4178 quoque

2110 4191 2528 4262 utamur,quod
2550 4208 2662 4246 non
2683 4191 3138 4263 praesumptione
3154 4191 3414 4247 humana
3438 4193 3760 4260 inventum,

2107 4282 2207 4336 sed
2239 4279 2616 4352 inspiratione
2648 4278 2843 4334 divina
2861 4284 3186 4350 acceptum,
3213 4278 3318 4334 tibi
3351 4280 3551 4336 subito
3575 4277 3757 4352 propi.

2108 4374 2205 4424 net
2235 4368 2473 4424 remedii
2503 4367 2798 4438 poculum.
2833 4368 2996 4422 Mens
3025 4367 3179 4422 enim
3202 4373 3322 4435 tua,
3349 4385 3481 4440 qua:
3511 4369 3756 4440 degene-

2107 4463 2195 4514 rat
2224 4457 2282 4512 in
2315 4457 2618 4529 stirpibus,
2653 4455 2921 4512 meliores
2957 4457 3126 4513 edere
3174 4457 3398 4513 fructus
3448 4457 3679 4530 incipit,
3713 4454 3760 4511 si

2103 4548 2412 4605 verborum
2447 4542 2765 4600 caelestium
2809 4561 3128 4616 conspersa
3182 4545 3511 4602 seminibus
3569 4543 3756 4610 fuerit,

333 4637 508 4709 juxta
535 4636 983 4702 humanitatem,
1019 4652 1194 4706 quam
1233 4636 1313 4690 tui
1347 4636 1536 4707 gratia
1566 4638 1805 4708 accepit,
1830 4639 1999 4710 proli-
2026 4661 2072 4725 D
2104 4653 2231 4708 quae
2265 4641 2458 4690 tamen
2485 4632 2581 4688 ille
2611 4632 2859 4688 cmlestis
2892 4633 3162 4704 agricola,
3207 4633 3322 4688 nisi
3383 4633 3441 4689 in
3501 4635 3756 4706 quodam

340 4741 472 4782 cere
498 4723 700 4791 voluit,
733 4730 799 4779 ut
826 4723 954 4791 tibi,
989 4725 1142 4779 unde
1183 4724 1460 4794 proiicere
1508 4725 1772 4791 deberes,
1827 4743 1994 4782 mon-

340 4815 576 4884 straret,
604 4811 723 4868 imo
757 4816 821 4868 ut
849 4812 1163 4884 proﬁceres
1190 4809 1316 4883 ipse
1345 4816 1670 4884 praestaret.
1697 4815 1851 4870 Scito
1883 4815 1992 4871 ita-

410 4919 525 4992 (96)
567 4920 890 4992 Construe;
948 4923 1000 4973 et
1056 4918 1528 4992 perspicacissinw
1577 4917 1992 4992 demnstrasse,

341 4989 515 5058 signis
544 4995 596 5046 et
626 4989 912 5064 miraculis
942 4989 1360 5044 clarescentibus
1388 4989 1458 5042 ad
1485 4991 1760 5044 exslincsa
1805 5008 1993 5064 eorum

341 5077 588 5131 corpora,
619 5077 676 5115 se
699 5063 966 5130 accepisse
993 5076 1268 5115 coronam.

407 5128 498 5202 97)
533 5131 680 5186 Male
712 5132 769 5185 in
803 5128 958 5202 vulg.
991 5132 1234 5201 iniquus.
1284 5128 1414 5202 Μυξί
1469 5133 1782 5202 construe:
1843 5132 1994 5188 Scias

335 5219 424 5258 me
447 5199 606 5273 agere
635 5203 732 5256 hoc
761 5210 873 5256 tam
903 5199 1118 5271 propter
1147 5207 1359 5255 aetatem
1380 5199 1695 5273 hujusmodi
1730 5202 1990 5260 declivem

336 5274 407 5329 ad
436 5271 617 5344 lapsus
643 5275 994 5340 muttigenos,
1025 5288 1188 5344 quam
1217 5281 1275 5344 et
1288 5280 1510 5344 propter
1535 5271 1730 5344 callem
1788 5273 1988 5344 beri/ii-

337 5353 446 5400 tem
477 5340 537 5400 in
567 5346 684 5414 ipso
716 5346 949 5414 introitu,
964 5340 1196 5398 vivendi.
1219 5342 1432 5395 Littera
1457 5340 1790 5414 Pythagora:
1813 5340 1984 5414 est'Y,

2103 4742 2274 4780 versu
2306 4724 2420 4794 (99)
2453 4737 2642 4777 serere
2672 4721 2991 4776 consuevit.
3025 4722 3175 4776 Audi
3206 4721 3458 4793 denique
3475 4722 3658 4794 hujus
3675 4737 3760 4775 sa-

2101 4813 2278 4870 tionis
2313 4809 2742 4866 fecundissima:
2778 4808 3113 4864 ministrum
3141 4827 3153 4866 :
3182 4810 3399 4878 Omnia,
3433 4810 3648 4883 inquit,
3671 4825 3756 4866 ve-

2291 4945 2482 4993 Littera
2512 4942 2822 5006 Pythagorae
2854 4941 3159 4991 discrimine
3192 4946 3335 4992 secta
3365 4943 3572 4992 bicorni

2258 5007 2518 5056 Humana:
2550 5008 2671 5054 vita:
2702 5007 2930 5068 speciem
2953 5007 3206 5068 praeferre
3240 5006 3464 5054 videtur.
3497 5013 3599 5055 etc.

2170 5133 2278 5194 \98)
2314 5129 2459 5184 Male
2491 5126 2546 5182 in
2580 5126 2830 5200 vulgatis
2861 5130 3014 5184 vivit.
3065 5129 3349 5186 Construe
3379 5133 3574 5186 autem
3603 5146 3617 5185 :
3652 5125 3752 5200 Sed

2101 5211 2151 5258 et
2183 5204 2298 5267 ille,
2331 5201 2664 5270 Augustinus
2693 5199 2883 5273 utique
2902 5202 3120 5273 beatus,
3150 5203 3246 5273 qui
3284 5205 3412 5273 jam
3448 5203 3509 5255 in
3565 5199 3753 5273 multis

2087 5275 2258 5344 juvit,
2289 5269 2469 5336 ausit,
2502 5272 2722 5344 ornavit
2751 5269 2800 5344 et
2829 5271 3101 5344 roboravit
3131 5269 3262 5344 opus
3284 5269 3569 5344 'nostrum,
3614 5269 3751 5344 quod

2101 5345 2434 5406 laboramus,
2467 5342 2834 5414 quantocitius
2863 5342 3028 5409 adsit,
3063 5342 3212 5412 rogo,
3242 5359 3310 5399 ne
3341 5343 3593 5398 videatur
3603 5342 3750 5414 posse

337 5432 454 5471 non
486 5411 640 5487 quod
671 5413 1188 5487 eamPythagoras
1221 5414 1524 5487 invenerit,
1555 5411 1986 5487 sedq_uia,cum
2096 5415 2310 5486 aliquid
2341 5411 2542 5477 minus,
2573 5416 2626 5466 et
2656 5411 2725 5466 ad
2750 5411 3142 5483 evplicandum"
3187 5415 3277 5470 id:
3333 5411 3616 5470 Iuventus
3656 5416 3746 5468 in-

335 5487 467 5563 ipsa
498 5482 774 5563 truncum
809 5485 863 5538 in
881 5482 1044 5538 duos
1073 5482 1551 5563 ramosdivisum
1581 5482 1868 5554 praeferat,
1897 5503 1989 5563 _ea

333 5551 629 5637 utebatur
647 5554 1019 5637 Pythagoras,
1053 5560 1142 5637 ut.
1173 5553 1480 5637 bicipitem.
1531 5551 1802 5637 humanis
1857 5557 1986 5612 vitae

334 5625 541 5687 callem
572 5624 711 5705 hinc
742 5625 801 5682 in
831 5624 1101 5705 virtutes,
1108 5624 1279 5705 Ibitis.
1295 5624 1354 5680 in
1384 5624 1536 5705 vitia
1551 5625 1889 5705 tendentem
1907 5645 1989 5689 re-

331 5702 752 5782 praecineret;
777 5697 932 5760 unde
961 5698 1022 5760 in
1052 5695 1283 5774 Virgilii
1313 5694 1684 5772 poematibus
1708 5714 1722 5762 ε

2096 5489 2233 5558 quit.
2269 5491 2377 5540 etc.

2166 5558 2280 5627 (99)
2318 5558 2504 5628 Versus
2535 5569 2639 5628 p_r_o_
2669 5551 2898 5628 sulco‘a
2945 5556 3138 5628 probas
3193 5560 3344 5628 nota:
3404 5552 3746 5628 auctoribus

2096 5623 2398 5702 accipitur.
2430 5623 2916 5702 Sic’PliniusLlib.
2945 5623 3129 5697 'xvm,
3160 5644 3210 5686 c.
3269 5626 3360 5698 l9,
3417 5625 3480 5682 in
3537 5625 3744 5683 arando

2093 5695 2310 5760 versum
2337 5697 2556 5776 peragis
2581 5695 2836 5776 scripsit.
