3906 6360
385 500 504 564 819

379 723 541 796 (nam
571 728 806 796 tempus
835 723 1140 778 vindemia:
1171 721 1552 794 erat)publico
1575 718 2032 790 cellariocont‘e-

379 815 562 869 rebat.
599 813 731 868 Mox
761 829 937 880 unus,
971 813 1070 884 qui
1105 811 1444 866 Fulcberius
1477 811 1799 871 dicebatur,
1833 826 1866 862 a
1915 809 2034 860 da:-

377 919 554 958 mone
579 901 916 973 corripitur,
931 900 1121 955 cmtcri
1149 899 1332 954 nimio
1363 899 1476 954 acti
1511 905 1729 954 terrore
1753 898 1810 952 in
1836 899 2033 968 fugam

377 989 1002 1056 convertuntur,boves
1031 988 1168 1044 hinc
1200 989 1335 1044 inde
1357 988 1647 1043 cruentati
1671 988 1886 1042 moveri
1912 987 2034 1041 loro

377 1098 496 1136 non
511 1079 969 1153 possunt,donec
984 1078 1226 1132 fratribu
1237 1095 1264 1131 s
1277 1076 1689 1132 accedentibus
1703 1075 2032 1147 plaustrum

378 1171 453 1226 ad
489 1171 731 1225 domum
763 1166 970 1222 famuli
1003 1166 1102 1238 qui
1149 1166 1350 1222 Daniel
1392 1166 1698 1220 dicebatur
1727 1166 2032 1219 reductum

377 1258 698 1330 est,sicque
727 1256 809 1322 illi
832 1257 988 1330 quod
1014 1257 1269 1327 pessime
1301 1255 1667 1310 abstulerant
1697 1254 2034 1308 restitutum

377 1347 604 1404 est.Die
627 1349 823 1402 autem
856 1345 1038 1402 altero
1061 1346 1214 1400 idem
1251 1344 1524 1399 Salomon
1561 1361 1692 1398 cum
1723 1343 1880 1396 omni
1925 1342 2033 1396 hu-

378 1437 628 1494 militate
659 1437 728 1492 ad
762 1435 1182 1490 monasterium
1215 1433 1391 1499 venit,
1409 1433 1756 1503 veniamque
1787 1431 2036 1502 adeptus

376 1527 528 1583 nihil
559 1525 712 1582 ultra
743 1523 937 1580 simile
967 1527 1252 1579 attentare
1292 1521 1690 1594 prazsumpsit.
1723 1520 1941 1574 Verum
1979 1523 2038 1575 et

377 1618 507 1690 ipse
539 1613 884 1672 Fulcherius
904 1629 1021 1668 non
1043 1611 1216 1684 longo
1239 1615 1372 1683 post
1397 1615 1659 1682 tempore
1689 1608 1907 1663 ibidem
1939 1609 2037 1662 ad-

377 1708 596 1763 ductus
626 1721 730 1778 per
758 1701 990 1760 Domini
1024 1701 1274 1774 gratiam
1307 1699 1568 1772 sospitali
1603 1698 1864 1754 redditus
1896 1702 1986 1753 est
2019 1715 2031 1752 :

377 1810 632 1868 quorum
663 1796 860 1850 autem
885 1809 985 1846 cor
1004 1791 1278 1862 superbia
1299 1788 1834 1854 induravit,horum
1855 1787 2033 1841 vitam

379 1898 544 1938 mors
576 1879 989 1938 crudelissima
1017 1878 1308 1934 horrendo
1341 1877 1500 1932 exitu
1531 1875 1888 1932 terminavit.

989 1984 1224 2041 CAPUT
1261 1983 1426 2039 XVII.

489 2077 562 2132 De
590 2091 649 2132 co
681 2077 776 2148 qui
804 2073 874 2130 ad
896 2073 1205 2148 putandum
1235 2073 1450 2200 viu‘cam
1480 2080 1698 2144 rogatus
1725 2079 1842 2128 arte
1869 2087 1926 2126 se

1061 2161 1316 2200 excumm
1347 2185 1359 2198 .

1061 2161 1359 2200 exmavu.

451 2235 806 2306 47.Tempus
837 2233 1016 2289 vineae
1047 2233 1318 2305 putanda:
1351 2234 1682 2300 advenerat,
1715 2238 1772 2287 et
1802 2231 2032 2288 abbatis

379 2323 628 2395 imperio
677 2319 1011 2394 complures
1058 2321 1354 2392 operarios
1387 2321 1566 2376 frater
1615 2320 1848 2376 nomine
1897 2319 2029 2375 Hal-

379 2411 581 2468 deisus
611 2411 684 2468 ad
715 2411 825 2466 hoc
856 2427 1004 2483 opus
1037 2409 1713 2482 perquirebat.Cumque
1745 2408 2032 2481 plurimos

378 2499 732 2572 collegisset,
761 2514 867 2555 nec
897 2498 1258 2554 sufﬁcienter
1281 2497 1496 2554 habere
1527 2498 1806 2564 crederet,
1825 2499 1895 2552 ad
1927 2498 2029 2553 do-

377 2605 546 2644 mum
575 2588 885 2660 cujusdam
911 2587 1171 2643 Durandi
1203 2587 1607 2652 acccdebat,ut
1635 2604 1768 2642 eum
1787 2587 1858 2642 ad
1882 2603 2030 2658 opus

374 2677 573 2754 venire
603 2680 874 2750 rogaret;
907 2693 1082 2749 quem
1114 2693 1260 2732 uxor
1289 2675 1611 2749 supradicti
1645 2675 1902 2732 Durandi
1934 2693 2029 2731 ve-

378 2766 636 2822 nientem
665 2765 874 2821 videns
906 2781 920 2820 :
957 2766 1064 2832 En,
1094 2764 1572 2837 inquit,domnus
1603 2764 1912 2820 Haldeisus
1943 2781 2032 2818 ac-

380 2854 536 2912 cedit
566 2859 631 2911 ut
659 2871 762 2910 vos
793 2871 929 2910 cum
959 2855 1202 2927 reliquis
1231 2855 1302 2910 ad
1334 2854 1512 2910 vineae
1544 2853 1906 2927 putationem
1947 2853 2032 2908 ire

378 2943 664 3000 debeatis.
696 2943 802 2998 Cui
833 2943 932 2998 ille
961 2943 1264 3014 respondit
1294 2960 1308 2998 :
1342 2943 1480 3014 Ego,
1517 2942 1728 3013 inquit,
1775 2958 1891 2996 non
1930 2958 2028 2995 va-

377 3032 544 3100 dam;
578 3031 678 3087 sed
711 3047 784 3086 ne
813 3031 960 3086 forte
985 3031 1238 3086 domnus
1271 3031 1381 3086 iste
1410 3029 2031 3094 contristetur,incom-

377 3119 723 3176 moditatem
755 3117 978 3173 brachii
1003 3117 1316 3185 simulabo,
1336 3121 1392 3170 et
1413 3133 1515 3188 per
1528 3117 1638 3171 hoc
1655 3115 2028 3187 inculpabilis

379 3205 964 3276 manebo.Simulque
995 3205 1194 3260 dicens
1227 3205 1530 3259 brachium
1549 3203 1694 3258 collo
1727 3204 2024 3275 appendit,

375 3297 434 3350 et
462 3293 715 3350 venienti
747 3293 1035 3349 monacho
1067 3293 1411 3365 rogantique
1433 3296 1498 3347 ut
1516 3293 1586 3347 ad
1612 3308 1758 3362 opus
1789 3291 2024 3347 accede-

1369 456 1380 466 ’
1462 499 1798 562 LETALDI
1845 494 2336 558 MICIACENSIS
2384 499 2742 560 MONACHI

274 657 284 665 ·
383 640 648 702 conatur,
682 638 740 691 et
765 633 966 690 vinum
999 651 1031 689 e
1077 633 1226 689 dolis
1274 637 1333 688 et
1379 631 1770 689 torcularibus
1801 632 2035 701 raptum
2065 630 2121 694 Α
2151 627 2253 684 riis
2281 631 2600 686 monachos
2631 643 2945 704 aggressus
2975 637 3084 699 est,
3115 637 3174 687 et
3211 631 3556 704 procacibus
3607 631 3803 689 verbis

2063 1995 2114 2064 B

3689 498 3804 559 820

2145 735 2357 774 nomen
2389 721 2536 774 tanti
2571 720 2756 775 Patris
2796 719 3205 792 blasphemare
3255 726 3624 794 praeSumens
3667 740 3798 779 eum

2145 808 2416 880 plurimis
2447 827 2510 864 so
2529 810 2736 864 talium
2789 809 2846 864 in
2893 811 3095 864 eodem
3149 815 3316 882 prato
3347 827 3533 882 equos
3565 828 3798 868 servare

2144 897 2538 953 instituitBed
2561 900 2689 968 ejus
2709 899 3044 970 superbiam
3063 899 3289 970 judicia
3309 899 3508 955 divina
3525 901 3806 956 subsecu-

2144 993 2204 1042 ta
2234 988 2556 1042 sunt.Nam
2579 989 2768 1042 eidem
2803 987 2860 1041 in
2893 989 3094 1042 eodem
3119 992 3283 1058 prato
3305 987 3600 1045 in'eadem
3637 996 3802 1046 nocte

2145 1075 2468 1148 quiescenti
2529 1077 2870 1132 terribiliter
2902 1078 2962 1132 Β.
2998 1077 3354 1132 Maximinus
3404 1081 3700 1150 apparuit,
3749 1084 3803 1136 et

2147 1164 2408 1220 stultitim
2433 1176 2566 1218 eum
2592 1181 2846 1237 arguens
2878 1165 3086 1220 baculo
3115 1165 3355 1221 incurvo
3376 1183 3549 1239 quem
3573 1174 3801 1240 gestare

2145 1253 2452 1308 videbatur
2482 1254 2772 1325 percussit
2803 1271 2815 1309 :
2846 1255 2944 1326 qui
2970 1272 3218 1327 surgens
3244 1254 3498 1311 clamare
3519 1275 3654 1312 sese
3674 1275 3801 1314 mo-

2146 1343 2396 1397 riturum
2429 1342 2622 1414 ccepit,
2657 1348 2714 1397 et
2743 1344 3158 1399 arcurentibus
3187 1344 3362 1401 sociis
3393 1363 3428 1400 a
3458 1347 3802 1402 B.Maximi-

2147 1449 2221 1486 no
2252 1450 2316 1487 se
2347 1431 2638 1486 lethaliter
2677 1433 2857 1486 ictum
2898 1431 3175 1502 ejulando
3213 1433 3512 1490 indicavit.
3551 1436 3801 1508 Moxque

2146 1538 2330 1592 equos
2361 1521 2493 1592 ejici
2526 1525 2582 1575 et
2612 1539 2675 1575 se
2704 1521 2993 1592 exportari
3016 1522 3330 1591 jubetzsed
3361 1521 3800 1592 ingravescente

2147 1608 2416 1664 molestia
2444 1608 2600 1665 inter
2629 1627 2841 1666 manus
2871 1610 3238 1666 efferentium
3270 1611 3544 1683 spiritum
3573 1613 3804 1669 exhala-

2145 1699 2246 1752 vit.
2281 1701 2403 1764 Qua
2434 1699 2506 1754 de
2538 1715 2598 1754 re
2629 1703 2832 1754 tantus
2862 1702 3048 1754 terror
3082 1699 3272 1756 socios
3292 1701 3420 1771 ejus
3467 1702 3712 1770 invasit,
3741 1705 3803 1758 ut

2147 1803 2336 1858 usque
2367 1787 2422 1841 in
2452 1787 2802 1843 hodiernum
2833 1787 2988 1842 diem
3020 1804 3190 1844 nemo
3209 1789 3482 1846 inventus
3503 1790 3583 1846 sit
3604 1792 3706 1863 qui
3733 1791 3802 1846 si-

2146 1875 2286 1931 mile
2316 1879 2605 1930 attentare
2653 1877 3112 1948 przesumpserit.
3147 1878 3285 1932 'Ista
3330 1883 3472 1934 sunt
3519 1896 3652 1952 quae
3698 1897 3801 1937 nos

2146 1964 2416 2020 omisisse
2474 1965 2794 2036 supradicti
2855 1965 3116 2020 seniores
3173 1967 3530 2036 fatebantur,
3570 1973 3633 2024 et
3689 1969 3800 2024 alia

2143 2052 2516 2126 quamplura,
2559 2069 2687 2124 qua:
2741 2053 3044 2108 fastidium
3091 2054 3453 2112 declinantes
3500 2056 3800 2114 reticenda

2142 2143 2500 2214 putavimus.
2530 2143 2696 2197 Nunc
2725 2159 2858 2198 vero
2909 2144 2980 2198 ad
3032 2160 3100 2198 ea
3148 2160 3275 2216 quae
3325 2145 3546 2202 nostris
3589 2145 3798 2202 diebus

2143 2231 2296 2286 facta
2327 2235 2467 2285 sunt
2496 2231 2866 2286 accedamus.

2763 2319 2996 2376 CAPUT
3034 2321 3170 2376 XIX.

2748 2407 2821 2462 De
2847 2407 3186 2464 ardentibus.

2213 2497 2300 2550 49.
2337 2496 2594 2551 Peccatis
2617 2495 2965 2567 populorum
2989 2496 3403 2570 ingruentibus
3425 2503 3482 2554 et
3499 2498 3798 2569 justitiam

2142 2585 2241 2654 Dei
2261 2585 2716 2656 provocantibus
2733 2585 2926 2641 medio
2949 2586 3064 2641 fere
3087 2595 3290 2642 mense
3310 2588 3572 2659 Augusto
3591 2587 3801 2659 ingens

2140 2673 2268 2737 lues
2299 2675 2588 2746 populum
2621 2673 3102 2730 Aurelianensem
3124 2675 3429 2732 devastare
3449 2675 3800 2747 cmpit.Divi-

2141 2781 2215 2819 no
2245 2763 2462 2819 etenim
2495 2763 2630 2836 igne
2661 2763 2927 2818 membra
2956 2763 3242 2819 ardebant
3289 2764 3570 2831 humana,
3629 2765 3798 2837 cujus

2141 2853 2333 2909 ardori
2366 2851 2528 2907 nulla
2557 2855 3244 2924 poteratconcurrerears
3260 2852 3797 2909 humana.0mnem

2141 2942 2321 3014 igitur
2351 2957 2576 3007 sexum,
2610 2956 2966 3010 omnemque
2997 2944 3250 3007 atatem,
3283 2946 3342 2998 et
3387 2941 3688 3014 praecipue
3715 2943 3796 2997 in-

2140 3028 2374 3084 fantiles
2404 3032 2568 3082 artus
2611 3026 2698 3082 vis
2743 3027 2856 3082 ista
2901 3027 3314 3100 populabatur.
3351 3031 3500 3095 Quid
3543 3031 3799 3087 facerent

2139 3133 2287 3188 quos
2301 3119 2466 3170 tanta
2483 3115 2804 3170 necessitas
2819 3115 3191 3186 perurgeret?
3220 3117 3576 3173 Sanctorum
3602 3119 3799 3176 suifra-

2137 3204 2603 3276 giaexpetunt,et
2621 3201 3212 3274 implorantdivinum
3233 3203 3450 3275 quibus
3463 3205 3794 3264 humanum

2137 3293 2335 3347 deerat
2363 3289 2668 3346 auxilium.
2701 3291 2966 3362 Cumque
2995 3308 3098 3363 per
3126 3291 3327 3347 omnia
3379 3309 3530 3364 pene
3562 3301 3794 3352 sancto-

375 3385 482 3452 ret,
515 3399 632 3438 non
665 3397 729 3437 se
757 3398 929 3454 posse
962 3381 1156 3438 venire
1186 3381 1502 3452 respondit.
1533 3381 1798 3452 Cumque
1828 3397 2024 3436 mona-
2053 3357 2100 3426 (ἶ
2138 3398 2268 3436 rum
2297 3381 2423 3436 loca
2453 3381 2794 3436 catervatim
2825 3380 2884 3435 hi
2915 3379 3064 3436 tales
3103 3386 3472 3453 cogerentur,
3504 3387 3796 3458 praeeipue

371 3471 520 3528 chus
549 3469 1008 3544 persisteret,ille
1019 3469 1196 3543 pallio
1213 3471 1424 3542 rejecto
1439 3471 1698 3542 pendens
1719 3469 2026 3526 brachium

373 3560 634 3618 ostendit
663 3576 678 3615 :
711 3560 816 3628 En,
850 3559 1084 3628 domne,
1117 3559 1338 3627 dicens,
1371 3557 1622 3615 libenter
1648 3559 2025 3626 abirem,sed,

370 3652 439 3705 ut
464 3649 648 3716 vides,
672 3648 782 3704 hac
807 3649 878 3704 de
907 3665 1087 3704 causa
1112 3649 1307 3703 venire
1338 3665 1453 3703 non
1488 3649 2025 3720 possum.Cumque

370 3739 696 3796 monachus
717 3739 774 3794 id
793 3736 1140 3811 simpliciter
1159 3738 1402 3792 credens
1423 3737 2024 3808 recessisset,repente

368 3827 678 3884 brachium
707 3827 868 3883 illius
891 3827 990 3899 qui
1015 3825 1445 3893 fefellerat,acri
1469 3825 1666 3881 dolore
1689 3825 2020 3897 corripitur,

367 3919 427 3972 et
455 3915 753 3972 intentum
784 3913 1056 3970 atteritur
1075 3919 1140 3970 ut
1161 3914 1234 3970 ad
1257 3913 1480 3986 aliquid
1503 3914 1877 3970 efﬁciendum
1903 3931 2022 3968 om-

367 4003 508 4061 nino
539 4004 758 4060 moveri
793 4021 908 4058 non
931 4002 1245 4058 valeret.At
1267 4001 1361 4056 ille
1381 4001 1718 4075 intelligens
1737 4020 1975 4059 causam
2005 4021 2018 4058 :

366 4090 1094 4162 En,inquit,mulier,quod
1127 4090 1383 4146 ludendo
1415 4091 2022 4164 dicebamus,resipsa

363 4194 496 4236 vere
513 4177 703 4235 dicere
723 4180 850 4251 jam
865 4177 1197 4250 compellit;
1223 4178 1470 4234 itaenim
1500 4180 1804 4235 brachium
1821 4197 2018 4235 meum

365 4271 676 4340 torquetur
704 4271 770 4323 ut
799 4267 1036 4322 omnino
1060 4266 1274 4322 conteri
1309 4267 1451 4322 mihi
1483 4268 2016 4324 videatur.Noctcm

362 4355 561 4428 itaque
593 4356 918 4412 insecutam
968 4354 1306 4428 pervigilem
1356 4357 1598 4425 ducens,
1646 4358 1796 4414 facto
1847 4375 2019 4414 mane

360 4447 562 4500 votum
589 4444 744 4500 vovit
773 4443 975 4500 dicens
1007 4459 1021 4498 :
1058 4444 1266 4500 Sancte
1299 4443 1712 4511 Maximine,ab
1743 4445 1836 4500 his
1857 4445 2015 4500 dolo-

361 4531 528 4588 ribus
548 4533 709 4604 juste
739 4531 884 4589 mihi
907 4531 1086 4588 illatis
1111 4531 1294 4588 libera
1323 4540 1496 4600 me,et
1527 4535 1843 4606 quotannis
1859 4534 2016 4590 diem

362 4637 542 4677 unam
573 4625 674 4678 tuo
705 4621 963 4685 servitio.
986 4621 1345 4694 ubicumque
1363 4624 1574 4693 jussus
1607 4623 2018 4696 fuero,impen-

2136 3471 2291 3542 apud
2315 3470 2472 3526 hunc
2493 3469 2656 3542 pium
2671 3469 2899 3524 Patrem
2912 3468 3307 3526 visimmensa
3333 3475 3793 3543 congerebatur;

2135 3559 2430 3613 intantum
2459 3564 2525 3613 ut
2555 3558 2752 3613 ofﬁcia
2782 3557 2980 3612 divina
3009 3558 3220 3614 fratres
3251 3559 3678 3629 reverenier,ut
3702 3565 3770 3618 de

2135 3651 2243 3714 cet,
2286 3647 2534 3719 psallere
2593 3645 2991 3718 Omnipotenti
3050 3647 3383 3718 nequirent.
3443 3649 3589 3714 Quis
3641 3651 3792 3706 enim

2136 3737 2283 3792 ferre
2316 3735 2535 3790 valeret
2564 3738 2650 3790 tot
2674 3735 2930 3808 gemitus
2978 3735 3324 3804 horrendos,
3376 3737 3590 3794 fetores
3648 3741 3790 3796 into-

2132 3823 2402 3880 lerabiles
2434 3825 2832 3879 humanorum
2864 3822 3116 3878 incendii
3143 3824 3590 3881 membrorum?
3623 3828 3790 3898 cujus

2133 3931 2302 3968 mens
2333 3917 2454 3968 tam
2477 3913 2664 3968 ferrea
2693 3930 2807 3967 non
2839 3931 2908 3966 ex
2939 3911 3048 3968 hoc
3080 3912 3408 3968 molliretur
3434 3914 3781 3971 infortunio!

2133 4003 2378 4074 Insuper
2397 4019 2531 4057 cum
2555 4005 2721 4056 tanta
2743 4001 2952 4056 horum
2977 4001 3324 4057 conﬂuxerit
3345 4001 3666 4060 multitudo
3692 4003 3787 4059 mi-

2131 4107 2417 4157 serorum,
2488 4107 2615 4162 quae
2694 4091 2742 4145 si
2826 4094 2949 4145 tota
3025 4091 3456 4146 coadunarrtur
3519 4092 3783 4159 ecclesia,

2129 4180 2372 4236 chorum
2409 4179 2786 4252 psallentium
2819 4179 3141 4250 compleret
3163 4184 3220 4235 et
3245 4184 3500 4252 cryptas.
3527 4181 3649 4236 Hoc
3669 4187 3782 4236 tam

2129 4269 2440 4324 molestum
2475 4268 2886 4340 quoquomodo
2903 4267 3108 4324 fratres
3125 4273 3388 4340 tempore
3410 4267 3522 4327 diei
3547 4270 3780 4325 suifere~

2127 4359 2296 4423 bant;
2331 4356 2674 4412 imminente
2707 4373 2838 4410 vero
2874 4355 3016 4412 hora
3047 4357 3237 4412 noctis
3270 4357 3344 4412 ab
3386 4357 3636 4413 ecclesia
3685 4375 3778 4413 ex-

2127 4446 2280 4519 pulsi
2341 4446 2401 4500 in
2460 4446 2687 4518 porticu
2735 4443 3074 4515 Aquilonali
3131 4445 3374 4502 haerenti
3423 4445 3639 4514 eidem,
3682 4461 3780 4500 nec

2127 4554 2241 4592 non
2274 4537 2334 4590 in
2365 4540 2520 4590 certe
2555 4533 2726 4589 factis
2745 4532 2857 4588 sibi
2881 4533 3246 4589 umbraculis
3280 4533 3778 4590 manebant.Dilu—

2125 4626 2256 4681 culo
2285 4642 2419 4678 vero
2452 4623 2704 4678 instante
2755 4623 3095 4693 repetebant
3149 4622 3578 4678 monasterium
3631 4621 3779 4694 flagi-

360 4709 613 4766 dendam
644 4711 1078 4783 promitto.Quo
1101 4711 1409 4779 dicto,sine
1442 4729 1608 4768 mora
1637 4713 2015 4780 convaluit,et
2041 4725 2092 4792 D
2124 4719 2317 4772 tantes
2340 4713 2418 4786 pii
2453 4711 2638 4767 Patris
2672 4709 2972 4766 Maximini
3003 4711 3331 4767 interventu
3365 4710 3651 4767 auxilium
3678 4709 3775 4766 Dei

356 4798 472 4855 voti
503 4804 810 4857 exsecutor
825 4817 1012 4872 usque
1041 4799 1215 4856 hodie
1235 4818 1418 4857 sanus
1447 4806 1504 4857 et
1528 4801 2010 4858 incolumisvivit.

951 4888 1184 4944 CAPUT
1220 4889 1416 4945 XVIII.

724 4977 798 5031 De
825 4975 1088 5032 Adclardo
1117 4994 1380 5049 equorum
1408 4979 1641 5036 custode.

426 5063 758 5118 48.Roberti
787 5063 954 5120 ducis
982 5079 1268 5136 equorum
1293 5068 1566 5122 custodes
1595 5071 1828 5139 pratum
1854 5071 2006 5142 quod

355 5151 710 5206 monasterio
768 5151 1035 5223 subjacet
1091 5154 1466 5222 intraverant,
1517 5162 1576 5211 et
1632 5158 2009 5213 multitudine

353 5254 639 5310 equorum
674 5239 945 5295 immissa
965 5240 1023 5295 id
1055 5241 1288 5312 depasci
1317 5242 2012 5320 moliebantur.Prznposi-

351 5328 450 5381 tus
482 5325 729 5381 fratrum
761 5329 1043 5383 accedens
1077 5347 1148 5383 ne
1181 5329 1238 5384 id
1281 5331 1538 5387 facerent
1569 5350 1771 5406 rogare
1813 5337 2006 5409 coepit.

352 5414 420 5470 Hi
453 5414 554 5484 qui
586 5415 802 5471 saniori
833 5432 1008 5470 sensu
1045 5417 1316 5488 vigebant
1343 5437 1444 5491 pro
1477 5423 1799 5479 reverentia
1822 5426 2008 5481 Patris

352 5501 654 5558 Maximini
687 5507 920 5574 pratum
955 5504 1254 5570 deserunt,
1283 5512 1342 5561 et
1378 5507 1563 5580 Ligeri
1609 5527 1781 5567 amne
1817 5518 2003 5570 trans-

351 5589 534 5646 misso
588 5591 772 5662 pratis
826 5591 1090 5663 Marogili
1141 5593 1410 5665 (Marem?)
1466 5613 1591 5652 sese
1639 5597 2002 5658 infuderunt.

349 5677 512 5734 Unus
535 5696 704 5750 porro
723 5679 930 5751 spiritu
951 5686 1216 5734 armatus
1238 5683 1524 5752 superbiae
1549 5686 1644 5756 qui
1679 5689 1925 5744 Adelard
1938 5710 2006 5746 us

349 5765 669 5834 dicebatur,
705 5768 922 5840 quique
954 5769 1175 5822 caeteris
1207 5785 1454 5840 prazcsse
1487 5773 1809 5844 videbatur,
1843 5778 2004 5850 inju-

2122 4806 2218 4860 his
2246 4803 2487 4858 vocibus
2521 4817 2533 4855 :
2570 4800 2614 4855 Ο
2644 4799 3137 4871 praestantissime
3175 4799 3276 4856 Dei
3308 4801 3514 4866 amice,
3551 4801 3650 4872 qui
3683 4803 3775 4854 tua

2116 4897 2280 4966 larga
2311 4888 2596 4947 beneﬁcia
2625 4889 2892 4960 ejusdem
2925 4888 3217 4945 Creatoris
3240 4889 3508 4944 omnium
3534 4905 3768 4945 munere

2119 4971 2495 5055 nequaquam
2546 4976 2926 5050 poscentibus
2984 4979 3236 5034 assuesti
3287 4977 3577 5043 inhibere,
3611 4994 3769 5050 opem

2119 5071 2290 5128 nobis
2324 5071 2410 5124 fer
2435 5067 2782 5135 celerem,ne
2814 5067 3080 5122 cruciatu
3103 5067 3412 5123 insistente
3443 5083 3588 5122 aura
3613 5065 3780 5122 nobis

2119 5158 2506 5218 subtrahatur
2534 5157 2714 5228 hujus
2745 5154 3012 5212 luminis.
3041 5158 3334 5228 Appareat
3373 5156 3545 5212 nobis
3577 5174 3677 5228 per
3720 5158 3770 5208 te

2117 5249 2304 5305 virtus
2335 5245 2552 5313 divina,
2587 5244 2686 5316 qui
2721 5245 2792 5298 ad
2827 5248 2929 5298 tua
2960 5245 3336 5317 confugimus
3386 5245 3615 5310 merita,
3647 5260 3766 5315 spc-

2120 5342 2318 5394 rantcs
2347 5340 2450 5390 tuo
2497 5335 2739 5389 obtentu
2773 5333 3310 5420 misericordissimi
3343 5334 3439 5390 Dei
3476 5333 3769 5406 indulgen-

2115 5428 2428 5483 tiam.Hmc
2453 5425 2712 5479 dicentes
2742 5441 2878 5478 cum
2915 5423 3118 5480 multis
3150 5423 3424 5496 lacrymis
3455 5429 3513 5478 et
3539 5423 3761 5495 planetu

2117 5518 2346 5572 interno
2377 5513 2571 5570 cordis
2604 5531 2717 5568 non
2750 5514 3062 5568 cessabant
3113 5513 3439 5569 deosculari
3483 5512 3764 5584 pavimen-

2115 5609 2241 5660 tum
2277 5621 2455 5660 sacrzn
2489 5602 2650 5657 endis.

2187 5695 2276 5747 5t).
2311 5692 2632 5747 Clementia
2661 5691 2858 5762 itaque
2893 5691 3289 5746 misericordis
3321 5690 3419 5746 Dei
3454 5689 3757 5745 clamorem

2117 5780 2360 5836 mistum
2393 5780 2613 5850 gemitu
2638 5779 2851 5834 horum
2887 5780 3654 5846 miscrandorum,exorante
3673 5775 3758 5848 pio
