3906 6370
116 489 220 551 821

1136 483 1367 543 LIBER
1411 482 1514 541 DE
1558 479 1984 543 MIRACULIS
2031 483 2094 543 S.
2144 484 2512 546 MAXIMINI

3414 482 3532 543 822

117 624 493 682 intercessore
519 615 859 683 Maximino,
885 614 1489 687 suscipiensomninm
1508 614 1771 670 membra
1797 610 1854 682 Α
1883 634 1995 688 que
2026 616 2197 672 tibias
2230 618 2405 673 simul
2437 635 2569 674 cum
2604 619 2850 690 pedibus
2899 616 3217 691 improbior
3265 621 3528 691 occupat.

118 711 389 784 dignatur
411 704 1023 777 rcstinguere.Deinde
1049 704 1438 775 plurimorum
1463 720 1598 757 ossa
1620 704 1767 756 ferro

118 799 522 856 recidebantur
550 799 745 861 acuto,
777 809 1029 865 quorum
1058 810 1263 847 carnes
1294 793 1561 846 exederat
1592 791 1764 863 ignis.

119 888 513 957 Quorumdam
546 900 681 939 vero
713 883 1007 937 intantum
1042 882 1253 936 acriter
1283 880 1559 935 demolita
1581 884 1765 947 erant,

119 981 181 1034 ut
199 974 487 1029 dissoluta
508 972 638 1044 ipsa
660 988 765 1026 sua
797 974 1005 1041 sponte
1038 971 1484 1033 caderent.0uot
1516 986 1647 1023 vero
1680 986 1769 1021 ex-

117 1064 335 1120 titerint
359 1074 977 1124 numero,enumerare
998 1057 1339 1126 singillatim
1367 1056 1607 1109 minime
1640 1056 1765 1108 suf-

121 1154 235 1210 ficit
266 1151 489 1223 lingua,
516 1148 842 1221 prmsertim
876 1163 1033 1213 cum,
1070 1151 1135 1200 ut
1180 1162 1360 1216 supra
1405 1144 1501 1199 fati
1536 1160 1763 1209 sumus,

120 1256 465 1298 numerosus
486 1238 777 1294 efﬂuxerit
799 1235 1080 1307 populus:
1108 1234 1249 1305 quin
1274 1235 1448 1287 etiam
1483 1250 1619 1304 pars
1644 1249 1765 1286 nia-

117 1333 267 1387 xima
288 1330 470 1401 hujus
492 1329 564 1383 ab
585 1327 698 1382 hac
718 1326 846 1380 luce
877 1326 1171 1379 abstracta
1193 1324 1430 1386 sit,mox
1462 1328 1527 1376 ut
1558 1339 1766 1376 conse-

117 1420 570 1476 cutasanitatem
585 1414 980 1471 fuit.Tandem
995 1414 1239 1484 dignum
1256 1412 1391 1466 duxi
1417 1411 1763 1465 nominatim

118 1508 294 1564 dehis
322 1506 580 1562 scribere
611 1503 710 1576 qui
741 1503 914 1574 longo
945 1506 1077 1573 post
1108 1502 1450 1556 advixerunt
1481 1505 1760 1571 tempore,

118 1614 226 1670 quo
255 1594 590 1668 legentibus
620 1593 765 1647 fides
798 1590 1027 1646 facilius
1057 1590 1426 1644 adhibeatur.

180 1688 267 1741 5i.
293 1684 543 1751 Quidam
571 1681 828 1737 rusticus
846 1680 1080 1735 nomine
1103 1679 1466 1750 Ingclbertus
1490 1695 1603 1733 una
1628 1695 1759 1733 cum

103 1776 216 1832 filio
241 1774 502 1831 Gilberto
547 1788 613 1826 ac
656 1769 794 1834 tilia,
821 1769 991 1838 cujus
1023 1785 1232 1822 nomen
1266 1768 1531 1832 excessit,
1566 1768 1759 1821 divino

105 1866 229 1938 igne
249 1860 478 1936 pervasi
500 1859 797 1914 intantum
822 1857 1044 1929 depasti
1063 1861 1297 1922 sunt,ut
1312 1861 1477 1927 pater
1489 1856 1756 1910 dextrum

104 1954 295 2027 pedem
318 1951 640 2016 amitteret,
657 1947 814 2002 filius
837 1963 969 2001 vero
992 1962 1194 2001 coxam
1219 1944 1522 2000 sinistram
1546 1949 1603 2001 et
1624 1944 1755 1999 dex-

102 2048 243 2098 tram
268 2055 459 2112 usque
491 2038 563 2093 ad
596 2054 748 2110 genu
781 2035 1007 2102 tibiam,
1029 2052 1193 2089 soror
1222 2039 1417 2089 autem
1447 2034 1750 2089 sinistram

103 2147 276 2203 usque
298 2129 371 2185 ad
396 2144 554 2200 genu
576 2126 781 2181 tibiam
805 2140 819 2179 :
844 2129 901 2180 et
922 2125 1032 2195 ipsi
1088 2124 1168 2177 ita
1197 2123 1525 2177 detruncati
1557 2123 1752 2179 divino

96 2218 305 2291 judicio
319 2215 551 2272 meritis
566 2213 973 2287 gloriosissimi
992 2212 1179 2266 Patris
1201 2210 1495 2265 Maximini
1512 2211 1750 2267 demum

103 2307 313 2364 liberati
346 2305 623 2378 pluribus
654 2304 789 2357 inde
816 2302 1161 2357 advixerunt
1191 2301 1383 2355 annis.

162 2398 247 2452 52.
271 2398 349 2451 Ea
372 2396 729 2466 tempestate
752 2392 995 2464 quidam
1018 2389 1301 2462 parvulus
1343 2390 1579 2445 nomine
1610 2389 1749 2444 Con-

103 2485 383 2541 stantinus
403 2482 635 2538 habens
657 2484 873 2536 cratem
890 2478 1114 2535 sinistri
1130 2479 1295 2551 pedis
1318 2479 1389 2533 ab
1410 2478 1519 2532 hac
1544 2478 1753 2532 infesta

102 2574 421 2629 valetudine
458 2586 786 2645 pervasam,
822 2568 1128 2623 devehitur
1177 2566 1334 2622 ulnis
1388 2567 1581 2621 amitm
1631 2585 1749 2621 sua;

106 2660 541 2719 Hermentrudis
564 2656 936 2724 nomine.Qui
950 2657 1091 2711 dum
1116 2656 1332 2710 ibidem
1350 2660 1611 2710 moratur
1624 2660 1749 2710 octo

111 2752 319 2819 diebus,
339 2766 535 2822 neque
557 2748 651 2803 die
671 2763 737 2803 ac
757 2751 923 2802 nocte
956 2744 1226 2800 molestia
1253 2744 1440 2799 morbi
1474 2760 1746 2798 somnum

113 2844 343 2912 caperet,
369 2836 601 2909 accepit
621 2836 863 2908 prmfata
892 2833 1051 2888 illius
1082 2833 1263 2887 amita
1296 2850 1328 2887 a
1361 2833 1615 2903 quodam
1653 2832 1746 2886 Dei

113 2945 258 2984 servo
300 2942 655 3001 responsum
686 2928 751 2979 ut
781 2923 1025 2978 aedituos
1073 2926 1425 2993 exposceret,
1460 2925 1747 2992 quatenus

113 3017 350 3073 sinerent
397 3030 654 3089 puerum
705 3029 878 3066 suum
911 3028 1028 3066 una
1059 3011 1317 3065 noctium
1353 3011 1565 3064 cubare
1596 3010 1750 3063 intra

111 3105 419 3173 ecclesiam,
458 3101 617 3175 quod
649 3106 705 3156 et
734 3101 952 3155 factum
988 3104 1094 3155 est.
1128 3100 1197 3153 Et
1226 3115 1356 3154 ecce
1406 3098 1593 3153 noctis
1638 3098 1747 3153 sub

112 3193 321 3251 silentio
343 3194 508 3249 videt
536 3190 748 3245 mulier
778 3190 1007 3245 niveam
1037 3188 1373 3243 columbam
1407 3187 1631 3259 ingredi
1664 3203 1750 3242 ec-

112 3282 330 3338 clesiam
344 3288 401 3338 et
424 3281 503 3338 ad
526 3280 856 3350 ingressum
881 3278 1007 3347 ejus
1030 3281 1210 3331 totam
1236 3276 1396 3330 reddi
1419 3292 1742 3331 coruscam.

1878 706 2137 778 Denique
2168 708 2352 777 gratia
2382 710 2767 781 obsequendis
2793 709 3060 764 sanitatis
3081 708 3268 780 primo
3290 708 3529 779 quidem

1879 814 1912 852 a
1935 815 2039 851 suo
2064 799 2321 868 genitore
2346 801 2515 869 cujus
2539 816 2703 853 mens
2729 803 2994 853 catenata
3018 798 3270 852 filiorum
3296 798 3526 866 all'ectu,

1878 888 2031 957 quod
2060 886 2218 940 nullo
2242 886 2333 941 his
2356 888 2581 941 valebat
2604 888 2895 943 subveniri
2922 887 3210 959 prmsidio,
3232 888 3530 942 ducuntur

1878 977 1948 1030 ad
1974 976 2275 1030 basilicam
2300 978 2553 1031 ecclesiae
2587 977 2791 1031 matris
2817 981 3028 1031 sancire
3050 976 3251 1031 Crucis
3278 992 3290 1043 ;
3317 976 3529 1031 decur—

1878 1082 2059 1135 soque
2092 1065 2169 1118 ibi
2215 1066 2513 1135 aliquanto
2562 1066 2840 1135 temporis
2890 1066 3075 1136 spatio
3113 1064 3337 1120 nullam
3369 1080 3527 1119 asse-

1828 1171 1831 1173 ί
1878 1157 2141 1224 quuntur
2163 1154 2430 1208 sanitatis
2455 1152 3028 1221 medelam.Ur;.:entc
3057 1157 3250 1209 autem
3283 1151 3529 1208 necessi-

1877 1242 2080 1296 tudine
2102 1243 2348 1307 ardoris,
2370 1243 2508 1295 dum
2536 1242 2830 1311 piissimus
2858 1242 3082 1295 Domini
3108 1259 3277 1297 aures
3310 1241 3525 1295 interni

1877 1330 2129 1384 clamore
2152 1330 2368 1385 doloris
2391 1331 2665 1384 continuo
2690 1330 2985 1399 pulsant,a
2998 1331 3248 1400 quodam
3264 1328 3524 1383 fidelium

1876 1425 2042 1491 pater
2081 1419 2487 1491 praedictorum
2534 1418 2755 1488 accepit
2803 1418 3133 1483 consilium,
3168 1417 3274 1472 hos
3307 1418 3528 1473 deferre

1875 1509 2226 1578 quantocius
2247 1508 2318 1562 ad
2339 1507 2548 1562 limina
2568 1507 2779 1561 Christi
2821 1506 3170 1561 confessoris
3203 1504 3524 1571 Maximini,

1875 1596 2012 1667 quia
2041 1596 2228 1651 virtus
2260 1596 2455 1651 divina
2504 1596 2852 1667 praestabilis
2884 1596 3045 1650 adest
3079 1595 3528 1666 quibuscunque

1873 1684 2223 1740 mortalibus
2256 1685 2731 1739 incommoditate
2777 1701 3052 1755 corporea
3081 1683 3522 1751 laborantibus;

1874 1773 1972 1843 qui
1994 1789 2127 1827 mox
2152 1772 2435 1827 accelerat
2456 1789 2589 1825 cum
2614 1771 2810 1842 pueris
2832 1771 2957 1827 iter.
2982 1772 3308 1826 Adveniens
3328 1776 3522 1827 autem

1871 1864 1940 1917 ad
1966 1861 2266 1917 basilicam
2292 1860 2542 1931 piissimi
2565 1859 3215 1931 confessoris,implorat
3245 1860 3520 1914 meritum

1870 1952 2050 2022 hujus
2083 1949 2344 2023 praedicti
2377 1948 2625 2020 patroni,
2659 1953 2949 2020 quatenus
2998 1948 3393 2003 subveniendo
3424 1966 3518 2003 ex-

1867 2042 2129 2111 stinguat
2150 2039 2415 2093 membra
2439 2055 2750 2109 puerorum
2783 2039 3074 2093 ardentia:
3101 2039 3253 2109 quod
3280 2055 3393 2091 non
3418 2038 3516 2091 diu

1865 2130 2159 2186 retardare
2219 2127 2507 2182 divinitati
2567 2126 2806 2198 placuit,
2843 2144 2967 2197 qua:
3001 2126 3275 2181 omnibus
3307 2125 3431 2181 loco
3463 2133 3519 2181 et

1863 2222 2127 2289 tempore
2147 2216 2444 2289 magnalia
2464 2216 2695 2287 proprio
2718 2215 2962 2286 imperio
2986 2215 3304 2269 distribuit.
3322 2216 3518 2269 Enim-

1862 2324 1996 2363 vero
2030 2307 2342 2361 transactis
2371 2304 2579 2360 diebus
2619 2303 2956 2375 aliquantis,
2992 2303 3295 2359 exstinctis
3328 2304 3519 2374 pueri-

1863 2396 2021 2451 libus
2043 2393 2323 2449 membris
2345 2394 2416 2447 ab
2441 2394 2573 2465 igne
2604 2391 2864 2463 depastis
2895 2391 3160 2463 sospitati
3194 2391 3520 2447 interventu

1863 2484 2050 2539 Patris
2083 2480 2285 2554 inclyti
2316 2482 2641 2536 redduntur
2672 2480 2992 2535 Maximini.
3506 2547 3513 2556 ι

1930 2575 2019 2628 55.
2047 2572 2262 2626 Eadem
2290 2575 2638 2640 tempestate
2662 2586 2893 2639 quoque
2925 2569 3179 2624 instante
3213 2586 3380 2624 sacra
3409 2569 3518 2624 Do-

1862 2661 2060 2715 minici
2087 2657 2307 2714 Natalis
2329 2657 2547 2729 vigilia,
2580 2657 2818 2728 quidam
2854 2657 3027 2710 homo
3061 2658 3292 2711 nomine
3318 2657 3521 2711 Berne-

1860 2751 1983 2805 rius
2005 2750 2104 2820 qui
2140 2747 2378 2819 quidem
2409 2746 2601 2800 adhuc
2634 2745 3192 2816 superest,excubiis
3222 2750 3397 2799 tanta:
3424 2761 3517 2799 so-

1856 2837 2177 2895 lemnitatis
2196 2851 2329 2890 cum
2348 2834 2571 2888 cwteris
2602 2833 2880 2887 intererat
2911 2833 3517 2888 fidelibus.Excubans

1858 2928 2054 2999 itaque
2078 2923 2323 2980 solemni
2339 2923 2408 2976 de
2432 2921 3041 2992 more,intempestivm
3064 2922 3368 2992 phrenesis
3382 2918 3518 2977 sub-

1856 3017 1936 3072 ito
1969 3014 2170 3069 morbo
2202 3010 2499 3083 arripitur,
2536 3010 2689 3081 quod
2732 3009 3116 3064 immoderato
3149 3010 3513 3066 thermarum

1859 3100 2227 3173 caumatc(id
2258 3108 2353 3169 est,
2393 3100 2617 3166 ardore)
2654 3099 2797 3153 forte
2830 3098 2909 3151 illi
2947 3100 3265 3168 accederat,
3302 3101 3516 3171 quibus

1860 3193 2007 3250 tanti
2040 3191 2285 3246 luminis
2317 3189 2504 3263 gratia
2534 3189 2732 3243 eadem
2768 3188 2877 3242 sub
2913 3194 3078 3243 nocte
3134 3188 3371 3245 ablutus
3402 3191 3520 3246 fue-

1864 3288 1954 3339 rat
1984 3281 2114 3354 (16).
2150 3280 2295 3335 Nam
2332 3278 2653 3333 dissidente
2687 3278 2838 3331 inter
2869 3294 2929 3331 se
2973 3277 3242 3348 inzequali
3274 3278 3520 3333 elemen-

112 3372 229 3437 θυῖε
260 3372 546 3427 accedens
578 3368 649 3422 ad
683 3366 969 3431 αιῖθιτονίδί
994 3364 1422 3436 aliquantisper
1460 3365 1749 3435 Subsedit,
1780 3346 1826 3415 ο
1865 3346 2057 3427 torum
2092 3368 2370 3440 temperie
2400 3368 2549 3438 (erat
2588 3367 2743 3420 enim
2778 3370 2916 3419 tunc
2948 3366 3201 3421 nimium
3232 3366 3517 3422 brumalis

113 3476 241 3531 puer
267 3465 466 3516 autem
503 3474 636 3511 mox
665 3459 969 3526 correptus
1009 3470 1214 3509 somno
1247 3452 1492 3509 ulterius
1526 3453 1750 3508 nullam

115 3547 422 3605 molestiam
458 3543 652 3601 morbi
687 3544 891 3609 sensit,
928 3558 1116 3614 neque
1148 3541 1282 3597 inde
1316 3541 1626 3613 vestigium
1659 3542 1751 3597 in-

115 3637 284 3692 cendii
313 3634 613 3709 apparuit.

177 3727 258 3781 53.
283 3726 439 3781 Alter
487 3722 712 3779 exstitit
760 3721 1050 3793 mquivoco
1097 3719 1331 3776 nomine
1362 3718 1643 3792 puerulus
1675 3721 1750 3773 si-

118 3812 229 3869 mili
261 3815 461 3869 morbo
484 3809 848 3884 periclitans,
874 3810 974 3864 sed
1000 3825 1115 3863 non
1139 3809 1341 3863 eodem
1365 3809 1537 3863 modo
1569 3808 1753 3863 salva-

119 3902 523 3957 tusJudicium
549 3898 704 3955 enim
729 3897 965 3970 superni
981 3896 1204 3969 judicis
1222 3896 1424 3968 nequit
1441 3897 1754 3969 quisquam

120 3990 435 4047 mortalium
460 3986 1169 4059 comprehenderc.Mater
1198 3986 1325 4055 ejus
1356 3984 1584 4040 Erfrida
1604 3985 1755 4040 dice-

120 4078 293 4146 batur,
313 4083 479 4152 patcr
510 4080 707 4132 autem
729 4076 859 4146 ejus
872 4075 999 4146 jam
1032 4072 1330 4128 hominem
1364 4077 1621 4129 exuerat.
1657 4073 1760 4129 Hic

120 4165 298 4239 itaque
338 4183 486 4239 puer
517 4182 552 4221 a
586 4164 841 4236 quodam
875 4180 1019 4218 cane
1051 4180 1329 4235 pervasus
1362 4162 1604 4218 fortuitu
1632 4164 1760 4233 ejus

120 4256 307 4325 pedem
330 4252 651 4309 momordit
680 4253 951 4306 dextrum
979 4267 991 4304 :
1020 4268 1132 4323 qua
1157 4251 1461 4306 occasione
1494 4251 1761 4307 incendio

120 4349 374 4413 perustus
387 4340 706 4398 adducitur
721 4339 790 4394 ad
815 4339 1023 4394 limina
1042 4339 1223 4408 hujus
1245 4338 1431 4394 Patris
1453 4341 1635 4394 nostri
1651 4341 1765 4395 Ma-

120 4431 304 4487 ximini
329 4429 587 4504 piissimi
616 4428 901 4484 advocati.
937 4427 1199 4499 Cumque
1230 4427 1309 4481 ibi
1343 4426 1767 4501 aliquantisper

123 4518 787 4587 demoratur,sanitatem
818 4516 1198 4587 consequitur
1230 4515 1771 4589 plenissimam,qui

124 4623 293 4681 usque
312 4609 489 4664 hodie
509 4606 744 4663 servitio
767 4605 1062 4660 detinetur
1093 4605 1340 4660 fratrum
1374 4609 1547 4661 utens
1577 4606 1766 4663 ofﬁcio

128 4697 382 4767 pastoris.

189 4785 539 4842 5LSanevir
561 4783 801 4856 quidam
825 4783 1176 4839 Laurentius
1200 4781 1466 4853 quamvis
1489 4783 1765 4853 rusticus,

128 4876 310 4930 tamen
337 4873 571 4930 liberali
619 4872 895 4945 prosapia
944 4876 1129 4937 ortus,
1162 4871 1433 4926 binorum
1476 4874 1775 4929 exstiterat

131 4967 281 5034 pater
299 4962 805 5019 filmrumJlorum
820 4960 1057 5032 quidem
1073 4960 1773 5017 nominafraterculorum

134 5051 496 5124 primogeniti
528 5050 822 5117 Tedmari,
848 5049 1108 5121 junioris
1148 5065 1280 5104 vero
1312 5048 1529 5105 Gilardi
1561 5050 1773 5106 vocita-

132 5138 351 5195 bantur.
384 5138 689 5212 Siquidem
749 5138 1125 5195 incommoda
1177 5136 1446 5193 valetudo
1502 5139 1779 5211 praedicta

136 5227 350 5283 dextras
372 5230 622 5285 istorum
647 5228 869 5283 invadit
902 5243 1217 5300 puerorum
1249 5244 1439 5296 suras,
1470 5226 1780 5300 paulatim-

194 5354 301 5425 (16)
334 5353 591 5425 Hujusce
641 5354 792 5409 ritus
822 5352 1157 5425 vestigium
1212 5357 1402 5408 exstat
1434 5354 1495 5425 in
1524 5353 1780 5425 Decretis

139 5420 451 5497 banfranci.
518 5426 714 5497 Vigilia
777 5423 972 5497 Thema
998 5420 1276 5497 ἀροξίοίἱ,
1337 5424 1548 5496 inquit,
1586 5424 1779 5479 .sidies

139 5491 435 5568 Βοηιίηἰειιδ
464 5491 595 5568 rimi
602 5497 775 5568 fuerit
803 5491 1074 5568 radantur
1107 5496 1312 5568 fratres
1336 5516 1354 5562 ,-
1384 5491 1436 5550 ei
1464 5497 1784 5550 balneentur

172 5566 228 5617 ui
254 5568 438 5621 volunt
468 5566 735 5633 balneari,
759 5574 822 5621 ut
846 5566 1055 5621 duobus
1082 5566 1270 5621 diebus
1298 5575 1424 5621 anle
1443 5568 1784 5621 ﬂaminicam

185 5637 438 5692 ativitatis
484 5638 597 5694 sint
651 5654 835 5693 omnes
880 5638 1150 5709 ,balneati.
1180 5638 1242 5691 Si
1286 5654 1499 5693 necesse
1543 5640 1635 5697 sit.
1668 5640 1784 5709 ipso

145 5710 440 5784 εξροεξοζξσίυ
498 5709 806 5784 festivitatis
854 5708 942 5763 die
989 5708 1237 5763 balneari
1263 5719 1508 5784 possunt.
1544 5708 1785 5784 Qualem

149 5774 507 5851 disciplinam
526 5778 630 5836 hoc
653 5780 714 5835 in
736 5795 908 5852 opere
940 5796 1166 5835 scrvare
1199 5774 1463 5836 solebant
1490 5781 1783 5848 monachi,

1861 3458 2141 3530 temporis
2177 3457 2383 3527 frigus)
2418 3472 2654 3509 sensum
2703 3454 2901 3508 amisit
2935 3454 3217 3521 funditus,
3253 3460 3427 3526 atque
3458 3454 3517 3509 in

1862 3548 1986 3604 dies
2010 3548 2303 3600 crescente
2329 3542 2588 3613 corporis
2622 3541 2892 3596 molestia
2923 3542 3003 3595 ita
3035 3559 3312 3613 manceps
3342 3542 3517 3597 effici-

1863 3642 1977 3701 tur,
1996 3639 2061 3689 ut
2081 3632 2400 3701 nullisjam
2427 3629 2608 3684 teneri
2640 3635 2831 3701 posset
2862 3629 3265 3701 ligaminibus.
3294 3630 3516 3702 Agebat

1865 3727 1991 3798 ipse
2020 3722 2356 3777 teterrimus
2416 3720 2533 3773 oris
2593 3718 2795 3789 pallor,
2831 3720 3156 3789 sanguinea
3211 3718 3515 3775 oculorum

1865 3812 2132 3879 suffusio,
2158 3809 2372 3864 misera
2396 3807 2792 3862 membrorum
2824 3806 3403 3879 distorsio,frequens
3435 3812 3517 3863 to-

1866 3902 1985 3959 tius
2007 3898 2265 3973 corporis
2286 3897 2345 3951 in
2368 3913 2623 3969 princeps
2652 3895 2835 3962 elisio,
2872 3896 3265 3968 lacrymabilis
3296 3913 3399 3968 per
3427 3900 3513 3952 to-

1867 3992 1986 4048 tius
2009 4006 2184 4044 sacrm
2208 3987 2347 4041 mdis
2372 3984 2637 4039 habitum
2662 3984 3085 4055 rotatio,ipsius
3117 3984 3429 4058 pavimenti
3459 3991 3516 4041 et

1869 4092 2384 4152 supersparsorum
2422 4074 2747 4146 scirporum
2782 4076 2996 4129 effrena
3025 4077 3265 4143 voratio,
3291 4076 3390 4149 qui
3421 4076 3519 4133 ho-

1870 4186 2005 4242 spes
2029 4169 2085 4221 in
2109 4164 2441 4221 Christiano
2482 4163 2807 4235 hOSpitaret
2839 4163 3174 4222 diversorio.
3206 4166 3366 4223 Undc
3400 4173 3526 4230 suis

1871 4256 2218 4314 custodibus
2236 4252 2429 4307 taliter
2446 4251 2703 4323 fatigatis
2724 4252 2839 4306 fere
2858 4253 3195 4324 quindecim
3210 4257 3532 4318 solibusin-

1874 4349 1960 4403 fra
1982 4342 2364 4401 oratoriolum
2388 4342 2448 4397 S.
2473 4340 2720 4397 Joannis
2751 4341 3023 4411 Baptistae
3038 4344 3531 4417 obseratisjanuis

1873 4434 2151 4493 truditur.
2175 4431 2392 4486 Verum
2408 4428 2552 4483 illud
2568 4433 2835 4484 nostrum
2861 4429 3157 4499 singulare
3180 4432 3380 4502 decus,
3405 4453 3533 4493 san-

1875 4522 2176 4581 ctissimus
2197 4516 2469 4572 videlicet
2484 4516 2649 4570 Pater
2672 4514 3398 4587 Maximinus,hujusmodi
3414 4520 3536 4577 lan-

1876 4626 2127 4687 guorum
2142 4607 2418 4664 assiduus
2435 4602 2762 4677 perChristi
2777 4603 3026 4674 gratiam
3047 4612 3345 4663 curatoret
3358 4610 3537 4665 medi-

1801 4719 1848 4784 D
1880 4698 2182 4769 cus,celeri
2212 4711 2453 4753 suorum
2476 4693 2737 4749 antidoto
2764 4692 3105 4748 meritorum
3119 4698 3343 4765 pestem
3361 4696 3541 4756 laten-

1881 4792 1957 4848 tis
1973 4782 2571 4860 expulitinimici.Ncc
2588 4781 2688 4835 diu
2707 4779 2934 4835 differre
2958 4784 3545 4858 passusfuit,quema

1883 4898 1945 4939 se
1963 4877 2293 4935 sanandum
2311 4874 2420 4929 sibi
2436 4875 2783 4944 exposuerat
2806 4871 3031 4928 devotio
3046 4874 3544 4951 fidelium.ltaque

1884 4968 2089 5043 paucis
2112 4964 2318 5020 diebus
2340 4959 2586 5017 evolutis
2618 4958 2802 5015 hostis
2828 4966 3094 5018 concreto
3118 4964 3235 5020 oris
3260 4967 3546 5040 sanguine

1885 5054 2209 5128 expellitur,
2244 5051 2530 5123 languens
2561 5066 2626 5105 ac
2657 5048 2706 5105 si
2740 5054 3007 5106 mortuus
3037 5069 3234 5110 coram
3264 5058 3546 5115 sacratis-

1885 5145 2037 5201 simo
2096 5138 2265 5196 altari
2324 5138 2629 5211 reperitur,
2666 5138 2837 5209 cujus
2880 5138 2936 5193 in
2971 5144 3202 5211 pectore
3230 5144 3324 5200 vix
3351 5145 3545 5203 vitalis

1887 5230 2045 5288 calor
2074 5228 2416 5301 palpitantis
2448 5226 2693 5298 spiritus
2725 5229 3146 5287 sentitur.Mox
3170 5232 3367 5304 itaque
3390 5232 3544 5289 ulnis

1889 5359 2045 5413 idem
2072 5359 2276 5430 auctor
2300 5353 2381 5430 ibi
2414 5352 2858 5430 prze_scribit._At
2889 5354 3073 5430 multo
3106 5357 3545 5430 antiquiorejus

1891 5431 1970 5484 rei
1998 5428 2215 5483 mentio
2237 5423 2497 5500 habetur
2526 5426 2589 5500 in
2617 5423 2821 5500 regula
2849 5428 3160 5496 cujusdam
3193 5429 3379 5484 Patris
3411 5423 3539 5500 cap.

1894 5503 1981 5564 12,
2016 5500 2107 5554 his
2133 5498 2324 5553 verbis
2359 5514 2372 5551 ε
2403 5497 2672 5551 Similiter
2700 5496 2769 5550 ad
2799 5507 2957 5567 caput
2985 5500 3224 5567 fratrum
3254 5496 3548 5553 lavandzim

1890 5588 1988 5643 per
2039 5570 2259 5641 singula
2314 5568 2566 5631 Sabbam,
2601 5566 3224 5643 velnbalnearu'mafsus
3260 5587 3360 5643 per
3385 5571 3547 5643 festus

1894 5637 2260 5699 solemnitate:
2289 5647 2613 5710 promerent.
2644 5637 2789 5693 Vide
2850 5646 3016 5694 notas
3068 5637 3325 5694 ΜορδιΜὶ
3362 5637 3544 5692 nostri

1896 5715 1955 5769 in
1989 5731 2147 5769 conc.
2187 5712 2392 5783 Regul.
2426 5728 2551 5781 cap.
