3906 6416
265 453 384 514 823

848 455 1182 516 LE'I‘ALDI
1231 452 1674 515 MICIACENS.
1725 449 2016 538 ΜΟΝΑβ.
2063 452 2166 511 DE
2211 454 2651 514 'l‘llANSLAT.
2702 454 2766 514 S.
2813 454 3124 516 JULIANI

3577 454 3730 518 824

263 585 812 660 fideliumatemplo
843 587 1168 642 subductus
1197 587 1256 641 in
1287 585 1466 640 imam
1498 582 1918 640 domunculam
1948 582 2014 679 Αί
2031 583 2118 639 vis
2149 584 2551 640 arescentibus
2599 585 2885 658 poplitum
2941 603 3010 642 ex
3041 603 3172 642 asse
3203 584 3513 642 incedendi
3545 585 3726 642 ami—

265 674 455 747 ipsius
512 673 767 731 ecclesia
823 674 1160 746 contiguam
1221 673 1493 728 tollitur:
1531 673 1730 745 sicque
1774 671 1931 727 intra

266 779 486 836 paucos
517 763 642 819 dies
692 763 1134 835 perfectissima:
1194 762 1429 817 sanitati
1487 763 1760 828 donatur,
1793 760 1933 832 vigi-

265 849 410 907 lanti
443 850 691 906 fratrum
723 867 866 907 cura
891 851 949 906 in
985 851 1261 907 omnibus
1293 852 1554 923 adjutus.
1589 850 1697 904 Per
1735 849 1932 903 omnia

266 937 611 996 benedictus
643 939 820 996 Deus.

437 1021 573 1097 Qud?
601 1037 925 1102 sequuntur,
959 1031 1187 1086 alteri-us
1219 1029 1474 1085 videnlur
1501 1029 1760 1084 auctoris.

339 1117 430 1172 56.
473 1117 636 1174 Alter
667 1117 1058 1174 nihilominus
1088 1120 1284 1190 (cujus
1319 1134 1528 1172 nomen
1564 1116 1798 1186 excidit)
1832 1115 1932 1170 ad-

267 1205 427 1260 venit
449 1205 678 1262 lumine
699 1206 1001 1262 oculorum
1041 1207 1302 1278 privatus
1329 1205 1400 1260 ab
1426 1206 1551 1278 ipso
1577 1204 1936 1276 exceptionis

269 1297 464 1365 partu.
503 1295 858 1352 Pernoctans
884 1295 1082 1367 itaque
1121 1298 1258 1350 ante
1291 1292 1756 1366 sulfragatrieem
1788 1297 1938 1362 tanti

269 1384 500 1454 patroni
534 1384 827 1451 tumbam,
863 1384 1222 1454 inexpertam
1279 1399 1626 1454 semperque
1675 1385 1936 1454 optatam

269 1471 488 1528 meruit
511 1476 853 1546 extorquere
884 1469 1399 1527 illuminationem.
1434 1472 1582 1542 Ergo
1631 1471 1774 1526 dum
1817 1474 1936 1525 sta-

271 1559 373 1615 bili
403 1560 622 1616 mentis
652 1561 767 1616 fide
799 1558 857 1616 in
890 1559 1290 1615 misericordis
1347 1557 1768 1614 intercessione
1801 1575 1936 1614 con-

272 1647 512 1706 fessoris
535 1650 646 1706 sibi
685 1648 884 1722 largiri
927 1649 1190 1715 conlidit,
1225 1649 1378 1721 quod
1405 1653 1617 1703 natura
1647 1665 1763 1702 non
1797 1664 1938 1702 con-

269 1735 430 1805 tulit,
464 1739 834 1811 infestusque
865 1737 1155 1793 continuze
1188 1735 1622 1810 inquietudinis
1652 1735 1940 1792 clamores

273 1826 434 1882 nullo
465 1827 638 1882 modo
671 1825 990 1899 intercipit,
1021 1826 1330 1882 confestim
1379 1825 1634 1898 quodam
1686 1823 1938 1898 piissimi

1989 673 2014 679 “’
2040 679 2194 728 serat
2224 674 2506 729 officium.
2541 675 2642 730 Hic
2677 675 2875 746 itaque
2905 692 3008 747 per
3039 673 3364 730 multorum
3409 693 3730 730 annorum

2041 763 2332 818 curricula
2367 764 2614 818 fratrum
2674 763 3114 819 Miciacensium
3147 763 3385 819 solertia
3413 764 3726 836 frequenti

2041 853 2326 906 educatus
2385 851 2667 906 alimonia
2725 852 2934 906 fuerat.
2969 851 3185 907 Verum
3219 849 3314 906 ille
3347 851 3736 908 inexhaustas

2042 940 2172 996 fons
2219 939 2455 1012 pietatis
2502 941 2602 1012 qui
2664 939 2906 1012 puerilis
2967 939 3302 996 sinceritate
3358 939 3732 996 innocentiae

2044 1029 2268 1100 absque
2315 1028 2494 1084 ullius
2544 1029 2960 1101 conspersione
2992 1029 3262 1085 fermenti
3297 1029 3470 1086 corde
3499 1031 3733 1085 devoto

2044 1118 2308 1190 praecipit
2329 1119 2604 1183 exerceri,
2639 1117 2805 1172 illum
2843 1134 2959 1172 una
2990 1117 3250 1173 noctium
3282 1119 3585 1174 admoneri
3619 1135 3736 1173 v0-

2043 1207 2154 1262 luit
2185 1210 2250 1262 ut
2279 1207 2466 1262 Patris
2521 1207 2822 1262 Maximini
2876 1211 3172 1279 expeteret
3219 1224 3410 1279 opem,
3445 1208 3492 1262 si
3528 1207 3734 1263 totius

2047 1295 2306 1367 corporis
2365 1300 2595 1367 optaret
2654 1295 2933 1368 consequi
2991 1293 3408 1352 valetudinem.
3442 1297 3551 1362 Qui
3605 1314 3734 1351 su-

2047 1402 2239 1457 perna:
2270 1383 2656 1439 admonitioni
2688 1383 2984 1452 credulus,
3019 1401 3190 1441 mane
3221 1383 3370 1440 facto
3403 1386 3606 1458 penita
3628 1403 3736 1442 ec-

2048 1471 2236 1530 clesia:
2267 1473 2582 1542 subintrat,
2617 1477 2791 1545 atque
2822 1477 2957 1530 ante
2987 1478 3426 1529 sacrosanctum
3451 1478 3739 1547 prostra-

2047 1565 2145 1617 tus
2168 1560 2896 1628 mausoleum,innocentis
2917 1561 3128 1616 ati‘ectu
3150 1559 3332 1616 animi
3347 1561 3444 1634 pia
3456 1561 3735 1634 piissimi

2049 1649 2382 1722 interpellat
2405 1650 2615 1706 merita
2637 1651 3010 1707 confessoris.
3047 1650 3164 1718 Nec
3185 1666 3368 1718 mora,
3401 1649 3602 1708 divina
3637 1651 3738 1706 di-

2051 1738 2247 1812 gnatio
2277 1737 2358 1793 illi
2393 1738 2602 1794 adfuit.
2636 1737 2912 1812 Exemplo
2945 1737 3238 1812 siquidem
3269 1755 3332 1796 se
3371 1739 3734 1812 subrigens,

2051 1845 2117 1882 ac
2147 1827 2554 1899 plenissimam
2585 1827 2768 1883 totius
2799 1827 3060 1900 corporis
3092 1832 3338 1902 captans
3368 1828 3734 1897 sanitatem,

273 1913 536 1972 Rabboni
561 1920 722 1972 tactu
747 1915 819 1972 ab
841 1914 987 1988 ipsis
1019 1913 1324 1971 oculorum
1358 1915 1601 1970 orbibus
1631 1911 1940 1987 sanguinis
1970 1953 2018 2017 Β
2051 1933 2206 1971 anno
2237 1915 2552 1972 Dominica:
2586 1916 3010 1974 incarnationis
3039 1916 3352 1974 millesimo
3383 1918 3738 1990 quadrage-

275 2005 436 2062 rivus
469 1997 688 2078 erupit,
723 2021 790 2060 ac
847 2002 1124 2077 deinceps
1180 2004 1556 2076 postmodum
1619 2003 1728 2058 sub
1788 2003 1936 2057 tanti

275 2110 455 2149 manu
487 2091 713 2166 opiﬁcis
744 2093 1114 2165 inexpertum
1160 2092 1348 2148 inscia
1383 2091 1534 2148 lucis
1564 2090 1935 2163 splendorem

274 2180 503 2254 pupilla
532 2181 826 2250 extimuit,
860 2197 1176 2254 rerumque
1206 2181 1492 2254 imagines
1525 2180 1800 2252 deinceps
1821 2196 1938 2235 em-

273 2267 528 2326 blemate
582 2267 762 2325 simili
821 2272 1055 2342 pectore
1111 2268 1330 2324 condit.
1375 2269 1419 2326 0
1467 2267 1720 2324 caelestis
1782 2267 1936 2342 regis

273 2357 553 2430 potentia.
587 2357 819 2432 ingens,
859 2353 1200 2430 incorporea
1255 2355 1314 2412 in
1375 2375 1484 2414 sua
1539 2359 1772 2426 natura,
1808 2373 1934 2430 qum

272 2444 610 2520 palpamine
633 2443 925 2520 spirituali
949 2464 981 2502 a
1005 2443 1238 2502 mortali
1259 2444 1936 2502 voluitbumauitussen-

271 2533 667 2604 tiri,innatum
691 2533 1001 2610 glaucoma
1029 2533 1341 2600 dextruxit,
1357 2535 1679 2592 obtunsum
1701 2534 1934 2592 verticis

272 2622 578 2696 speculum
610 2624 844 2698 gemino
877 2624 1104 2698 fulgore
1133 2623 1466 2697 complevit.

343 2716 434 2772 57.
459 2713 709 2782 Quidam
751 2713 1038 2772 duodenis
1068 2730 1215 2787 puer
1235 2715 1472 2770 nomine
1494 2714 1772 2771 Erfredus
1795 2731 1931 2770 ner-

2047 2003 2198 2060 simo
2231 2003 2420 2078 primo
2455 2003 2629 2060 tertia
2677 2005 2866 2078 ipsius
2916 2005 3362 2062 resurrectionis
3392 2005 3736 2063 Salvatoris

2047 2093 2372 2160 Dominica,
2405 2093 2549 2148 hora
2580 2094 2692 2150 dici
2725 2094 3006 2162 secunda,
3041 2093 3243 2150 eadem
3289 2094 3587 2168 paschalis
3619 2113 3734 2152 sos

2045 2181 2370 2237 lemnitatis
2427 2181 2644 2252 gaudia
2699 2183 3128 2240 restauratione
3167 2185 3258 2240 sui
3290 2183 3448 2240 haud
3479 2185 3736 2241 modica

2045 2269 2207 2326 auxit
2235 2269 2294 2326 in
2327 2269 2548 2326 lzetitia.
2580 2272 2651 2327 Et
2681 2269 2921 2343 quidem
2954 2275 3108 2344 apte,
3143 2272 3287 2328 dum
3320 2272 3459 2329 huic
3489 2291 3598 2329 vox
3633 2275 3736 2328 in-

2045 2363 2282 2416 sonare-t
2313 2357 2698 2432 prophetica:
2732 2360 3106 2417 Misericordia
3161 2363 3390 2419 Domini
3431 2362 3597 2434 plena
3639 2372 3738 2420 est

2043 2457 2190 2504 terra
2215 2467 2228 2516 ;
2263 2446 2399 2505 inde
2430 2447 2618 2520 ipsius
2649 2452 2824 2505 tanta:
2868 2449 3265 2506 miserationis
3295 2449 3516 2506 viscera
3546 2449 3730 2508 elan-

2044 2555 2182 2611 gore
2211 2539 2515 2611 signorum
2577 2537 2763 2594 excita
2817 2537 2984 2611 plebs
3041 2554 3396 2598 concurrens
3447 2545 3732 2613 stuperet

2045 2643 2338 2684 uanOI‘SE.

1065 3087 1564 3201 DELATIO
1634 3085 2200 3200 CORPORIS
2268 3086 2362 3201 S.
2434 3088 2902 3200 JUNIANI

1460 3337 1533 3393 ΙΝ
1575 3335 1925 3394 SYNODUM
1965 3335 2504 3408 KABROFENSEM

1657 3516 1914 3578 (,Vrcz'tcr
1942 3535 2164 3578 annum
2194 3517 2314 3577 988

777 3689 886 3786 Λ
953 3681 1370 3785 lecta/do
1443 3677 1934 3782 monac/lo
2015 3684 2594 3782 Miciacensi
2658 3681 3188 3822 descripta.

1293 3879 1480 3952 (Apud
1513 3877 1758 3946 Mabill.,
1795 3877 1942 3946 Acta,
1977 3875 2187 3933 Saiculi
2221 3876 2312 3945 IV,
2347 3893 2480 3951 pag.
2515 3878 2666 3944 434.)

1764 4067 2188 4081 *—

338 4226 386 4280 1.
421 4223 670 4280 Domino
693 4221 848 4278 Patri
886 4221 1286 4276 Coxs'rAN'rmo
1307 4224 1363 4274 et
1387 4218 1606 4274 caeteris
1640 4219 1920 4276 fratribus
1952 4221 1994 4288 C
2032 4235 2234 4276 eorum
2267 4218 2598 4275 interventu
2628 4223 2891 4290 patrum,
2923 4235 3070 4290 quos
3119 4217 3289 4275 nobis
3320 4215 3572 4289 largitus
3604 4222 3701 4274 est

261 4312 542 4371 Nobiliaci
561 4309 807 4368 ccenobii
822 4310 1000 4365 frater
1013 4309 1306 4364 LETALDUS
1321 4308 1631 4364 iuDomino
1645 4307 1918 4364 salutem.

304 4403 391 4458 Ad
404 4401 794 4458 sublevandos
807 4397 1001 4456 Tobiae
1016 4398 1244 4454 labores
1257 4397 1500 4470 angelus
1515 4397 1770 4470 Raphael
1788 4397 1922 4454 mis-

261 4509 363 4549 sus
385 4508 419 4548 α
437 4489 1023 4566 Domino,postquam
1051 4504 1186 4542 eum
1209 4504 1322 4542 non
1348 4487 1539 4542 solum
1555 4487 1626 4542 ab
1641 4487 1920 4542 aerumnis

257 4581 412 4638 eruit
429 4597 630 4636 verum
661 4578 838 4636 etiam
861 4576 1163 4634 beneficiis
1185 4577 1393 4631 divina:
1417 4575 1651 4648 pietatis
1673 4575 1915 4648 adjuvit,

257 4687 598 4728 reversurus
621 4669 692 4724 ad
714 4683 850 4724 eum
873 4683 907 4722 a
927 4683 1044 4738 quo
1066 4665 1288 4721 missus
1311 4666 1560 4733 fuerat,a
1581 4681 1694 4736 quo
1721 4663 1918 4719 exiens

258 4774 374 4816 non
395 4758 768 4824 discesserat,
793 4771 894 4812 eos
924 4771 1074 4827 quos
1104 4754 1368 4810 beneficii
1405 4753 1641 4824 superni
1676 4770 1918 4808 munere

257 4850 536 4913 erexerat,
570 4844 890 4918 alloquitur
919 4844 1156 4900 dicens:
1192 4843 1498 4898 Consilium
1528 4843 1670 4913 regis
1699 4841 1919 4897 elisam;-

257 4937 384 4992 dere
413 4934 614 4990 bonum
639 4941 736 5002 est,
769 4949 928 5006 Opera
960 4940 1143 4988 autem
1187 4933 1285 4987 Dei
1330 4932 1568 4988 revelare
1596 4939 1647 4986 et
1672 4932 1918 5002 conﬁteri

258 5024 619 5094 honoriﬁcum
646 5029 726 5078 est
770 5022 921 5092 (Tob.
971 5025 1096 5091 xu).
1157 5022 1522 5093 Quapropter
1579 5037 1686 5076 nos
1741 5037 1914 5092 opera

257 5112 470 5170 Christi
494 5127 621 5184 qua:
654 5127 757 5182 per
785 5107 1276 5183 gloriosissimum
1313 5109 1704 5164 confessorem
1737 5125 1912 5167 suum

255 5201 578 5260 Junianum
602 5200 820 5254 nostris
851 5198 1215 5271 temporibus
1237 5197 1460 5269 operari
1495 5197 1771 5267 dignatus
1801 5203 1910 5265 est,

255 5289 508 5348 revelare
530 5293 588 5344 et
608 5287 872 5343 confiteri
896 5287 1185 5352 convenit,
1221 5287 1292 5340 ad
1323 5283 1554 5341 laudem
1578 5291 1635 5340 et
1665 5285 1910 5358 gloriam

255 5378 514 5438 nominis
543 5377 692 5448 ejus,
725 5377 798 5432 ad
833 5375 1274 5431 aediﬁcationem
1307 5374 1700 5442 audientium,
1733 5379 1797 5428 ut
1823 5393 1910 5430 co-

250 5471 538 5542 gnoscant
557 5481 762 5521 omnes
783 5465 922 5536 quia
950 5481 1126 5534 opera
1155 5481 1282 5534 qua!
1305 5466 1580 5533 operatus
1601 5467 1690 5517 est
1714 5463 1772 5517 in
1795 5464 1907 5520 die-

250 5561 362 5616 bus
387 5560 622 5629 patrum
645 5558 1002 5617 nostrorum,
1037 5556 1310 5623 operatur
1339 5556 1396 5604 et
1429 5549 1758 5618 uobiscum,
1793 5570 1908 5606 non

2032 4307 2469 4377 intercessores,
2504 4311 2562 4362 et
2592 4307 2664 4363 ad
2697 4307 3104 4380 corrigendam
3148 4305 3277 4363 vitae
3310 4310 3525 4363 nostra:
3552 4323 3699 4380 gra—

2028 4397 2266 4454 vitatem
2298 4397 2572 4470 proponit
2601 4395 2938 4453 imitabiles.

2099 4491 2153 4542 2.
2188 4486 2614 4559 Aggrediamur
2668 4485 2852 4556 igitur
2899 4483 3173 4558 promissi
3221 4484 3415 4557 operis
3447 4501 3694 4553 munus,

2029 4574 2248 4632 nostris
2260 4575 2497 4647 quidem
2513 4574 2583 4630 de
2599 4573 2824 4629 viribus
2837 4573 2928 4630 dif
2928 4573 3015 4629 tisi
3027 4573 3145 4642 ,sed
3171 4571 3377 4628 divina:
3399 4570 3697 4644 largitatis
3774 4633 3778 4636 ,

2028 4661 2243 4718 auxilio
2277 4661 2430 4729 fulti,
2466 4659 2626 4716 illius
2656 4659 2926 4716 videlicet
2957 4659 3058 4732 qui
3089 4659 3172 4716 ait
3194 4676 3208 4714 :
3232 4657 3395 4731 Aperi
3421 4675 3480 4714 os
3510 4666 3693 4729 tuum,

2025 4761 2078 4809 et
2103 4769 2198 4824 ego
2243 4750 2475 4822 implebo
2527 4749 2669 4805 illud
2718 4749 2891 4821 (Psal.
2924 4765 3110 4814 Lxxxx,
3145 4748 3253 4820 11).
3302 4745 3420 4802 Vos
3465 4751 3691 4818 autem,

2027 4840 2328 4897 reverendi
2382 4839 2580 4894 Patres
2626 4845 2682 4894 et
2713 4840 2943 4906 fratres,
2967 4839 3172 4910 juvate
3202 4836 3496 4909 precibus,
3530 4838 3693 4908 quod

2025 4929 2366 4986 cbaritativo
2390 4927 2728 5000 injunxistis
2750 4925 2996 5000 imperio
3022 4943 3036 4982 :
3061 4942 3166 4982 nec
3182 4925 3500 4981 admodum
3520 4925 3692 4982 vobis

2025 5021 2226 5074 nostra
2237 5015 2546 5089 displiceat
2557 5014 3208 5082 rusticitas,dummodo
3221 5011 3345 5068 sola
3355 5017 3412 5067 et
3431 5012 3686 5085 integra,

2024 5110 2090 5161 ut
2118 5105 2335 5161 avobis
2371 5104 2593 5160 tradita
2623 5109 2736 5170 est,
2763 5120 2958 5159 rerum
2991 5105 3289 5176 gestarum
3320 5098 3688 5172 complaeeat

2021 5195 2256 5250 veritas.
2291 5193 2438 5250 Cum
2471 5193 2653 5249 exorti
2682 5196 2880 5249 essent
2907 5195 3246 5264 peccatores
3274 5189 3427 5244 sicut
3457 5192 3682 5260 fenum,

2021 5288 2079 5339 et
2099 5282 2276 5338 veluti
2298 5300 2502 5355 vepres
2531 5287 2589 5338 et
2621 5283 2800 5355 spina:
2831 5286 3124 5337 terrenam
3145 5279 3500 5336 sull'ocantes
3523 5295 3685 5333 mes—

2021 5373 2258 5440 sem,ita
2290 5369 2532 5443 maligni
2559 5370 2776 5442 quique
2801 5368 3169 5425 Dominicam
3201 5361 3571 5423 devastarent
3599 5367 3683 5422 vi-

2021 5478 2215 5528 neam,
2248 5459 2472 5532 placuit
2502 5458 2792 5532 episcopis
2823 5463 2881 5514 et
2911 5457 3230 5514 abbatibus
3259 5460 3316 5512 et
3347 5455 3684 5528 quibusque

2020 5549 2310 5622 religiosis
2335 5548 2475 5604 viris
2497 5547 2810 5603 concilium
2844 5546 3054 5602 debere
3080 5543 3300 5612 fieri,in
3322 5561 3438 5616 quo
3458 5549 3514 5598 et
3535 5561 3682 5616 pre-

251 5645 467 5703 nostris
499 5643 736 5716 quidem
768 5639 1120 5704 meritis,sed
1143 5656 1270 5710 QtltB
1295 5637 1572 5693 beneﬁcio
1599 5639 1832 5710 pietatis
1852 5645 1909 5694 et
1942 5631 1986 5655 υ
2017 5637 2234 5709 (183(17)
2254 5636 2726 5708 prohiberentur,
2746 5641 2803 5691 et
2820 5652 2913 5690 res
2931 5638 3268 5690 sanctorum
3289 5633 3506 5704 injuste
3539 5631 3684 5687 sub-

317 5745 428 5817 (t7)
462 5744 526 5801 In
557 5741 778 5816 synodo
811 5740 964 5796 facta
1011 5731 1244 5792 circiter
1271 5749 1493 5792 annum
1529 5737 1654 5802 938,
1694 5736 1786 5792 cui
1820 5738 1906 5794 in-

2021 5735 2220 5793 terfuit
2253 5734 2418 5808 Hugo
2451 5733 2834 5792 Ecolimensis
2866 5734 3198 5808 episcopus,
3235 5735 3502 5788 mortuus
3523 5748 3681 5788 anno
