3906 6378
166 482 285 542 823
340 460 345 469 ’

1021 484 1369 545 JOANNES
1415 484 1517 543 XV
1563 484 1787 543 PAPA.
1825 518 1900 526 —
1928 484 2249 544 NOTITIA
2294 486 2740 547 llISTORlCA.

3474 487 3595 549 826

168 615 299 671 lata:
329 602 818 687 restituerentur;
851 622 906 675 et
938 620 1141 673 cratera
1167 616 1322 673 mala
1345 634 1469 689 qum
1501 617 1824 691 speciosam
1855 616 1911 684 Α
1941 632 2076 687 pore
2099 635 2283 690 usque
2316 636 2492 685 nunc,
2518 620 2855 691 quicunque
2894 619 3228 676 febricitans
3256 623 3594 693 accesserit,

170 711 391 763 sanetIe
423 707 831 764 Dei-Ecclesia:
866 708 1067 763 faciem
1102 709 1417 773 fmdabant,
1453 709 1562 763 sub
1595 710 1832 764 anathe-

171 797 353 853 matis
386 814 667 853 mucrone
698 797 1028 853 ferirentur.
1068 798 1185 853 Hoc
1218 797 1397 869 igitur
1425 798 1738 853 concilium
1772 800 1830 853 in

170 886 441 942 cmnobio
465 887 797 942 Karrofensi
821 888 945 956 cogi
980 886 1091 941 fuit
1121 887 1501 953 destinatum,
1529 887 1832 959 factusque

171 981 266 1031 est
296 975 377 1031 ibi
411 975 655 1047 grandis
688 994 755 1031 ex
807 993 953 1047 pago
1007 974 1235 1031 Pictavo
1268 980 1323 1030 et
1357 976 1743 1041 Lemovicino,
1778 982 1835 1032 et

170 1064 588 1134 adiacentibus
612 1065 949 1136 regionibus
973 1064 1291 1119 multorum
1312 1081 1634 1121 concursus
1659 1084 1835 1136 popu-

171 1152 397 1208 lorum.
431 1154 575 1208 Nam
609 1157 668 1207 et
716 1152 905 1211 multa
949 1170 1193 1224 corpora
1242 1158 1577 1209 sanctorum
1610 1156 1721 1225 (18)
1756 1154 1831 1207 ibi

169 1241 359 1296 allata
389 1246 548 1307 sunt,
582 1258 832 1313 quorum
866 1242 1176 1313 praesentia
1206 1246 1262 1295 et
1295 1241 1645 1312 religiositas
1676 1244 1836 1297 robo-

170 1334 430 1395 raretur,
478 1333 535 1384 et
584 1330 981 1400 malignorum
1031 1331 1355 1403 procacitas
1405 1333 1832 1387 retunderetur.

170 1421 336 1474 Sane
369 1417 513 1473 illud
546 1418 860 1474 concilium
894 1419 1110 1487 divina,
1140 1424 1204 1475 ut
1234 1420 1511 1483 creditur,
1543 1420 1837 1476 voluntate

169 1510 455 1563 coactum
488 1513 949 1578 per-sanctorum
974 1509 1340 1577 prmsentiam
1369 1509 1693 1579 frequentia
1714 1509 1839 1563 illu-

170 1600 443 1651 stravere
473 1595 778 1653 miracula.
812 1597 886 1651 At
915 1613 1050 1651 vero
1093 1596 1246 1652 inter
1275 1601 1481 1651 caetera
1512 1596 1627 1651 Deo
1660 1598 1837 1667 digna

170 1687 527 1741 sanctorum
569 1684 834 1757 pignora,
868 1686 1043 1740 etiam
1085 1684 1322 1757 gloriosi
1374 1685 1559 1741 Patris
1597 1686 1835 1742 Juniani

168 1772 401 1829 exuviae
433 1789 570 1828 eum
601 1772 827 1828 decenti
862 1773 1081 1829 honore
1112 1773 1314 1828 delata:
1348 1779 1505 1828 sunt.

249 1863 312 1917 3.
383 1861 497 1917 Sed
564 1861 718 1916 inter
782 1861 905 1916 hinc
974 1863 1200 1933 agenda
1269 1879 1402 1917 cum
1476 1881 1508 1917 a
1576 1864 1837 1919 ccenobio

170 1947 374 2007 sancti
436 1949 623 2006 Patris
682 1949 843 2005 elatae
903 1955 1102 2006 essent
1170 1950 1458 2022 reliquim,
1511 1968 1625 2007 non
1686 1952 1916 2052 mul-B

170 2046 309 2097 tum
370 2039 541 2112 longe
590 2056 624 2094 a
674 2039 1030 2095 monasterio
1061 2039 1119 2094 hi
1153 2039 1253 2111 qui
1315 2039 1498 2095 sancti
1551 2041 1839 2095 vehebant

172 2128 520 2194 sarcinam,
573 2127 996 2195 consederunt,
1050 2131 1104 2182 et
1162 2144 1396 2183 sacrum
1457 2145 1607 2183 onus
1668 2129 1841 2199 depo-

174 2219 454 2274 suerunt.
490 2214 552 2269 In
587 2231 654 2270 eo
686 2215 868 2287 igitur
895 2214 1020 2271 loco
1053 2221 1184 2287 post
1215 2216 1725 2271 sanctissimarum
1761 2235 1846 2272 re-

175 2305 509 2377 liquiarum
541 2302 899 2358 evectionem
935 2304 1163 2359 devotio
1198 2303 1458 2359 fidelium
1500 2305 1691 2361 crucis
1720 2322 1842 2359 ere-

177 2394 270 2449 xit
299 2391 579 2448 vexillum
612 2392 685 2447 ob
717 2392 1062 2447 memoriam
1093 2397 1153 2447 et
1185 2393 1664 2458 recordationem,
1690 2395 1843 2465 quod

178 2482 269 2539 ibi
292 2481 484 2539 sancti
520 2480 712 2537 Patris
742 2479 998 2552 reliquiae
1020 2480 1382 2553 quievissent
1401 2496 1413 2534 :
1433 2485 1490 2535 et
1512 2482 1582 2535 ab
1605 2499 1671 2537 eo
1694 2486 1846 2537 tem—

174 2643 314 2711 990,
337 2641 669 2698 secundum
701 2639 1029 2712 capitulum
1053 2641 1387 2695 decernitur
1408 2640 1686 2712 adversus
1709 2657 1846 2711 pra-

179 2715 392 2780 dones,
429 2716 495 2767 ut
523 2712 774 2767 dubium
816 2728 931 2767 non
964 2711 1040 2766 sit
1070 2712 1142 2766 ad
1183 2728 1311 2769 eam
1346 2711 1545 2766 referri
1582 2717 1845 2782 oportere

181 2785 341 2841 hanc
373 2783 750 2839 delationem.

253 2846 374 2927 (18)
409 2855 491 2927 De
522 2870 686 2927 more
718 2853 875 2927 illius
906 2854 1209 2927 temporis.
1238 2852 1331 2908 Sic
1360 2853 1635 2927 feretrum
1660 2854 1846 2927 sancti

184 2924 490 2983 Bsrcharii
541 2925 777 2981 abbatis
804 2924 1112 2981 Dervensis
1144 2925 1202 2979 in
1235 2925 1523 2997 synodum
1555 2924 1846 2980 Aiereien-

1942 706 2202 761 invocato
2216 707 2425 762 Christi
2451 709 2685 765 nomine
2706 725 2807 780 per
2824 709 3304 765 interventionem
3326 712 3592 782 ejusdem

1943 795 2127 850 Patris
2160 796 2467 866 pristinam
2502 795 2881 869 consequitur
2911 798 3247 853 sanitatem.
3284 799 3423 854 Inde
3454 816 3592 871 ergo

1942 901 2075 939 cum
2108 885 2177 938 ad
2211 883 2468 939 villulam
2492 885 2582 938 cui
2610 885 2910 941 Rufilacus
2940 903 3150 941 nomen
3182 892 3293 953 est,
3317 890 3593 945 accessis-

1944 978 2089 1035 sent,
2107 973 2471 1027 mansionem
2496 973 2636 1028 inibi
2663 980 3029 1047 acceperunt,
3052 979 3399 1048 noctemque
3428 977 3592 1033 illam

1944 1062 2001 1116 in
2028 1062 2122 1115 Dei
2152 1062 2423 1116 laudibus
2442 1066 2496 1116 et
2513 1062 2747 1133 hymnis
2766 1063 3102 1134 pervigilem
3122 1065 3423 1133 ducentes,
3445 1067 3594 1121 facto

1947 1166 2117 1204 mane
2151 1151 2261 1204 iter
2288 1152 2692 1221 arripuerunt;
2736 1153 2835 1206 sed
2884 1152 3267 1208 nihilominus
3299 1155 3357 1209 in
3389 1157 3593 1211 eodem

1947 1239 2070 1293 loco
2104 1257 2218 1309 quo
2259 1240 2597 1308 quicvcrant
2644 1240 2923 1310 reliquiae,
2950 1242 3150 1296 fideles
3180 1243 3494 1298 Christiani
3528 1262 3596 1299 ex

1947 1327 2103 1381 lento
2135 1327 2348 1382 vimine
2380 1329 2545 1399 quasi
2593 1329 2889 1399 quoddam
2923 1330 3104 1384 fecere
3152 1332 3498 1400 peribolum,
3533 1336 3598 1387 ut

1946 1415 2111 1471 locus
2143 1416 2265 1487 ipse
2292 1434 2406 1487 quo
2437 1433 2604 1471 sacra
2636 1417 2903 1471 membra
2929 1417 3118 1472 locata
3150 1419 3379 1474 fuerant
3407 1421 3480 1475 ab
3511 1438 3597 1476 ac-

1947 1522 2117 1559 cessu
2142 1505 2448 1559 hominum
2474 1510 2529 1559 et
2550 1504 2897 1559 animalium
2920 1509 3084 1560 tutus
3107 1513 3451 1562 remaneret.
3467 1510 3603 1564 Post

1947 1593 2164 1647 multos
2187 1592 2310 1647 dies
2342 1599 2545 1648 taurus
2576 1594 2733 1648 ferox
2764 1595 3013 1649 accessit
3034 1598 3091 1650 et
3121 1594 3399 1651 cornibus
3429 1599 3602 1670 atque

1948 1687 2063 1736 cost
2078 1683 2125 1737 is
2140 1683 2407 1737 eamdem
2423 1698 2619 1753 sepem
2638 1681 3001 1737 ludibundus
3015 1685 3331 1752 concussit;
3350 1686 3451 1740 sed
3471 1702 3603 1742 mox

1947 1774 2011 1825 ut
2041 1788 2073 1824 a
2104 1786 2255 1841 smpe
2288 1770 2553 1837 recessit;
2588 1769 2808 1826 corruit
2840 1776 2897 1826 ct
2938 1770 3274 1843 exspiravit.
3300 1773 3364 1829 In
3396 1775 3599 1830 eodem

1948 1875 2179 1930 quoque
2213 1858 2337 1914 loco
2367 1875 2435 1914 ex
2468 1857 2689 1931 ingenti
2735 1858 2923 1915 imbre
2971 1859 3184 1917 lacuna
3212 1867 3597 1933 succrevcrat,

1948 1964 2074 2019 qure
2098 1951 2432 2018 susceptam
2454 1945 2798 2019 aliquandiu
2831 1948 3090 2003 retinens
3124 1966 3361 2022 aquam,
3380 1968 3485 2024 pro
3515 1969 3601 2007 re-

1945 2034 2200 2089 verentia
2229 2038 2564 2090 sanctorum
2588 2035 2899 2107 pignorum
2931 2037 3003 2091 ad
3033 2036 3389 2093 abluendam
3422 2040 3600 2112 pluri-

1953 2141 2081 2177 mos
2106 2123 2410 2191 invitabat,
2445 2123 2596 2179 inter
2625 2140 2774 2195 quos
2813 2125 3060 2181 accessit
3089 2126 3357 2197 quaedam
3390 2126 3603 2184 mulier

1953 2212 2326 2284 elephantine
2357 2212 2632 2268 lahoaans
2658 2213 2885 2281 morbo,
2906 2231 3032 2286 quae
3055 2231 3189 2269 cum
3212 2232 3281 2271 ex
3305 2216 3509 2272 eadem
3540 2234 3601 2273 se

1954 2299 2189 2356 lavisset
2219 2318 2391 2372 aqua,
2416 2300 2678 2373 pristince
2710 2300 2947 2358 sanitati
2988 2303 3259 2359 restituta
3290 2303 3603 2361 incolumis

1954 2390 2231 2444 remeavit
2260 2391 2330 2445 ad
2365 2388 2617 2462 propria.

1956 2657 2081 2714 sem
2114 2640 2372 2714 delatum
2404 2646 2513 2714 est,
2540 2645 2815 2713 regnante
2840 2642 3115 2697 Rotberto
3137 2658 3300 2714 rege;
3323 2647 3384 2699 et
3403 2649 3608 2700 sancta

1958 2713 2128 2767 Fides
2150 2712 2303 2765 inter
2324 2712 2515 2766 multa
2535 2717 2878 2785 sanctorum
2890 2729 3151 2785 corpora,
3168 2712 3293 2785 quae
3306 2716 3606 2770 secundum

1954 2799 2159 2858 morem
2184 2785 2490 2858 pretatich
2517 2785 2774 2854 feruntur
2809 2783 2879 2838 ad
2926 2783 3603 2858 concilia,‘principatum

1956 2854 2215 2910 tenuisse
2243 2853 2478 2909 dicitur.

184 3101 3608 3132 Μ

1522 3263 1685 3310 ANNO
1730 3264 1944 3310 DOXINI
1987 3264 2274 3310 DCCCCXVI

464 3372 2081 3779 JOANNEs__
1990 3330 2429 3654 XV
2547 3437 3337 3681 PAPA

1320 3899 1787 3987 NOTITIA
1854 3900 2475 3988 HISTORICA

813 4078 1003 4150 (Apud
1037 4077 1226 4134 Mansi
1260 4077 1631 4134 Conciliorum
1659 4077 2004 4149 amplissima
2036 4078 2305 4148 Collectio,
2340 4083 2481 4136 tom.
2515 4080 2653 4148 XIX,
2688 4097 2819 4154 pag.
2853 4084 2969 4150 82.)

247 4391 533 4467 Joannes,
563 4388 754 4467 patria
793 4388 1119 4467 immanes,
1149 4405 1215 4443 ex
1247 4393 1409 4467 patre
1447 4390 1883 4467 Leonepostea
1923 4393 2487 4467 presbyteropatus,
2514 4395 3047 4467 postrexstinctum
3093 4399 3409 4467 tyrannum
3440 4414 3598 4454 com-

247 4412 533 4455 Jouunus,
564 4412 754 4459 patrm
796 4412 1115 4455 numauus,
1149 4412 1215 4443 ex
1249 4412 1409 4460 patre
1449 4412 1634 4446 Leone
1680 4412 1883 4463 pOStea
1923 4412 2261 4465 presnytero
2295 4412 2487 4460 natus,
2562 4412 2653 4449 08L
2695 4412 3047 4450 exsunctum
3093 4412 3409 4467 tyrannum
3440 4414 3596 4454 com-

174 4461 348 4538 mu,ni
379 4459 661 4531 suil‘ragio
694 4458 951 4538 legitime
984 4460 1323 4538 electus_est
1352 4477 1505 4538 anno
1528 4462 1745 4518 Christi
1775 4462 1882 4517 985
1910 4464 2020 4518 sub
2053 4480 2231 4538 regno
2262 4464 2487 4538 Ottonis
2512 4412 2606 4538 ﬁl.
2632 4465 2734 4519 Hic
2765 4464 2973 4520 timore
2994 4483 3194 4538 eorum
3222 4484 3348 4538 quae
3380 4470 3596 4538 praede-

175 4531 393 4607 cessor
411 4548 627 4604 passus
652 4535 793 4607 erat,
827 4532 1070 4607 secessit
1099 4531 1159 4586 in
1190 4532 1488 4607 Tusciam,
1513 4550 1648 4588 cum
1672 4552 1706 4589 a
1728 4531 2143 4607 novotyranno
2164 4534 2496 4607 Crescentio
2519 4536 2910 4607 Numentano,
2935 4535 3036 4607 qui
3056 4531 3598 4596 titulo-consulatus

176 4601 573 4679 munitionem
608 4601 794 4679 sancti
826 4601 1028 4679 Angeli
1062 4603 1362 4675 possidere
1391 4620 1705 4676 aggressus
1735 4609 1843 4672 est,
1878 4601 2268 4679 infestaretur.
2302 4605 2924 4679 Qumqueulegationes
2953 4601 3027 4662 ad
3051 4608 3332 4679 ,Ottonem
3366 4609 3598 4679 mittere

179 4677 599 4748 frequentaret,
636 4673 881 4748 Romani
910 4673 1198 4748 memores
1226 4673 1586 4748 eortiquuae
1611 4681 1845 4748 propter
1876 4676 2121 4748 injurias
2156 4673 2531 4748 pontificibus
2560 4673 2755 4733 illatas
2776 4678 2847 4733 ab
2869 4677 3180 4748 Ottonibus
3201 4678 3599 4738 anterioribus

217 4744 341 4821 βξὲί
371 4749 561 4821 erant,
594 4761 626 4800 e
651 4744 897 4816 vestigio
928 4744 1247 4821 honorifica
1277 4744 1562 4821 legatione
1593 4744 1866 4803 eumdem
1896 4744 2182 4821 Joannem
2213 4754 2573 4816 revocarunt,
2598 4749 2851 4821 dataque
2881 4747 2966 4821 illi
2999 4748 3158 4821 omni
3189 4751 3502 4821 securitate
3534 4752 3593 4808 in

175 4764 341 4874 ῧαεει
371 4764 561 4811 erant,
594 4764 626 4800 0
651 4764 897 4816 VBSUglO
930 4764 1247 4801 nonormca
1277 4764 1562 4817 legatione
1593 4764 1866 4803 eumaem
1896 4764 2182 4803 Joannem
2213 4764 2573 4816 revocarunt,
2598 4764 2851 4821 (lataque
2881 4764 2966 4803 ιιιι
2999 4765 3158 4805 0mm
3189 4764 3502 4808 securitate
3534 4769 3593 4808 1n

192 4890 207 4893 _
226 4818 396 4893 rbem
426 4815 616 4874 redire
645 4817 1318 4893 rogarunt._9_uod_.dum
1351 4820 1582 4893 faceret,
1616 4834 1835 4893 omnes
1850 4818 2184 4893 adventanti
2206 4822 2610 4893 occurrerunt,
2637 4819 2750 4893 piis
2781 4819 2990 4877 officiis
3017 4820 3400 4893 etobsequiis
3429 4839 3594 4882 eum-

180 4837 396 4874 urnem
426 4837 616 4874 remre
645 4837 946 4887 rogarunt.
980 4837 1142 4881 uuou
1170 4837 1318 4874 .aum
1351 4837 1582 4883 Iaceret,
1616 4837 1820 4874 omnes
1850 4837 2184 4874 adventanti
2215 4837 2610 4887 occurrerunt,
2675 4837 2750 4876 us
2781 4837 2990 4877 emcns
3017 4837 3075 4876 et
3102 4837 3400 4893 onsequns
3429 4839 3594 4882 eum-

175 4890 311 4964 dem
344 4887 713 4964 honorarunt
742 4905 920 4959 seque
952 4886 1759 4964 illi_subjecerunt1_Libentio
1791 4889 2220 4964 Hamburgensi
2251 4889 2523 4964 episeopo
2561 4837 2806 4963 paflium
2837 4890 3145 4964 concessit.
3176 4892 3427 4949 Leonem
3449 4895 3595 4950 Tre-

172 4960 466 5042 virensem
498 4957 967 5042 viceepiscopum
999 4959 1071 5014 ad
1104 4957 1299 5042 regem
1330 4959 1548 5042 Anglia;
1580 4964 1637 5017 et
1663 4961 1874 5042 ducem
1902 4957 2399 5042 Nertmannoxjum
2427 4957 2732 5042 ablegavit,
2759 4967 2824 5019 ut
2851 4979 2951 5042 eos
2972 4962 3127 5042 inter
3148 4964 3594 5042 sedissidentes

174 5030 539 5088 conciliaret.
572 5030 718 5108 Acta
748 5030 1194 5108 pseudosynedi
1218 5030 1543 5108 Bemen’sis,
1569 5050 1686 5108 qua
1714 5036 1908 5108 amoto
1939 5032 2243 5108 grnulpho
2263 5030 2590 5108 Gerbertus
2604 5030 2958 5108 subrogatus
2973 5035 3195 5108 fuerat,
3215 5035 3590 5108 improbavit,

173 5108 232 5180 et
253 5108 521 5180 amotum
542 5101 670 5180 sedi
694 5117 825 5180 suis
837 5101 1067 5180 restitui
1089 5101 1334 5180 feliciter
1353 5101 1685 5180 procuravit
1707 5103 1722 5174 (
1732 5105 1802 5171 1).
1827 5103 1912 5180 Ad
1935 5101 2246 5180 crescentii
2272 5106 2667 5180 tyrannidem,
2689 5101 2815 5177 qqu
2836 5105 2894 5160 in
2928 5106 3052 5161 dies
3074 5101 3263 5178 magis
3286 5101 3593 5180 magisque

172 5173 591 5249 invalescebat,
614 5172 1102 5249 prupul‘sandam,
1126 5172 1396 5249 Ottonem
1420 5172 2237 5249 regemuGe'rmaniaeRomam
2264 5172 2458 5233 venire
2479 5172 2725 5249 rogavit:
2746 5180 3075 5249 Antequam
3104 5172 3238 5233 vero
3269 5172 3588 5245 accevderet,

171 5246 491 5302 defunctus
522 5244 903 5316 estApontifex
933 5245 1190 5316 optimus
1223 5245 1473 5316 septimo
1494 5244 1665 5307 Maii,
1696 5263 1830 5300 cum
1863 5246 2112 5302 sedisset
2141 5266 2327 5303 annos
2356 5244 2575 5316 decem,
2612 5244 2959 5304 menses...'..
2980 5248 3103 5304 dies
3125 5250 3456 5304 duodecim.
3484 5244 3593 5305 Sc?-

170 5317 375 5391 pultus
410 5318 502 5372 est
533 5315 593 5369 in
626 5314 870 5370 basilica
900 5314 1146 5371 SfPetri
1177 5315 1236 5370 in
1266 5314 1516 5372 oratorio
1550 5317 1608 5371 S.
1644 5316 1859 5372 Mariae.

233 5444 317 5512 (1)
346 5441 478 5497 Non
510 5442 602 5496 est
631 5439 903 5496 etl‘ectum
936 5439 993 5494 id
1027 5439 1138 5495 nisi
1172 5440 1280 5496 sub
1312 5440 1588 5512 Gregorio
1618 5439 1684 5494 V.
