3906 6356
244 413 363 474 827

1568 398 1892 463 JOANNIS
1936 397 2041 459 XV
2082 398 2333 457 PAP/E.

3551 397 3688 460 828

243 618 3679 648 _—.————————_—————————-—__

1118 764 1860 872 JOANNIS
1942 764 2182 866 XV
2266 763 2765 868 PAPJE

726 998 1637 1158 EPISTOLZE
1756 996 1975 1147 ET
2097 993 3163 1151 PRIVILEGIA

1041 1353 1082 1409 Ι.

238 1465 617 1507 Ριιινιιεῦιυδί
652 1463 762 1502 PRO
794 1459 1155 1499 MONASTERIO
1186 1458 1336 1497 COELI
1378 1455 1550 1494 AUREI
1581 1452 1885 1491 TICINENSI.

222 1540 225 1541 ⁷
354 1568 358 1572 -
611 1537 1047 1608 Fragmentum.
1069 1563 1137 1572 ——
1166 1532 1331 1585 Anno
1360 1528 1509 1599 986.)

238 1628 431 1685 Omnes
463 1625 723 1699 ejusloci
757 1623 1117 1699 posscsstmes
1157 1617 1486 1699 conj-512mm,.
1497 1623 1702 1688 petente
1732 1616 1889 1699 Petro

307 1686 516 1762 abbate,
548 1698 707 1767 eique
754 1686 997 1749 concedit
1042 1708 1203 1767 usum
1255 1686 1580 1767 dalmaticm,
1608 1686 1886 1767 sandalio-

307 1786 453 1835 rum,
480 1757 1321 1841 pedulum_etchiroth_m'crum,
1373 1778 1438 1815 ac
1483 1760 1804 1841 [conludere
1829 1757 1890 1809 in

307 1828 503 1898 itinere
524 1837 806 1909 deferendi
825 1836 1261 1892 tintinnabulum
1292 1836 1351 1887 in
1371 1828 1655 1909 capellu,et_
1674 1828 1891 1909 quidem

304 1913 376 1970 ad
406 1900 665 1968 honorem
709 1910 886 1964 sancti
928 1909 1368 1971 l’ctri,necnonu
1398 1900 1735 1958 sanctissimi
1782 1900 1888 1953 Au-

306 1984 539 2057 gustini,
561 1985 717 2055 cujus
755 1980 1423 2057 sucrt'tisshnumforpgs
1445 1977 1505 2029 in
1539 1974 1640 2056 illa
1664 1972 1891 2026 ecclesia

306 2046 641 2112 reconditum
681 2060 777 2107 est.
815 2053 1012 2105 Datum
1049 2066 1150 2104 vm
1180 2046 1621 2103 KalIFebruart'i
1658 2060 1756 2115 per
1778 2060 1892 2115 ma:

306 2143 412 2182 nus
459 2126 688 2182 Joannis
735 2123 972 2194 episcopi
1019 2121 1297 2191 Nepesini,
1336 2118 1563 2174 Joannis
1606 2114 1764 2188 papa:
1812 2114 1893 2169 XV

307 2215 452 2254 anno
482 2198 673 2268 p.imo,
709 2194 1045 2249 iudictionne
1072 2209 1188 2246 xxv.
1217 2212 1245 2239 »

306 2286 499 2360 [Apud
532 2282 752 2341 Mabill.
786 2280 983 2336 Annal.
1017 2279 1215 2336 Bened.
1240 2282 1384 2333 tom.
1411 2276 1502 2345 IV,
1538 2292 1671 2348 pag.
1702 2274 1819 2346 35.]

403 2476 778 2519 PRIVILEGIUM
810 2476 921 2515 PRO
953 2473 1313 2514 MONASTERIO
1343 2472 1393 2510 8.
1430 2471 1725 2510 ΜΑΧΙΜῘΝῙ.

883 2549 1069 2620 (Anno
1098 2548 1251 2613 987.)

278 2642 466 2715 [Apud
496 2639 830 2707 Hontheim,
864 2638 1000 2693 Hist.
1041 2636 1244 2692 Trevir.
1278 2634 1503 2705 diplom.
1538 2649 1669 2704 pag.
1703 2629 1855 2703 320.]

314 2714 572 2787 Joannes
605 2727 939 2800 episcopus,
963 2742 1167 2781 servus
1198 2739 1497 2779 servorum
1521 2721 1644 2789 Dei,
1668 2737 1900 2775 venera-
1925 2714 1975 2780 B

246 2819 352 2876 bili
384 2818 581 2874 abbati
613 2816 850 2871 amabili
884 2815 1054 2870 nobis
1086 2813 1146 2868 in
1177 2812 1407 2868 Christo
1441 2810 1560 2867 filio
1592 2810 1775 2865 000m
1807 2810 1899 2863 be-

243 2907 636 2965 nedictionem
670 2903 1073 2977 apostolicam.

314 2994 596 3051 Convenit
652 2992 971 3065 apostolico
1022 2988 1411 3045 moderamini
1466 2988 1562 3060 pia
1618 2987 1898 3057 religione

242 3082 602 3157 pollentibus
626 3080 904 3136 benevola
924 3079 1329 3150 compassione
1346 3074 1677 3142 subvenire,
1693 3079 1750 3128 et
1771 3072 1899 3128 reli-

242 3173 407 3245 gioso
427 3174 560 3225 voto
592 3184 903 3223 assensum
938 3166 1224 3237 impartiri
1244 3184 1257 3233 ;
1281 3182 1313 3220 a
1335 3180 1565 3219 summo
1591 3164 1746 3217 enim
1780 3162 1899 3233 opi-

243 3261 350 3315 ﬁce
381 3275 487 3313 nos
518 3274 587 3313 ex
617 3256 728 3311 hoc
761 3255 1068 3327 prasmium
1110 3257 1450 3324 accepturos
1482 3268 1810 3324 speramus,
1846 3250 1897 3304 si

243 3347 522 3404 ecclesias
554 3346 625 3401 ad
657 3346 787 3416 ejus
817 3343 1040 3399 cultum
1085 3348 1439 3415 praeparatas
1481 3346 1683 3397 nostra
1721 3340 1897 3395 indu-

246 3436 391 3492 stria
421 3436 479 3489 in
509 3433 721 3489 melius
753 3436 1010 3488 statuere
1041 3431 1398 3487 laboramus.
1417 3431 1599 3503 Igitur
1622 3436 1732 3485 tum
1766 3429 1898 3485 reli-

244 3524 403 3597 gioni
454 3539 764 3579 assensum
816 3520 1159 3592 prtebontes,
1203 3519 1549 3574 auctoritate
1595 3516 1900 3590 apostolici

246 3612 519 3687 praecepti
543 3610 938 3676 decernimus,
957 3612 1024 3663 ut
1049 3609 1419 3680 congregatio
1442 3608 1559 3662 Deo
1582 3612 1901 3679 sanctoque

248 3702 567 3759 Maximino
599 3698 951 3765 deserviens,
977 3698 1150 3753 sicuti
1192 3714 1225 3752 a
1263 3696 1610 3752 charissimo
1655 3696 1774 3751 filio
1807 3714 1903 3751 no-

247 3795 368 3847 stro
419 3807 552 3863 rege
585 3790 818 3855 Ottone,
850 3787 1189 3858 caeterisquo
1221 3786 1477 3857 regibus,
1510 3786 1599 3840 vel
1649 3786 1901 3857 impera«

247 3880 475 3935 toribus
508 3880 885 3942 Francorum,
910 3879 1010 3929 tuo
1034 3873 1295 3929 cmnobio
1321 3889 1667 3928 concessum
1700 3876 1807 3939 est,
1834 3872 1901 3926 li-

247 3970 447 4025 beram
461 3967 736 4037 deinceps
753 3964 1008 4019 habeant
1027 3965 1374 4034 potestatem
1394 3961 1626 4016 creandi
1654 3961 1803 4016 inter
1820 3980 1901 4029 se,

248 4072 424 4129 quem
457 4054 785 4144 secundum,
803 4053 989 4144 Deum
1014 4051 1125 4144 sibi
1150 4050 1455 4144 elegerint,
1476 4051 1773 4115 abbatem,
1797 4068 1901 4105 nec
1933 4077 1976 4144 ρ

248 4145 447 4216 aliQua
468 4142 740 4215 quaelibet
757 4140 1065 4211 dignitatis
1086 4138 1423 4211 persona(2)
1444 4139 1595 4193 infra
1617 4144 1905 4194 monaste-

249 4232 424 4299 rium,
450 4231 563 4286 nisi
590 4235 697 4285 ate
727 4228 815 4283 vel
849 4245 882 4283 a
913 4244 1249 4283 successore
1281 4230 1379 4281 tuo
1413 4226 1713 4294 invitatur,
1740 4227 1906 4299 quid-

250 4336 429 4393 quam
459 4336 564 4392 pro
596 4335 702 4374 suo
735 4316 906 4371 libitu
950 4315 1220 4370 ordinare
1250 4314 1336 4370 vel
1374 4332 1636 4371 exercere
1679 4333 1903 4387 praesu-

249 4414 393 4465 mat.
439 4406 852 4464 Interdicimus
897 4404 1075 4460 etiam
1126 4403 1444 4475 apostolico
1493 4409 1798 4476 praecepto,
1834 4422 1905 4459 ne

250 4498 343 4554 cui
394 4513 658 4569 unquam
710 4494 966 4551 ecclesiae
1021 4492 1106 4548 vel
1156 4493 1278 4548 sedi
1312 4492 1412 4563 (3),
1444 4493 1786 4548 concambio
1817 4492 1905 4548 vel

252 4587 450 4658 aliquo
482 4583 715 4659 ingenio
757 4583 1066 4648 subdatur,
1102 4581 1203 4636 sed
1248 4580 1348 4636 tali
1384 4581 1667 4651 libertate,
1701 4585 1759 4635 et
1790 4582 1904 4636 im-

252 4675 563 4742 munitate,
598 4673 751 4730 sicut
778 4672 1117 4729 Prumiense
1138 4670 1561 4725 monasterium
1585 4674 1908 4741 czeteraque

252 4761 472 4835 regalia
487 4761 633 4830 loca,
650 4762 975 4817 innoft‘ense
992 4764 1049 4815 et
1066 4757 1481 4831 perpetualiter
1500 4759 1758 4825 fruatur;
1782 4757 1909 4829 ipse

250 4868 385 4907 vero
414 4850 580 4905 locus
611 4849 952 4905 monasterii
985 4848 1319 4920 perenniter
1342 4847 1451 4903 sub
1485 4846 1907 4903 mundiburdio

253 4954 460 5011 regum
491 4940 549 4991 et
586 4937 1027 5008 imperatorum,
1063 4936 1319 4992 filiorum
1368 4941 1581 4992 sancta:
1634 4937 1907 4992 Romanae

253 5026 532 5092 ecclesias,
568 5024 884 5096 apostolico
917 5030 1201 5096 praecepto
1233 5026 1518 5097 jubemus
1548 5031 1613 5080 ut
1641 5030 1906 5093 maneat;

256 5113 402 5172 nulli
422 5129 685 5184 unquam
709 5130 968 5184 personas
987 5113 1528 5181 beneﬁciarios,aut
1545 5114 1909 5169 invadendus

258 5206 473 5276 pateat,
500 5201 601 5256 sed
624 5202 694 5255 ad
730 5218 873 5255 usus
895 5206 954 5256 et
974 5201 1462 5272 tranquillitatem
1486 5204 1907 5259 monachorum

330 5329 409 5395 (2)
462 5325 576 5398 Nec
607 5325 806 5395 aliqua
856 5325 1441 5398 quwlilictdtgnitatis
1486 5344 1745 5398 persona,
1798 5334 1907 5383 etc.

260 5398 392 5453 Hazc
421 5395 638 5470 omnia,
666 5400 947 5466 tanquam
982 5395 1228 5470 relative
1254 5397 1326 5470 ad
1358 5395 1605 5468 gratiam
1630 5400 1702 5453 ab
1737 5399 1913 5470 impe-

263 5468 556 5523 ratoribus
586 5482 948 5527 concessam.
975 5466 1045 5519 ad
1079 5466 1511 5523 immunitatem
1540 5471 1776 5535 civilmn,
1802 5466 1916 5524 non

262 5541 333 5594 ad
366 5539 784 5594 ecclesiasticam
816 5536 1127 5607 pertinent.

332 5612 409 5681 (3)
440 5610 515 5664 Nc
556 5610 646 5663 cui
694 5623 935 5678 unquam
970 5607 1373 5681 ﬂectesimurcl
1430 5608 1547 5663 sedi
1594 5612 1911 5681 rconcambio

262 5676 350 5737 υίνὶ
393 5676 578 5753 aliqua
630 5676 846 5750 ingenio
894 5676 1174 5732 subdatur.
1230 5677 1451 5733 Unioue
1501 5680 1721 5735 scilicet
1772 5701 1911 5755 sup-

1920 1344 1975 1411 Α
2004 1342 2221 1399 ibidem
2252 1344 2476 1415 absque
2518 1342 2697 1397 ullius
2740 1343 3202 1399 contradictione
3242 1344 3392 1399 liber
3428 1361 3663 1416 permao

1956 1468 1961 1475 ς
1999 1436 2153 1487 neat.
2175 1433 2258 1487 Ad
2284 1431 2591 1488 cumulum
2615 1448 2847 1504 quoque
2869 1432 2957 1487 vel
2979 1436 3362 1505 augmentum
3387 1433 3666 1488 monasti-

1998 1539 2076 1577 cze
2110 1520 2559 1594 tranquillitatis
2593 1521 2926 1593 adjicimus,
2954 1539 3025 1575 ne
3059 1521 3192 1593 quis
3225 1520 3545 1594 cujuslibet
3572 1522 3663 1577 di-

1996 1610 2240 1684 gnitatis
2272 1628 2538 1683 persona,
2560 1610 2647 1666 vel
2688 1608 2902 1683 aliquis
2952 1626 3360 1665 successorum
3410 1614 3653 1665 tuorum

1997 1700 2209 1773 spiritu
2259 1699 2518 1773 maligno
2568 1698 3166 1771 seductus,quiddam
3200 1699 3287 1754 vel
3330 1700 3651 1755 minimum

1998 1790 2251 1846 alienare
2284 1794 2620 1861 prresumat,
2642 1792 2760 1843 tam
2792 1804 2861 1843 ex
2892 1788 2985 1843 his
3015 1805 3141 1860 qua:
3162 1789 3337 1844 modo
3360 1792 3659 1845 monaste-

1999 1879 2084 1933 rio
2114 1884 2216 1934 tuo
2248 1878 2459 1933 collata
2486 1881 2644 1943 sunt,
2662 1893 2837 1949 quam
2862 1893 2929 1932 ex
2961 1876 3054 1931 his
3083 1894 3212 1948 qua:
3236 1877 3428 1932 caeteri
3451 1876 3660 1933 ﬁdeles

1998 1968 2057 2023 in
2091 1968 2216 2023 dies
2255 1966 2522 2023 collaturi
2569 1971 2728 2021 sunt.
2764 1966 2823 2021 Si
2856 1966 2990 2038 quis
3038 1969 3256 2034 autem,
3288 1966 3441 2037 quod
3473 1966 3654 2033 absit,

2000 2056 2221 2113 nefario
2243 2074 2391 2112 ausu
2416 2054 2855 2128 praesumpserit
2874 2071 2939 2123 ea
2961 2071 3087 2126 quae
3103 2054 3174 2110 ad
3206 2054 3516 2110 utilitatem
3528 2055 3677 2125 jam,

2002 2146 2144 2202 dicti
2165 2144 2515 2201 venerabilis
2547 2143 2885 2199 monasterii
2911 2147 3134 2198 statuta
3155 2146 3314 2211 sunt,
3341 2143 3663 2216 infringere

2002 2240 2105 2293 aut
2135 2234 2195 2290 in
2228 2249 2526 2307 quoquam
2560 2231 2795 2299 violare,
2824 2231 2973 2287 sciat
3001 2249 3065 2287 se
3094 2231 3439 2288 auctoritate
3469 2231 3662 2287 omni-

2002 2324 2260 2398 potentis
2292 2322 2417 2391 Dei,
2451 2340 2552 2394 per
2584 2321 3070 2377 interventionem
3116 2321 3270 2377 beati
3304 2321 3453 2378 Petri
3488 2338 3660 2394 apos-

2002 2412 2256 2469 tolorum
2290 2410 2597 2485 principis,
2628 2410 2801 2481 cujus
2831 2410 2954 2465 vice
3002 2410 3325 2483 fungimur,
3361 2414 3416 2466 et
3446 2413 3662 2466 nostra:

2002 2502 2259 2559 auctoris
2318 2499 2648 2573 apostolica:
2705 2499 3218 2569 constitutionem,
3271 2504 3328 2555 et
3375 2500 3662 2571 suifraga-

2003 2607 2250 2647 neorum
2291 2587 2701 2663 episcoporum
2734 2588 2833 2661 (4),
2866 2588 3259 2645 anathematis
3297 2587 3529 2645 vinculo
3570 2587 3661 2642 in-

2004 2678 2424 2737 extricabiliter
2456 2677 2828 2733 innodatum.

2078 2768 2375 2840 Scriptum
2409 2783 2513 2838 per
2542 2782 2757 2821 manus
2789 2765 3091 2837 Thesphili
3127 2765 3315 2821 Latini
3348 2765 3579 2832 notarii,
3606 2768 3671 2820 et.

2007 2855 2345 2929 regionarii,
2388 2859 2563 2926 atque
2605 2853 2897 2910 scriniarii
2940 2854 2997 2910 S.
3034 2856 3102 2909 Π.
3135 2856 3198 2910 Ε.
3232 2856 3294 2909 in
3332 2871 3534 2910 mense
3572 2854 3672 2910 Ja-

2007 2946 2237 3011 nuario,
2269 2943 2587 2999 indictione
2626 2960 2718 2996 xv.
2753 2943 2904 2997 Bene
2935 2942 3140 2997 valete.
3176 2943 3391 2998 Datum
3431 2960 3485 2997 v1
3526 2942 3675 2998 Idus

2006 3032 2293 3099 Januarii,
2323 3048 2426 3103 per
2458 3046 2701 3085 manum
2728 3029 2974 3085 Joannis
3006 3030 3265 3102 episcopi
3286 3035 3343 3085 et
3362 3030 3680 3087 bibliothe-

2006 3121 2147 3177 carii
2194 3124 2407 3174 sanctae
2449 3116 2779 3190 apostolica:
2820 3116 2997 3185 sedis,
3034 3118 3350 3186 anno,Deo
3394 3119 3675 3191 propitio,

2008 3209 2385 3283 pontificatus
2403 3205 2625 3261 domini
2647 3206 2893 3261 Joannis
2912 3205 3129 3261 summi
3151 3206 3449 3278 pontificis
3466 3212 3526 3263 et
3546 3209 3677 3263 uni-

2006 3297 2251 3355 versalis
2299 3294 2557 3368 episcopi
2608 3294 2718 3362 XV,
2753 3295 2812 3350 in
2862 3295 3119 3351 sacrario
3168 3294 3426 3351 ecclesiae
3478 3298 3671 3353 sancti

2008 3388 2167 3446 Hetri
2216 3384 2616 3458 apostolorum
2664 3383 2967 3457 principis,
3003 3401 3157 3441 anno
3189 3384 3423 3441 Domini
3476 3386 3661 3443 nostri

2008 3477 2148 3534 Jesu
2182 3474 2398 3531 Chricti
2431 3473 2559 3528 987.

2790 3562 2885 3618 III.

2154 3669 2532 3711 PRIVILEGIUM
2561 3668 2800 3708 JOANNIS
2834 3670 2994 3708 ΡΔΡᾹΞ
3026 3671 3094 3708 XV
3127 3671 3237 3709 P110
3270 3670 3534 3709 ECCLESIA

2659 3758 3029 3799 NOVIOMENSI.

2655 3851 2842 3918 (Anno
2870 3851 3023 3918 788.)

2153 3962 2463 4037 [Colliette,
2497 3962 2777 4018 Mémoires
2806 3962 2883 4037 du
2913 3964 3280 4037 Vermandois,
3315 3969 3457 4018 tom.
3494 3964 3535 4030 Ι,

2688 4052 2820 4106 pag.
2853 4034 3005 4107 577.]

2085 4143 2339 4198 Joannes
2389 4139 2720 4212 episcOpus,
2754 4155 2956 4195 servus
3005 4156 3303 4195 servorum
3347 4140 3471 4209 Dei,
3503 4142 3667 4197 omni

2013 4230 2284 4288 Ecclesiae
2317 4228 2647 4285 Gallicanae.

2086 4318 2320 4376 Noverit
2350 4318 2615 4373 omnium
2668 4317 2932 4372 ﬁdelium
2974 4318 3269 4374 industria
3314 4318 3471 4391 quod
3513 4318 3677 4375 venit

2016 4413 2150 4465 ante
2167 4410 2431 4463 nostram
2457 4405 2827 4477 praesentiam
2850 4406 3361 4463 reverentissimus
3380 4407 3681 4463 confrater

2017 4500 2215 4552 noster
2248 4494 2653 4567 Lyndulphus,
2681 4494 3031 4550 venerabilis
3061 4495 3332 4550 videlicet
3359 4494 3673 4567 episcopus

2016 4585 2453 4650 Noviomorum,
2488 4583 2970 4650 Tornacensium,
2993 4588 3051 4638 et
3082 4582 3551 4652 Flandrensium,
3576 4584 3672 4639 cui

2017 4673 2186 4729 intim
2195 4690 2264 4728 an
2274 4672 2314 4727 ti
2335 4671 2503 4728 nobis
2521 4671 2860 4727 sedentibus
2882 4672 2939 4727 in
2959 4672 3096 4727 sede
3112 4674 3328 4729 sancta:
3341 4671 3670 4728 Jerusalem

2018 4760 2349 4818 necessaria
2377 4761 2469 4816 sui
2500 4759 2783 4832 episcOpi,
2801 4760 2993 4815 visum
3025 4760 3136 4815 fuit
3157 4761 3325 4817 nobis
3353 4759 3671 4832 apostolico

2018 4848 2438 4916 moderamine,
2465 4864 2532 4903 ac
2563 4846 2840 4904 benevola
2866 4849 3273 4920 compassione
3305 4865 3671 4916 succurrere,

2020 4939 2315 5010 alacrique
2337 4937 2640 4993 devotione
2661 4937 2950 5009 impertiri
2971 4954 3302 4993 assensum.
3326 4939 3491 4994 Tunc
3511 4937 3669 4993 enim

2018 5028 2249 5085 lucrum
2280 5031 2338 5082 et
2366 5025 2744 5098 potissimum
2776 5026 3085 5097 praamium
3120 5027 3276 5098 apud
3309 5025 3670 5082 conditorem

2018 5116 2287 5174 omnium
2320 5114 2624 5185 reponitur
2654 5113 2993 5183 Dominum,
3019 5117 3256 5186 quando
3288 5114 3415 5170 loca
3443 5131 3677 5170 venera-

2020 5206 2162 5263 bilia
2190 5208 2516 5276 opportune
2555 5206 2614 5257 et
2660 5203 2929 5258 ordinate
2979 5203 3053 5257 ad
3104 5202 3405 5259 meliorem
3458 5203 3679 5259 fuerint

2063 5329 2283 5385 ressiva
2330 5327 2418 5383 vel
2467 5326 2583 5382 alia
2639 5326 2837 5384 minus
2880 5327 3197 5400 principali
3260 5333 3317 5400 et
3371 5333 3674 5400 perpetua.

2063 5346 2283 5385 resswa
2330 5345 2418 5383 vel
2467 5345 2583 5382 ana
2639 5345 2837 5384 minus
2933 5345 3197 5399 rmcipau
3260 5345 3317 5383 et
3413 5345 3674 5400 erpetua.

2021 5347 2187 5457 Eonf.
2222 5403 2423 5455 notata
2469 5415 2652 5470 supra
2678 5400 2751 5454 ad
2792 5345 3019 5455 Bull'am
3069 5399 3298 5472 Agapiti
3332 5345 3571 5472 lippont.
3606 5400 3679 5454 de

2029 5488 2183 5528 anno
2211 5472 2338 5524 950.

2094 5543 2167 5667 (li)
2207 5543 2271 5596 Et
2324 5540 2794 5612 saﬂ‘raganeorum
2848 5543 3240 5612 episcoporum.
3294 5542 3440 5597 Hinc
3498 5558 3677 5613 appa-

2029 5618 2110 5667 ret
2169 5630 2301 5667 ianc
2342 5611 2562 5667 bullam
2614 5613 2897 5667 primario
2949 5614 3232 5667 adversus
3286 5611 3676 5667 archiepisco-

2023 5618 2110 5668 ret
2149 5611 2301 5667 hanc
2342 5611 2562 5667 bullam
2614 5611 2897 5683 primario
2949 5614 3232 5669 adversus
3286 5611 3676 5683 archiepisco-

2022 5702 2164 5756 pum
2198 5684 2380 5739 fuisse
2410 5684 2805 5759 impetratam.
