3906 6340
214 472 357 535 829

1426 471 1829 534 EPISTOL/E
1874 470 1977 531 ET
2019 471 2489 534 PRIVILEGIA.

3539 469 3660 534 830

216 606 368 664 sine
397 606 576 665 dubio
607 590 829 664 statum
852 605 1154 680 perducta.
1198 606 1382 677 Igitur
1413 606 1643 660 dilectio
1687 622 1891 676 snpra-
1922 606 1978 673 Α
2010 609 2075 661 ut
2104 612 2358 678 quatuor
2382 607 2645 663 canonici
2670 625 2738 663 ex
2760 608 2903 679 ipsis
2924 606 3661 680 sexaginta,serviantquo.

218 697 378 752 dicti
410 698 670 769 episcopi
707 696 1035 770 Lyndulphi
1071 695 1375 751 humiliter
1402 699 1457 748 et
1480 694 1902 749 rationabiliter

219 786 558 857 postulavit
588 803 623 840 a
651 786 842 849 nobis,
875 790 1168 856 quatenus
1201 800 1293 837 res
1325 788 1380 835 et
1413 781 1569 851 leges
1623 781 1712 835 sui
1754 780 1899 851 epis-

221 875 391 947 copii
422 891 525 946 per
555 873 841 946 privilegii
880 874 1209 927 cautionem
1243 871 1606 925 sanciremus
1653 875 1709 923 et
1758 885 1900 923 con-

222 963 636 1029 ﬁrmarcmns,
669 963 848 1017 veluti
880 963 1119 1019 quidem
1155 965 1374 1015 statuta
1404 965 1543 1012 sunt
1574 958 1900 1028 antiquitus

225 1067 271 1105 ει
302 1051 542 1122 regibus
564 1055 622 1106 et
644 1050 1029 1123 principibus,
1049 1049 1381 1119 nostrisque
1408 1047 1896 1101 antecessoribus.

224 1141 423 1210 Cujus
454 1140 645 1212 dignm
679 1138 945 1211 petitioni
980 1154 1289 1192 assensum
1323 1138 1668 1208 prmbentes,
1704 1140 1899 1188 aucto-

228 1228 413 1283 ritate
442 1229 593 1283 beati
626 1228 1027 1299 apostolorum
1074 1226 1377 1297 principis,
1411 1231 1467 1279 et
1511 1223 1694 1278 nostri
1728 1224 1900 1294 privi-

228 1316 375 1388 legii
408 1318 731 1372 assertione
762 1317 1062 1371 sancimus
1086 1320 1141 1370 et
1162 1316 1582 1369 confirmamus
1616 1319 1679 1367 ut
1703 1311 1903 1366 nullus

232 1420 459 1473 comes,
492 1409 596 1461 aut
651 1410 927 1460 extranea
986 1420 1234 1475 persona
1286 1403 1497 1457 habeat
1555 1406 1901 1473 potestatem

231 1494 796 1566 comprehendendi,
830 1492 918 1548 vel
970 1492 1359 1561 distringendi
1410 1491 1692 1545 latronem
1754 1489 1905 1542 intra

230 1583 612 1656 procinctum
647 1572 1034 1648 Noviomi,vel
1060 1580 1120 1635 in
1140 1581 1295 1634 villis
1320 1579 1479 1633 illius
1503 1579 1609 1633 loci
1633 1577 1903 1649 episc0po

229 1672 524 1743 subjectis
545 1671 603 1726 in
630 1671 935 1744 procinctu
966 1670 1293 1741 antiquitus
1345 1667 1660 1739 deputatis.
1707 1667 1907 1721 Decre-

225 1761 551 1832 vimusque
581 1765 647 1815 ut
679 1762 738 1815 in
772 1760 1035 1815 Tornaeo
1068 1757 1535 1824 civitate,nullus
1576 1772 1795 1822 comes,
1818 1753 1903 1809 vel

229 1854 552 1905 extraneas
588 1850 795 1921 judex,
845 1864 907 1903 se
958 1848 1312 1902 intermittat
1361 1846 1433 1900 de
1482 1845 1770 1909 districto,
1803 1844 1906 1898 aut

2009 694 2149 751 tidie
2181 698 2401 767 corpori
2437 697 2700 767 ejusdem
2724 699 2902 751 beatze
2931 698 3272 769 virginis,in
3305 706 3660 770 quocunque

2009 783 2133 838 loco
2156 784 2311 838 illius
2334 786 2583 840 civitatis
2603 787 2873 855 jacuerit,
2891 791 2944 841 et
2968 786 3259 841 teloneum
3283 785 3469 857 ipsius
3494 785 3659 841 urbis

2010 874 2231 943 passim
2264 890 2397 927 cum
2422 874 2579 927 omni
2614 874 3040 945 integritate,et
3072 874 3358 946 quidquid
3384 874 3658 945 deinceps

2010 962 2154 1033 ipsis
2187 963 2482 1016 canonicis
2514 964 2847 1018 contulerit.
2880 964 3207 1018 Statuimus
3236 980 3370 1035 ergo
3422 963 3480 1017 in
3523 964 3658 1017 sede

2011 1057 2222 1104 sauctm
2253 1052 2600 1119 Jerusalem,
2633 1053 2742 1105 sub
2773 1052 2949 1105 divini
2992 1052 3202 1122 judicii
3249 1052 3656 1119 obtestatione,

2011 1145 2069 1195 et
2126 1141 2517 1195 anathematis
2569 1141 2948 1195 validissimis
3005 1141 3534 1206 interdictionibus,
3597 1146 3661 1195 ut

2013 1228 2211 1283 nullus
2234 1247 2493 1300 unquam
2519 1247 2742 1299 rogum,
2761 1230 2958 1284 nullus
2982 1231 3234 1296 dux,aut
3259 1230 3660 1297 marchio,aut

2012 1335 2227 1385 comes,
2261 1335 2449 1387 neque
2481 1317 2975 1388 archiepiscopus,
3006 1318 3090 1371 vel
3123 1318 3276 1372 ullus
3325 1320 3659 1390 episcopus.

2013 1406 2326 1478 nullusque
2350 1406 2652 1461 hominum
2680 1406 2737 1461 in
2763 1407 3022 1477 quolibet
3043 1407 3245 1461 ordine
3265 1412 3322 1461 et
3338 1407 3661 1462 ministerio

2013 1495 2391 1559 constitutus,
2421 1496 2633 1549 audeat
2664 1495 2992 1550 molestiam
3026 1495 3286 1567 ingerere
3330 1496 3504 1549 rebus
3535 1496 3662 1565 ejus

2013 1584 2312 1655 episcopii,
2338 1585 2459 1639 sive
2491 1584 2559 1637 de
2591 1585 2883 1655 przedictis
2916 1584 3289 1639 monasteriis
3317 1583 3405 1638 vel
3435 1584 3508 1638 de
3535 1600 3664 1638 om-

2015 1673 2190 1726 nibus
2218 1690 2344 1744 quze
2376 1690 2556 1743 supra
2587 1673 2777 1744 posita
2798 1676 2954 1737 sunt,
2973 1689 3205 1743 quoquo
3230 1672 3402 1726 modo
3436 1673 3665 1727 auferre

2016 1765 2119 1815 aut
2148 1760 2399 1815 alienare.
2422 1764 2765 1832 priesumat;
2800 1761 2900 1815 sed
2938 1777 3187 1831 semper,
3207 1765 3270 1815 ut
3297 1761 3522 1815 dictum
3554 1763 3662 1830 est,

2016 1850 2186 1904 firma
2214 1849 2689 1916 stabilitate,hzec
2724 1848 2923 1903 omnia
2955 1850 3373 1920 permanendo,
3406 1848 3663 1903 decrevi-

228 1942 495 2007 moneta,
517 1938 605 1994 vel
628 1936 941 1993 derivatico
964 1937 1143 1991 unius
1167 1935 1493 2007 partis,nec
1525 1935 1595 1989 de
1640 1932 1896 1988 teloneo:
1930 1971 1977 2035 Β
2016 1954 2149 1992 mus
2179 1942 2356 2009 atque
2386 1936 2851 2009 promulgamus.
2873 1936 2931 1991 Si
2953 1936 3087 2008 quis
3110 1952 3242 1990 vero
3274 1940 3665 2008 praesumptor

229 2027 340 2082 sed
374 2027 527 2081 sicut
556 2030 843 2081 statutum
877 2029 966 2081 est
996 2043 1029 2081 a
1062 2025 1167 2096 piae
1200 2023 1496 2078 memoriae
1530 2021 1898 2094 principibus

232 2116 324 2172 sic
356 2116 538 2170 ﬁxum
568 2119 627 2171 et
657 2114 1068 2169 inconvulsum
1102 2110 1761 2184 permaneat.Similiter
1800 2110 1896 2180 ju-

231 2204 450 2260 bemus
481 2208 539 2259 et
570 2203 769 2259 nullus
814 2203 989 2258 homo
1036 2203 1209 2257 faciat
1256 2202 1445 2255 eidem
1486 2200 1778 2270 episcopo,
1811 2197 1896 2252 vel

233 2292 681 2349 successoribus
713 2294 861 2362 ejus,
897 2291 1226 2345 molestiam
1259 2291 1330 2344 de
1361 2288 1609 2343 Hileimo
1626 2304 1760 2341 cum
1784 2303 1902 2340 ma-

233 2385 329 2437 tre
350 2380 628 2448 Ecclesia,
659 2385 719 2436 et
750 2395 882 2434 cum
919 2378 1141 2451 capella
1188 2395 1316 2449 quze
1346 2381 1436 2431 est
1474 2376 1532 2430 in
1574 2375 1794 2429 Multus.
1832 2375 1902 2428 Et

232 2471 298 2526 in
331 2469 707 2537 Flandris,de
739 2468 984 2524 ecclesia
1017 2469 1201 2522 sancti
1230 2465 1548 2521 Salvatoris
1598 2464 1673 2518 da
1716 2463 1901 2517 Gech-

232 2560 438 2626 becca,
471 2557 851 2629 Aldenburgi,
896 2558 1182 2627 Latﬁnga,
1225 2554 1498 2620 Gestella,
1533 2553 1897 2622 Flcskengcm.

230 2645 550 2704 Abbatiam
576 2662 711 2700 vero
728 2645 913 2701 sancti
938 2643 1388 2716 Eligii,antiquo
1418 2644 1572 2712 jure,
1591 2640 1733 2694 viris
1767 2638 1897 2693 reli-

235 2736 425 2810 giosis
457 2735 668 2809 regulae
690 2734 843 2791 beati
870 2734 1163 2790 Benedicti
1196 2731 1613 2787 insudantibus
1632 2728 1899 2801 praeordi-

237 2830 465 2891 natam,
491 2826 592 2879 sed
626 2828 828 2895 postea
857 2823 1143 2877 instinctu
1176 2820 1462 2877 diabolico
1506 2820 1565 2873 in
1598 2818 1903 2873 canonico-

235 2930 377 2969 rum
409 2913 675 2967 ordinem
697 2911 1361 2981 redactam,iterumque
1405 2927 1439 2964 a
1472 2907 1778 2978 Rodulpho
1808 2923 1900 2960 ve-

238 3001 488 3058 nerabili
521 3001 793 3072 episcopo
820 3000 879 3054 in
897 3000 1244 3054 anteriorem
1281 2998 1543 3069 regulam
1568 2998 1899 3063 reductam;

243 3095 305 3146 at
348 3106 419 3145 ea
466 3090 787 3154 mortuo,‘a
834 3088 1129 3143 canonicis
1178 3086 1330 3141 male
1373 3086 1656 3151 invasam,
1684 3100 1837 3139 nunc
1872 3101 1903 3138 a

244 3176 622 3251 Lyndulpho,
652 3177 943 3232 confratre
975 3180 1194 3242 nostro,
1230 3174 1553 3229 monastico
1593 3172 1803 3239 ordini,
1839 3176 1906 3226 ut

244 3268 439 3323 fuerat
466 3266 778 3333 redditam,
814 3265 872 3319 in
904 3265 1013 3320 hoc
1045 3264 1247 3320 ordine
1276 3263 1644 3334 prmcipimus
1678 3278 1903 3332 perma-

2014 2032 2113 2082 aut
2135 2027 2481 2081 temerarius
2501 2026 2675 2080 homo
2718 2026 2991 2079 inventus
3031 2023 3361 2092 fuerit,sive
3392 2023 3664 2088 clericus,

2010 2119 2111 2171 aut
2140 2115 2346 2178 laicus,
2377 2113 2477 2186 qui
2509 2114 2631 2169 hzec
2664 2113 2863 2168 omnia
2910 2113 3157 2167 evellere
3201 2112 3529 2178 tentaverit,
3563 2117 3668 2167 aut

2010 2205 2377 2275 disrumpere
2405 2203 2672 2269 voluerit,
2691 2203 2838 2257 sciat
2855 2219 2916 2258 se
2946 2202 3046 2257 Dei
3071 2200 3489 2272 omnipotentis
3510 2201 3664 2268 odio,

2009 2300 2067 2348 et
2089 2293 2289 2347 domni
2313 2292 2498 2347 nostri
2524 2290 2925 2364 apostolorum
2947 2289 3232 2362 principis
3271 2288 3440 2355 Petri,
3456 2293 3513 2343 et
3542 2304 3666 2343 om-

2011 2384 2174 2437 nium
2198 2386 2537 2436 sanctorum
2560 2379 2954 2435 anathematis
2974 2378 3206 2433 vinculo
3228 2378 3670 2445 innodatum,et

2012 2489 2147 2527 cum
2171 2470 2423 2537 diabolo,
2456 2474 2513 2525 et
2542 2486 2677 2524 cum
2707 2469 2739 2524 J
2747 2468 2863 2523 uda
2891 2466 3168 2522 traditore
3199 2464 3431 2521 Domini
3482 2465 3668 2521 nostri

2011 2561 2151 2616 Jesu
2182 2558 2423 2628 Christi,
2445 2558 2643 2613 azterni
2674 2554 2928 2611 incendii
2961 2553 3249 2627 supplicio
3294 2569 3669 2609 concreman-

2012 2649 2177 2714 dum;
2194 2665 2298 2702 nec
2316 2663 2576 2718 unquam
2593 2646 2829 2718 prmfato
2843 2644 3212 2698 anathemate
3224 2641 3667 2710 absolvendum,

2014 2736 2125 2791 nisi
2162 2735 2492 2807 resipuerit,
2517 2740 2573 2789 et
2604 2734 2675 2788 ad
2729 2731 3184 2788 satisfactionem
3216 2730 3457 2785 venerit.
3494 2729 3620 2785 Fiat
3654 2747 3665 2784 :

2013 2827 2116 2880 ﬁat
2149 2842 2162 2878 :
2199 2826 2320 2878 fiat.
2355 2824 2414 2878 Si
2445 2823 2579 2894 quis
2626 2838 2759 2876 vero
2795 2825 2994 2875 custos
3031 2823 3088 2875 et
3117 2820 3453 2873 observator
3492 2818 3669 2873 fuerit

2013 2914 2193 2984 huius
2211 2911 2394 2966 nostri
2407 2909 2709 2983 apostolici
2731 2907 3014 2981 privilegii
3034 2906 3671 2973 constitmionismene-

2014 2999 2289 3057 dictionis
2327 2999 2599 3072 gratiam,
2630 2998 2927 3068 vitamque
2959 3000 3235 3050 aeternam
3267 3012 3301 3049 a
3330 2994 3667 3049 misericor-

2015 3090 2258 3145 dissimo
2290 3089 2536 3144 Domino
2568 3088 2683 3143 Deo
2716 3090 2913 3143 nostro
2945 3084 3221 3156 consequi
3267 3087 3561 3139 mereatur
3606 3083 3665 3137 in

2014 3179 2228 3236 saecula
2257 3177 2624 3233 sreculorum.
3003 3169 3013 3177 ’

2089 3268 2380 3338 Scriptum
2415 3283 2517 3338 per
2547 3282 2761 3320 manus
2811 3262 3112 3336 Stephani,
3147 3260 3436 3317 scriniarii
3479 3260 3665 3316 sancti

245 3372 408 3412 nere.
446 3356 532 3411 Ita
584 3356 874 3410 duntaxat
918 3357 983 3408 ut
1031 3370 1099 3409 ea
1147 3332 1299 3408 bona
1346 3332 1473 3425 qua!
1523 3349 1908 3423 Lyndulphus
1939 3332 1982 3398 C
2019 3332 2242 3430 palatii,
2275 3355 2335 3410 in
2365 3332 2564 3411 mense
2596 3353 2771 3422 Maio,
2804 3357 2860 3409 et
2889 3332 3206 3408 indictione
3230 3350 3441 3422 prima.

243 3443 461 3518 praesul
502 3444 563 3498 in
614 3444 819 3498 eadem
868 3442 1105 3497 abbatia
1153 3442 1393 3508 invenit,
1427 3444 1484 3495 et
1527 3458 1655 3511 quae
1708 3443 1910 3510 postea

242 3533 373 3607 ipse
401 3532 711 3604 adjunxit:
748 3547 884 3585 nam
912 3530 1133 3585 invenit
1173 3530 1252 3585 ibi
1306 3529 1907 3600 Ragemberticnrtem

241 3639 383 3679 cum
423 3621 702 3688 Ecclesia,
727 3618 1093 3687 Carisiolam,
1145 3618 1678 3691 Magnulﬁcurtem,
1711 3616 1907 3672 Verle’-

240 3711 410 3785 gium
457 3726 593 3766 cum
637 3708 916 3776 Ecclesia,
969 3708 1440 3773 Mahericurtem,
1488 3704 1905 3772 Rathbodium,

240 3807 431 3857 terras
465 3799 526 3854 in
557 3797 879 3870 Appiliaco,
914 3802 1102 3853 terras
1148 3796 1207 3851 in
1258 3795 1692 3868 Bagdinicurte,
1725 3799 1908 3849 terras

241 3892 307 3946 in
337 3889 553 3954 Auden,
587 3891 774 3942 terras
804 3886 863 3941 in
897 3887 1057 3953 Diva,
1092 3886 1320 3940 vineam
1373 3885 1432 3939 in
1475 3889 1691 3950 monte,
1722 3887 1908 3937 terras

240 3977 303 4033 in
334 3976 586 4032 circuitu
616 3975 875 4032 ecclesia:
905 3992 1032 4046 quae
1068 3976 1138 4030 ad
1174 3974 1365 4045 ipsam
1398 3972 1713 4045 pertinent,
1736 3976 1793 4025 et
1843 3972 1903 4026 in

242 4063 521 4138 plurimis
551 4062 694 4118 locis
715 4062 974 4118 minutas
993 4067 1205 4128 terras;
1239 4059 1533 4115 abbatiam
1562 4059 1747 4113 sancti
1781 4058 1906 4112 Ste-

242 4152 450 4226 phani,
480 4156 540 4208 et
584 4151 981 4218 molendinos,
1031 4155 1088 4205 et
1129 4149 1583 4205 Sichericurtem
1620 4163 1632 4201 :
1669 4146 1908 4201 adauxit

241 4258 379 4298 vero
404 4243 532 4313 ipse
553 4240 927 4308 Bucedrium,
954 4238 1257 4293 Colneium
1282 4254 1416 4293 cum
1440 4235 1704 4300 ecclesia,
1726 4235 1908 4290 Gafri-

242 4328 814 4399 mum,Wasemium
845 4328 972 4385 sine
1012 4326 1391 4396 molendinis,
1412 4323 1905 4390 s'alinas,Novem-

241 4419 467 4487 villam,
488 4419 591 4474 sed
622 4422 822 4473 tamen
870 4417 1062 4472 solum
1095 4432 1337 4471 cessura
1366 4415 1423 4468 in
1464 4414 1585 4468 vita
1613 4411 1904 4478 Widonis,

242 4515 302 4565 et
357 4508 516 4563 sicut
566 4523 747 4579 supra
790 4504 1096 4561 diximus:
1130 4504 1210 4559 ita
1259 4505 1543 4559 duntaxat
1595 4506 1661 4556 ut
1709 4500 1909 4557 omnia

242 4598 420 4663 bona,
451 4600 509 4652 et
540 4612 667 4668 quae
699 4595 986 4650 Dominus
1018 4595 1076 4648 in
1110 4595 1375 4649 futurum
1431 4592 1656 4646 dederit
1698 4590 1907 4645 usibus

2171 3566 2542 3607 PRIVILEGIUM
2582 3567 2692 3604 PRO
2733 3564 3094 3603 MONASTERIO
3135 3562 3184 3601 Β.
3227 3560 3517 3600 GREGORII.

2657 3638 2843 3705 (Anno
2874 3636 3029 3703 989.)

2016 3732 2057 3786 Α
2100 3728 2402 3786 Gebchardo
2451 3728 2502 3782 11
2544 3725 2946 3781 Constantiemi
2996 3724 3240 3793 episcopo
3290 3722 3468 3776 locum
3524 3720 3672 3776 hunc

2087 3802 2365 3929 ggndz‘tum
2393 3799 2492 3854 sub
2539 3796 2831 3869 apostolica
2881 3795 3109 3850 mitione
3153 3794 3359 3864 excipit
3397 3793 3674 3863 variisque

2156 3881 2269 3927 nat.

2300 3959 2534 4029 (Mansi,
2572 3957 2782 4014 Concil.
2816 3959 2955 4010 tom.
2991 3953 3131 4021 XIX,
3157 3950 3266 4007 col.
3289 3951 3403 4022 85.)

2085 4052 2340 4106 Jomsss
2371 4049 2702 4120 episcopus,
2738 4062 2939 4101 servus
2972 4058 3272 4098 servorum
3301 4041 3423 4096 Dei.
3459 4041 3520 4095 In
3575 4056 3674 4093 no-

2017 4142 2174 4197 mine
2206 4145 2418 4195 sanctaa
2467 4142 2526 4192 et
2573 4135 2887 4191 individua:
2918 4128 3446 4197 Trinitatis,Patris
3476 4128 3675 4199 videli-

2017 4235 2127 4294 cet,
2159 4234 2215 4284 et
2246 4227 2399 4295 Filii,
2431 4231 2490 4282 et
2518 4224 2773 4298 Spiritus
2804 4223 3013 4279 sancti.

2087 4320 2301 4374 Notum
2336 4331 2464 4371 esse
2494 4315 2766 4370 volumus
2813 4312 3092 4368 omnibus
3136 4308 3351 4365 Christi
3398 4305 3672 4362 ﬁdelibus

2017 4406 2269 4480 qualiter
2298 4404 2678 4461 Gebehardus
2711 4403 2761 4457 ll
2798 4400 3073 4456 amabilis
3119 4399 3427 4469 episcopus
3459 4399 3673 4451 sanctae

2016 4493 2486 4552 Constantiensis
2518 4488 2808 4556 Ecclesiae,
2825 4487 3245 4543 dilectissimus
3267 4485 3558 4539 confrater
3578 4500 3674 4538 no-

2018 4592 2153 4649 ster,
2188 4581 2471 4638 orationis
2518 4596 2697 4634 causa
2746 4578 2992 4632 Romam
3040 4574 3299 4639 veniens,
3336 4572 3409 4626 ad
3464 4570 3674 4626 limina

244 4686 669 4742 monachorum
702 4684 861 4739 omni
894 4688 1158 4755 tempore
1191 4681 1542 4737 deserviant.
1580 4680 1901 4734 Confirma-
1941 4699 1989 4764 D
2018 4670 2416 4746 apostolorum
2450 4667 2782 4740 principum
2816 4664 2964 4719 Petri
2998 4666 3055 4718 et
3086 4659 3270 4728 Pauli,
3303 4664 3361 4714 et
3400 4663 3537 4758 ante
3567 4676 3670 4713 no-

244 4793 381 4832 mus
411 4774 589 4831 etiam
622 4789 724 4845 per
751 4772 1093 4845 petitionem
1127 4768 1457 4844 Lyndulpbi
1489 4768 1632 4824 illud
1683 4768 1903 4823 donum

243 4865 402 4937 quod
434 4862 595 4919 dedit
623 4861 991 4933 Hadulphus,
1015 4860 1326 4932 episcopus
1358 4862 1691 4913 antecessor
1715 4856 1903 4927 ipsius

241 4951 542 5009 canonicis
573 4950 781 5023 ipsius,
810 4949 1066 5004 ecclesiae
1110 4952 1325 5004 sanctae
1362 4948 1578 5014 Mariae,
1610 4951 1668 5001 et
1715 4944 1903 5000 sancti

244 5040 507 5098 Medardi
534 5039 687 5093 infra
716 5055 985 5105 murum;
1020 5036 1329 5093 ecclesiam
1357 5034 1627 5090 videlicet
1668 5033 1903 5089 nomine

240 5132 537 5197 Arceium,
569 5132 636 5184 ut
665 5132 861 5184 teneat
890 5128 1115 5199 absque
1147 5125 1604 5182 contradictione
1644 5123 1804 5178 illam
1845 5123 1903 5177 in

243 5224 609 5294 perpetuam.
624 5217 999 5272 Decrevimus
1021 5216 1198 5270 etiam
1217 5232 1320 5287 per
1335 5212 1696 5284 apostolatus
1718 5211 1903 5266 nostri

243 5311 547 5366 decretum
598 5323 836 5361 manere
888 5307 1173 5373 ﬁxum,et
1227 5303 1437 5359 stabile
1485 5299 1629 5356 illud
1682 5301 1903 5355 donum

243 5388 575 5472 Lynd'ulphi
607 5395 761 5466 quod
793 5394 1086 5449 concessit
1121 5409 1224 5464 pro
1261 5391 1517 5447 remedio
1539 5388 1747 5444 animae
1780 5406 1899 5444 sua:

241 5488 389 5561 ipsis
436 5474 1059 5541 similiter‘canouicis
1109 5487 1268 5537 extra
1317 5496 1553 5535 murum
1588 5494 1601 5533 :
1634 5476 1902 5532 videlicet

241 5576 710 5634 Betoniscurtem
742 5591 877 5629 cum
910 5572 1422 5635 atramentaria,et
1454 5568 1747 5624 abbatiam
1773 5584 1902 5622 san-

238 5670 351 5721 cta:
368 5664 710 5721 Godebertze
741 5663 1007 5734 virginis,
1043 5677 1170 5732 quae
1203 5664 1291 5715 est
1336 5661 1395 5713 in
1441 5657 1659 5711 honore
1703 5656 1899 5710 beato-

239 5770 370 5810 rum
405 5750 805 5824 apostolorum
832 5751 984 5806 Petri
1007 5755 1065 5806 et
1089 5748 1279 5814 Pauli;
1309 5764 1374 5802 eo
1412 5744 1633 5799 scilicet
1674 5748 1896 5809 tenore,

2017 4767 2198 4819 stram
2233 4756 2630 4831 praesentiam,
2662 4752 2977 4824 retulitque
3007 4749 3175 4805 nobis
3208 4752 3499 4821 quatenus
3522 4746 3668 4819 ipse,

2013 4850 2115 4908 Dei
2145 4853 2291 4905 nutu
2322 4844 2685 4917 compulsus,
2720 4840 3026 4897 ecclesiam
3067 4836 3489 4894 ccenobitarum
3534 4853 3669 4892 con-

2014 4937 2325 4996 struxisset
2337 4952 2514 5005 super
2528 4933 2713 5003 ripam
2729 4932 2763 4985 tl
2774 4929 2991 4985 uminis
3003 4928 3158 5000 quod
3177 4926 3391 4981 dicitur
3409 4925 3668 4989 Rhenus,

2014 5030 2084 5086 ad
2119 5029 2399 5082 honorem
2431 5021 2585 5078 beati
2631 5019 2894 5091 Gregorii
2941 5015 3294 5074 confessoris
3341 5014 3577 5080 Christi,
3610 5013 3671 5067 in

2015 5136 2130 5192 quo
2161 5117 2285 5172 loco
2320 5112 2582 5187 regulam
2614 5111 2673 5166 S.
2694 5108 2990 5165 Benedicti
3012 5105 3244 5162 abbatis
3265 5109 3324 5162 et
3353 5103 3668 5192 monacho-

2015 5191 2146 5264 rum
2180 5208 2425 5260 fratrum
2448 5197 2919 5256 luculentissima
2941 5195 3267 5262 ordinaret;
3302 5191 3403 5248 ubi
3427 5191 3670 5247 devotis-

2014 5297 2162 5354 sime
2189 5296 2259 5349 de
2290 5293 2416 5348 suis
2449 5288 2700 5362 propriis
2728 5285 2980 5358 praediis,
3006 5302 3135 5356 qua:
3167 5302 3201 5338 a
3231 5283 3358 5338 suis
3407 5280 3667 5352 parenti-

2010 5387 2121 5440 bus
2153 5383 2237 5438 illi
2268 5382 2608 5447 evenerunt,
2637 5381 2694 5431 et
2723 5380 2949 5447 partem
2981 5374 3052 5428 de
3084 5373 3258 5427 rebus
3298 5374 3515 5425 sanctae
3548 5383 3665 5423 suae

2009 5473 2266 5532 ecclesia:
2298 5468 2508 5524 obtulit
2537 5467 2610 5522 ad
2662 5463 3154 5521 sustentationem
3201 5463 3259 5515 et
3306 5456 3664 5529 stipendium

2010 5564 2243 5619 illorum
2274 5558 2543 5614 videlicet
2576 5555 3023 5619 monachorum,
3054 5551 3153 5622 qui
3187 5549 3244 5603 in
3286 5547 3414 5618 ipso
3462 5546 3664 5600 sancto

2010 5649 2365 5709 monasterio
2416 5643 2627 5701 saeculo
2685 5640 3133 5716 (renuntiantes)
3186 5633 3399 5690 Christi
3462 5630 3663 5686 laudes

2010 5738 2336 5813 persolvere
2384 5734 2485 5789 diu
2535 5737 2826 5802 noctuque
2874 5745 2987 5784 non
3037 5726 3309 5781 cessant:
3345 5720 3414 5775 de
3446 5717 3660 5790 quibus
