3906 6438
164 454 277 519 831

1496 457 1827 522 JOANNIS
1872 456 1979 518 XV
2022 457 2251 519 PAPJE

3468 456 3593 519 832

165 594 377 647 nostra
399 589 749 648 humilitatis
768 592 1106 665 supplicans
1124 590 1599 659 clementiam,ut
1620 588 1821 664 prmdi-
1849 587 1907 657 Α
1936 606 2038 661 per
2080 589 2473 648 interventum
2526 589 2891 649 Hildibrandi-
2940 587 3289 647 Mutinensis
3335 586 3593 663 episcopi

166 684 296 747 ctus
328 681 494 737 locus
536 681 658 753 ipse
691 682 802 736 sub
828 683 1071 737 tuitione
1109 689 1166 737 et
1210 682 1545 737 defensione
1578 684 1635 738 S.
1673 680 1821 736 Petri

164 774 482 841 nostraque
505 775 959 843 nostrorumque
978 789 1383 826 successorum
1404 771 1745 843 pontificum
1764 770 1823 824 in

164 862 511 929 perpetuum
544 864 800 914 maneat.
833 860 917 915 Ita
958 865 1152 915 tamen
1204 866 1269 915 ut
1319 859 1520 916 nullus
1570 877 1686 927 rex,
1721 864 1824 915 aut

161 944 298 1009 dux,
324 961 511 1016 neque
562 946 842 1013 marchio,
876 964 980 1002 nec
1025 947 1201 1002 etiam
1252 948 1697 1020 episcepus,qui
1723 964 1824 1019 per

162 1038 429 1107 tempora
450 1034 649 1107 inipso
667 1036 963 1107 episeopio
988 1038 1180 1102 fuerit,
1197 1043 1300 1093 aut
1320 1038 1441 1093 ulla
1459 1056 1705 1109 persona
1726 1055 1821 1093 au-

163 1122 296 1177 deat
319 1124 388 1178 de
411 1125 686 1179 omnibus
710 1142 837 1196 quae
862 1127 1079 1181 ibidem
1104 1128 1175 1182 ab
1198 1127 1823 1198 ipsejamdicteGebe-

160 1213 341 1281 gardo
372 1214 645 1285 episeopo
669 1231 947 1268 concessa
987 1221 1127 1270 sunt.
1157 1216 1431 1282 alienare,
1451 1221 1554 1271 aut
1586 1232 1819 1287 quoquo

159 1301 332 1355 modo
365 1302 435 1356 de
468 1302 595 1373 ipso
629 1307 829 1357 sancio
853 1306 1207 1365 monasterio
1225 1305 1543 1373 extrahere,
1564 1306 1660 1360 sed
1694 1308 1821 1359 tuta

156 1393 213 1443 et
243 1390 502 1445 stabilita
534 1395 708 1462 atque
759 1392 928 1446 ﬁrma
967 1409 1165 1473 ‘usque
1212 1392 1271 1447 in
1323 1394 1519 1448 futura
1556 1398 1819 1465 tempora

156 1478 535 1534 concedimus
567 1481 985 1550 permanenda.
1004 1481 1113 1537 Sed
1141 1482 1322 1536 ethoc
1343 1482 1661 1553 apostolica
1681 1500 1819 1554 pras-

156 1568 443 1638 ceptione,
463 1572 703 1640 rogante
725 1569 1065 1639 supradicto
1089 1570 1228 1625 conf
1226 1574 1378 1626 ratre
1406 1576 1623 1639 nostro,
1638 1571 1815 1627 inter-

154 1654 409 1711 dicimus
441 1652 498 1710 in
538 1655 775 1712 nomine
806 1657 1037 1712 Domini
1072 1658 1254 1714 nostri
1286 1659 1426 1715 Jesu
1476 1660 1710 1729 Christi,
1746 1678 1817 1717 ne

156 1744 372 1821 aliquis
422 1743 611 1800 eidem
665 1746 1019 1801 monasterio
1077 1747 1449 1818 praeficiatur,
1476 1749 1587 1805 nisi
1640 1766 1815 1821 quem

152 1832 453 1888 communi
484 1850 777 1889 consensu
812 1836 1041 1902 fratres,
1076 1833 1291 1890 ibidem
1336 1835 1566 1892 Christo
1612 1837 1815 1893 sedulo

153 1921 470 1978 servientes
498 1920 802 1993 elegerint,
834 1921 1204 1996 electumque
1232 1925 1543 1997 episcopus
1575 1926 1812 1983 benedi-
1846 1956 1894 2022 Β

150 2009 361 2066 ctionis
393 2009 566 2066 titulo
598 2011 947 2067 confirmare
976 2018 1270 2084 procuret.
1292 2015 1362 2069 Et
1383 2013 1491 2069 hoc
1524 2014 1720 2086 ipsum
1743 2017 1815 2073 de

150 2099 413 2155 advocati
428 2098 709 2155 electione
721 2100 950 2155 decerni
972 2100 1213 2172 placuit.
1230 2103 1287 2157 Si
1301 2104 1617 2175 vero,quod
1639 2104 1812 2173 absit,

148 2187 468 2259 aliquando
499 2187 807 2261 contigerit
836 2194 905 2244 ut
932 2189 1246 2262 episcopus
1289 2193 1558 2263 ejusdem
1599 2198 1813 2250 sanctas

148 2274 417 2331 Ecclesiae
436 2275 750 2332 hiereticus
770 2277 859 2332 vel
899 2278 1316 2335 schismaticus
1351 2279 1580 2349 existat,
1604 2283 1813 2338 fratres

148 2362 469 2437 supradicti
488 2364 836 2420 monasterii
855 2383 925 2421 ex
941 2367 1291 2423 auctoritate
1311 2369 1469 2425 sedis
1482 2369 1812 2442 apostolicae

148 2452 406 2509 habeant
427 2455 778 2525 potestatem
803 2455 1231 2513 ecclesiasticos
1256 2458 1489 2515 ordines
1508 2458 1812 2532 requiren-

147 2540 230 2611 di,
254 2540 591 2614 ubicunque
623 2541 977 2600 catholicum
1000 2545 1266 2601 noverint
1286 2562 1414 2602 esse
1444 2547 1809 2620 episcopum,

148 2647 221 2685 ne
248 2627 344 2686 ille
373 2627 616 2702 iniquus
646 2631 717 2687 de
746 2631 857 2688 hoc
888 2631 1151 2705 aliquam
1179 2634 1262 2690 eis
1297 2635 1575 2707 injuriam
1597 2636 1812 2695 inferre

152 2722 491 2791 prmsumat.
525 2719 673 2775 Nam
704 2719 754 2776 si
788 2720 922 2793 quis
955 2721 1172 2795 aliquis
1191 2722 1813 2800 homo,cujuscunque

147 2806 562 2865 sitordinisvel
576 2811 1070 2883 potestatis,quod
1085 2829 1198 2868 non
1213 2813 1598 2882 credimus,in
1616 2815 1811 2889 aliquo

147 2895 515 2970 disrumpere
556 2899 882 2954 .tentaverit
925 2916 994 2955 ea
1043 2918 1170 2974 quae
1226 2903 1298 2958 ab
1344 2902 1472 2975 ipso
1495 2904 1622 2975 jam
1658 2905 1811 2962 dicte

152 2985 445 3041 confratre
477 2991 677 3043 nostro
716 2987 774 3044 ia
804 2989 1080 3061 praedicto
1130 2991 1485 3048 monasterio
1534 3009 1814 3049 concessa

148 3077 307 3141 sunt,
322 3079 382 3130 et
412 3091 447 3132 a
471 3076 605 3147 jure
636 3082 693 3132 et
723 3075 942 3133 ditione
981 3077 1171 3150 ipsius
1212 3079 1551 3136 monasterii
1582 3081 1810 3138 auferre

143 3161 544 3231 voluerit,nisi
586 3162 1471 3236 resipiscat,excommunicatus
1500 3183 1535 3223 a
1570 3184 1808 3241 corpore

147 3254 205 3306 et
233 3249 524 3325 sanguine
546 3249 777 3307 Domini
803 3251 985 3309 nostri
1016 3252 1049 3309 J
1055 3269 1157 3309 esu
1179 3253 1395 3311 Christi
1417 3255 1724 3325 consistat,
1748 3262 1806 3313 et

1936 682 2196 734 nostram
2229 680 2569 753 efflagitavit
2590 681 2961 736 clementiam
2986 685 3051 735 ut
3082 681 3280 735 omnia
3309 684 3598 751 praecepta

1933 767 2497 840 gleriosissimorum
2548 768 2989 840 imperatorum,
3037 787 3142 824 seu
3202 785 3428 841 regum,
3474 769 3596 825 sive

1934 857 2334 929 quorumlibet
2363 858 2697 931 principum
2721 857 3131 931 chirographa,
3150 875 3257 913 nec
3278 875 3394 913 non
3414 857 3596 913 etiam

1933 963 2060 1018 qua:
2093 964 2126 1001 a
2155 947 2372 1003 nostris
2398 946 2949 1019 praedecessoribus,
2981 946 3237 1002 Adriano
3270 950 3445 1018 atque
3475 948 3600 1003 Ste-

1932 1034 2126 1107 phano
2158 1034 2369 1091 collata
2408 1034 2495 1091 vel
2527 1035 2878 1107 ,conscripta
2923 1040 3083 1102 sunt,
3115 1040 3314 1090 nostra
3362 1051 3595 1107 quoque

1931 1125 2275 1181 auctoritate
2308 1126 2794 1180 confirmarcmus
2839 1129 2897 1179 et
2946 1125 3378 1191 roboraremus,
3413 1129 3471 1179 et
3500 1124 3596 1181 his

1931 1230 2058 1284 qua:
2090 1215 2160 1269 ab
2191 1214 2511 1286 apostolica
2543 1215 2679 1269 sede
2729 1215 2961 1270 decreta
3006 1219 3166 1279 sunt,
3202 1218 3411 1269 nostra:
3459 1214 3596 1269 sub-

1930 1301 2265 1374 scriptionis
2278 1302 2603 1358 chartulam
2624 1304 2692 1358 ad
2694 1302 3598 1375 jungeremus.Nesitaque,con-

1929 1392 2255 1447 siderantes
2278 1391 2612 1465 religiosam
2639 1393 2767 1462 ejus
2788 1393 3149 1463 petitionem,
3166 1391 3595 1463 pastoralisque

1927 1497 2055 1536 esse
2085 1480 2259 1535 ofﬁcii
2307 1497 2608 1536 servorum
2654 1480 2755 1535 Dei
2798 1481 3025 1552 jugiter
3056 1480 3298 1535 utilitati
3334 1497 3594 1536 commo-

1926 1570 2137 1640 disque
2166 1568 2520 1641 prospicere,
2554 1569 2919 1625 decrevimus
2948 1573 3015 1624 ut
3062 1570 3178 1625 duo
3210 1568 3593 1636 monasteria,

1926 1658 2274 1715 Corbeiense
2287 1656 2455 1713 videli
2466 1663 2557 1714 cet
2571 1658 2993 1715 monachorum
3004 1662 3201 1730 ,atque
3225 1658 3594 1713 Heriforden-

1927 1765 1989 1803 se
2012 1747 2576 1814 sanctimonialium,
2604 1749 2675 1803 de
2699 1747 2976 1803 omnibus
3008 1748 3205 1814 rebus,
3240 1762 3365 1818 quas
3407 1746 3498 1802 vel
3532 1747 3593 1802 in

1925 1836 2222 1892 communi
2238 1835 2372 1908 prin
2388 1836 2437 1891 ci
2448 1853 2589 1908 pum
2605 1835 2917 1901 cbarta,vel
2934 1835 3237 1908 praeceptis
3248 1836 3596 1891 conﬁrmata

1925 1941 2052 1980 esse
2083 1930 2507 1998 agnoscuntur,
2543 1923 2928 1980 nihilominus
2961 1924 3136 1980 talem
3168 1941 3236 1979 ex
3270 1923 3595 1997 apostolica

1925 2014 2227 2071 sanctione
2241 2013 2547 2069 obtineant
2558 2012 2993 2081 ﬁrmitatem,ut
3008 2013 3152 2069 nihil
3167 2012 3592 2069 habeantunde

1923 2119 1985 2158 se
2007 2103 2155 2159 tueri
2192 2103 2441 2175 possint,
2469 2103 2804 2175 quicunque
2826 2103 2939 2157 sibi
2963 2103 3317 2174 promittunt
3336 2102 3458 2158 hinc
3480 2103 3586 2158 ali-

1922 2192 2160 2264 quando
2182 2208 2245 2247 se
2265 2208 2438 2263 posse
2461 2190 2902 2259 immutare,vel
2942 2191 3280 2265 infringere.
3322 2191 3589 2247 Habeant

1870 2276 1873 2283 ’
1921 2296 2059 2355 ergo
2092 2280 2333 2354 praefata
2362 2281 2724 2337 monasteria
2752 2297 2947 2337 rerum
2974 2296 3218 2337 suarum
3251 2280 3498 2337 liberam
3525 2279 3586 2337 in

1922 2369 2198 2425 omnibus
2231 2368 2583 2440 disponendi
2618 2369 2964 2442 regulariter
3010 2372 3390 2441 potestatem;
3421 2372 3481 2425 et
3521 2374 3589 2424 ut

1923 2456 2153 2530 plenius
2188 2458 2806 2531 prosequamur,quod
2838 2461 3075 2514 sanctos
3094 2456 3447 2531 apostolicos
3457 2458 3586 2529 jam

1922 2546 2112 2602 dictos
2142 2545 2468 2602 intendisse
2500 2546 2809 2616 sentimus,
2830 2550 3009 2619 atque
3040 2550 3174 2603 ante
3202 2563 3301 2603 eos
3344 2546 3409 2602 B.
3440 2546 3586 2603 Gre-

1921 2634 2175 2709 gorium,
2211 2651 2278 2690 ac
2311 2636 2637 2692 reverendae
2670 2636 2966 2692 memoria:
2984 2635 3291 2693 Nicolaum
3314 2634 3580 2692 sanxisse

1923 2724 1994 2780 de
2008 2724 2261 2780 statibus
2282 2723 3259 2793 monasterioruminvenimus,nos
3280 2723 3583 2781 humiliter

1921 2812 2101 2868 tantis
2155 2812 2629 2880 auctoritatibus,
2658 2813 3082 2870 subscribendo
3131 2813 3579 2880 conﬁrmamus,
3642 2850 3649 2855 -

1922 2904 1988 2956 ut
2016 2900 2216 2956 nullus
2248 2902 2560 2974 episcopus
2592 2900 3165 2958 Patherbrunnensis
3205 2901 3468 2974 aliquam
3511 2918 3581 2957 ex

1918 2989 2005 3045 eis
2033 2989 2120 3045 vel
2154 2988 2403 3060 accipiat
2428 2990 2516 3045 vel
2548 2993 2824 3061 exposcat
2863 2990 3214 3061 portionem,
3248 3006 3439 3063 neque
3487 2990 3579 3047 vel

1914 3076 1979 3132 in
2005 3076 2099 3132 his
2124 3075 2223 3148 qui
2254 3076 2559 3149 regiminis
2589 3075 2783 3131 locum
2817 3076 3144 3143 tenent,vel
3171 3077 3230 3131 in
3262 3078 3411 3150 ipsis
3441 3095 3581 3135 con-

1916 3164 2376 3239 gregationibus,
2408 3168 2512 3220 ant
2540 3164 2687 3237 ipsis
2717 3163 3000 3219 ccenobiis
3030 3168 3383 3237 potestatem
3423 3167 3582 3224 obti-

1916 3258 2083 3321 neat;
2125 3269 2314 3325 neque
2360 3252 2624 3324 ipsorum
2661 3251 3061 3308 dominatione
3112 3252 3374 3325 potiatur
3432 3255 3583 3323 ulla,

144 3338 672 3395 anathematizatus
694 3356 729 3395 a
759 3338 1149 3397 SS.Patribus
1180 3343 1455 3399 omnibus
1477 3348 1534 3399 et
1554 3362 1587 3399 a
1608 3345 1800 3414 nobis,
1834 3318 1879 3386 (ἶ
1917 3357 2104 3414 neque
2125 3341 2185 3397 in
2209 3340 2660 3413 clericis,neque
2695 3341 2755 3396 in
2799 3339 3057 3410 famulis,
3073 3345 3176 3397 aut
3197 3340 3255 3397 in
3298 3343 3587 3402 omnibus

145 3443 253 3483 nec
284 3426 341 3482 in
375 3426 531 3482 exitu
571 3428 701 3483 vita:
750 3430 1165 3498 communicet,
1200 3432 1299 3487 sed
1344 3432 1520 3487 etiam
1570 3432 1802 3491 mortuo

145 3532 358 3571 nomen
390 3516 519 3587 ejus
549 3514 705 3573 inter
748 3517 1068 3573 missarum
1104 3518 1389 3576 solemnia
1419 3520 1579 3577 nullo
1629 3524 1801 3579 modo

145 3604 439 3661 recitetur.
455 3605 563 3672 Qui
593 3622 727 3663 vero
759 3605 853 3679 pio
887 3606 1105 3663 intuitu
1146 3613 1345 3664 custos
1376 3614 1435 3665 et
1462 3616 1805 3682 procurator

145 3695 323 3766 hujus
355 3695 539 3751 nostri
571 3696 842 3768 prmcepti
874 3696 1182 3769 exstiterit,
1214 3698 1641 3757 benedictionis
1679 3718 1805 3775 gra-

143 3783 288 3839 tiam
319 3782 618 3857 vitamque
649 3785 721 3840 ab
754 3785 880 3857 ipso
933 3784 1181 3841 Domino
1232 3786 1347 3843 Deo
1401 3793 1459 3844 et
1510 3790 1804 3848 Salvatore

143 3872 285 3929 Jesu
307 3872 538 3929 Christo
568 3878 867 3930 mereatur
896 3873 956 3929 in
988 3873 1204 3931 saecula
1226 3877 1573 3934 saeculorum
1596 3882 1801 3937 Ameu.

218 3961 513 4034 Scriptum
544 3979 649 4036 per
678 3979 922 4019 manum
952 3963 1198 4020 Joannis
1220 3966 1525 4036 notarii,et
1547 3969 1805 4043 regiona-

147 4050 240 4118 rii,
262 4055 323 4106 et
342 4050 632 4107 scriniarii
656 4052 806 4107 sacri
831 4053 1244 4110 Lateranensis
1264 4054 1488 4126 palatii,
1513 4057 1571 4113 in
1604 4074 1806 4114 mense

145 4138 329 4211 Aprili
363 4144 422 4195 et
445 4139 765 4196 indictione
791 4141 1067 4197 secunda.
1106 4141 1321 4198 Datum
1371 4162 1508 4201 vero
1557 4147 1805 4219 septimo

147 4226 439 4283 Kalendas
461 4226 646 4285 Maias
678 4244 782 4300 per
803 4240 1017 4286 manus
1038 4230 1298 4303 Gregorii
1337 4232 1593 4306 episcopi
1627 4252 1806 4291 sacra:

149 4314 487 4373 Portuensis
509 4314 802 4385 Ecclesia,
827 4320 884 4373 et
905 4316 1333 4375 bibliothecarii
1356 4321 1515 4378 sedis
1535 4324 1809 4395 apostoli-

149 4421 417 4473 cas,anno
468 4405 849 4478 pontiﬁcatus
898 4407 1124 4463 domini
1170 4409 1355 4465 nostri
1397 4411 1641 4469 Joannis
1672 4430 1806 4469 san-

149 4493 400 4552 ctissimi
431 4511 595 4570 papae
631 4499 862 4569 quarto.

941 4603 1008 4658 V.

238 4708 505 4749 EPISTOLA
542 4708 781 4749 JOANNIS
822 4710 984 4749 ΡΑΡιΕ
1020 4711 1093 4749 XV
1130 4712 1202 4750 AD
1243 4712 1433 4752 OMNES
1473 4713 1721 4752 FIDELES.

791 4781 979 4855 (Anno
1011 4782 1161 4855 989.)

151 4868 563 4927 Corbeicnsibus
583 4871 865 4927 monachis
875 4873 1011 4943 jura
1030 4873 1285 4945 quedam
1300 4889 1443 4929 nova
1470 4874 1808 4944 tribuuntur,

699 4951 1020 4999 asseruntur
1048 4951 1246 5000 vetera.

221 5029 503 5086 Convenit
523 5029 843 5103 episcopali
874 5033 1243 5103 auctoritate,
1259 5036 1629 5108 maximeque
1647 5054 1808 5093 sum-

150 5118 231 5174 mi
265 5116 665 5190 praesulis,pie
689 5119 1056 5192 solliciteque
1078 5139 1310 5194 semper
1330 5122 1585 5197 cogitare
1615 5130 1813 5198 quate-

151 5223 263 5262 nus
284 5206 368 5261 ita
388 5204 766 5261 ecclesiarum
800 5208 1228 5265 sollicitudines
1252 5210 1528 5280 habeant,
1546 5218 1611 5269 ut
1631 5215 1811 5272 sacris

148 5295 312 5364 locis,
348 5295 405 5351 in
440 5295 655 5367 quibus
677 5297 808 5368 jugi
840 5297 1254 5355 famulantium
1297 5301 1607 5359 sedulitate
1656 5305 1808 5361 Deus

150 5384 436 5458 placatur,
469 5389 800 5456 opportuna
824 5387 1087 5441 conferre
1119 5389 1399 5462 suifragia
1439 5408 1553 5446 non
1582 5394 1809 5449 detrec-

151 5478 329 5529 ctent.
356 5473 518 5528 Unde
537 5490 642 5546 ego
666 5491 868 5530 servus
890 5492 1189 5531 servorum
1214 5477 1313 5531 Dei
1336 5481 1592 5535 Joannes
1615 5498 1808 5537 sacro-

152 5567 366 5618 sanctae
398 5562 728 5634 apostolica:
751 5563 908 5618 sedis
935 5564 1147 5634 praesul
1173 5565 1452 5622 omnibus
1473 5573 1686 5623 sancta:
1708 5571 1808 5626 Dei

152 5649 420 5708 Ecclesia:
451 5650 724 5707 fidelibus
755 5668 1004 5724 suggero
1038 5654 1190 5723 quod
1232 5655 1578 5713 venerabilis
1627 5659 1810 5718 abbas

154 5739 527 5812 Thetmarus,
546 5741 886 5797 monasterii
923 5741 1074 5813 quod
1108 5748 1349 5798 vocatur
1368 5744 1525 5801 Nova
1547 5748 1809 5821 Corbeia,

1911 3447 2276 3504 quiscunque
2298 3430 2370 3486 ad
2390 3429 2748 3486 monasteria
2768 3430 2897 3502 ipsa
2914 3430 3193 3487 videntur
3212 3430 3428 3487 habere
3449 3449 3586 3505 pos-

1912 3520 2193 3578 sessionis
2216 3521 2571 3592 respectum,
2597 3518 2752 3574 sicut
2779 3519 2852 3574 ab
2884 3519 3163 3575 omnibus
3183 3518 3267 3574 eis
3288 3519 3579 3577 hactenus

1913 3613 2208 3667 servatum
2241 3611 2299 3664 et
2329 3624 2675 3663 concessum
2700 3612 2791 3663 est
2811 3608 3191 3680 episcepis,in
3214 3624 3466 3681 quorum
3484 3625 3582 3680 pa-

1914 3698 2132 3755 rochiis
2156 3714 2248 3753 res
2266 3697 2609 3753 eorumdem
2632 3697 3129 3753 monasteriorum
3157 3698 3457 3768 conj'acere
3484 3698 3575 3753 vi-

1914 3789 2147 3844 dentur.
2162 3786 2311 3842 Nam
2323 3785 2511 3859 ipsius
2525 3785 2750 3857 praefati
2764 3785 3105 3842 monasterii
3117 3785 3317 3842 abbati
3329 3785 3579 3858 suisque

1915 3874 2358 3933 successoribus
2379 3874 2681 3930 licentiam
2695 3874 3099 3947 damus,juxta
3109 3873 3291 3930 altare
3302 3875 3565 3944 sedendi,

1915 3964 2249 4039 populoque
2264 3963 2418 4019 infra
2438 3978 2614 4020 suum
2627 3963 3052 4020 monasterium
3064 3962 3154 4020 vel
3168 3962 3511 4031 cellas,secu
3519 3981 3581 4019 n-

1916 4054 2248 4111 dumDeum
2260 4051 2614 4125 praedicandi
2627 4068 2692 4108 ac
2706 4051 2948 4108 docendi
2962 4051 3065 4120 ,ita
3076 4051 3353 4108 utnullus
3363 4052 3584 4124 cpisco.

1914 4161 2029 4218 pus
2052 4160 2153 4216 per
2169 4159 2231 4198 se
2252 4142 2323 4197 ad
2348 4142 2477 4215 ipsa
2499 4140 2982 4211 monasteria,vel
3016 4140 3194 4197 cellas
3213 4142 3581 4214 earumdem,

1914 4233 2003 4288 vel
2025 4248 2363 4288 oeconomus
2386 4229 2631 4301 ejus,vel
2656 4229 3263 4303 archipresbyter,aut
3293 4229 3583 4287 archidia-

1916 4338 2102 4378 conus
2121 4320 2414 4387 illius,seu
2439 4318 2713 4392 quaelibet
2734 4336 2803 4376 ex
2822 4320 2951 4391 ejus
2981 4320 3297 4391 agentibus
3328 4336 3583 4391 persona

1917 4414 2267 4484 potestatem
2285 4408 2500 4464 habeat
2520 4406 2856 4475 accedendi,
2873 4406 2987 4462 nisi
3022 4408 3169 4464 forte
3211 4407 3580 4464 necessitatis

1917 4516 2116 4565 causa,
2149 4497 2237 4554 vel
2269 4496 2603 4553 dilectionis
2629 4495 2821 4569 gratia
2858 4499 3100 4552 vocatus
3149 4494 3475 4565 advenerit;
3509 4512 3583 4552 ne

1917 4586 2367 4661 importunitate
2398 4586 2511 4654 sui,
2533 4585 3056 4657 ministrorumque
3090 4600 3331 4641 suorum
3351 4583 3582 4656 inquie-

1844 4694 1891 4760 D
1920 4676 2124 4734 tudine
2155 4675 2340 4732 sacris
2372 4674 2515 4731 locis
2548 4674 2651 4730 ﬁat
2680 4672 2974 4730 molestia.
3006 4674 3207 4746 Neque
3227 4673 3285 4728 in
3318 4671 3583 4729 ecclesiis

1923 4766 2178 4840 praefatis
2196 4762 2573 4821 monasteriis
2594 4763 2900 4836 subjectis,
2916 4762 3002 4819 vel
3026 4763 3084 4818 in
3106 4762 3462 4836 presbyteris
3477 4763 3586 4829 eis-

1921 4858 2054 4913 dem
2086 4853 2347 4911 ecclesiis
2376 4852 2665 4910 ordinatis
2698 4851 2954 4925 aliquam
2991 4856 3177 4908 tentet
3225 4852 3411 4908 facere
3450 4866 3580 4923 per-

1921 4945 2341 5013 turbationem,
2357 4959 2566 4999 novam
2595 4942 3026 5011 constituendo,
3043 4942 3349 5014 antiquam
3371 4940 3583 4996 consti-

1920 5035 2209 5093 tutionem
2225 5031 2528 5101 violando;
2552 5032 2653 5088 sed
2677 5032 2832 5089 sicut
2852 5030 3200 5104 regulariter
3219 5047 3286 5087 ac
3303 5028 3585 5087 canonice

1921 5123 2340 5197 disposuerint,
2354 5138 2425 5178 ex
2445 5120 2619 5193 longe
2630 5122 2756 5194 jam
2781 5125 3042 5193 tempore
3063 5119 3361 5177 manentis
3380 5119 3463 5175 ita
3487 5119 3583 5175 fu-

1920 5214 2072 5272 turis
2089 5211 2458 5285 temporibus
2472 5213 2750 5267 maneant
2762 5210 3126 5267 inconcusse.
3144 5208 3578 5275 Ordinationes,

1920 5321 2046 5376 quin
2075 5302 2415 5358 necessariae
2440 5300 2656 5357 fuerint
2689 5300 2835 5372 ipsis
2860 5298 3443 5370 monasteriis,agers
3464 5315 3581 5353 non

1920 5394 2182 5460 differat;
2214 5389 2423 5447 altaris
2454 5406 2711 5463 quoque,
2733 5394 2792 5446 et
2812 5387 3193 5445 basilicarum
3224 5385 3582 5443 benedictio-

1920 5500 2043 5549 nes,
2078 5482 2200 5538 sive
2230 5481 2723 5549 consecrationes,
2757 5483 2930 5551 prout
2970 5477 3289 5533 necessitas
3321 5474 3582 5548 postula-

1917 5571 2086 5643 verit,
2117 5570 2206 5626 vel
2238 5569 2297 5625 in
2329 5569 2476 5643 ipsis
2508 5567 2902 5634 monasteriis,
2935 5566 3023 5622 vel
3073 5566 3132 5621 in
3173 5566 3331 5640 agris
3377 5582 3580 5621 eorum

1920 5657 2169 5714 libenter
2201 5658 2511 5723 concedat;
2545 5655 2805 5712 chrisma
2835 5672 3071 5727 quoque
3100 5653 3412 5725 oleumque
3443 5668 3584 5708 con-

1921 5752 2216 5807 secratum
2238 5764 2343 5818 per
2359 5744 2623 5819 singulos
2645 5762 2829 5802 annos
2852 5744 3109 5817 praebere
3131 5760 3245 5800 non
3269 5742 3583 5809 dilferat,et
