3906 6350
193 396 309 458 833

1370 394 1774 456 EPISTOL/E
1821 391 1924 454 ET
1969 393 2443 459 PRIVILEGIA:

3492 402 3612 467 834

195 547 298 604 pro
329 527 420 584 his
447 529 728 585 omnibus
758 527 986 582 nullum
1018 543 1236 583 munus
1265 527 1476 600 exigat,
1498 545 1570 585 ne
1591 528 1845 601 Spiritus
1874 529 1930 595 Α
1960 527 2195 596 Christi,
2230 538 2520 602 quatenus
2551 539 2606 589 et
2637 534 2729 589 hic
2758 536 3011 591 fructum
3052 535 3214 591 bona:
3238 537 3488 594 actionis
3519 555 3612 594 re-

195 619 381 675 sancti
410 618 664 690 gratiam
695 618 944 672 vendere
994 621 1260 684 conatus,
1294 617 1611 690 inde,quod
1671 618 1846 686 absit,

195 707 634 763 damnationem
667 705 1074 762 incurrat.Hoc
1105 706 1493 763 constitutum
1518 724 1631 762 non
1656 705 1848 762 solum

196 795 824 863 Patberbrunnensem,
847 811 1051 850 verum
1082 795 1260 850 etiam
1291 795 1554 851 omnium
1587 795 1848 852 locorum

193 884 882 957 episcopos,ubicumque
913 885 1153 956 praefata
1184 885 1652 952 monasteria,ve.l
1675 878 1852 940 eccle-

193 973 332 1041 sias,
357 972 448 1028 vel
482 989 676 1044 agros,
703 971 792 1027 vel
827 971 1082 1028 familias
1114 972 1327 1028 habere
1359 979 1704 1040 noscuntur,
1749 973 1849 1027 ob-

195 1077 421 1116 servare
441 1061 566 1117 sine
587 1061 1091 1128 cunctatione,seu
1122 1063 1580 1116 contradictione
1603 1066 1847 1132 oportet,

194 1155 256 1205 ut
285 1149 486 1205 nullus
515 1149 968 1222 potestatisjure
993 1149 1166 1205 rebus
1199 1152 1538 1204 eorumdem
1565 1156 1853 1204 monaste-

193 1239 411 1294 riorum
444 1239 745 1305 abutatur,
780 1239 882 1294 sed
921 1244 1196 1293 maneant
1243 1240 1441 1294 omnia
1473 1239 1530 1294 in
1568 1245 1851 1311 potestate

193 1327 564 1404 praelatorum
595 1327 701 1394 eis,
735 1332 794 1382 et
841 1326 1095 1398 regulari
1145 1327 1547 1399 dispositione,
1583 1346 1855 1400 quaecun-

193 1433 324 1488 que,
354 1421 421 1471 ut
450 1415 732 1486 diximus,
761 1416 852 1472 vel
886 1417 944 1471 in
976 1417 1247 1489 agris,vel
1283 1418 1342 1472 in
1374 1417 1632 1483 familiis,
1664 1419 1752 1473 vel
1790 1419 1850 1473 in

193 1504 438 1560 decimis
467 1503 552 1562 eis
582 1509 856 1561 constant
883 1523 1012 1562 esse
1044 1505 1274 1562 collata.
1307 1506 1470 1563 Sicut
1517 1512 1574 1562 et
1618 1513 1852 1580 aposto-

193 1592 305 1649 lica
333 1598 392 1649 et
421 1592 754 1666 imperialia
781 1602 1089 1668 prmcepta,
1142 1594 1357 1668 partim
1401 1594 1602 1663 simul,
1636 1596 1852 1668 partim

193 1681 542 1756 singulatim
589 1681 674 1738 eis
725 1684 1226 1740 conﬁrmavimus.
1276 1684 1561 1740 Abbatem
1611 1701 1762 1751 vero,
1797 1689 1854 1740 et

188 1770 554 1828 abbatissam
578 1770 639 1826 in
663 1770 915 1828 hislocis
932 1789 1164 1844 semper
1191 1773 1442 1846 eligendi
1471 1773 1725 1829 habeant
1751 1790 1851 1845 po-

193 1863 489 1929 testatem,
541 1865 608 1916 ut
653 1877 784 1917 eam
833 1862 1053 1934 eligant
1099 1879 1410 1934 personam
1459 1878 1586 1935 qua:
1638 1879 1850 1934 propo-

191 1949 372 2005 situm
417 1949 878 2006 conversationis
929 1951 988 2006 in
1037 1951 1313 2007 utrolibet
1365 1952 1740 2017 monasterio,
1791 1956 1849 2007 et

190 2037 457 2095 moribus
487 2044 546 2094 et
577 2038 782 2095 habitu
817 2039 1176 2111 profiteatur,
1211 2057 1326 2094 non
1359 2040 1708 2096 canonicum
1746 2046 1848 2096 aut

189 2125 422 2196 laicum,
461 2144 651 2200 neque
679 2127 921 2183 alterius
972 2128 1312 2184 monasterii
1363 2129 1738 2196 monachum,
1787 2129 1846 2184 in

187 2232 302 2288 quo
327 2215 666 2288 specialiter
714 2233 821 2273 nos
872 2217 1076 2273 audire
1125 2217 1400 2290 dignetur
1449 2218 1608 2289 regia
1657 2218 1845 2272 domi-

191 2305 367 2374 natio,
437 2310 503 2361 ut
560 2305 785 2361 nullam
843 2307 1063 2362 eisdem
1133 2308 1490 2363 monasterio
1561 2311 1849 2379 proponat

192 2411 527 2467 personam,
589 2411 718 2468 qua)
775 2412 892 2450 non
951 2395 1022 2450 ab
1086 2395 1233 2468 ipsis
1289 2396 1848 2467 congregationibus

191 2483 362 2540 fuerit
407 2483 756 2556 regulariter
801 2484 1002 2541 electa.
1049 2487 1174 2552 Qua
1225 2485 1294 2541 de
1345 2502 1404 2541 re
1459 2485 1684 2541 noverit
1733 2483 1846 2539 cle-

191 2574 428 2642 mentia,
491 2572 580 2629 vel
639 2589 796 2629 nunc
854 2573 1254 2642 existentium,
1311 2573 1399 2630 vel
1454 2573 1849 2632 successionis

193 2662 324 2732 jure
353 2662 628 2719 omnium
659 2663 992 2719 futurorum
1021 2662 1355 2736 principum
1385 2681 1421 2720 a
1451 2664 1586 2719 sede
1618 2668 1850 2736 aposto-

195 2749 306 2806 lica
331 2751 655 2817 sancitum,
675 2755 994 2824 nostraque
1023 2752 1455 2825 subscriptione
1487 2754 1847 2820 roboratum,

194 2855 296 2895 nec
324 2857 441 2896 non
477 2839 948 2896 antecedentium
990 2857 1197 2914 regum
1239 2841 1542 2914 praeceptis
1587 2845 1846 2910 cautum,

199 2933 264 2984 ut
312 2928 612 3002 praedictis
662 2928 1036 2985 monasteriis
1092 2928 1322 2986 nullum
1364 2929 1684 3002 praeficiant
1713 2947 1846 3001 per-

195 3034 394 3074 sonam
423 3019 504 3073 de
537 3035 910 3091 quocumque
932 3019 1156 3089 ordine,
1192 3017 1304 3074 nisi
1328 3036 1456 3090 quae
1479 3036 1580 3091 per
1619 3017 1851 3076 electio-

197 3121 325 3162 nem
341 3105 711 3180 probabilem
729 3107 1314 3174 sumatur.Quoniam
1331 3124 1464 3163 vero
1486 3107 1683 3162 multa:
1703 3125 1852 3179 quae-

195 3199 400 3251 runtur
431 3195 511 3252 ab
550 3195 904 3268 importunis
942 3196 1284 3253 hominibus
1331 3196 1718 3268 malignitatis
1762 3213 1852 3252 oc-

1957 615 2262 688 cipiant,et
2289 622 2444 691 apud
2477 622 3092 697 districtumjudicem
3117 627 3354 698 praemia
3383 631 3613 685 internae

1957 705 2174 777 quietis
2204 706 2521 765 inveniant.

2031 795 2323 866 Scriptum
2338 814 2440 870 per
2453 816 2663 856 manus
2677 801 2958 873 Stephani
2972 802 3144 875 primi
3158 803 3368 859 scrinei
3385 804 3610 860 Sancta:

1960 883 2233 938 Romana.
2245 885 2499 945 ecclesiae
2523 889 2579 943 in
2600 906 2800 944 mense
2817 890 2992 947 Junio
3005 895 3060 946 et
3074 889 3387 947 indictione
3400 909 3608 948 secun-

1959 972 2053 1026 da.
2087 972 2297 1028 Datum
2331 975 2574 1031 Kalend.
2603 977 2742 1033 Julii
2779 997 2879 1049 per
2909 997 3121 1034 manus
3154 979 3399 1035 Joannis
3448 981 3609 1053 epis-

1961 1062 2087 1132 copi
2117 1067 2329 1116 sanctze
2363 1065 2684 1136 presicns
2723 1068 2819 1138 (ὅ).
2854 1067 3120 1122 Ecclesia:
3153 1073 3208 1123 et
3235 1069 3612 1124 bibliotheca-

1942 1149 2030 1203 ‘rii
2063 1156 2276 1205 sancta:
2311 1153 2467 1208 sedis
2499 1155 2850 1225 apostolicae.
2882 1159 3047 1211 Anno
3076 1156 3452 1228 pontificatus
3507 1159 3609 1213 do-

1963 1238 2106 1292 mini
2138 1240 2384 1294 Joannis
2415 1243 2800 1312 sanctissimi,
2831 1244 3018 1315 quinti
3060 1246 3271 1300 decimi
3319 1264 3481 1318 papae
3531 1263 3606 1314 IV,

1964 1326 2278 1383 indictione
2313 1331 2592 1384 secunda.

2031 1469 2269 1508 JOANNIS
2309 1470 2470 1510 ΡΑΡᾸΞ
2507 1473 2580 1511 XV
2619 1472 2993 1512 PRIVILEGIUM
3033 1473 3146 1512 PRO
3183 1473 3542 1514 MONASTERIO

2365 1559 2416 1598 S.
2458 1561 2684 1600 NAZARII
2724 1561 3222 1602 ιΑυιιεειιΑκειιει.

2603 1653 2790 1719 (Anno
2819 1650 2970 1722 989).

2219 1754 2455 1828 [Mansi.
2489 1757 2649 1812 Conr.
2683 1762 2824 1813 tom.
2857 1757 2997 1825 XIX,
3033 1775 3168 1830 pag.
3204 1758 3355 1832 419.]

2031 1861 2288 1918 Joannes
2317 1863 2856 1934 episc0pus,servus
2887 1880 3186 1920 servorum
3220 1863 3612 1933 Dei,dilectis-

1961 1951 2110 2005 simo
2141 1950 2200 2006 in
2233 1950 2480 2006 Domino
2511 1951 2630 2006 ﬁlio
2656 1953 2723 2007 N.
2755 1952 3024 2034 religioso
3046 1952 3243 2008 abbati
3263 1952 3610 2010 venerabilis

1956 2039 2298 2094 monasterii
2329 2040 2431 2094 ubi
2463 2042 2521 2095 S.
2559 2041 2786 2096 Nazarii
2819 2040 3055 2112 pretiosi
3090 2041 3364 2114 martyris
3394 2059 3608 2114 corpus

1958 2128 2298 2199 requiescit,
2332 2145 2392 2184 1n
2423 2127 2530 2184 hoc
2561 2129 2662 2201 qui
2693 2128 2910 2184 dicitur
2939 2130 3006 2185 N.
3057 2129 3158 2201 qui
3190 2130 3492 2185 dedicatus
3523 2135 3615 2186 est

1958 2216 2015 2270 in
2049 2216 2266 2272 honore
2296 2217 2694 2287 apostolorum
2729 2217 2878 2273 Petri
2911 2223 2966 2274 et
2998 2217 3182 2286 Pauli,
3217 2223 3275 2273 et
3302 2219 3361 2273 S.
3383 2219 3612 2274 Nazarii

1958 2305 2236 2377 martyris
2265 2306 2540 2362 similiter
2569 2311 2966 2374 consecratus,
3025 2307 3464 2364 successoribus
3496 2307 3616 2364 tuis

1958 2393 2016 2448 in
2050 2400 2420 2467 perpetuum.

2029 2483 2308 2539 Convenit
2337 2483 2656 2556 apostolico
2679 2484 3067 2540 moderamini
3081 2485 3180 2557 pia
3194 2483 3474 2558 religione
3495 2485 3616 2557 pol-

1957 2571 2216 2627 lentibus
2236 2572 2514 2628 benevola
2529 2573 2812 2628 cbaritate
2834 2578 3260 2640 succurrere,et
3274 2578 3616 2646 promptum

1959 2677 2093 2716 cum
2127 2660 2304 2716 alacri
2335 2661 2640 2717 devotione
2671 2661 2969 2733 impertire
3009 2677 3342 2716 assensum.
3376 2661 3457 2718 Ex
3505 2661 3615 2717 hoc

1958 2750 2115 2805 enim
2148 2748 2295 2804 lucri
2326 2750 2704 2820 potissimum
2735 2749 3041 2820 praemium
3070 2765 3138 2803 eo
3160 2748 3462 2804 conditore
3481 2766 3615 2804 om-

1958 2837 2124 2892 nium
2158 2836 2461 2908 reponitur
2492 2835 2868 2908 Deo,quando
2885 2833 3238 2890 venerabilia
3253 2833 3383 2890 loca
3405 2851 3611 2907 Oppor-

1959 2931 2100 2981 tune
2129 2926 2419 2994 ordinata,
2441 2925 2513 2980 ad
2545 2923 2848 2980 meliorem
2879 2921 3098 2979 fuerint
3127 2923 3254 2979 sine
3283 2923 3462 2980 dubio
3495 2928 3615 2980 sta-

1959 3021 2087 3086 tum
2127 3018 2329 3070 nostra
2359 3012 2680 3087 apostolica
2707 3013 3054 3068 auctoritate
3085 3012 3614 3084 perducta.thuia

1958 3103 2311 3160 excellentia:
2333 3108 2537 3158 vestra:
2555 3101 2866 3158 laudabilis
2885 3102 3274 3158 mansuetudo
3291 3099 3611 3173 postulavit

1961 3211 1996 3249 a
2021 3193 2206 3264 vobis,
2239 3197 2533 3264 quatenus
2563 3184 2668 3264 pro
2699 3208 2896 3247 arnore
2930 3189 3120 3246 dilecti
3148 3189 3254 3245 ﬁlii
3286 3190 3470 3245 nostri
3508 3190 3614 3245 do-

195 3284 559 3351 casiones,ac
591 3263 827 3340 necesse
853 3301 1086 3357 semper
1105 3286 1347 3341 adversa
1367 3263 1703 3357 tela-clypeo
1725 3302 1852 3356 pro—
1879 3263 1925 3332 0
1963 3283 2108 3338 mini
2139 3263 2369 3338 Ottonis
2400 3282 2477 3338 IlI
2499 3263 2892 3354 imperatoris,
2923 3285 2982 3336 et
3013 3279 3236 3334 dilectze
3267 3279 3475 3335 matris
3499 3297 3618 3334 suae

193 3373 464 3428 tectionls
503 3371 800 3444 repellere,
835 3373 990 3445 quod
1015 3371 1336 3444 apostolica
1365 3371 1620 3427 decrevit
1649 3376 1850 3427 aucto-

197 3459 470 3528 ritas,nos
498 3477 734 3534 quoque
763 3461 1180 3534 approbamus,
1214 3466 1279 3516 ut
1311 3460 1411 3532 qui
1443 3459 1697 3514 ordinati
1721 3461 1850 3516 fue-

197 3547 310 3606 rint
329 3550 402 3605 ad
414 3549 679 3622 regimen
696 3549 1140 3621 saepedictorum
1163 3547 1852 3615 monasterioaum,nulla

195 3643 472 3708 potestate
496 3637 843 3711 praevalente
864 3637 1354 3708 dejiciantur,nisi
1378 3635 1642 3694 criminis
1670 3653 1849 3692 causa

196 3726 407 3784 fuerim
442 3727 817 3800 deprehensi,
853 3729 1023 3799 cujus
1055 3727 1262 3782 merito
1291 3732 1541 3781 rectores
1592 3743 1706 3780 non
1749 3725 1848 3780 de-

197 3813 368 3872 beant
397 3816 816 3874 administrare
845 3815 1395 3871 officiumJnfamia:
1425 3831 1558 3869 vero
1599 3811 1848 3870 maculis

199 3904 316 3960 sive
342 3905 610 3962 criminis
622 3904 876 3976 alicujus
889 3905 1264 3961 denotatione
1277 3904 1325 3959 si
1342 3904 1557 3959 fuerint
1579 3902 1851 3975 appetiti,

195 4009 303 4050 non
345 4001 556 4068 praeter
601 3993 944 4050 canonicam
975 3998 1077 4050 aut
1121 3993 1447 4066 regularem
1480 3991 1850 4064 deponantur

195 4084 704 4140 examinationem.
737 4081 799 4139 Si
826 4082 959 4155 quis
990 4099 1126 4155 ergo
1177 4080 1507 4156 apostolicae
1555 4079 1713 4136 sedis
1742 4081 1849 4136 de-

195 4175 413 4229 cretum
434 4171 1087 4245 contempserit,procul
1104 4171 1283 4227 dubio
1300 4169 1698 4226 damnationis
1719 4187 1846 4227 cen-

193 4273 384 4316 suram
413 4261 718 4334 suscipiet,
734 4276 913 4334 quam
943 4260 1239 4318 credimus
1270 4259 1467 4317 divino
1497 4258 1718 4332 Spiritu
1743 4277 1848 4332 per

193 4349 570 4420 apostolicam
591 4349 860 4423 linguam
889 4349 1343 4422 probatam.Nos
1376 4348 1556 4421 igitur
1576 4354 1844 4405 nostram

193 4437 682 4512 subscriptionem
697 4437 899 4496 annuli
926 4438 1110 4496 nostri
1138 4437 1493 4539 impresione
1516 4437 1841 4511 signantes,

196 4525 568 4584 obsecramus
598 4526 957 4600 cmpiscopos
989 4525 1476 4594 nostros'omnes,
1501 4526 1561 4582 in
1590 4543 1843 4598 quorum

1961 3371 2374 3444 Theophanis),
2399 3375 2457 3426 et
2485 3369 2736 3426 dominae
2768 3373 2979 3426 nostra:
3003 3369 3144 3424 avize
3174 3386 3316 3434 sum,
3349 3369 3621 3440 spiritua-

1957 3461 2105 3516 lium
2139 3461 2393 3516 ﬁliarum
2436 3464 2794 3526 nostrarum,
2819 3457 3165 3530 praadictum
3195 3457 3620 3513 monasterium

1959 3549 2470 3614 confirmaremus,
2513 3546 2893 3602 concedimus
2916 3550 2975 3600 et
3001 3545 3423 3600 confirmamus
3452 3545 3618 3601 vobis

1957 3637 2283 3709 vestrisque
2303 3635 2552 3708 posteris
2572 3635 2880 3707 przefatum
2901 3633 3326 3688 monasterium
3346 3649 3482 3688 cum
3499 3650 3622 3689 om-

1959 3727 2135 3782 nibus
2166 3725 2341 3780 rebus
2373 3722 2692 3778 mobilibus
2723 3726 2780 3776 et
2819 3719 3226 3776 immobilibus
3269 3721 3410 3776 illuc
3435 3721 3615 3793 perti-

1957 3815 2396 3887 nentibus,qua3
2428 3812 2540 3868 dici
2563 3811 2650 3867 vel
2682 3809 2974 3866 nominari
3007 3811 3616 3882 possunt,apraesenti

1959 3921 2021 3959 ιιι
2051 3901 2452 3959 indictionead
2476 3902 2670 3973 ipsum
2689 3899 3155 3955 sacratissimum
3187 3898 3615 3954 monasterium

1958 3991 2425 4066 permanendum
2440 3989 2841 4058 statuimus,et
2857 3987 3169 4044 statuendo
3195 3988 3616 4044 confirmamus

1957 4082 2041 4137 ita
2071 4087 2134 4137 ut
2162 4067 2374 4138 cuncta
2389 4080 2517 4137 loca
2537 4079 2765 4136 urbana
2785 4076 2872 4136 vel
2903 4076 3213 4147 rustica,id
3231 4081 3322 4135 est
3339 4076 3397 4132 in
3415 4076 3617 4132 fundis

1955 4177 2012 4228 et
2043 4169 2300 4238 casibus,
2333 4170 2488 4228 casis
2535 4175 2592 4226 et
2637 4167 2810 4238 villis,
2843 4167 3059 4224 vinetis
3089 4171 3146 4223 et
3176 4164 3468 4234 terminis,
3513 4181 3616 4221 seu

1957 4260 2234 4330 castellis,
2267 4259 2516 4332 campis,
2571 4258 2779 4330 pratis,
2831 4255 3074 4330 piscuis,
3107 4255 3290 4324 silvis,
3342 4254 3616 4322 saltibus,

1956 4349 2286 4418 arboribus,
2321 4348 2642 4420 pomiferis,
2677 4345 2992 4404 fructiferis
3021 4349 3080 4402 et
3110 4343 3493 4400 infructiferis
3522 4341 3618 4398 di-

1953 4436 2104 4494 versi
2135 4435 2388 4509 generis,
2417 4434 2635 4506 puteis,
2668 4433 2928 4490 fontibus
2969 4436 3026 4488 et
3057 4430 3216 4500 rivis,
3249 4429 3441 4502 aquis,
3483 4445 3617 4486 mo-

1953 4522 2680 4596 lendinis,piscationibus,
2716 4520 2933 4593 praedia
2963 4519 3120 4577 culta
3149 4522 3206 4575 et
3235 4516 3476 4585 inculta,
3496 4533 3616 4573 una

195 4629 399 4673 manus
457 4618 575 4674 ista
622 4616 978 4685 devenerint,
1034 4621 1098 4672 ut
1157 4634 1266 4671 sua
1293 4614 1467 4670 etiam
1499 4616 1843 4670 anctoritate
1873 4632 1924 4698 Β
1953 4633 2089 4671 eum
2121 4615 2342 4672 colonis
2373 4617 2430 4668 et
2468 4610 2708 4668 familiis
2741 4609 3041 4678 suis,cum
3073 4607 3404 4674 decimis,et
3425 4605 3616 4662 solitis

194 4705 248 4757 et
299 4705 731 4778 subscriptione
781 4705 902 4762 haec
961 4706 1311 4762 conﬁrmare
1356 4702 1560 4773 velint,
1593 4710 1659 4759 ut
1708 4704 1840 4776 qui-

195 4805 303 4862 que
357 4795 480 4850 haec
548 4799 855 4863 temerare,
934 4793 1377 4867 praesumpserit
1441 4793 1842 4864 generalitatis

197 4887 398 4938 nostra;
427 4883 740 4938 sententiis
772 4883 855 4938 ita
903 4883 1294 4939 anathematis
1339 4882 1572 4938 vinculo
1621 4882 1838 4955 oblige—

193 4972 303 5037 tur,
337 4977 402 5027 ut
433 4971 728 5029 neminem
760 4972 994 5040 habeat,
1029 4973 1200 5044 cujus
1231 4973 1424 5028 favore
1477 4971 1836 5040 blandiatur,

196 5062 290 5113 aut
343 5077 405 5116 se
461 5062 612 5116 tueri
657 5063 818 5132 patet
872 5077 907 5115 a
953 5060 1248 5116 sententia
1303 5059 1722 5116 damnationis.
1753 5061 1840 5116 Ab

196 5144 646 5220 imperatoribus
695 5149 875 5206 etiam
933 5155 1036 5205 aut
1092 5149 1328 5222 regibus
1387 5148 1506 5205 sive
1563 5149 1836 5218 ducibus,

197 5241 292 5290 aut
320 5255 354 5294 a
383 5255 736 5310 quacunque
767 5242 1071 5310 potestate,
1099 5255 1228 5310 qua:
1258 5255 1362 5310 pro
1403 5242 1663 5310 tempore
1700 5241 1840 5294 tunc

197 5325 459 5384 ordinata
489 5327 666 5385 fuerit
685 5343 1036 5400 componere
1053 5332 1340 5400 cogantur
1361 5326 1520 5384 mille
1541 5325 1722 5384 libras
1745 5343 1844 5382 au-

199 5412 244 5466 ri
289 5417 516 5490 optimi,
565 5417 944 5475 medietatem
993 5416 1286 5490 praedictis
1332 5415 1726 5483 monasteriis,
1779 5433 1845 5472 ac

163 5503 562 5565 ,medietatem
591 5522 840 5562 camera:
871 5521 1073 5562 eorum
1104 5505 1710 5578 principum.Cunctis
1739 5522 1842 5561 au-

197 5591 310 5646 tem
338 5593 454 5648 ista
503 5595 873 5650 servantibus
927 5593 1004 5649 sit
1051 5610 1164 5666 pax
1211 5593 1444 5650 Domini
1489 5593 1674 5650 nostri
1704 5594 1845 5652 Jesu

133 5695 143 5702 ·
215 5681 446 5760 venit
475 5688 618 5745 tunc
649 5683 942 5744 dabantur
963 5683 1092 5760 jam
1123 5681 1382 5761 episcopi
1413 5683 1698 5744 titulares.

1951 4704 2290 4760 dationibue
2321 4706 2378 4758 et
2407 4699 2694 4757 universis
2732 4699 2929 4765 rebus,
2964 4714 3092 4770 qua:
3123 4695 3320 4768 aliquo
3344 4695 3518 4750 modo
3538 4695 3611 4750 ad

1952 4793 2148 4865 ipsum
2180 4791 2375 4846 locum
2403 4789 2696 4864 pertinent
2722 4786 2810 4844 vel
2844 4785 3135 4860 pertinere
3157 4785 3374 4841 debent
3404 4785 3614 4840 amodo

1950 4887 2008 4938 et
2039 4899 2226 4952 usque
2255 4880 2316 4935 in
2347 4880 2522 4934 finem
2549 4877 2768 4944 saeculi,
2803 4875 2977 4931 sicuti
3009 4875 3084 4930 ab
3113 4879 3484 4931 antecessore
3518 4891 3616 4930 no-

1951 4977 2074 5026 stro
2119 4969 2360 5026 domino
2412 4969 2480 5024 N.
2534 4966 2910 5023 sanctissimo
2963 4983 3134 5038 papa,
3193 4981 3296 5036 per
3347 4965 3616 5038 praecepti

1951 5059 2225 5132 paginam
2257 5059 2422 5114 vobis
2462 5073 2808 5114 concessum
2843 5061 2951 5123 est,
2986 5055 3070 5110 ita
3097 5060 3156 5110 et
3187 5071 3294 5110 nos
3325 5055 3524 5110 onmia
3554 5055 3614 5109 in

1951 5150 2245 5221 integrum
2280 5165 2384 5220 per
2412 5147 2523 5202 hoc
2556 5151 2824 5202 nostrum
2869 5144 3260 5217 privilegium,
3283 5149 3341 5199 et
3369 5144 3617 5200 auctori-

1951 5243 2069 5294 tate
2117 5237 2271 5294 beati
2322 5237 2473 5293 Petri
2524 5234 2771 5310 aposteii
2819 5251 2956 5289 cum
3005 5235 3165 5289 omni
3217 5233 3526 5290 securitate
3557 5235 3614 5288 et

1955 5327 2381 5399 tranquillitate
2412 5327 2578 5383 vobis
2611 5329 2666 5380 et
2695 5323 2945 5396 posteris
2985 5322 3194 5380 vestris
3237 5321 3613 5379 concedimus

1955 5420 2014 5472 et
2041 5417 2466 5473 confirmamus
2500 5415 2841 5471 donandum
2872 5412 3306 5486 perpetualiter.
3341 5411 3474 5466 Post
3509 5411 3609 5466 ob-

1956 5505 2103 5560 itum
2127 5521 2263 5560 vero
2285 5503 2518 5560 abbatis
2535 5517 2705 5559 nemo
2721 5500 2941 5558 ibidem
2966 5500 3240 5556 abbatem
3269 5497 3605 5564 constituat,

1955 5593 2069 5650 nisi
2101 5610 2277 5669 quem
2299 5607 2626 5650 consensus
2647 5595 2705 5646 et
2721 5589 3054 5646 communis
3073 5588 3340 5644 voluntas
3357 5585 3606 5640 fratrum

1955 5701 2026 5745 ex
2076 5685 2208 5762 ipsa
2253 5681 2704 5760 congregatione
2757 5677 3014 5756 elegerit.
3057 5675 3380 5736 Statuiznus
3427 5671 3604 5731 etiam
