3936 6410
277 363 397 425 205
1236 369 1888 453 paretoomonuu
1930 370 2142 437 LIBRI
2185 374 2359 439 sax.
2392 407 2470 423 -α
2504 377 2654 443 LIB.
2700 378 2780 441 ιι.
3603 386 3724 452 206

280 505 395 598 stra
425 498 1035 598 honestecumordiue
1062 505 1202 598 ﬁant
1231 507 1281 575 (1
1312 505 1431 561 Cor.
1462 522 1576 572 xxv,
1604 504 1715 575 40).
1752 505 1947 598 Dirige
1975 508 2029 575 Α
2060 507 2217 598 pisse
2247 509 2661 587 perfunctorie,
2694 512 2825 568 dico
2855 517 3031 587 prout
3056 514 3373 586 valeo,etsi
3404 534 3521 575 non
3552 524 3728 592 prout

281 590 485 661 itaque
513 590 713 681 cordis
742 593 984 649 obtutus
1016 596 1089 650 ad
1118 594 1282 652 illius
1328 601 1533 663 nutus,
1564 612 1670 650 nec
1701 593 1953 651 tortuosi
2061 597 2260 665 debeo,
2296 599 2354 655 in
2387 600 2602 657 bonam
2636 601 2846 675 magis,
2882 620 3063 676 quam
3093 605 3155 661 in
3186 605 3408 663 malam
3440 590 3611 681 posse
3635 624 3723 666 re-

281 679 577 751 serpentis
628 681 898 754 sequaris
945 684 1267 741 anfractus.
1317 684 1514 757 Dirige
1560 684 1714 740 viam
1762 685 1835 740 ad
1893 688 1952 742 te
2060 685 2195 742 ferri
2230 687 2945 760 intelligentiam,scilicet
2968 696 3033 748 ut
3057 692 3316 752 elevatus
3346 696 3405 752 in
3439 679 3725 754 virtutum

279 767 578 824 venientis
610 768 870 841 Domini,
898 776 1088 829 rectas
1119 773 1209 830 fac
1239 775 1483 830 semitas
1534 774 1637 829 Dei
1668 774 1754 830 tui
1794 775 1946 843 (Luc.

279 872 366 924 ιιι,
402 855 481 928 4).
518 856 649 930 Ipse
674 858 833 916 enim
864 862 1102 920 nonnisi
1133 861 1229 919 via
1260 864 1524 920 incedere
1549 863 1829 937 dignatur
1857 880 1947 920 re-

280 949 397 1013 cta,
434 945 590 1003 sicut
635 947 705 1005 de
757 948 884 1021 ipso
928 950 1072 1007 dicit
1119 951 1442 1025 Scriptura,
1485 953 1616 1019 Vite,
1650 952 1946 1026 inquiens,

277 1035 507 1091 Domini
550 1042 711 1093 rectae
743 1040 912 1110 (Dan.
945 1055 1031 1106 ιιι,
1062 1042 1156 1109 27)
1184 1058 1199 1108 ;
1226 1057 1509 1113 perversae
1559 1044 1754 1097 autem
1808 1044 1953 1097 sunt

278 1124 510 1181 semitm
540 1127 921 1200 reproborum
956 1130 1139 1199 (Prov.
1168 1146 1231 1195 ιι,
1265 1131 1374 1198 15).
1403 1129 1460 1186 Si
1495 1146 1631 1203 ergo
1661 1129 1749 1185 vis
1781 1130 1947 1185 Chri-

278 1218 447 1271 stum
480 1216 667 1289 sequi.
702 1233 820 1289 qua
858 1216 955 1274 ille
988 1218 1225 1287 incedit,
1260 1218 1500 1275 ambula
1546 1218 1657 1286 via,
1691 1237 1764 1275 ne
1796 1220 1866 1275 de
1891 1222 1949 1275 te

278 1303 534 1371 dicatur,
558 1321 590 1360 o
621 1304 722 1378 qui
745 1305 1190 1379 dereliquerunt
1218 1308 1462 1365 semitas
1487 1312 1675 1364 rectas
1708 1307 1779 1381 (II
1791 1312 1945 1365 Petr.

276 1409 343 1461 Il,
378 1393 488 1466 15).

352 1484 447 1537 22.
476 1482 890 1540 Animadverte
922 1484 1064 1558 quid
1090 1484 1198 1542 tibi
1230 1485 1459 1542 consilii
1504 1485 1765 1543 melioris
1812 1504 1946 1560 pro-

279 1570 466 1643 pheta
493 1573 785 1645 agcndum
837 1574 1098 1631 decernit
1144 1574 1204 1630 in
1257 1575 1509 1632 Threnis
1543 1594 1556 1632 :
1590 1577 1823 1643 Bonum,
1856 1576 1947 1631 in-

277 1660 433 1733 quit,
466 1670 547 1718 est
575 1664 710 1731 viro,
742 1680 873 1719 cum
920 1667 1230 1735 portaverit
1251 1667 1455 1737 jugum
1485 1667 1554 1719 ab
1585 1665 1950 1722 adolescentia

274 1767 382 1807 sua
416 1751 639 1819 (Thren.
672 1769 754 1820 ιιι,
787 1752 901 1821 27).
936 1752 1007 1809 Et
1048 1755 1219 1824 quasi
1268 1754 1614 1825 interroges,
1648 1770 1754 1809 cur
1799 1754 1951 1810 sua?

274 1839 498 1911 adjecit
519 1840 731 1898 sedebit
758 1841 1149 1911 singulariter,
1185 1851 1237 1897 et
1268 1843 1465 1898 tacebit
1489 1841 1678 1910 (Ibid..
1711 1842 1824 1915 28).
1857 1841 1949 1898 Nil

274 1928 464 1996 aliud,
493 1929 717 2002 inquis,
748 1929 1068 1987 utilitatis?
1098 1931 1260 1987 Istud
1305 1931 1462 1986 enim
1502 1930 1648 2003 (100)
1682 1930 1952 1988 homines

275 2018 542 2075 maxime
590 2018 878 2091 deputant
924 2018 1185 2075 utilitati.
1240 2020 1499 2092 Denique
1553 2019 1949 2092 constipatum

277 2106 490 2163 multis
520 2106 691 2163 lateri
722 2106 1148 2164 adhaamntium
1189 2108 1456 2165 incedere
1498 2108 1711 2173 turbis,
1745 2108 1949 2166 multis

276 2195 742 2268 obsequentium
774 2196 1084 2269 comprimi
1116 2197 1339 2263 cuneis,
1370 2213 1594 2270 magnae
1616 2196 1789 2253 isthic
1805 2196 1946 2253 dici-
1990 2224 2008 2241 ο

276 2291 381 2343 tur
406 2283 726 2343 felicitatis.
758 2285 862 2341 64
891 2285 979 2341 Tu
1008 2285 1223 2358 jugum
1257 2285 1339 2359 [id
1370 2290 1449 2342 est
1479 2287 1802 2357 assumere]
1836 2285 1946 2342 tol-

274 2375 401 2432 lere
432 2374 668 2443 suades,
702 2376 769 2429 ut
792 2372 957 2431 solus
988 2375 1246 2441 sedeam,
1281 2391 1414 2429 cum
1460 2373 1679 2430 multos
1728 2375 1946 2431 idcirco

273 2462 507 2529 tollere,
538 2464 605 2517 ut
632 2459 841 2517 multis
873 2461 1248 2530 comitentur,
1270 2461 1862 2534 aspiciam.Sequitur
1890 2466 1946 2518 et

266 2552 501 2625 jungit,
536 2550 676 2623 quid
711 2550 1012 2608 solitarius
1057 2551 1166 2607 iste
1218 2555 1477 2607 meretur
1508 2568 1522 2606 :
1561 2551 1690 2619 Quis
1721 2551 1942 2619 levabit,

273 2639 495 2714 inquit,
526 2655 690 2713 super
734 2655 794 2696 se
845 2641 1061 2712 (Thren.
1099 2658 1183 2707 ιιι,
1215 2641 1327 2712 28).
1360 2641 1504 2706 Quo,
1538 2639 1756 2713 inquis,
1791 2639 1944 2696 leva-

274 2730 601 2802 bor?quare
628 2728 1163 2802 levabor?nunquid
1198 2735 1260 2784 ut
1292 2730 1362 2785 de
1395 2746 1488 2785 me
1524 2730 1759 2786 dicatur
1791 2746 1803 2785 :
1839 2730 1946 2798 Qui

270 2837 335 2877 se
363 2820 595 2884 amttat,
626 2817 1022 2875 humiliabitur
1047 2819 1196 2891 (Luc.
1231 2836 1348 2883 xxv,
1382 2820 1468 2890 11)
1505 2835 1517 2873 :
1552 2837 1627 2875 an
1656 2824 1724 2874 ut
1753 2818 1944 2875 dicere

271 2907 505 2982 possim
538 2924 553 2963 :
588 2907 821 2963 Etevans
875 2907 1106 2963 allisisti
1155 2924 1240 2963 me
1287 2909 1458 2976 (Psal.
1495 2924 1570 2975 cr,
1605 2908 1694 2977 11)
1716 2907 1744 2961 ‘I
1773 2907 1940 2977 Non;

272 2997 381 3055 sed
412 3002 478 3053 ut
508 2997 580 3052 de
611 3001 669 3052 te
698 2994 929 3053 dicatur
961 3014 985 3067 :_
1027 2997 1135 3066 Qui
1178 3013 1233 3053 se
1276 2996 1558 3064 humiliat,
1608 2996 1945 3052 exaltabitur

274 3087 435 3160 (Luc.
468 3102 585 3156 xxv,
632 3085 741 3158 11).
785 3084 893 3141 Et:
943 3086 1051 3155 Qui
1095 3086 1305 3142 habitat
1354 3088 1413 3142 in
1472 3086 1742 3158 adjutorio
1769 3086 1942 3141 Altis-

270 3178 439 3244 sime,
483 3176 547 3231 in
588 3177 928 3247 proiectione
978 3176 1075 3231 Dei
1121 3177 1249 3231 caeli
1293 3176 1732 3231 commorabitur
1769 3175 1938 3247 (Psal.

2057 775 2607 847 culmine,allidaris
2638 780 2894 853 gratuito
2925 780 2984 837 in
3018 781 3500 855 humilitate;imo
3522 783 3728 842 allidat

2059 869 2114 920 te
2159 863 2275 934 ille,
2309 881 2425 922 non
2476 870 2673 923 tamen
2724 870 2786 924 in
2826 870 3053 926 turbine
3097 879 3153 927 et
3201 871 3385 944 lapide
3430 873 3726 944 grandinis

2059 955 2216 1023 (lsai.
2250 972 2383 1019 xxx,
2415 956 2530 1023 30),
2563 957 2665 1012 sed
2698 958 2756 1012 in
2798 960 3004 1029 spiritu
3047 961 3495 1018 mansuetudinis
3526 962 3577 1035 (Ι
3599 961 3722 1019 Cor.

2056 1058 2136 1106 Iv,
2166 1044 2280 1115 21),
2313 1043 2414 1115 qui
2445 1043 2656 1101 elisum
2688 1046 2910 1120 erigere
2941 1046 3094 1104 valet
3130 1050 3491 1108 omnimodis
3547 1051 3720 1125 (Psal.

2058 1147 2221 1199 CXLV,
2244 1133 2324 1205 8),
2357 1133 2457 1204 qui
2489 1133 2678 1207 tangit
2707 1139 2937 1193 montes
2968 1141 3026 1193 et
3056 1137 3352 1212 fumigant
3392 1140 3567 1209 (Psal.
3599 1156 3720 1212 ctu,

2057 1220 2171 1290 32),
2205 1222 2683 1295 mortiﬁcansque
2730 1224 2981 1283 vivificat
3010 1226 3060 1298 (Ι
3084 1227 3215 1297 Reg.
3244 1244 3309 1295 ιι,
3335 1228 3411 1297 6),
3444 1222 3720 1286 auferens

2058 1310 2333 1383 spiritum
2364 1310 2483 1369 alta
2513 1313 2892 1385 sapientium,
2926 1320 2993 1371 ut
3021 1317 3318 1386 deficiant,
3343 1322 3401 1375 et
3432 1318 3491 1375 in
3523 1319 3722 1391 pulve-

2057 1415 2181 1455 rem
2213 1416 2386 1455 suum
2415 1401 2657 1457 redeant
2688 1403 2984 1475 (Psal.cm,
3005 1404 3120 1476 29),
3142 1404 3253 1462 hoc
3282 1410 3392 1475 est,
3418 1404 3719 1479 pulverem

2058 1504 2120 1544 se
2151 1504 2281 1545 esse
2327 1495 2793 1564 recognoscant;
2826 1493 3173 1567 praecipiens
3216 1495 3368 1567 (101)
3419 1496 3667 1553 dicendo
3702 1513 3717 1555 :

2060 1578 2271 1646 Quanto
2299 1579 2479 1650 major
2505 1596 2582 1651 es,
2616 1580 2854 1637 humilia
2891 1589 2942 1637 te
2988 1583 3051 1638 in
3096 1584 3355 1640 omnibus
3404 1584 3593 1653 (Eceli.
3632 1602 3719 1654 III,

2058 1666 2152 1734 20)
2179 1684 2194 1734 ;
2229 1667 2310 1722 ita
2340 1667 2497 1724 enim
2531 1668 2751 1725 valebis
2781 1686 3217 1744 recognoscere,
3248 1673 3353 1743 qui
3386 1672 3515 1746 ipse
3557 1672 3719 1731 solus

2061 1755 2226 1828 ponit
2255 1755 2512 1812 humiles
2545 1756 2601 1811 in
2634 1756 2897 1827 sublimi,
2920 1764 2978 1815 et
3007 1765 3319 1817 mmrentes
3346 1760 3521 1834 erigit
3537 1763 3724 1835 sospi-

2060 1847 2199 1911 tate,
2233 1849 2287 1899 et
2320 1844 2401 1899 nil
2434 1845 2662 1902 meritis
2707 1846 2827 1902 tuis
2874 1852 2932 1903 te
2962 1848 3175 1905 debere
3223 1849 3502 1918 tribuere,
3534 1851 3638 1907 sed
3666 1852 3721 1908 ei

2062 1931 2193 2001 soli,
2225 1933 2327 2005 qui
2375 1938 2596 2001 auctor,
2652 1935 2824 1991 dator
2871 1940 2928 1991 et
2976 1941 3381 1995 remunerator
3427 1939 3720 1999 bonorum

2060 2021 2325 2078 noscitur
2351 2039 2499 2079 esse.
2534 2023 2657 2079 Uno
2690 2024 2925 2097 quippe,
2961 2030 3026 2081 ut
3056 2030 3189 2082 ante
3215 2043 3322 2084 nos
3353 2026 3577 2084 dictum
3606 2033 3718 2101 est,

2060 2111 2252 2167 inanis
2281 2111 2478 2183 gloriae
2511 2111 2666 2167 mala
2696 2130 2730 2168 a
2761 2114 3015 2171 summis
3046 2115 3118 2170 ad
3153 2115 3502 2188 iutima,imo
3526 2118 3722 2175 humi-

2057 2199 2239 2256 litatis
2268 2200 2421 2256 bono
2453 2201 2525 2255 ab
2559 2200 2779 2257 infimis
2810 2202 3002 2258 revehi
3034 2202 3191 2260 vales
3223 2204 3294 2260 ad
3328 2222 3585 2263 summa.
3601 2206 3715 2263 Sed

2057 2290 2105 2346 si
2136 2288 2330 2345 adhuc
2362 2289 2634 2361 requiris,
2669 2305 2774 2346 nec
2800 2289 2907 2346 tibi
2938 2290 3310 2348 satisfactum
3337 2293 3550 2363 credis,
3571 2311 3719 2368 quo-

2056 2377 2231 2433 modo
2262 2394 2441 2449 super
2469 2382 2524 2436 te
2556 2377 2732 2434 levari
2765 2379 3414 2451 possis,scias,docente
3443 2383 3719 2456 Apostolo

2056 2466 2393 2540 (Sapientia)
2422 2483 2435 2521 :
2471 2468 2619 2536 Quia
2649 2484 2844 2540 corpus
2885 2469 3027 2541 quod
3074 2473 3449 2543 corrumpitur
3467 2492 3488 2539 ;
3517 2488 3720 2542 aggra-

2054 2566 2141 2613 vat
2190 2558 2438 2612 animum
2491 2555 2641 2628 (δίῳ.
2678 2574 2753 2621 1v,
2808 2559 2919 2625 15).
2962 2558 3079 2614 Nec
3128 2557 3350 2631 erigere
3402 2574 3532 2617 sese
3580 2561 3723 2632 quia

2054 2646 2183 2702 suis
2212 2644 2438 2700 viribus
2470 2643 2625 2700 valet
2675 2645 2745 2700 ad
2800 2661 3057 2714 summa,
3091 2645 3206 2702 nisi
3254 2645 3419 2703 illius
3465 2646 3722 2705 elevetur

2054 2734 2262 2808 gratia,
2297 2733 2395 2805 qui
2429 2734 2611 2788 nostri
2678 2749 2858 2790 causa
2909 2734 3213 2791 descendit
3242 2736 3313 2791 ad
3350 2736 3716 2795 ima.Verum

2054 2822 2194 2896 quia
2227 2823 2284 2877 in
2313 2821 2443 2889 hoc,
2478 2822 2633 2893 quod
2665 2822 2750 2877 tui
2782 2824 2963 2879 causa
2995 2823 3165 2896 posui
3196 2825 3556 2897 testimonio,
3596 2843 3714 2883 non

2052 2916 2282 2969 tantum
2317 2911 2520 2967 levabit
2563 2927 2729 2983 super
2773 2927 2830 2967 se
2878 2911 3115 2980 dicitur,
3150 2914 3251 2969 sed
3304 2914 3502 2983 etiam,
3553 2916 3711 2988 quod

2054 3000 2361 3073 paululum
2394 2999 2646 3057 refutare
2671 3000 2770 3057 05
2804 3000 2967 3057 visus
3013 3005 3123 3069 est,
3155 3002 3361 3061 sedebit
3401 3004 3709 3073 solitarius,

2050 3099 2101 3146 et
2133 3090 2326 3146 tacebit
2354 3088 2568 3150 (Thren.
2626 3106 2710 3159 ιιι,
2755 3089 2868 3158 28),
2919 3106 3034 3146 non
3081 3094 3457 3149 transeunter
3503 3109 3711 3150 censeo

2051 3177 2482 3251 accipiendum,
2533 3178 2635 3233 sed
2692 3194 3045 3252 magnopere
3099 3180 3541 3254 inquirendum,
3582 3181 3715 3254 ipsa

274 3282 371 3333 xc,
410 3266 464 3334 1)
497 3280 512 3319 :
541 3268 725 3337 tuque
755 3264 1021 3339 gaudens
1051 3265 1244 3338 possis
1272 3269 1524 3321 cantare:
1551 3265 1796 3321 Tenuisti
1823 3281 1938 3320 ma-
1967 3247 2010 3315 (ἶ
2050 3247 2235 3325 sessio
2261 3272 2317 3322 et
2349 3267 2719 3323 taciturnitas
2751 3247 2877 3340 qua).
2910 3247 2998 3325 vel
3028 3268 3126 3335 sit,
3155 3247 3369 3342 quidve
3403 3247 3711 3328 sibive-lit.

274 3371 420 3410 num
470 3352 752 3410 dexteram
796 3369 1000 3422 meum,
1029 3360 1079 3410 et
1124 3355 1183 3409 in
1230 3354 1506 3410 voluntate
1544 3362 1637 3410 tua
1667 3354 1947 3410 deduxisti

274 3460 385 3507 me,
421 3450 624 3499 etcum
653 3441 835 3512 gloria
878 3443 1228 3514 assumpsisti
1272 3459 1359 3498 me
1388 3443 1559 3514 (Psal.
1596 3460 1769 3510 Lxxu,
1802 3442 1894 3515 24)
1925 3459 1940 3499 :

277 3529 576 3603 multique
605 3530 665 3586 in
697 3529 929 3597 tui,imo
958 3530 1059 3587 Dei
1087 3529 1263 3587 laude
1289 3531 1521 3587 valeant
1548 3531 1740 3587 dicere
1768 3548 1780 3586 :
1814 3533 1946 3587 Bea-

272 3630 368 3677 tus
399 3636 562 3694 quem
588 3620 806 3690 elegisti
833 3623 887 3675 et
915 3621 1280 3692 assumpsisti,
1318 3620 1654 3675 inhabilabit
1687 3622 1749 3675 in
1780 3620 1945 3674 atriis

271 3711 387 3767 tuis
432 3710 609 3782 (Psal.
645 3726 793 3776 wa,
826 3708 904 3779 5).
939 3711 1061 3774 Quo
1094 3713 1291 3764 autem
1326 3714 1382 3764 te
1414 3709 1615 3775 elevet,
1650 3708 1946 3780 interroga

273 3798 561 3855 Paulum:
583 3799 693 3867 Qui
709 3813 831 3866 nos,
852 3797 1066 3869 inquit,
1089 3798 1560 3863 conresuscitavit,
1582 3803 1632 3851 et
1660 3795 1945 3851 consedere

267 3889 404 3960 fecit
436 3889 498 3943 in
522 3886 833 3943 caelestibus
864 3884 1074 3958 (Ephes.
1105 3901 1167 3951 ιι,
1200 3886 1278 3955 6).
1319 3886 1564 3956 Ipseque
1604 3884 1891 3940 Dominus
1926 3902 1940 3939 :

274 3978 382 4035 Ubi
409 3993 534 4032 sum
563 3975 817 4047 ego,illic
842 3983 894 4031 et
917 3976 1175 4031 minister
1201 3990 1355 4030 meus
1383 3975 1492 4029 erit
1520 3975 1696 4041 (Joan.
1731 3990 1829 4038 xu,
1860 3974 1938 4044 6).

271 4065 555 4122 Ministra
583 4080 722 4138 ergo
765 4062 1018 4131 Christo,
1051 4067 1109 4120 et
1152 4063 1267 4118 eris
1311 4079 1447 4118 cum
1500 4061 1751 4118 Christo.
1786 4061 1941 4118 Ubi?

274 4156 620 4217 l'identibus,
647 4153 865 4226 inquit,
893 4152 1033 4219 illis,
1059 4153 1299 4210 elevatus
1327 4160 1426 4221 est,
1467 4155 1518 4207 et
1545 4151 1714 4207 nubes
1760 4167 1934 4208 susce-

261 4246 352 4317 pit
380 4259 510 4299 eum
538 4244 607 4299 ab
631 4243 809 4298 oculis
835 4258 1025 4298 eorum
1050 4242 1185 4313 (Act.
1231 4258 1270 4306 ι,
1297 4241 1375 4311 9),
1409 4239 1738 4296 dicentibus
1763 4255 1939 4312 ange-

268 4333 347 4389 lis
384 4350 399 4387 :
435 4333 536 4388 Hie
579 4333 733 4389 Iesus
779 4332 880 4403 qui
926 4339 1236 4403 assumptus
1280 4338 1357 4386 est
1387 4348 1421 4385 a
1472 4330 1624 4387 vobis
1654 4331 1715 4385 in
1742 4331 1941 4385 caelum

267 4422 461 4496 (Ibid.,
499 4421 725 4494 ll),etc.
747 4420 807 4476 Si
828 4436 967 4495 ergo
996 4419 1085 4476 vis
1117 4420 1187 4475 ad
1221 4417 1387 4474 illum
1422 4417 1732 4492 pertinere,
1768 4418 1940 4474 stude

265 4517 491 4568 terram
523 4510 597 4565 de
627 4509 804 4565 corde
837 4524 1105 4582 purgare,
1143 4512 1205 4564 ut
1234 4507 1539 4581 expeditus
1570 4511 1629 4564 et
1659 4507 1940 4574 liber,vir-

2055 3352 2345 3412 Fortassis
2391 3357 2820 3426 consequenter
2862 3353 3102 3423 lucebit,
3137 3356 3277 3427 quia
3321 3357 3608 3429 gravitate
3658 3360 3717 3414 et

2052 3442 2344 3499 munditia
2374 3443 2589 3509 cordis,
2622 3446 2799 3514 atque
2828 3441 3064 3499 silentio
3093 3444 3234 3511 oris,
3269 3444 3458 3501 virtus
3487 3445 3717 3517 paritur

2053 3533 2261 3588 divinae
2292 3529 3325 3603 contemplationis;contemplatione
3354 3536 3552 3588 autem
3576 3549 3714 3590 oon-

2053 3636 2254 3676 sessus
2286 3618 2611 3690 acquiritur
2638 3617 2893 3689 ipse,qui
2926 3622 2982 3673 et
3011 3617 3554 3692 imitatur(subaudi
3582 3637 3716 3679 con-

2054 3708 2308 3777 sessum)
2341 3707 2503 3779 regni
2536 3705 2790 3763 coelcstis
2842 3706 2914 3761 ab
2947 3707 3105 3763 omni
3158 3707 3382 3765 scilicet
3429 3709 3714 3783 cupiditia

2052 3815 2117 3853 ac
2141 3798 2275 3852 faece
2296 3813 2491 3852 rerum
2525 3794 2865 3852 mortalium
2897 3795 3158 3854 cohibita
3178 3801 3237 3854 et
3263 3796 3528 3872 eliquata
3556 3799 3709 3873 cogi-

2050 3886 2274 3942 tatione
2306 3886 2541 3941 mentis.

2120 3978 2208 4031 2/1.
2242 3975 2324 4031 Ne
2350 3975 2546 4048 itaque
2576 3976 2774 4048 vagari
2822 3975 3100 4049 incipiam
3150 3993 3253 4050 per
3298 3976 3505 4046 multa,
3539 3977 3708 4035 adest

2051 4066 2242 4122 adhuc
2273 4082 2475 4122 recens
2504 4064 2561 4120 in
2595 4065 2839 4122 auribus
2865 4081 3088 4137 ea,qua3
3111 4066 3285 4122 modo
3312 4065 3373 4122 in
3397 4065 3713 4140 Evangelio

2049 4154 2268 4222 sonuit,
2302 4156 2525 4219 Maria;
2560 4158 2724 4209 sexta
2752 4153 2910 4210 enim
2944 4153 3182 4226 septimi
3216 4154 3438 4211 mensis
3468 4155 3542 4211 ab
3572 4154 3713 4211 anni

2048 4243 2409 4300 revolutione
2440 4244 2612 4315 (102),
2646 4242 2837 4300 octavi
2869 4247 3067 4297 autem
3099 4243 3174 4298 ab
3206 4241 3416 4313 hujus.
3447 4259 3575 4315 quae
3619 4259 3715 4300 me

2049 4331 2474 4405 deprimit,imo
2495 4330 2689 4386 erudit
2719 4328 3075 4385 calamitatis
3099 4329 3586 4396 accessione,hsec
3604 4330 3715 4388 rite

2048 4420 2303 4477 occurrit
2325 4418 2498 4475 lectio
2531 4418 2683 4474 seria
2714 4420 2768 4489 [Γ
2783 4417 2969 4489 feria],
3006 4433 3123 4471 non
3156 4433 3390 4489 parum,
3425 4422 3489 4473 ut
3516 4418 3712 4487 credo,

2049 4513 2283 4566 auctore
2312 4507 2532 4577 Deo,ad
2556 4507 2612 4561 id
2633 4505 2787 4578 quod
2807 4504 3255 4578 imaginandum
3282 4505 3716 4579 suscepi,colla-

262 4602 471 4656 tutum
505 4596 740 4671 pennis,
768 4595 933 4653 nullo
961 4596 1185 4652 scilicet
1230 4597 1463 4664 borum,
1498 4596 1716 4669 quibus
1764 4612 1937 4667 supe-
1969 4614 2015 4678 D
2048 4605 2199 4655 tura.
2230 4598 2550 4652 Videamus
2582 4595 2801 4667 itaque,
2834 4598 2899 4649 ut
2924 4595 3613 4663 credamus;credamus,
3647 4600 3714 4654 ut

264 4688 397 4744 rius
427 4691 486 4743 te
516 4685 750 4742 inhiare
782 4687 1149 4755 monstrasti,
1181 4685 1340 4742 visco
1370 4686 1712 4757 impeditus,
1740 4685 1797 4740 in
1831 4702 1939 4741 οω-
2046 4685 2526 4750 videamus.Quid
2561 4690 2651 4739 est
2677 4683 2833 4756 quod
2862 4682 3021 4740 dico?
3043 4683 3369 4742 Videamus
3402 4685 3585 4743 Deum
3620 4701 3714 4742 so-

265 4775 421 4843 lum,
454 4774 557 4831 ubi
589 4773 689 4831 ille
720 4778 829 4842 est,
862 4775 1056 4848 possis
1086 4774 1496 4831 conscendere.

338 4862 434 4920 23.
468 4863 635 4929 Quod
685 4869 885 4920 autem
940 4862 1160 4933 dixisti,
1212 4862 1370 4920 nolle
1415 4867 1471 4918 te
1517 4862 1818 4935 conqueri,
1849 4861 1938 4917 di-

265 4952 458 5009 cendo
487 4953 707 5009 elevans
735 4952 968 5009 atlz’szsti
995 4968 1102 5015 me.
1134 4969 1207 5008 ne
1241 4953 1385 5008 forte
1417 4969 1510 5007 me
1557 4956 1726 5024 putes
1776 4968 1938 5007 acce-

344 5057 497 5132 (100)
523 5058 628 5115 Hic
655 5061 806 5117 enim
836 5075 942 5132 pro
972 5061 1247 5116 enimze'o
1285 5056 1503 5114 ironice
1534 5057 1941 5130 accipiendum

271 5139 387 5188 est.

370 5199 500 5271 101)
532 5200 707 5273 Vulg.
742 5202 1024 5273 mendose
1054 5203 1381 5273 percipiens.

370 5207 500 5271 101)
536 5207 707 5327 Vulg.
742 5207 1024 5258 mendose
1054 5207 1381 5273 percipiens.

345 5207 500 5352 £192)
532 5272 614 5352 De
669 5273 895 5352 ectione
924 5272 1211 5352 loquitur,
1237 5288 1355 5352 qua
1378 5287 1470 5352 _eo
1521 5269 1783 5352 die,_q-uo
1823 5270 1944 5328 haec

272 5343 597 5428 scribebat,
629 5343 1018 5428 evangelium
1033 5343 1341 5428 legebat—ur.
1362 5343 1449 5425 de.
1466 5344 1786 5428 peecatrice
1802 5359 1949 5428 'con-

269 5433 446 5474 versa
475 5432 488 5470 :
524 5416 754 5489 Rogavit
784 5414 982 5473 ’Jesum
1011 5414 1239 5489 quidam
1282 5415 1613 5488 pharisaeus.
1654 5417 1765 5469 etc.
1802 5414 1947 5469 Hine

270 5489 609 5546 hodiernam
640 5488 929 5543 lectionem
969 5488 1027 5543 et
1056 5488 1340 5543 lectionem
1386 5491 1712 5557 praesentem
1758 5491 1944 5557 vocat,

270 5577 403 5643 qua:
436 5559 600 5615 modo
628 5559 1173 5643 sonuitlegebatur
1202 5554 1398 5643 autem
1421 5554 1947 5643 hoelivangelium,

268 5628 355 5693 uti
387 5646 554 5693 nunc
588 5645 835 5705 quoque
848 5628 1081 5705 legitur,
1097 5634 1262 5705 sexta
1282 5628 1702 5705 feria_quatu_or
1729 5631 1951 5703 tempo-

268 5722 409 5778 rum
441 5698 675 5770 maniis
705 5698 1092 5785 Septembris.
1126 5700 1228 5784 qui
1257 5698 1480 5764 mensis
1510 5698 1801 5780 septimus
1846 5698 1949 5784 ip-

2049 4775 2170 4832 lum
2201 4791 2351 4841 esse,
2374 4772 2473 4846 qui
2508 4772 2723 4829 revelat
2751 4771 3042 4828 absconsa
3074 4774 3144 4829 de
3202 4773 3479 4843 tenebris,
3512 4774 3714 4831 creda-

2050 4864 2391 4937 musipsum
2410 4879 2529 4918 sem
2537 4860 2921 4935 per,maxime
2936 4866 3129 4919 autem
3147 4862 3219 4918 de
3235 4861 3713 4935 seloquentibus,

2051 4957 2396 5027 praesentem
2429 4968 2559 5008 esse
2591 4950 2780 5006 nobis.
2813 4951 3143 5009 Credamus
3174 4968 3242 5008 ea
3290 4968 3417 5025 qua:
3450 4951 3715 5008 nondum

2054 5057 2527 5133 pellatur._0uare
2554 5061 2735 5133 sexta2
2765 5055 2823 5111 id
2856 5062 2946 5112 est
2977 5057 3140 5133 feria,
3166 5059 3391 5129 septimi
3417 5056 3619 5113 mensis
3637 5057 3715 5133 gb

2053 5126 2192 5187 anni
2210 5130 2555 5201 revolutione
2579 5128 2687 5183 hoc
2722 5126 2847 5183 loco
2891 5132 3145 5197 notatur,
3180 5126 3237 5201 et
3266 5133 3398 5201 post
3430 5127 3716 5201 nonnulla

2054 5202 2293 5286 quidem
2326 5199 2585 5286 num.39,
2607 5215 2781 5286 quem
2814 5200 3095 5286 postridie
3121 5198 3375 5286 scripsit,
3400 5198 3713 5286 aliam‘lec-

2057 5270 2277 5330 tionem
2302 5270 2698 5344 evangelicum
2731 5270 2931 5344 laudat
2961 5272 3136 5344 hodie,
3163 5270 3375 5344 inquit,
3408 5273 3710 5344 recitatum,

2058 5344 2343 5400 nimirum
2375 5341 2775 5415 evangelicum
2809 5342 2880 5415 de
2902 5343 3015 5398 ticii
3036 5341 3263 5415 arbore;
3275 5342 3434 5415 quod
3457 5341 3714 5415 Sabbato

2058 5420 2312 5489 quatuor
2340 5411 2675 5489 temporum
2708 5413 2973 5489 ejusdem
3008 5413 3229 5489 mensis
3270 5411 3506 5489 legitur.
3534 5411 3715 5489 Septif

2055 5481 2180 5544 mus
2221 5491 2415 5542 autem
2458 5481 2688 5556 mensis,
2719 5481 2837 5556 sive
2885 5485 3240 5556 September
3270 5481 3545 5540 REtherio
3590 5481 3717 5556 erat

2057 5566 2276 5617 octavus
2300 5559 2373 5612 ab
2404 5557 2533 5625 ejus
2564 5554 2920 5628 calamitate,
2951 5550 3089 5628 quia
3118 5555 3342 5628 scilicet
3379 5567 3580 5628 mense
3610 5550 3716 5628 Ife-

2059 5628 2296 5687 bruario
2322 5644 2389 5686 ca
2432 5620 2530 5682 tus
2561 5625 2771 5689 fuerat,
2803 5628 2861 5681 et
2907 5620 3342 5699 in'Papicnsem
3373 5622 3584 5687 turrim
3614 5620 3717 5680 de-

2061 5702 2296 5759 ductus.
2321 5643 2428 5759 ubi
2451 5696 2613 5759 hunc
2640 5695 2862 5759 librum
2892 5696 3244 5759 luoubravit.

2061 5702 2296 5777 ductus,
2321 5695 2423 5764 ubi
2451 5696 2613 5762 hunc
2640 5695 2862 5761 librum
2892 5695 3244 5762 lucubravit.
