3906 6364
179 410 293 471 837

1353 406 1758 471 ΕΡΙΞΤΟΙΛΕ
1804 402 1905 465 ΕΤ
1951 402 2423 467 PRIVILEGIA.

3472 410 3590 471 838

183 548 284 599 aut
313 541 586 611 alienare,
614 547 715 599 aut
744 542 999 616 aliquem
1028 545 1432 615 cujuscunque
1455 542 1671 598 servitii
1706 557 1835 596 cen-
1863 538 1917 603 Α
1946 542 2065 592 stra
2097 538 2328 593 dicrcesi
2363 538 2541 593 ullam
2572 541 2680 594 sibi
2714 541 3008 596 vindicare
3036 542 3411 600 decernimus
3441 550 3595 618 pote-

185 647 313 687 sum
347 634 552 686 contra
577 631 686 699 fas,
710 631 797 687 vel
832 633 1156 688 monastico
1180 632 1368 688 ordini
1402 632 1458 685 in
1484 631 1677 702 aliquo
1705 647 1838 684 con-

184 719 427 775 trarium
468 718 699 792 exigere
733 738 746 777 :
780 722 880 777 sed
932 722 1268 794 quicunque
1319 721 1508 776 eidem
1558 718 1835 791 praedicto

188 808 309 863 loco
339 812 395 862 et
433 810 871 883 congregationi
913 810 1100 865 devoti
1143 809 1465 875 existerint,
1498 813 1555 862 et
1596 806 1834 879 aliquod

191 896 533 969 suffragium
584 898 779 966 verbo,
814 903 915 953 aut
944 916 1137 971 opere,
1181 903 1284 954 aut
1329 897 1671 953 substantia:
1718 912 1836 949 suze

191 986 518 1055 crogatione
538 986 913 1056 contulerint,
938 1005 972 1041 a
993 988 1088 1059 pio
1119 991 1552 1042 remuneratore
1571 985 1837 1041 omnium

194 1073 435 1128 Domino
453 1091 719 1146 supernae
738 1075 1160 1129 benedictionis
1180 1079 1235 1130 et
1258 1080 1467 1129 nostra:
1489 1072 1840 1127 humilitatis

192 1162 436 1233 gratiam
462 1161 883 1234 percipiant.Si
907 1164 1040 1234 quis
1064 1168 1259 1217 autem
1293 1164 1471 1232 hujus
1503 1162 1686 1215 nostri
1723 1160 1839 1231 pri-

193 1248 384 1321 vilegii
415 1250 776 1305 sanctionem
798 1257 856 1306 et
878 1252 1409 1306 corroborationeni
1442 1252 1499 1304 in
1535 1251 1730 1321 aliquo
1755 1267 1840 1302 re-

196 1337 418 1409 fragare
436 1338 519 1393 vel
545 1338 829 1410 infregere
849 1340 1173 1406 tentaverit,
1190 1340 1260 1394 ab
1284 1340 1680 1410 omnipotente
1705 1339 1838 1403 Deo,

198 1425 360 1480 Patre
391 1432 449 1481 et
478 1426 623 1481 Filio
667 1432 725 1481 et
764 1427 982 1499 Spiritu
1023 1434 1246 1494 sancto,
1282 1434 1560 1499 perpetua
1599 1426 1841 1481 maledi-

200 1513 387 1569 ctione
418 1514 757 1580 damnatus,
789 1520 846 1571 et
874 1533 909 1571 a
939 1521 1153 1571 sancta:
1196 1516 1464 1571 Ecclesiae
1494 1516 1716 1588 gremio
1748 1533 1843 1570 cx-

200 1600 425 1673 pulsus,
460 1620 595 1658 cum
629 1603 828 1676 impiis
868 1610 927 1659 et
965 1604 1277 1661 homicidis
1320 1605 1583 1660 tradatur
1614 1603 1843 1659 diabolo

197 1691 554 1762 perennibus
574 1691 855 1765 gehennae
877 1693 1163 1750 incendiis
1186 1694 1672 1749 concremandus.
1693 1694 1844 1748 Bene

195 1778 398 1836 valete.

262 1868 633 1942 Rescriptum
666 1887 770 1943 per
794 1887 1037 1927 manum
1062 1871 1345 1943 Stephani
1372 1872 1519 1926 sacri
1553 1869 1843 1927 scriniarii
1878 1904 1924 1969 Β

191 1962 405 2013 sancta:
432 1958 705 2014 Romanis
729 1958 999 2015 Ecclesiae
1030 1960 1090 2015 in
1121 1977 1322 2016 mense
1353 1960 1530 2026 Julio,
1559 1960 1617 2014 in
1641 1975 1842 2014 mense

189 2046 389 2117 quinto
410 2046 535 2120 (leg.
572 2047 787 2104 videtur
815 2049 876 2103 in
907 2065 1108 2105 mense
1140 2066 1179 2117 ι,
1216 2049 1531 2105 indictione
1564 2048 1640 2121 v].

932 2152 1082 2209 VIII.

188 2256 423 2297 JOANNIS
454 2259 616 2298 PAP/E
644 2260 717 2297 XV
740 2259 1110 2298 PRIVILEGIUI
1144 2260 1254 2299 PRO
1285 2260 1547 2298 ECCLESIA
1579 2259 1842 2297 IIAMBUR-

916 2331 1104 2369 GENS].

814 2404 1020 2470 (Anno
1048 2402 1217 2471 989).

394 2490 585 2562 [Apud
618 2490 1017 2563 Lappcnbcrg,
1053 2491 1251 2546 Hamb.
1291 2490 1415 2547 Urk.
1452 2491 1494 2558 Ι,
1526 2491 1637 2557 58.]

260 2578 519 2633 Joannes
551 2578 881 2651 episcopus,
907 2596 1111 2635 servus
1141 2596 1440 2635 servorum
1475 2580 1597 2647 Dei,
1634 2578 1842 2634 dilecto

196 2666 470 2721 confratri
503 2671 704 2722 nostro
732 2667 1050 2736 Lmurzom,
1070 2668 1382 2723 venerabili
1406 2668 1844 2739 archiepiscopo

196 2755 659 2827 Hamburgensis
688 2755 981 2822 Ecclesiae,
1014 2757 1140 2812 suis
1170 2756 1185 2829 ἶ
1195 2757 1295 2829 leg.
1322 2756 1585 2829 suisque]
1619 2773 1844 2813 succes-

195 2844 426 2900 soribus
458 2844 517 2899 in
548 2848 918 2916 perpetuum.

260 2932 544 2988 Convenit
563 2932 881 3004 apostolico
899 2933 1286 2990 moderamini
1311 2935 1409 3007 pia
1429 2933 1707 3007 religione
1729 2932 1847 3004 pol—

194 3017 450 3076 lentibus
468 3019 737 3076 benivola
751 3022 1159 3094 compassione
1177 3039 1517 3078 succurrere
1535 3027 1592 3078 et
1611 3039 1846 3094 poscen-

194 3109 336 3164 tium
368 3109 590 3166 animis
619 3109 796 3165 alacri
828 3111 1134 3167 devotione
1180 3112 1481 3184 impertire
1512 3127 1842 3167 assensum.

195 3197 273 3253 Ex
301 3198 410 3255 hoc
432 3198 595 3254 enim
627 3197 774 3254 lucri
805 3199 1180 3270 potissimum
1205 3200 1511 3272 praemium
1539 3200 1693 3271 apud
1716 3216 1849 3255 con-

193 3286 437 3343 ditorem
472 3287 740 3342 omnium
772 3264 1086 3343 Dominum
1118 3264 1318 3361 procul
1342 3289 1521 3343 dubio
1553 3264 1845 3360 promere-
1876 3264 1920 3332 (ἶ

194 3391 341 3444 mur,
358 3377 507 3431 dum
528 3376 885 3431 venerabilia
906 3375 1033 3432 loca
1052 3378 1124 3432 ad
1153 3378 1453 3432 meliorem
1478 3376 1694 3433 fuerint
1722 3376 1849 3432 sine

193 3463 365 3519 dubio
404 3468 632 3521 statum
686 3466 987 3537 perducta.
1021 3465 1207 3537 Igitur
1249 3467 1389 3536 quia
1439 3464 1782 3538 postulastis
1813 3477 1875 3520 a‘

195 3553 382 3623 nobis,
407 3557 708 3626 quatenus
738 3554 1307 3626 archiepiscopatum
1341 3554 1845 3627 Hammaburgen-

196 3641 275 3696 sis
302 3642 577 3698 Ecclesia:
606 3646 796 3697 totum
829 3642 1124 3715 integrum
1147 3644 1309 3699 vobis
1336 3644 1844 3710 confirmaremus,

195 3729 362 3785 sicuti
391 3747 427 3786 a
458 3731 991 3802 przedecessoribus
1032 3731 1272 3798 nostris,
1304 3732 1571 3787 videlicet
1612 3731 1847 3788 Nicolao

193 3822 248 3873 et
272 3820 547 3892 Agapito,
568 3819 748 3891 hujus
774 3819 1104 3891 apostolicae
1139 3820 1296 3875 sedis
1318 3820 1628 3891 episcopis,
1654 3820 1849 3875 decre-

195 3909 317 3961 tum
346 3911 456 3977 est,
483 3905 749 3961 inclinati
779 3906 1050 3977 precibus
1072 3906 1281 3962 vestris
1312 3907 1634 3979 apostolica
1655 3912 1845 3962 aucto-

194 3993 358 4051 ritate
405 3995 791 4051 concedimus
822 4001 881 4051 et
910 3996 1353 4062 confirmamus,
1387 4012 1521 4051 cum
1572 3995 1848 4051 omnibus

191 4084 545 4155 generaliter
572 4088 750 4156 atque
775 4084 1108 4156 specialiter
1137 4084 1208 4139 ad
1240 4085 1510 4140 eumdem
1543 4085 1848 4157 praefatum

190 4176 448 4229 vestrum
503 4172 1072 4245 archiepiscopatum
1124 4172 1576 4244 pertinentibus,
1629 4172 1851 4228 scilicet

192 4262 387 4318 omnia
417 4279 550 4335 quae
581 4261 760 4317 vestri
803 4266 1203 4317 antecessores
1242 4262 1367 4317 suis
1416 4261 1716 4317 laboribus
1746 4262 1849 4316 ad-

193 4349 543 4421 quisierunt,
576 4349 666 4406 vel
710 4349 886 4405 etiam
928 4366 1126 4406 amore
1180 4355 1405 4405 aeterna)
1455 4349 1653 4422 patriae
1704 4350 1784 4404 ibi
1816 4366 1850 4407 a

194 4435 677 4495 Christicolarum
709 4437 983 4494 ﬁdelibus
1024 4455 1181 4495 nunc
1211 4438 1422 4494 collata
1453 4438 1539 4493 vel
1573 4439 1849 4510 deinceps

195 4531 331 4583 sunt
358 4527 737 4584 conferenda.
763 4530 907 4584 Cum
938 4526 1058 4583 illis
1087 4528 1285 4596 etiam,
1310 4527 1409 4599 qui
1443 4545 1599 4583 nunc
1632 4533 1851 4599 tempo-

1944 631 2185 693 statem;
2220 628 2483 699 quinimo
2526 633 2582 683 et
2616 629 2761 700 ipsis
2791 635 2847 685 et
2876 631 3152 686 omnibus
3185 633 3425 689 omnino
3455 652 3593 692 sua-

1946 716 2153 771 demus
2180 716 2505 772 cultoribus
2528 735 2673 773 verze
2706 718 3025 791 religionis,
3048 724 3113 774 ut
3142 721 3502 793 adjutorium
3535 728 3594 779 et

1946 805 2154 860 solatia
2172 807 2337 861 vobis
2362 806 2417 860 in
2438 806 2713 861 omnibus
2735 807 3467 880 administrent,quatenus
3487 828 3592 883 pro

1945 894 2131 964 gratia
2163 894 2341 965 hujus
2374 894 2636 949 beneficii
2671 894 2904 967 plenam
2928 897 3182 968 recipere
3210 900 3535 954 mercedem
3559 918 3595 955 a
3644 956 3651 963 ,

1950 983 2193 1037 Demino
2236 987 2587 1051 mercantur,
2623 985 2900 1055 quoniam
2939 986 3137 1042 omnia
3168 1004 3294 1059 quae
3336 990 3595 1059 proﬁcua

1949 1071 2216 1125 Ecclesia:
2251 1073 2570 1142 probantur
2617 1072 2861 1128 existere
2892 1079 2948 1128 ct
2979 1074 3191 1130 divinis
3240 1093 3354 1131 non
3401 1076 3595 1148 impn-

1926 1162 2134 1231 ‘gnant
2156 1161 2660 1230 ['n'mccptionilnis,
2676 1162 2982 1217 efficienda
3002 1169 3059 1218 ct
3083 1166 3391 1234 przehenda
3413 1167 3599 1221 omni-

1952 1249 2207 1320 potentis
2238 1249 2335 1302 Dei
2370 1250 2714 1303 auctoritate
2753 1255 2809 1303 et
2851 1252 3151 1306 beatorum
3197 1253 3596 1325 apostolorum

1956 1338 2104 1392 Petri
2136 1343 2191 1392 et
2225 1336 2382 1391 Pauli
2426 1354 2552 1392 esse
2594 1355 2709 1392 non
2749 1339 3112 1393 dubitamus.
3146 1342 3215 1395 Et
3253 1342 3359 1396 hoc
3401 1347 3598 1398 nostro

1952 1428 2183 1480 decreto
2215 1426 2587 1481 decernimus
2628 1428 2952 1481 secundum
2994 1430 3399 1499 prmnominati
3438 1432 3601 1486 bona:

1953 1514 2248 1569 memoriae
2280 1514 2578 1570 Nicolaivet
2606 1515 2833 1587 Agapiti
2868 1532 3028 1587 papa‘
3061 1518 3423 1573 sanctionem
3446 1519 3603 1591 ipsas

1952 1605 2235 1659 dioceses.
2280 1603 2906 1676 Hammaburgensem.
2946 1648 2959 1661 .
2997 1645 3010 1659 .
3048 1646 3062 1659 .
3112 1606 3445 1677 Apostolica
3494 1608 3603 1664 ita-

1954 1709 2066 1764 que
2097 1692 2469 1759 auctoritate,
2492 1691 2995 1748 Halverstadensis
3026 1694 3296 1750 Ecclesm
3327 1700 3385 1751 et
3413 1696 3607 1754 Hilde-

1954 1780 2358 1836 neshemensis
2388 1786 2446 1837 et
2477 1781 3047 1837 Pathrobrunnensis
3068 1787 3126 1837 et
3152 1782 3476 1840 Mindensis
3506 1787 3606 1841 Ec-

1954 1869 2265 1925 clesiarum
2297 1870 2587 1942 episcopis
2615 1868 2859 1940 insuper
2887 1870 3169 1940 jubemus
3199 1875 3371 1943 atque
3402 1889 3601 1929 mone-

1953 1976 2109 2025 mus,
2132 1963 2197 2013 ut
2226 1976 2327 2013 vos
2359 1958 2415 2013 in
2449 1957 2726 2014 omnibus
2767 1958 3061 2029 adjuvent,
3089 1964 3379 2030 quatenus
3409 1977 3601 2017 sacer-

1952 2046 2143 2102 dotale
2177 2046 2571 2102 ministerium
2598 2046 2825 2118 explere
2858 2052 2916 2101 et
2936 2047 3270 2103 animarum
3300 2048 3463 2104 lucra
3490 2050 3601 2105 Do-

1955 2135 2114 2191 mino
2153 2136 2293 2191 Jesu
2324 2134 2555 2190 Christo
2598 2134 2827 2190 facilius
2868 2135 3175 2206 adquirere
3206 2136 3468 2206 valeatis,
3498 2154 3602 2193 vo-

1954 2224 2044 2279 bis
2077 2222 2503 2279 adminiculum
2528 2224 2822 2295 przebeant
2852 2223 2910 2276 in
2941 2225 3237 2280 omnibus.
3261 2224 3354 2281 Sic
3385 2228 3605 2295 tamen,

1956 2319 2017 2367 ut
2049 2330 2168 2379 eos,
2205 2330 2351 2384 quos
2386 2312 2713 2383 adquiratis
2752 2317 2808 2366 et
2847 2329 2994 2384 quos
3036 2312 3299 2370 habeatis
3339 2331 3442 2387 per
3475 2331 3607 2387 gra-

1953 2402 2096 2456 tiam
2129 2401 2343 2456 Christi
2385 2401 2734 2473 adquisitos,
2766 2406 2960 2456 vestro
2997 2407 3444 2475 vestrorumque
3473 2419 3605 2458 suc-

1954 2506 2253 2545 cessorum
2279 2489 2807 2561 archiepiscOpatui
2832 2490 3127 2561 subjectos
3152 2508 3494 2563 permanere
3515 2494 3609 2548 de-

1954 2578 2272 2644 cernimus,
2322 2595 2357 2632 a
2398 2578 2627 2634 Christo
2677 2583 2908 2633 tantum
2958 2580 3246 2651 recepturi
3297 2581 3605 2653 prazmium

1954 2667 2474 2739 remunerationis,
2494 2667 2993 2739 quemadmodum
3017 2667 3348 2724 Christiana
3376 2686 3443 2724 ac
3473 2687 3607 2725 vera

1955 2756 2123 2810 docet
2150 2754 2352 2827 religio
2386 2772 2399 2809 :
2432 2757 2528 2820 Iw,
2560 2753 2739 2811 docete
2766 2772 2950 2810 omnes
2977 2763 3157 2826 gente:
3180 2755 3381 2826 (Matth.
3404 2774 3602 2826 xxvm,

1957 2841 2067 2912 19.)
2103 2841 2302 2911 Itaque
2334 2841 2601 2912 quamvis
2645 2841 2719 2896 ad
2760 2841 3197 2912 praedicandum
3235 2844 3512 2915 gentibus
3544 2844 3605 2899 in

1955 2929 2310 3000 supradictis
2332 2928 2475 2984 locis
2499 2928 2755 3001 episcopi
2787 2929 2907 2984 sint
2931 2931 3252 2986 consecrati
3284 2936 3459 3004 atque
3480 2932 3607 3005 plu-

1956 3036 2047 3075 res
2078 3018 2138 3072 in
2170 3017 2287 3072 illis
2320 3017 2585 3089 partibus
2617 3018 3019 3087 consecrandi,
3051 3023 3251 3074 tamen
3283 3020 3603 3076 formidan-

1956 3109 2098 3163 dum
2129 3111 2219 3161 est
2248 3106 2307 3160 in
2339 3111 2458 3161 tam
2482 3106 2709 3162 novella
2728 3106 3190 3162 Christianitatis
3220 3107 3605 3180 plantatione,

1957 3215 2058 3270 per
2088 3197 2473 3252 barbarorum
2506 3196 2789 3252 saevitiam
2815 3200 2879 3251 ut
2897 3196 3193 3252 intantum
3225 3215 3506 3253 numerus
3537 3215 3607 3254 ex

1956 3286 2041 3341 eis
2073 3286 2391 3353 decrescat,
2410 3286 2562 3356 quod
2588 3284 2823 3340 illorum
2846 3285 3062 3340 auxilio
3090 3303 3463 3358 nequaquam
3492 3288 3608 3358 epi-

1957 3392 2267 3446 scoporum
2291 3374 2481 3446 possit
2503 3374 2627 3429 fieri
2650 3375 3029 3430 consecratio.
3054 3375 3304 3446 Ideoque
3332 3376 3608 3447 praedicta

1957 3468 2196 3532 statuta,
2223 3464 2269 3519 si
2301 3480 2537 3518 necesse
2566 3463 2666 3530 sit,
2695 3464 3038 3519 auctoritate
3069 3464 3388 3535 apostolica
3416 3465 3609 3519 decer-

1957 3552 2155 3607 nimus
2172 3569 2301 3607 esse
2316 3552 2620 3607 servanda.
2635 3551 3014 3606 Decernimus
3036 3551 3607 3619 autem,charissime

1957 3640 2132 3695 fraier
2181 3640 2428 3707 Liavizo,
2470 3643 2536 3693 ut
2585 3643 2935 3710 potestatem
2986 3639 3251 3693 habeatis
3295 3639 3607 3695 ordinandi

1955 3730 2258 3801 episcopos
2290 3727 2441 3782 infra
2469 3732 2725 3782 vestram
2757 3726 3097 3798 parochiam
3126 3732 3184 3782 et
3215 3727 3513 3783 dicecesim
3545 3728 3605 3783 in

1956 3819 2232 3874 omnibus
2253 3816 2609 3888 supradictis
2639 3816 2936 3887 gentibus.
2958 3816 3028 3870 Et
3057 3815 3107 3870 si
3128 3816 3262 3887 quis
3281 3821 3483 3872 contra
3502 3817 3609 3872 hu-

1949 3910 2051 3979 jus
2091 3910 2301 3962 nestrze
2340 3904 2704 3960 auctoritatis
2744 3904 3111 3976 privilegium
3152 3904 3235 3960 ire
3274 3906 3605 3975 tentaverit,

1957 4000 2060 4051 aut
2082 3995 2139 4049 in
2164 4011 2399 4067 quoquo
2423 3993 2595 4049 modo
2628 3993 2686 4047 in
2711 3997 2875 4065 parte
2896 3993 2983 4048 vel
3016 3993 3075 4048 in
3099 3997 3218 4048 toto
3239 3994 3504 4066 frangere
3525 3996 3609 4050 ni-

1957 4101 2060 4140 sus
2092 4084 2286 4151 fuerit,
2313 4083 2389 4137 sit
2412 4082 2954 4137 excommunicatus
2981 4099 3016 4137 a
3034 4098 3272 4154 corpore
3298 4087 3356 4137 et
3383 4082 3607 4139 vivifico

1958 4171 2244 4242 sanguine
2274 4170 2507 4226 Domini
2552 4169 2736 4226 nostri
2768 4170 2909 4226 Jesu
2938 4170 3177 4240 Christi,
3210 4175 3267 4227 et
3311 4188 3344 4227 a
3392 4176 3606 4228 sanctae

1958 4260 2059 4316 Dei
2088 4260 2358 4316 Ecclesiae
2380 4260 2541 4314 aditu
2570 4262 2898 4331 separatus.
2919 4260 3268 4316 Observator
3284 4266 3481 4316 autem
3503 4261 3611 4316 hu-

1950 4350 2052 4421 jus
2073 4353 2286 4404 nostra:
2312 4347 2731 4404 admonitionis
2755 4352 2812 4402 et
2825 4347 3115 4418 jussionis
3137 4347 3349 4404 habeat
3378 4350 3611 4404 benedi-

1957 4438 2209 4494 ctionem
2227 4435 2648 4507 omnipotentis
2670 4434 2793 4503 Dei,
2811 4440 2867 4490 et
2884 4436 3186 4491 beatorum
3206 4435 3606 4508 apostolorum

1959 4527 2107 4583 Petri
2158 4530 2217 4583 et
2266 4524 2451 4591 Pauli,
2481 4528 2538 4580 et
2585 4528 2866 4592 nostram,
2902 4524 3002 4594 qui
3050 4540 3251 4578 eorum
3303 4524 3608 4597 fungimur

197 4614 274 4671 ris
301 4616 374 4671 ad
394 4615 618 4672 Christi
651 4616 913 4672 conversi
946 4620 1087 4672 sunt
1115 4616 1312 4684 fidem,
1336 4614 1605 4672 videlicet
1626 4617 1849 4688 episco-
1880 4627 1929 4693 Ι)
1958 4613 2505 4671 vicariatione.Dato
2530 4611 2710 4684 igitur
2730 4610 3099 4679 vobis,frater
3113 4611 3460 4667 charissime
3483 4613 3609 4669 Lia-

196 4704 283 4774 pis
313 4705 373 4760 in
405 4705 688 4761 omnibus
731 4706 1005 4777 gentibus
1044 4706 1342 4761 Sueonum
1374 4705 1494 4761 sive
1525 4706 1844 4773 Danorum,

198 4808 417 4849 necnon
444 4793 627 4865 etiam
650 4792 710 4848 in
733 4792 849 4848 illis
879 4794 1147 4865 partibus
1168 4792 1527 4860 Sclavorum,
1553 4811 1679 4865 quae
1710 4798 1851 4850 sunt

197 4896 229 4936 a
253 4881 502 4938 ﬂumine
536 4883 685 4937 Pene
705 4898 893 4953 usque
916 4882 990 4937 ad
1013 4882 1253 4937 fluvium
1286 4882 1425 4953 Egid
1437 4899 1515 4949 re,
1541 4883 1623 4937 ita
1654 4888 1719 4938 ut
1739 4883 1851 4938 sub

193 4973 380 5025 vestro
412 4972 865 5041 vestrorumque
896 4985 1325 5038 successorum,
1352 4970 1852 5043 Hammaburgen-

196 5056 275 5111 sis
304 5058 579 5115 Ecclesiae
610 5058 1210 5130 archiepiscoporum,
1242 5063 1517 5113 maneant
1537 5063 1848 5130 potestate,

197 5145 281 5201 vel
301 5147 595 5220 quidquid
618 5146 791 5202 vestri
819 5146 1037 5203 laboris
1060 5146 1604 5215 certamine,divina
1626 5148 1849 5204 favente

199 5236 405 5307 gratia,
442 5237 519 5292 ab
564 5252 758 5291 errore
809 5236 1085 5308 perfidia),
1113 5236 1232 5292 sive
1264 5236 1572 5292 hominum
1612 5237 1733 5293 sive
1764 5237 1849 5293 lo-

197 5338 418 5395 corum,
453 5325 529 5380 ad
580 5324 923 5397 religionem
964 5324 1359 5381 Christianam
1410 5326 1715 5397 adquirere
1746 5343 1847 5397 po-

195 5411 382 5477 testis,
404 5412 577 5469 vobis
604 5412 933 5485 vestrisque
964 5414 1403 5470 successoribus
1433 5414 1851 5486 perpetualiter

194 5502 539 5571 tenendum,
565 5501 983 5558 inviolabiliter
1011 5506 1206 5558 tenere
1237 5519 1564 5558 censemus.
1594 5504 1662 5558 Et
1692 5504 1851 5559 insu-

197 5603 296 5659 per
318 5591 687 5647 decrevimus
710 5596 768 5647 et
789 5591 1111 5658 sancimus,
1137 5590 1365 5647 nullum
1393 5592 1850 5666 archiepiscopo-

198 5694 348 5751 mm,
374 5679 469 5737 vel
498 5679 903 5741 Coloniensem
937 5680 1025 5737 vel
1066 5681 1248 5738 alium
1288 5682 1628 5758 quemlibet,
1664 5685 1722 5741 in
1753 5702 1847 5742 ve-

1956 4705 2100 4772 vizo,
2138 4708 2349 4759 nostrae
2380 4701 2749 4756 auctoritatis
2778 4699 3098 4772 privilegio,
3124 4700 3302 4756 simul
3334 4701 3607 4756 concedi-

1959 4810 2092 4848 mus
2124 4792 2284 4847 vobis
2314 4795 2372 4845 et
2403 4789 2578 4862 pallio
2612 4787 2699 4843 uti
2733 4788 2947 4860 ubique
2981 4788 3243 4844 locorum
3272 4788 3331 4843 in
3360 4793 3607 4861 utraque

1960 4882 2138 4937 Albim
2164 4879 2425 4935 fluminis
2448 4878 2596 4949 ripa,
2610 4876 2847 4932 statutis
2868 4876 3096 4944 diebus,
3112 4876 3265 4932 sicut
3285 4883 3611 4934 antecessoo

1960 4973 2126 5026 ribus
2160 4968 2367 5024 vestris
2397 4966 2580 5022 moris
2610 4970 2754 5020 erat.
2780 4965 3024 5035 Insuper
3055 4966 3329 5022 addimus
3350 4984 3455 5038 pro
3476 4973 3607 5023 voto

1957 5064 2159 5120 vestra:
2185 5056 2548 5129 dignissimae
2573 5055 2894 5128 petitionis,
2916 5054 2973 5108 in
3000 5054 3281 5110 natalitiis
3302 5056 3607 5112 beatorum

1961 5152 2282 5220 martyrum
2316 5144 2636 5214 Laurentii,
2659 5143 2914 5199 Mauritii
2943 5143 3353 5216 sociorumque
3383 5163 3607 5201 eorum-

1958 5239 2113 5305 dem,
2146 5241 2202 5292 ct
2232 5236 2291 5290 in
2325 5233 2575 5306 singulis
2623 5233 3039 5289 festivitatibus
3068 5233 3231 5291 vobis
3279 5236 3607 5291 commissae

1958 5326 2215 5382 ecclesiae
2246 5323 2422 5397 pallio
2447 5340 2547 5378 vos
2570 5322 2755 5377 indui.
2772 5323 2987 5377 Sancta
3007 5322 3264 5379 Trinitas
3285 5324 3608 5380 fraternita-

1958 5422 2076 5472 tem
2098 5420 2351 5471 vestram
2383 5412 2485 5467 diu
2530 5427 2871 5467 conservare
2915 5411 3191 5484 dignetur
3228 5411 3601 5479 incolumem,

1958 5511 2132 5577 atque
2169 5508 2302 5576 post
2339 5502 2519 5573 hujus
2557 5499 2755 5556 saeculi
2787 5500 3241 5556 amaritudinem
3287 5502 3356 5555 ad
3400 5515 3601 5572 perpe-

1958 5599 2121 5652 tuam
2156 5595 2437 5666 perducat
2466 5590 2913 5647 beatitudinem.

2029 5685 2324 5759 Scriptum
2347 5699 2450 5759 per
2470 5697 2713 5739 manum
2739 5681 3020 5759 Stephani
3043 5682 3271 5752 notarii,
3291 5675 3599 5754 regionarii
