3906 6400
296 379 412 442 839
1627 384 1954 446 JOANNIS
2001 383 2105 445 xv
2147 386 2394 449 PAP/E.
3606 398 3743 462 διο

295 518 471 584 atque
503 513 795 569 scriniarii
838 516 987 569 sacri
1022 514 1251 586 palatii,
1283 515 1343 570 in
1377 532 1577 571 mense
1607 515 1953 572 Novembrio
1980 518 2040 585 Α
2061 520 2189 589 jam
2238 521 2457 577 dictam
2503 523 2657 578 viam
2706 525 2778 579 ad
2838 525 3036 597 ipsum
3086 526 3340 583 casalem
3400 530 3473 586 de
3525 531 3738 589 Salva-

294 607 350 657 et
383 601 701 657 indictione
733 618 817 657 ιιι.
2063 615 2187 665 tore
2218 614 2276 665 et
2305 611 2376 665 ad
2422 610 2619 683 ipsum
2658 612 2896 682 collum,
2932 619 2988 670 et
3035 615 3193 672 rodit
3226 616 3299 672 de
3328 617 3511 675 Vinea
3540 620 3732 678 vitula

365 690 514 746 Data
532 707 591 745 γι
623 690 756 745 idus
778 690 1146 757 Novembris,
1169 709 1272 765 per
1294 710 1506 748 manus
1528 692 1808 765 Gregorii,
1834 693 1951 765 epi-
2065 704 2121 754 et
2151 699 2413 770 pervenit
2441 717 2629 773 usque
2661 702 2720 756 in
2754 704 3164 759 summitatem
3201 706 3443 775 montis,
3477 707 3578 780 qui
3605 710 3734 766 ibi-

291 778 452 850 scopi
477 782 689 833 sancta:
718 778 1055 835 Portuensis
1081 780 1371 849 Ecclesia},
1397 798 1548 837 anno
1571 782 1948 853 pontiﬁcatus

290 866 513 923 domini
557 868 823 937 Joannis,
858 868 1222 925 sanctissimi
1266 888 1427 943 papae
1458 889 1523 939 v;
1571 889 1722 926 anno
1755 871 1826 926 ab
1857 870 1945 927 in-

290 957 626 1012 carnatione
648 957 880 1012 Domini
905 958 1089 1014 nostri
1111 959 1250 1015 Jesu
1275 959 1493 1014 Christi
1513 961 1638 1027 988,
1663 959 1720 1014 in
1745 978 1946 1016 mense

290 1046 640 1101 Novembrio
669 1050 727 1101 et
755 1045 1073 1102 indictione
1105 1065 1187 1102 ιιι.

362 1134 611 1194 Pallium
638 1135 801 1190 vobis
851 1135 1253 1206 mittimus,..et
1289 1138 1529 1208 insuper
1566 1139 1942 1193 concedimus

288 1226 400 1280 iste
432 1224 518 1279 vel
569 1224 683 1279 alio
731 1225 1135 1297 cujuscunque
1177 1227 1407 1297 generis
1454 1227 1625 1281 nitidi
1673 1227 1942 1283 candoris

285 1314 451 1369 vobis
483 1314 766 1386 placuerat
796 1332 897 1369 vos
927 1314 1113 1368 indui.
1148 1318 1353 1369 Amen.

1073 1419 1162 1475 1X.

318 1526 559 1566 JOANNIS
589 1526 663 1565 XV
693 1524 1068 1565 PRIVILEGIUM
1102 1524 1214 1563 PRO
1256 1525 1618 1566 MONASTERIO
1650 1527 1699 1567 S.
1737 1528 1902 1568 PETRI

976 1596 1240 1639 RODENSI.

889 1669 1093 1739 (Anno
1140 1667 1325 1739 090?)

355 1758 543 1832 [Apud
576 1756 1492 1832 Cocquelines,Abalienprivileg.
1526 1759 1677 1815 Rom.
1706 1770 1855 1832 pont.

767 1828 936 1901 ampl.
975 1826 1188 1884 Collect.
1223 1826 1266 1897 I,
1296 1830 1421 1884 286.

349 1937 608 1994 Joannes
647 1935 959 2008 episcopus
998 1952 1200 1992 servus
1238 1952 1538 1993 servorum
1580 1938 1681 1994 Dei
1722 1938 1927 1994 HILDE-

278 2042 450 2081 smne
480 2024 751 2097 religioso
791 2023 1062 2097 episcopo
1112 2029 1287 2096 atque
1336 2026 1531 2081 abbati
1579 2027 1926 2083 venerabilis

277 2113 622 2170 monasterii
648 2112 836 2168 sancti
871 2112 1021 2168 Petri
1044 2112 1312 2185 apostoli,
1339 2115 1583 2170 fundato
1605 2116 1662 2170 in
1695 2117 1928 2172 comiia-

275 2207 341 2258 tu
364 2200 770 2269 Petrolatensi,
794 2200 853 2255 in
886 2205 1083 2257 monte
1105 2202 1206 2273 qui
1239 2203 1455 2258 dicitur
1476 2204 1689 2272 Rodas,
1714 2206 1925 2261 subtus

274 2295 535 2347 castrum
565 2289 851 2358 Virdaria,
884 2294 943 2345 et
988 2306 1091 2362 per
1138 2295 1194 2345 te
1247 2291 1307 2346 in
1356 2293 1561 2348 eodem
1607 2294 1924 2349 venerabili

274 2370 1358 2449 monasterio,tuisque'succcssoribus
1381 2381 1693 2437 abbatibus
1716 2382 1774 2437 in
1799 2399 1925 2455 per-

272 2474 540 2540 petuum.

343 2556 631 2624 Quoniam
678 2555 1050 2612 concedenda
1100 2562 1241 2612 sunt
1287 2575 1413 2630 qua:
1470 2558 1920 2617 rationabilibus

270 2643 577 2701 desideriis
606 2643 935 2717 pertingere
965 2650 1311 2714 noscuntur,
1337 2647 1522 2704 nostri
1554 2648 1920 2720 apostolatus

268 2733 588 2790 auctoritas
624 2733 699 2788 ad
729 2734 1119 2789 roborandam
1167 2735 1324 2806 piam
1356 2736 1622 2792 ﬁdelium
1660 2739 1918 2794 devotio-

266 2840 401 2879 nem
432 2822 491 2877 in
522 2822 873 2895 prmstandis
902 2820 1223 2894 privilegiis
1254 2825 1427 2880 debet
1465 2827 1710 2882 minime
1738 2828 1916 2885 abne-

264 2912 412 2984 gari.
436 2911 621 2984 Igitur
639 2908 992 2966 excellentia:
1033 2916 1147 2967 tum
1168 2911 1483 2970 laudabilis
1523 2919 1915 2973 mansuetudo

265 2999 583 3075 postulavit
619 3016 655 3055 a
696 2999 865 3055 nobis
887 3005 1179 3071 quatenus
1218 3002 1538 3075 apostolica
1571 3006 1915 3064 auctoritate

264 3107 368 3161 per
384 3088 493 3144 hoc
511 3086 883 3161 privilegium
894 3090 1347 3147 concederemus
1361 3096 1419 3147 et
1430 3110 1536 3148 con
1545 3093 1915 3153 ﬁrmaremus

264 3176 393 3247 tibi,
417 3177 653 3249 tuisque
684 3178 1146 3245 successoribus,
1178 3176 1239 3232 in
1271 3186 1621 3252 perpetuum
1650 3185 1916 3256 supradi-

2059 788 2193 843 dem
2221 794 2330 857 est,
2365 788 2466 861 qui
2500 794 2741 846 vocatur
2779 790 3059 849 Casralio.
3093 793 3234 850 Inde
3261 810 3399 850 vero
3429 797 3590 853 vadit
3616 816 3734 871 per

2058 875 2249 947 ipsam
2284 893 2512 932 servam
2546 893 2731 950 usque
2771 879 2831 933 in
2876 879 3094 935 collum
3126 881 3199 937 de
3245 881 3629 957 Ermenardo,
3662 892 3731 943 et

2056 966 2318 1036 pervenit
2368 967 2443 1022 ad
2491 968 2714 1022 fontem
2773 967 2891 1023 sive
2934 970 3008 1024 ad
3049 969 3267 1026 collum
3318 972 3391 1027 de
3441 973 3719 1044 Filmera,

2055 1059 2111 1107 et
2133 1054 2267 1110 inde
2299 1056 2372 1109 ad
2404 1055 2619 1110 collum
2653 1058 2840 1112 sancti
2872 1058 3126 1113 Genesii.
3152 1060 3365 1132 Sicque
3395 1064 3727 1119 ascenden-

2054 1143 2148 1210 do,
2174 1148 2231 1198 et
2261 1145 2670 1201 descendendo
2704 1147 2862 1201 vadit
2892 1164 2997 1218 per
3025 1149 3431 1205 summitatem
3468 1153 3538 1206 de
3581 1153 3720 1224 ipsa

2053 1232 2224 1286 Serra
2246 1250 2423 1304 quem
2446 1239 2653 1288 vocant
2674 1234 2879 1302 Calmi,
2895 1241 2953 1290 et
2975 1237 3237 1308 pervenit
3266 1239 3479 1293 subtus
3509 1240 3709 1312 ipsum

2051 1324 2335 1387 castrum,
2361 1338 2535 1391 quem
2568 1328 2776 1377 vocant
2806 1322 2991 1378 Pinna
3021 1323 3207 1399 nigra,
3231 1334 3419 1396 usque
3450 1328 3509 1381 in
3546 1328 3711 1399 ipsas

2048 1408 2268 1476 vineas,
2297 1426 2423 1480 quae
2455 1415 2595 1466 sunt
2621 1412 2691 1466 de
2722 1411 2963 1479 Palatio,
2995 1398 3241 1468 ct‘vadit
3271 1414 3482 1469 subtus
3510 1398 3705 1487 ipsam

2048 1496 2254 1553 silvam
2285 1514 2411 1570 quae
2443 1504 2532 1554 est
2560 1501 2634 1555 ad
2673 1499 2977 1556 meridiem
3019 1502 3232 1559 subtus
3269 1506 3530 1559 castrum
3549 1504 3705 1560 Viri-

2047 1586 2231 1655 daria,
2256 1592 2312 1642 et
2342 1604 2529 1659 usque
2548 1588 2758 1645 subtus
2790 1590 2980 1661 ipsam
3015 1589 3252 1646 recham
3285 1608 3466 1663 quam
3495 1593 3707 1649 dieunt

2046 1675 2285 1744 Fitorio,
2300 1680 2358 1731 et
2377 1676 2644 1733 ascendit
2664 1678 2737 1734 ad
2754 1677 2962 1734 vallem
2983 1678 3055 1733 de
3077 1677 3500 1747 Fulcimannia,
3521 1686 3704 1754 atque

2044 1764 2308 1835 pervenit
2336 1765 2548 1821 subtus
2581 1767 2771 1822 tentes
2802 1767 2873 1822 de
2912 1765 3156 1824 Devolas
3186 1767 3246 1822 in
3276 1766 3423 1825 valle
3451 1769 3524 1825 de
3552 1770 3701 1827 Fru-

2026 1853 2193 1923 ‘jenc.
2229 1853 2369 1910 Inde
2398 1872 2533 1911 vero
2581 1855 2740 1911 vadit
2777 1872 2881 1928 per
2929 1856 3090 1928 ipsas
3144 1856 3352 1913 rocbas
3399 1868 3586 1930 usque
3633 1860 3699 1916 in

2038 1945 2300 1998 montem
2323 1944 2394 1999 de
2426 1943 2670 2012 Inserto,
2696 1948 2752 1999 et
2782 1944 3088 2000 descendit
3114 1961 3149 2001 a
3178 1950 3342 2017 parte
3362 1946 3697 2005 Occidentis

2039 2048 2143 2103 per
2171 2031 2361 2103 ipsam
2382 2032 2538 2113 viam
2567 2033 2866 2113 publicam
2891 2050 3078 2106 usque
3106 2033 3166 2089 in
3198 2034 3458 2113 Bac-bam
3478 2035 3695 2111 Vento-

2037 2128 2185 2179 sam,
2221 2118 2277 2167 et
2305 2112 2367 2168 in
2399 2112 2596 2184 ipsum
2630 2130 2816 2185 usque
2847 2112 3042 2170 locum
3075 2114 3175 2185 qui
3206 2112 3445 2170 vocatur
3470 2114 3692 2173 collum

2034 2200 2105 2255 de
2135 2199 2280 2255 valle
2325 2200 2575 2269 Budica;
2610 2202 2744 2257 inde
2776 2202 3041 2257 ascendit
3070 2202 3128 2257 in
3183 2203 3586 2260 summitatem
3615 2205 3694 2264 de

2034 2288 2163 2360 ipsa
2192 2305 2392 2357 cruce;
2426 2290 2630 2362 sicque
2652 2290 2954 2346 descendit
2975 2308 3160 2363 usque
3190 2288 3247 2346 in
3270 2291 3424 2348 viam
3445 2292 3515 2348 de
3534 2293 3695 2364 jam-

2033 2378 2189 2433 dieta
2217 2395 2389 2435 cruce
2429 2396 2531 2451 per
2578 2381 2769 2451 ipsam
2798 2378 3011 2436 vallem
3059 2397 3245 2453 usque
3283 2380 3343 2436 in
3374 2381 3563 2437 rivum
3612 2385 3691 2440 de

2033 2467 2271 2523 Budica.
2297 2468 2437 2523 Inde
2469 2469 2736 2525 ascendit
2757 2486 2944 2541 usque
2969 2470 3041 2525 ad
3063 2469 3277 2525 collum
3296 2469 3372 2527 de
3392 2472 3685 2541 Terrario,

2029 2562 2086 2613 et
2113 2557 2375 2628 pervenit
2422 2557 2483 2612 in
2532 2557 2943 2614 summitatem
2996 2559 3237 2627 montis,
3269 2574 3447 2631 quem
3478 2560 3689 2617 dicunt

2030 2645 2228 2703 Rocba
2258 2646 2514 2703 Merena.
2548 2646 2768 2702 Deinde
2799 2663 2833 2702 a
2870 2651 3036 2718 parte
3076 2646 3214 2703 circi
3253 2647 3683 2719 descendendo,

2027 2740 2085 2791 et
2102 2736 2472 2792 ascendendo
2487 2735 2748 2807 pervenit
2767 2736 2827 2790 in
2851 2734 3256 2792 summitatem
3274 2736 3345 2792 de
3366 2737 3495 2809 ipsa
3510 2737 3684 2794 Uvab

2027 2824 2124 2881 dia
2155 2823 2520 2892 Maurescha,
2545 2829 2603 2880 et
2633 2825 2824 2897 pergit
2852 2841 2956 2897 per
2984 2841 3281 2880 summam
3311 2825 3545 2882 Serram
3576 2844 3686 2882 us-

2024 2928 2135 2983 que
2167 2912 2227 2968 in
2272 2913 2496 2969 Parada
2526 2913 2595 2968 de
2634 2913 2931 2980 Durande,
2966 2917 3024 2968 et
3061 2913 3325 2985 pervenit
3353 2931 3456 2986 per
3485 2915 3683 2986 ipsam

2024 3002 2258 3057 Serram
2304 3018 2489 3074 usque
2521 3002 2580 3056 in
2614 3000 2934 3056 Reiderictz
2973 3002 3044 3057 de
3082 3006 3288 3058 sancte
3320 3003 3586 3071 Genesio,
3618 3010 3684 3061 et

2023 3089 2287 3146 ascendit
2313 3107 2416 3162 per
2445 3105 2742 3145 summam
2765 3090 2996 3144 Serram
3030 3090 3091 3144 in
3121 3090 3249 3162 ipso
3281 3092 3442 3163 pejo,
3464 3093 3683 3164 quiest

2023 3198 2203 3253 supra
2233 3182 2429 3253 ipsum
2463 3177 2885 3240 Revescalium.
2920 3182 2978 3232 et
3013 3178 3318 3234 descendit
3346 3196 3454 3251 per
3483 3181 3678 3253 ipsam

262 3271 424 3321 ctum
443 3265 867 3321 monasterium
887 3282 1022 3321 cum
1041 3266 1317 3323 omnibus
1334 3270 1460 3326 suis
1480 3252 1913 3343 adjacentiis,et
1939 3252 1984 3321 (ἶ
2022 3252 2254 3326 Serram
2278 3269 2336 3324 in
2347 3268 2696 3341 jamdictam
2715 3266 2948 3321 medam
2968 3283 3095 3337 quae
3112 3270 3203 3321 est
3221 3265 3385 3322 intus
3406 3268 3466 3322 in
3488 3286 3678 3326 mare.

262 3355 655 3429 pertinentiis,
689 3371 825 3410 cum
857 3355 1077 3411 ﬁnibus
1106 3356 1489 3432 terminisque
1519 3359 1665 3417 suis.
1692 3362 1762 3417 Et
1782 3361 1910 3417 ideo

262 3444 384 3499 tuis
413 3443 525 3515 piis
554 3443 861 3499 desideriis
892 3444 1169 3513 faventes,
1203 3452 1406 3515 nostra
1453 3449 1774 3521 apostolica
1802 3468 1913 3506 au-

261 3532 527 3589 ctoritate
558 3532 928 3589 decernimus
975 3533 1172 3605 ipsum
1221 3536 1531 3606 prmfatum
1579 3539 1909 3595 cmnobium

261 3622 448 3679 sancti
483 3621 635 3677 Petri
667 3621 915 3694 apostoli
945 3640 1080 3677 cum
1108 3625 1386 3681 omnibus
1416 3626 1560 3695 suis,
1584 3644 1618 3681 a
1649 3629 1821 3683 modo
1852 3633 1912 3682 et

262 3730 449 3784 usque
480 3711 539 3765 in
565 3711 741 3766 ﬁnem
772 3711 992 3779 sazculi,
1010 3713 1118 3768 sub
1148 3714 1471 3784 patrocinio
1495 3720 1554 3771 et
1573 3716 1911 3772 defensione

262 3805 476 3857 sancta:
507 3801 780 3857 Romanis
801 3803 859 3855 et
888 3799 1221 3872 apostolica:
1246 3803 1452 3859 matris
1481 3803 1748 3860 Ecclesia:
1781 3822 1908 3876 per-

261 3891 443 3963 petim
465 3882 951 3962 permanendum,
977 3894 1041 3945 ut
1062 3891 1172 3946 sub
1193 3891 1441 3947 tuitione
1465 3898 1678 3948 sanctae
1700 3898 1910 3948 nostra:

259 3979 356 4034 cui
388 3979 504 4035 Deo
537 3982 774 4034 auctore
806 3977 1171 4034 descrvimus
1200 3978 1469 4035 Ecclesia:
1499 3981 1909 4049 constitutum,

260 4066 483 4123 nullius
515 4065 893 4139 alteriusjuri
919 4071 977 4122 et
997 4066 1202 4124 ditioni
1234 4068 1640 4136 submittatur,
1667 4069 1779 4125 nisi
1801 4070 1911 4126 sub

260 4162 366 4213 tua
395 4161 753 4227 tuorumque
783 4172 1192 4213 successorum
1221 4156 1280 4212 in
1311 4162 1681 4229 perpetuum.

332 4246 764 4303 Conﬁrmamus
798 4261 1055 4318 namque
1089 4244 1217 4314 tibi,
1246 4249 1304 4302 et
1333 4246 1771 4304 successoribus
1794 4249 1913 4305 tuis

260 4335 604 4409 praedictum
634 4334 1062 4393 monasterium
1092 4350 1227 4391 cum
1249 4333 1341 4390 his
1363 4335 1652 4406 terminis,
1678 4342 1735 4394 et
1757 4338 1914 4410 adja-

260 4423 490 4494 centils,
514 4428 571 4480 et
600 4441 734 4481 cum
767 4424 1045 4482 omnibus
1076 4440 1205 4495 quis
1237 4423 1484 4481 inferius
1515 4426 1910 4498 continentur,

258 4513 318 4570 id
342 4518 450 4583 est,
466 4513 538 4570 ab
561 4512 691 4585 ipsa
719 4518 887 4586 petra
911 4529 1037 4585 qua:
1061 4511 1279 4570 dicitur
1304 4513 1626 4587 Mcda,qua:
1652 4520 1742 4573 est
1763 4517 1916 4574 infra

2022 3361 2163 3417 Item
2197 3358 2349 3413 infra
2377 3358 2485 3413 hos
2524 3354 2804 3411 terminos
2833 3354 3254 3410 confirmamus
3294 3355 3403 3410 tibi
3434 3358 3678 3430 tuisque

2020 3446 2459 3507 successoribus
2478 3442 2785 3500 ecclesiam
2807 3447 3021 3498 sancta:
3039 3442 3243 3499 Crueis
3264 3460 3402 3499 cum
3423 3445 3676 3503 decimis

2019 3544 2077 3597 et
2106 3536 2405 3611 primitiis,
2428 3538 2485 3590 et
2513 3532 2702 3589 sancti
2731 3531 2979 3588 Joannis
3007 3548 3144 3587 cum
3174 3532 3421 3589 decimis
3451 3538 3509 3589 et
3551 3536 3675 3607 pri-

2020 3624 2225 3693 mitiis,
2252 3628 2310 3678 et
2339 3621 2738 3679 oblationibus
2769 3625 2946 3691 atque
2986 3619 3278 3689 alodibus,
3313 3626 3371 3675 et
3400 3622 3681 3679 omnibus

2020 3716 2195 3772 rebus
2220 3713 2291 3768 ad
2326 3713 2486 3785 ipsas
2514 3708 2793 3766 ecclesias
2814 3708 3270 3781 pertinentibus,
3293 3714 3351 3765 et
3368 3709 3680 3767 ecclesiam

2020 3804 2210 3862 sancti
2242 3801 2491 3857 Baudilii
2518 3800 2577 3854 in
2594 3798 2742 3854 valle
2765 3797 3113 3867 Tabellaria,
3138 3803 3197 3855 et
3215 3798 3523 3855 ecclesiam
3548 3817 3684 3857 san-

2021 3894 2097 3950 cti
2128 3890 2435 3965 Stephani,
2453 3906 2580 3961 quae
2602 3894 2692 3944 est
2719 3888 2776 3943 in
2799 3886 2947 3944 valle
2980 3887 3472 3955 Subiradelles,et
3494 3888 3680 3945 eccle-

2022 3982 2171 4040 siam
2193 3980 2380 4037 sancti
2406 3977 2734 4044 Fructuosi,
2750 3982 2807 4033 et
2825 3975 3136 4032 ecclesiam
3158 3976 3346 4033 sancti
3364 3977 3680 4045 Vincentii,

2023 4088 2150 4144 quae
2179 4075 2271 4127 est
2297 4069 2359 4126 in
2380 4066 2518 4123 villa
2548 4066 2843 4123 Lanciano
2866 4082 3001 4122 cum
3022 4066 3267 4122 decimis
3289 4070 3348 4122 et
3376 4065 3684 4139 primitiis,

2022 4168 2080 4218 et
2110 4176 2245 4216 cum
2269 4157 2547 4215 omnibus
2578 4156 2753 4211 rebus
2774 4155 2848 4211 ad
2875 4156 3145 4212 eamdem
3164 4154 3473 4212 ecclesiam
3500 4156 3679 4228 perti-

2023 4248 2322 4315 nentibus,
2348 4251 2407 4302 et
2436 4244 2745 4307 ecclesiam
2775 4242 2966 4300 sancti
2999 4242 3255 4311 Genesii,
3280 4246 3339 4300 et
3368 4242 3679 4301 ecclesiam

2023 4337 2211 4396 sancti
2264 4334 2419 4392 Petri
2459 4350 2592 4389 cum
2646 4332 2774 4405 ipso
2823 4335 3014 4388 castro
3062 4330 3347 4401 Miralias,
3376 4335 3437 4389 et
3479 4331 3677 4404 ipsum

2024 4432 2283 4485 castrum
2314 4422 2583 4480 Virdaria
2611 4437 2746 4477 cum
2780 4421 2906 4493 ipso
2938 4418 3261 4487 castellare,
3294 4424 3353 4477 et
3382 4434 3519 4476 cum
3548 4418 3677 4491 ipso

2026 4515 2263 4581 Pitorio,
2281 4518 2494 4570 etcum
2518 4511 2705 4567 Pinna
2729 4509 2917 4581 nigra,
2947 4525 3083 4564 cum
3104 4508 3381 4565 omnibus
3403 4506 3601 4564 roebis
3621 4512 3681 4563 et

260 4608 494 4675 portum
519 4603 788 4671 Fraxani,
811 4607 867 4658 et
889 4603 1014 4675 ipso
1040 4620 1171 4659 raso
1203 4620 1390 4677 usque
1412 4603 1606 4660 locum
1629 4621 1803 4677 quem
1825 4606 1910 4661 di-
1941 4618 1991 4684 Β
2023 4601 2217 4671 terris,
2239 4605 2299 4656 ct
2341 4598 2524 4667 silvis,
2552 4615 2679 4670 quae
2729 4597 2881 4652 infra
2911 4596 3020 4652 hes
3058 4594 3342 4653 terminos
3384 4600 3546 4664 sunt,
3579 4612 3678 4684 eii-

259 4699 402 4748 cunt
422 4693 566 4747 Tres
598 4693 847 4759 Fratres,
880 4709 916 4747 a
944 4698 1108 4764 parte
1140 4692 1411 4749 videlicet
1440 4693 1694 4751 Orientis
1725 4713 1911 4767 usque

261 4782 320 4836 in
350 4781 611 4836 medium
635 4797 818 4848 mare,
842 4786 1018 4853 atque
1042 4781 1177 4835 inde
1208 4781 1365 4836 vadit
1394 4782 1465 4837 ad
1496 4782 1692 4853 ipsum
1715 4783 1910 4841 locum

260 4886 435 4940 quem
467 4874 677 4924 vocant
707 4869 993 4923 melinum
1026 4869 1097 4923 de
1138 4867 1397 4937 Balasco,
1432 4869 1682 4942 indeque
1714 4890 1911 4944 perve-

261 4958 349 5012 nit
369 4958 441 5013 ad
465 4958 653 5030 ipsam
672 4957 961 5023 Tamariz,
977 4961 1032 5011 et
1057 4956 1189 5009 inde
1210 4957 1399 5027 pergit
1418 4973 1605 5030 usque
1627 4962 1698 5015 ad
1722 4962 1910 5034 ipsam

262 5047 491 5102 Petram
525 5048 744 5111 ﬁctam,
780 5051 836 5099 ct
866 5043 1129 5114 pervenit
1167 5043 1237 5097 ad
1281 5043 1469 5115 ipsam
1511 5049 1810 5105 matellam
1841 5052 1911 5106 de

261 5135 637 5199 Gomesindo,
672 5138 847 5202 atque
879 5131 1013 5183 inde
1046 5132 1310 5187 ascendit
1339 5150 1443 5204 per
1476 5135 1662 5206 ipsam
1693 5143 1909 5194 terram

261 5241 449 5295 usque
481 5224 540 5277 in
573 5222 700 5292 ipse
744 5219 925 5288 ﬁtorio
974 5218 1044 5272 de
1094 5225 1289 5275 mente
1336 5221 1617 5293 Pinnello,
1651 5231 1708 5280 et
1752 5227 1910 5283 vadit

261 5310 629 5367 ascendendo
678 5322 864 5374 usque
923 5305 982 5360 in
1041 5308 1442 5365 summitatem
1496 5312 1683 5385 ipsius
1737 5333 1907 5373 mon-

260 5401 336 5455 tis
405 5396 643 5463 Pinelli,
696 5398 869 5462 atque
927 5395 1332 5453 descendendo
1390 5400 1580 5473 pergit
1650 5420 1752 5475 per
1820 5407 1906 5479 ip-

260 5506 388 5545 sam
420 5488 573 5543 viam
624 5496 813 5549 usque
862 5481 921 5534 in
972 5481 1165 5537 locum
1214 5502 1389 5557 quem
1439 5495 1644 5544 vocant
1696 5494 1907 5551 Sorbe-

259 5576 423 5645 relllo,
456 5578 513 5629 et
545 5567 952 5625 descendendo
986 5571 1244 5639 pervenit
1272 5574 1333 5628 in
1372 5574 1501 5647 ipsa
1531 5576 1715 5648 clusa,
1745 5587 1803 5637 et
1834 5585 1905 5639 ad

260 5666 458 5742 ipsum
499 5655 691 5717 casalc
736 5653 805 5714 de
846 5654 1123 5714 Friulani.
1158 5657 1297 5717 Inde
1333 5680 1467 5722 vero
1508 5668 1769 5737 ascendit
1805 5688 1908 5748 per

2022 4697 2190 4764 cepta
2217 4690 2347 4762 ipsa
2377 4688 2524 4745 silva
2553 4687 2623 4742 de
2644 4692 2849 4743 sancto
2877 4686 3160 4754 Romane,
3185 4684 3340 4740 sicut
3360 4689 3597 4739 resonat
3617 4682 3676 4737 in

2022 4782 2246 4844 charta,
2277 4793 2455 4848 quam
2488 4776 2750 4830 fecerunt
2779 4772 3143 4828 Gauzfrcdus
3184 4787 3401 4839 comes,
3426 4775 3487 4825 et
3518 4768 3678 4824 ﬁlius

2022 4886 2169 4924 suus
2200 4865 2510 4922 Suniarius
2541 4864 2839 4935 quondam
2872 4861 3181 4933 episcopus
3213 4860 3285 4916 ad
3318 4858 3677 4932 jamdictam

2022 4955 2374 5016 cumobium.
2425 4954 2567 5009 Item
2618 4954 3042 5007 conﬁrmamus
3093 4950 3152 5004 in
3203 4954 3550 5022 perpetuum
3601 4946 3676 5001 ad

2021 5047 2217 5119 ipsum
2247 5042 2577 5099 coenobium
2611 5046 2888 5113 stagnum
2933 5040 3005 5094 de
3035 5037 3350 5094 Castilione
3381 5053 3515 5091 cum
3545 5035 3675 5107 ipso

2021 5135 2205 5209 gradu
2225 5134 2296 5189 de
2320 5132 2490 5201 mari,
2504 5136 2716 5187 etcum
2742 5129 2889 5202 ipsis
2918 5126 3148 5196 insulis,
3168 5127 3324 5181 sicut
3343 5130 3581 5180 resonat
3608 5125 3673 5179 in

2020 5227 2304 5298 praecepto
2319 5220 2592 5278 Ludovici
2607 5218 2908 5291 regis,sive
2920 5219 2979 5272 in
2992 5217 3400 5287 charta,quam
3413 5214 3679 5269 fecerunt

2019 5312 2379 5372 Gauzl‘rcdus
2411 5325 2607 5366 comes
2639 5312 3019 5376 memoratus,
3052 5310 3111 5361 et
3146 5303 3455 5360 Suniarius
3484 5320 3675 5374 quon-

2019 5406 2155 5461 dam
2179 5402 2488 5474 episcopus
2509 5399 2581 5454 ad
2605 5396 3026 5453 monasterium
3049 5394 3675 5467 praedictum,etquano

2019 5500 2145 5550 tum
2169 5491 2343 5547 habet
2361 5490 2559 5562 ipsum
2580 5485 3002 5543 monasterium
3025 5484 3085 5539 in
3096 5482 3236 5541 villa
3246 5480 3674 5548 Castilione,vel

2018 5583 2171 5638 infra
2188 5581 2317 5652 ejus
2339 5577 2642 5645 terminos,
2656 5581 2713 5632 et
2735 5576 2797 5631 in
2818 5574 2956 5631 villa
2977 5570 3246 5630 Palacioli
3269 5586 3446 5643 quem
3466 5575 3675 5627 vocant

2018 5672 2380 5745 Fertianum,
2408 5674 2465 5728 et
2504 5669 2563 5726 in
2601 5666 2799 5727 villam
2833 5664 3170 5725 Fortianum
3201 5660 3583 5738 superiorem,
3616 5665 3675 5721 et
