3900 6412
187 442 319 504 845

1390 450 1796 510 EPISTOLZE
1839 446 1941 509 ET
1987 448 2459 516 PRIVILEGIA.

3516 455 3633 520 846

187 577 342 634 Jesu
359 577 833 645 Christi,ctcum
855 579 1348 652 omnibusimpiis
1371 580 1869 636 mternoinccndio
1898 581 1955 648 Α
1985 582 2319 654 Dominum,
2353 585 2451 659 qui
2501 587 2646 642 dixit
2683 605 2692 641 :
2731 589 2839 658 Qui
2896 605 2983 644 ros
3036 591 3248 661 recipit,
3300 604 3387 646 me
3443 589 3638 661 recipit

187 667 644 739 deputatum,et
657 667 902 740 insuper
914 668 985 724 ad
999 685 1229 741 pcnnam
1243 668 1369 723 vitm
1385 669 1685 741 prmscutis
1709 669 1864 740 lega-

189 755 312 810 lem
340 754 818 828 compositurum
839 755 964 812 auri
987 756 1289 829 purissimi
1318 757 1419 812 lib.
1445 757 1509 812 10
1536 757 1608 812 ad
1640 757 1862 830 episco-

186 861 362 916 pum,
386 843 570 916 quiin
588 846 794 902 eodem
816 845 1132 902 venerabili
1163 845 1456 918 episcopio
1479 864 1582 918 per
1601 851 1866 919 tempora

185 933 591 990 fuerit.Porro
622 934 724 1006 qui
753 940 954 990 custos
1002 937 1056 990 ét
1109 936 1446 990 observator
1488 937 1545 990 in
1588 935 1866 993 omnibus

185 1021 373 1077 fuerit
407 1021 753 1094 hujusmodi
786 1023 968 1078 nostri
1010 1023 1310 1095 apostolici
1355 1024 1637 1096 priviicgii
1689 1025 1862 1080 bene-

183 1110 477 1166 dictionis
508 1111 780 1184 gratiam,
816 1113 1113 1184 vitamque
1144 1117 1441 1178 aiternam,
1470 1130 1503 1168 a
1534 1113 1861 1168 miscricor-

185 1199 539 1256 diosissimo
571 1199 818 1256 Domino
853 1207 1054 1257 nostro
1087 1201 1366 1273 consequi
1403 1208 1715 1257 mercatur.

259 1289 569 1360 Scriptum
603 1307 706 1362 per
736 1306 946 1344 manus
968 1291 1248 1361 Stephani
1273 1291 1564 1346 scriniarii
1589 1293 1736 1346 sacri
1766 1310 1864 1364 pa-

185 1377 314 1432 latii
361 1377 426 1432 in
461 1395 662 1434 mense
689 1378 887 1446 Junio,
922 1383 977 1434 et
1025 1380 1227 1435 indict.
1254 1381 1673 1452 suprascripta.
1710 1381 1861 1435 Bene

182 1466 403 1522 valeto.
436 1467 567 1523 Dat.
600 1485 680 1523 vn
711 1467 837 1524 Kal.
869 1467 1011 1523 Julii
1036 1485 1138 1542 per
1167 1485 1381 1524 manus
1423 1469 1670 1524 Joannis
1700 1469 1864 1541 epis-

184 1555 320 1630 e0pi
382 1555 689 1629 Nepesina:
737 1555 1027 1622 Ecclesia),
1063 1561 1120 1612 et
1167 1555 1594 1613 bibliothecarii
1645 1561 1859 1613 sancta:

184 1644 350 1701 sedis
382 1643 740 1717 apostolicae,
776 1662 930 1702 anno
971 1645 1350 1718 pontiﬁcatus
1400 1645 1621 1702 domini
1675 1645 1860 1702 nostri

183 1733 361 1790 Joan.
398 1738 588 1790 sanet.
630 1733 727 1790 XV
769 1751 931 1808 papa:
971 1751 1072 1802 vn,
1107 1739 1162 1789 et
1213 1734 1335 1791 ind.
1379 1734 1779 1808 suprascripta
1802 1752 1854 1790 v.

184 1821 581 1879 Decernimus
623 1839 782 1895 ergo,
815 1829 925 1879 etc.
962 1824 1018 1880 Si
1073 1840 1187 1895 qua
1237 1823 1434 1896 igitur,
1471 1831 1578 1879 etc.
1615 1824 1857 1879 Cunctis

185 1916 412 1978 autem,
450 1915 562 1966 etc.
596 1913 801 1966 Amen.

184 2105 511 2146 CONCILIUM
554 2106 846 2146 ROMANUM
879 2106 986 2144 PRO
1026 2106 1474 2146 CANONIZATIONE
1506 2109 1553 2146 S.
1591 2109 1853 2148 UD.\LRICI

719 2193 1042 2234 AUGUSTANI
1086 2196 1340 2235 EPISCOPI

563 2267 907 2324 Celebratum
937 2284 1081 2322 anno
1112 2268 1333 2322 Domini
1361 2268 1486 2323 093.

358 2357 556 2430 (Apud
590 2357 799 2424 Mansi,
833 2358 995 2415 Cone.
1033 2363 1172 2412 tom.
1198 2357 1342 2424 XIX,
1376 2374 1507 2430 pag.
1548 2359 1692 2426 160.)

250 2444 518 2501 Joannes
550 2445 1094 2518 episcopus,servus
1118 2462 1421 2501 servorum
1445 2446 1854 2512 Dei,omnibus

183 2533 668 2607 archiepiscopis,
702 2533 1014 2607 episcopis,
1039 2538 1095 2590 et
1127 2535 1464 2601 abbatibus,
1499 2535 1558 2590 in
1590 2534 1777 2590 Gallia
1797 2540 1854 2590 et

181 2621 505 2679 Germania
535 2623 1065 2688 commorantibus,
1099 2623 1350 2679 salutem
1385 2623 1442 2678 in
1491 2623 1736 2679 Domino
1788 2640 1854 2679 ac

195 2709 584 2782 apostolicam
615 2711 1103 2768 benedictionem.

253 2798 403 2854 Cum
427 2803 756 2856 conventus
777 2803 933 2856 esset
954 2799 1141 2856 factus
1163 2799 1222 2856 in
1245 2799 1460 2872 palatio
1476 2801 1853 2857 Lateranensi

193 2887 378 2958 pridie
411 2886 708 2945 Kalendas
731 2887 1050 2956 Februarii,
1084 2887 1374 2945 residente
1413 2888 1638 2946 Joanne
1681 2905 1851 2945 sanc-

183 2974 415 3032 tissime
447 2993 605 3050 papa
635 2992 770 3032 cum
803 2976 1096 3048 episcopis
1122 2980 1178 3032 et
1209 2977 1586 3050 presbyteris,
1609 2977 1852 3033 astanti-

184 3062 292 3119 bus
306 3064 362 3119 di
370 3065 663 3122 aconihus
682 3069 739 3122 et
755 3070 964 3122 cuncto
986 3064 1420 3139 clero,surgens
1441 3066 1854 3123 revcrcndissi-

186 3167 316 3209 mus
342 3151 702 3226 Luitolphus
722 3156 997 3229 Augustae
1020 3155 1332 3226 episcopus
1354 3154 1545 3226 inquit
1569 3171 1582 3208 :
1606 3155 1851 3211 Domine

187 3241 562 3298 sanctissime
595 3242 829 3315 prmsul,
857 3243 905 3300 si
931 3243 1098 3299 vobis
1129 3242 1321 3316 placet
1353 3248 1409 3299 et
1431 3244 1709 3299 omnibus
1736 3243 1853 3316 epi-

1974 672 2177 739 (Matth.
2199 674 2284 746 x);
2319 691 2383 730 ac
2417 675 2659 748 proinde
2683 694 2788 733 nos
2812 677 2911 750 qui
2932 676 3208 733 ﬁduciam
3232 677 3632 750 nostraajusti-

1973 759 2062 814 tia‘
2098 779 2210 817 non
2245 765 2550 831 habemus,
2573 764 2807 822 illorum
2844 765 3113 839 precibus
3144 769 3200 823 et
3221 765 3452 824 meritis
3472 768 3632 840 apud

1973 847 2500 907 clementissimum
2533 854 2714 909 Deum
2742 854 2966 927 jugiter
2986 853 3511 928 adjuvemnr,quia
3539 853 3632 910 di-

1972 937 2106 993 vina
2138 939 2527 996 salulwrrima
2560 948 2936 1016 prmcepta,et
2961 946 3296 999 sanctorum
3333 958 3628 1000 canonum

1975 1042 2038 1080 ac
2065 1028 2484 1084 vcnm‘abilium
2521 1031 2756 1085 Patrum
2793 1031 3091 1087 instabant
3114 1033 3426 1088 efﬁcacitsr
3449 1033 3629 1088 docu-

1974 1121 2172 1170 menta
2201 1118 2462 1172 omnium
2493 1119 2866 1174 ecclesiarum
2896 1123 2991 1192 pio
3015 1121 3502 1178 considerationis
3532 1121 3630 1178 in-

1971 1199 2144 1271 tuitu,
2171 1203 2286 1259 imo
2321 1207 2622 1278 apostoiici
2671 1210 3092 1266 moderaminis
3140 1210 3376 1278 annisu,
3409 1209 3632 1266 utilita-

1975 1297 2098 1346 tum
2132 1297 2538 1350 commoditatr
2557 1314 2631 1361 m,
2657 1301 2830 1369 atque.
2862 1298 3158 1352 ﬁrmitatis
3182 1300 3456 1370 perﬁcere
3480 1299 3628 1354 inte-

1971 1381 2574 1454 gritatem,quatonus
2608 1386 2888 1439 memoria
2940 1385 3193 1440 Udalrici
3235 1387 3361 1457 jam
3404 1387 3630 1458 praefati

1971 1468 2317 1542 venerabilis
2349 1470 2604 1542 episcopi
2639 1470 2832 1527 divino
2865 1471 3051 1528 cultui
3083 1473 3277 1528 dicata
3310 1474 3540 1541 existat,
3574 1479 3631 1529 et

1969 1554 2029 1610 in
2061 1541 2336 1614 laudibus
2375 1541 2476 1616 Dei
2522 1559 2896 1617 devotissime
2945 1560 3349 1634 persolvendis
3398 1578 3634 1636 semper

1968 1643 2156 1699 valeat
2201 1646 2500 1718 proﬁcere.
2550 1647 2609 1704 Si
2654 1649 2788 1721 quis
2836 1648 3078 1718 interea,
3112 1649 3270 1722 quod
3329 1667 3446 1707 non
3507 1665 3634 1707 cre-

1968 1732 2186 1801 dimus,
2222 1735 2531 1792 temerario
2582 1753 2730 1793 ausu
2781 1743 2985 1794 contra
3017 1753 3084 1794 ea
3114 1755 3242 1812 quis
3274 1738 3384 1795 hac
3430 1742 3633 1797 nostra

1968 1822 2314 1878 auctoritate
2363 1825 2458 1896 pie
2518 1843 2582 1880 ao
2629 1826 2878 1882 ﬁrmiter
2925 1843 3028 1898 per
3086 1826 3195 1882 hoc
3253 1825 3628 1901 privilegium

1968 1910 2286 1966 constituta
2317 1918 2477 1981 sunt,
2510 1915 2802 1970 contraire
2851 1915 3181 1980 tentaverit,
3213 1913 3302 1970 vel
3345 1913 3465 1970 hinc
3497 1931 3627 1988 quae

1969 2015 2002 2052 a
2031 2000 2198 2056 nobis
2231 2001 2290 2056 in
2317 2000 2552 2058 laudem
2583 2002 2704 2069 Dei,
2741 2007 2796 2058 et
2827 2020 2929 2076 pro
2963 2003 3283 2060 reverentia
3303 2003 3431 2074 jam
3478 2003 3626 2060 dicti

1967 2087 2223 2161 episcopi
2263 2095 2487 2146 statuta
2534 2095 2674 2146 sunt
2723 2091 3024 2164 refragari,
3051 2095 3152 2148 aut
3210 2091 3270 2148 in
3323 2107 3623 2164 quoquam

1967 2178 2314 2248 transgredi,
2350 2179 2497 2234 sciat
2547 2197 2607 2236 se
2657 2181 3002 2236 auctoritate
3045 2180 3108 2235 B.
3144 2180 3296 2235 Petri
3338 2179 3624 2252 principis

1967 2266 2386 2339 apostolorum,
2439 2270 2609 2340 cujus
2668 2268 2754 2323 vel
2816 2269 3094 2324 immeriti
3149 2267 3306 2324 vices
3367 2269 3621 2341 agimus,

1965 2355 2360 2412 anathematis
2420 2357 2654 2413 vinculo
2705 2358 3074 2413 innodatum.
3109 2359 3180 2414 At
3222 2373 3357 2414 vero
3391 2357 3492 2430 qui
3525 2357 3622 2431 pio

1966 2443 2180 2498 intuitu
2213 2444 2549 2502 observator
2580 2446 2888 2508 exstiterit.
2912 2445 3337 2502 benedictionis
3368 2447 3620 2519 gratiam

1965 2548 2000 2586 a
2027 2531 2579 2592 misericordissima
2610 2535 2860 2591 Domino
2891 2534 3007 2590 Deo
3033 2538 3233 2591 nostro
3275 2533 3623 2608 multiplici-

1964 2623 2054 2675 ter
2081 2627 2496 2694 consequatur,
2513 2628 2567 2679 et
2587 2627 2814 2680 aeternae
2833 2622 2960 2678 vitae
2993 2621 3286 2696 particeps
3304 2622 3616 2680 efﬁciatur.

1964 2707 2262 2780 Scriptum
2295 2715 2384 2766 est
2411 2728 2515 2783 per
2544 2728 2789 2767 manum
2822 2709 3103 2783 Stephani
3126 2710 3335 2767 notarii
3359 2710 3624 2784 regiona-

1963 2797 2032 2852 rii
2063 2802 2121 2852 ot
2149 2798 2436 2856 scriniarii
2471 2803 2684 2856 sancta:
2716 2799 2990 2854 Romanae
3019 2796 3385 2866 Ecclesiaﬁn
3417 2812 3622 2856 mense

1963 2885 2300 2957 Februario,
2321 2886 2640 2943 indictione
2671 2903 2751 2950 vr,
2782 2903 2934 2942 anno
2959 2887 3404 2959 nongentesimo
3435 2902 3613 2944 nona-

1961 2975 2184 3047 gesimo
2215 2975 2409 3032 tertio.

2539 3081 3042 3122 SUBSCRIPTIONBS.

2032 3154 2148 3225 Ego
2179 3153 2434 3210 Joannes
2463 3159 2676 3210 sancta:
2699 3154 2976 3211 Romanae
2995 3151 3292 3210 catholicae
3314 3157 3374 3210 et
3393 3157 3622 3228 aposto-

1959 3241 2082 3296 lica:
2113 3242 2382 3298 Ecclesiae
2413 3243 2727 3316 episcopus
2755 3241 2894 3298 huic
2919 3243 3152 3300 decreto
3184 3259 3216 3298 a
3260 3241 3430 3299 nobis
3479 3259 3616 3315 pro-

185 3330 372 3402 scopis
389 3337 448 3388 et
471 3331 839 3404 presbyteris
862 3331 956 3387 hic
979 3332 1393 3400 residentibus,
1411 3331 1651 3388 libellus
1672 3350 1845 3406 quem
1877 3317 1922 3385 C
1961 3329 2225 3403 mulgato
2248 3331 2520 3388 consensi
2553 3335 2612 3388 et
2641 3331 2990 3404 subscripsi.

185 3433 294 3490 pra
325 3420 611 3476 manibus
642 3419 851 3489 habeo,
888 3437 1084 3476 coram
1119 3420 1284 3476 vobis
1315 3419 1562 3493 legatur,
1599 3421 1669 3476 de
1714 3421 1849 3478 Vita

186 3511 240 3562 et
258 3508 568 3566 miraculis
592 3508 946 3565 venerabilis
968 3508 1244 3574 Udalrici,
1261 3515 1474 3565 sanctaa
1495 3511 1846 3582 Augustanae

187 3593 452 3653 Ecclesia:
500 3597 730 3653 dudum
789 3597 1070 3670 episcopi,
1105 3603 1162 3652 et
1209 3597 1349 3670 quid
1398 3597 1634 3654 libitum
1683 3598 1847 3654 vobis

189 3681 384 3758 fuerit,
401 3687 776 3743 decernatur.
797 3687 944 3754 Quia
959 3687 1210 3758 Spiritus
1228 3686 1414 3742 sancti
1433 3691 1682 3743 testatur
1703 3704 1846 3758 prm-

191 3773 374 3830 sentia
395 3781 454 3832 et
489 3775 866 3849 congregatio
889 3775 1282 3842 sacerdotum,
1298 3779 1522 3831 certum
1545 3792 1671 3832 esse
1693 3775 1848 3848 quod

191 3858 618 3938 legimus,quia
635 3880 742 3921 nec
763 3868 954 3935 potest
983 3864 1198 3919 veritas
1230 3867 1433 3922 nostra
1464 3863 1718 3932 mentiri,
1743 3881 1850 3920 cu-

183 3948 280 4018 jus
311 3951 370 4007 in
400 3952 719 4026 Evangelio
753 3953 866 4008 ista
887 3957 974 4009 est
1002 3953 1295 4010 sententia
1324 3969 1336 4006 :
1366 3952 1468 4011 Ubi
1493 3952 1600 4010 duo
1628 3954 1708 4008 vel
1744 3961 1849 4009 tres

187 4045 494 4114 congregati
539 4043 752 4114 fuerint
797 4044 858 4098 in
904 4043 1126 4098 nomine
1154 4058 1293 4112 meo,
1320 4041 1400 4099 ibi
1437 4051 1489 4098 ct
1513 4059 1606 4114 ego
1636 4059 1758 4098 sum
1788 4044 1850 4098 in

188 4127 358 4185 medio
402 4147 600 4190 eorum
647 4130 852 4204 (Matth.
884 4131 1065 4206 xvm).
1101 4131 1262 4198 Quod
1310 4147 1445 4188 cum
1495 4131 1577 4186 ita
1622 4131 1718 4199 sit,
1744 4149 1849 4188 nec

191 4211 322 4272 huic
369 4222 497 4277 tam
549 4219 706 4276 brevi
768 4235 1014 4276 numero
1063 4219 1322 4290 Spiritus
1371 4225 1612 4276 sanctus
1662 4221 1848 4288 deest,

193 4311 405 4373 quanto
423 4308 620 4382 magis
641 4322 777 4365 eum
796 4325 954 4366 nunc
976 4309 1257 4364 interesse
1275 4308 1849 4382 credamus,quando

194 4389 251 4447 in
270 4409 454 4452 unum
477 4396 752 4456 convenit
786 4397 961 4454 turba
987 4401 1350 4465 sanctorum,
1375 4403 1647 4454 sanctum
1683 4415 1848 4454 nam-

196 4494 301 4551 que
329 4488 416 4541 est
446 4501 555 4559 pro
586 4485 784 4542 debita
814 4486 1186 4543 veneratione
1214 4484 1549 4558 collegium.

261 4569 524 4648 Cumque
556 4575 812 4646 perfecta
839 4580 993 4632 esset
1021 4574 1156 4630 Vita
1200 4574 1460 4647 prazdicti
1492 4575 1851 4633 sanctissimi

2027 3419 2284 3476 Joannes
2335 3419 2646 3492 episcopus
2677 3420 2736 3476 S.
2769 3419 3091 3492 Anagninis
3135 3418 3288 3476 Eccl.
3323 3417 3617 3478 consensi.

2030 3507 2378 3563 Benedictus
2411 3509 2590 3580 episc.
2621 3507 2680 3562 S.
2716 3507 3089 3578 Pipernensis
3135 3507 3289 3564 Eccl.
3320 3507 3614 3566 consensi.

2029 3595 2370 3651 Dominicus
2402 3595 2580 3668 episc.
2605 3595 2664 3650 S.
2687 3596 3005 3652 Ferentinae
3029 3595 3296 3652 Ecclesia:
3319 3595 3614 3654 consensi.

2029 3683 2396 3740 Crescentius
2425 3683 2735 3755 episcopus
2769 3688 2982 3738 sancta:
3007 3683 3486 3739 Silvae-Candida:
3508 3683 3616 3741 Ec-

1957 3771 2144 3828 clesiae
2176 3772 2468 3828 consensi.

2027 3859 2246 3917 Anniso
2272 3859 2582 3932 episcopus
2613 3861 2672 3915 S.
2707 3859 2976 3916 Cerensis
3017 3859 3284 3915 Ecclesia:
3317 3860 3614 3919 consensi.

2031 3949 2241 4006 Bonizo
2300 3948 2768 4022 archipresbyter
2821 3955 2877 4004 et
2927 3947 3242 4006 cardinalis
3299 3949 3357 4004 S.
3423 3949 3613 4005 Lucis:

1960 4038 2248 4096 consensi.

2030 4127 2382 4184 Benedictus
2427 4128 2731 4200 presbyter
2768 4133 2823 4184 et
2868 4127 3185 4184 cardinalis
3241 4127 3300 4184 S.
3326 4124 3616 4200 Stephani

1958 4215 2252 4272 consensi.

2033 4307 2144 4362 Leo
2177 4307 2478 4380 presbyter
2506 4311 2562 4360 et
2593 4305 2910 4362 cardinalis
2935 4307 2992 4362 S.
3019 4305 3187 4364 Nerei
3215 4305 3508 4362 consensi.

2029 4394 2287 4450 Joannes
2318 4393 2576 4466 presbyt.
2611 4397 2667 4448 et
2693 4393 2916 4449 cardiu.
2953 4393 3013 4448 S.
3046 4391 3286 4450 Damasi
3319 4390 3615 4449 consensi.

2032 4484 2144 4538 Leo
2175 4482 2480 4556 presbyter
2503 4486 2560 4536 et
2591 4479 2908 4536 cardinalis
2941 4479 3000 4536 S.
3034 4479 3179 4536 Sixti
3211 4478 3504 4535 consensi.

2029 4572 2285 4629 Joannes
2315 4570 2620 4642 presbyter
2646 4574 2702 4624 et
2745 4567 3062 4640 cardinalis
3087 4565 3618 4639 SS.Apostolorum

198 4658 468 4735 episcopi,
501 4668 744 4720 ventum
776 4670 865 4721 est
893 4665 965 4720 ad
1000 4663 1286 4720 miracula
1316 4680 1444 4735 quin
1489 4665 1608 4721 sive
1631 4664 1689 4720 in
1721 4683 1851 4720 cor—
1882 4689 1930 4756 D
1959 4660 2250 4720 consensi.

197 4751 483 4814 pore,sive
515 4756 678 4808 extra
709 4769 922 4826 corpus
951 4758 1115 4825 gesta
1161 4756 1301 4823 sunt
1325 4769 1339 4808 :
1365 4751 1635 4809 videlicet
1673 4771 1853 4810 caecos

199 4829 580 4908 illuminasse,
623 4841 918 4898 daemones
966 4842 1040 4897 ab
1090 4840 1349 4897 obsessis
1394 4842 1654 4912 corporis
1705 4839 1855 4899 eil'u-

201 4933 380 4994 gassc,
424 4928 778 5002 paralyticos
825 4946 1084 4996 curasse,
1133 4935 1191 4984 et
1247 4931 1686 5002 quamplurima
1739 4931 1854 4988 alia

203 5008 362 5082 signa
377 5018 787 5092 gessisse,quae
811 5035 1186 5092 nequaquam
1205 5017 1429 5074 calamo
1451 5024 1506 5076 et
1529 5024 1852 5076 atramento

203 5095 489 5164 illustrata
517 5112 678 5164 sunt.

269 5189 398 5254 Quae
423 5196 626 5252 omnia
655 5196 851 5272 lepida
873 5199 1020 5255 satis
1052 5198 1384 5254 urbanitate
1407 5198 1659 5270 expolita
1689 5216 1852 5255 rece-

203 5272 411 5350 Pimus,
427 5289 486 5340 et
517 5286 817 5342 communi
837 5286 1084 5344 consilio
1108 5287 1492 5354 decrevimus,
1509 5287 1852 5342 memoriam

206 5361 380 5438 tllius,
402 5371 464 5428 id
494 5379 585 5431 est
614 5375 804 5432 sancti
837 5375 1090 5432 Udalrici
1127 5375 1407 5448 episc0pi,
1433 5375 1643 5431 atl‘ectu
1666 5376 1855 5448 piissi-

207 5457 624 5522 mo,devotione
647 5463 1404 5522 fidelissimavoncrandam
1433 5481 1444 5519 :
1470 5465 1747 5536 quoniam
1771 5465 1854 5522 sic

209 5539 514 5608 adoramus
542 5556 599 5608 et
630 5552 882 5610 colimus
906 5551 1188 5625 reliquias
1211 5558 1533 5626 martyrum
1557 5559 1614 5610 et
1634 5555 1854 5611 confes-

210 5641 421 5704 sorum,
455 5646 520 5696 ut
547 5658 683 5698 eum
715 5644 886 5715 cujus
919 5648 1205 5716 martyres
1235 5646 1291 5698 et
1323 5642 1684 5700 confessorcs
1717 5648 1858 5700 sunt

212 5717 532 5805 adoremus,
547 5729 909 5791 honoramus
939 5735 1239 5804 servos,ut
1266 5731 1456 5793 honor
1485 5732 1771 5795 redundet
1793 5734 1854 5796 in

2032 4751 2288 4806 Joannes
2319 4747 2623 4820 presbyter
2653 4751 2706 4802 et
2739 4745 3056 4802 cardinalis
3091 4745 3170 4802 SS
3225 4746 3486 4813 Quatuor
3505 4743 3622 4800 Co-

1965 4843 2301 4896 ronatorum
2324 4835 2615 4892 consensi.

2033 4926 2289 4982 Joannes
2305 4922 2498 4994 presb.
2525 4925 2580 4977 et
2609 4923 2765 4978 card.
2801 4923 2859 4976 S.
2881 4922 3198 4980 Clementis
3214 4921 3509 4980 consensi.

2035 5011 2400 5070 Crescentins
2431 5011 2626 5084 presb.
2661 5015 2718 5066 et
2748 5012 2906 5066 card.
2941 5011 2999 5067 S.
3021 5011 3221 5069 Calisti
3247 5011 3540 5068 consensi.

2034 5101 2382 5158 Benedictus
2411 5099 2882 5156 archidiaconus.

2031 5192 2288 5248 Joannes
2315 5189 2597 5244 diaconus
2626 5193 2684 5244 et
2713 5187 3156 5246 oblationarius.

2034 5279 2384 5336 Benedictus
2413 5277 2718 5334 diaconus.

2033 5371 2288 5426 Joannes
2319 5367 2625 5423 diaconus.

2036 5460 2104 5516 Hi
2137 5473 2340 5514 omnes
2372 5460 2796 5521 consenserunt
2826 5461 2883 5512 et
2907 5457 3409 5530 subscripserunt.

2036 5549 2182 5605 Data
2211 5547 2381 5602 tertio
2414 5544 2703 5601 Kalendas
2730 5549 2960 5616 (nonas)
2989 5545 3288 5602 Februarii
3333 5559 3438 5616 per
3481 5557 3619 5600 ma-

1965 5655 2109 5696 num
2140 5634 2384 5694 Joannis
2409 5634 2665 5707 episcopi
2700 5640 2912 5690 sanctae
2944 5634 3244 5706 Nepesina
3267 5629 3622 5698 Ecclesia,“

1963 5723 2390 5796 bibliothecarii
2419 5728 2636 5788 sancta:
2684 5725 2843 5784 sedis
2894 5722 3246 5801 apostolicae,
3277 5733 3430 5780 anno
3464 5731 3622 5798 pons-
