3900 6364
145 460 250 533 849

1305 465 1349 523 Ε
1362 462 1702 526 ΡῙΞἸὊΙΑΕ
1746 463 1848 525 ΕΤ
1892 465 2336 526 PRIVILEGIA
2349 510 2361 523 .

3424 463 3541 527 850

138 587 258 665 stoli
277 611 327 663 et
346 600 916 677 evangelistzc.cujus
940 596 1405 656 sacratissimum
1426 614 1637 669 corpus
1651 614 1776 670 pos:
1805 604 1858 670 Α
1891 598 2007 655 fato
2042 599 2394 654 monasterio
2422 597 2699 654 ditionem
2723 597 3047 671 quamlibet
3065 595 3280 655 habere
3303 597 3391 655 vel
3412 614 3549 658 auc'

139 696 341 761 sid‘etis,
358 699 533 767 atque
553 692 718 748 vobis
739 691 1065 761 vestrisque
1083 687 1522 744 successoribus
1546 704 1775 742 conces-

137 806 254 849 sum
273 792 371 843 est.
389 786 527 841 Post
551 782 878 838 discessum
903 779 1195 850 siquidem
1222 782 1387 832 tuum
1409 793 1773 831 successores

137 881 211 937 tui
234 874 561 951 perveniant
588 872 659 928 ad
687 868 1069 943 apostolicam
1100 868 1319 931 sedem,
1340 870 1395 919 et
1416 882 1587 919 usum
1615 864 1772 936 pallii

137 965 731 1034 consecrationemque
756 956 1122 1015 deeretalitcr
1142 955 1548 1027 suseipiant,et
1571 952 1618 1007 si
1643 970 1772 1008 suc-

139 1075 372 1115 cessorcs
401 1052 584 1110 nostri
614 1065 951 1106 consecrare
975 1044 1289 1108 noluerint,
1308 1043 1541 1097 licentia
1565 1042 1769 1095 sitves-

138 1154 226 1206 trie
241 1142 714 1203 satirtzcecclcsiee
740 1139 810 1195 ab
838 1136 1126 1209 episcopis:
1152 1134 1365 1189 nostris
1390 1132 1775 1203 suil‘roganeis

138 1237 467 1303 consecrari,
504 1240 558 1290 et
591 1250 705 1288 non
737 1230 988 1284 habeant
1022 1227 1366 1297 potestatem
1410 1238 1776 1277 successores

139 1331 302 1385 nostri
320 1332 368 1383 in
389 1319 837 1381 cunctisvestris
851 1316 1041 1389 episeo
1052 1332 1117 1385 pa
1130 1314 1459 1383 tibus,quos
1471 1311 1633 1365 vobis
1648 1311 1779 1364 sub-

130 1423 397 1493 jecerunt,
415 1414 688 1483 deinceps
707 1411 761 1463 in
788 1412 1134 1479 perpetuum
1158 1401 1411 1473 aliquem
1434 1400 1775 1471 episcopum
1810 1414 1825 1421 ν

138 1489 800 1574 consecrare,quodjam
819 1494 983 1549 vobis
1006 1507 1349 1547 concessum
1385 1493 1487 1543 est.
1521 1489 1774 1553 Quicun-

138 1596 237 1675 que
268 1602 461 1653 autem
483 1594 631 1648 hanc
668 1590 873 1643 nostrae
900 1581 1337 1639 concessionem
1370 1576 1775 1651 prmeeptionis

135 1664 331 1747 violare
351 1678 810 1758 praesumpserit,
829 1678 1107 1747 perpetuo
1133 1666 1525 1725 anathematis
1544 1664 1775 1719 vinculo

136 1756 417 1852 religetur,
447 1777 502 1829 et
532 1772 651 1825 ha-c
686 1773 885 1822 nostra
919 1776 1216 1817 coneessxo
1253 1756 1480 1813 stabilis
1522 1762 1576 1808 et
1608 1756 1778 1809 ﬁrma

133 1871 189 1927 in
219 1844 560 1941 perpetuum
596 1859 847 1912 maneat.
869 1851 1094 1922 Scripta
1115 1866 1215 1920 per
1247 1862 1459 1900 manus
1484 1844 1777 1899 Benedicti

134 1934 332 2016 notarii
351 1960 406 2011 et
436 1945 721 2008 scriniarii
748 1947 959 1999 sanctam
989 1940 1259 1993 Romana:
1279 1934 1775 2003 Ecclesiie,mense
1806 1976 1854 2039 Β

134 2046 333 2113 Martii,
354 2042 486 2099 ind.
514 2050 614 2093 vn.
650 2037 797 2090 Bene
821 2031 1022 2085 valete.

194 2108 397 2194 Datum
449 2133 650 2186 octavo
709 2116 1038 2190 Kal.April.
1073 2132 1175 2187 per
1221 2129 1461 2168 manum
1515 2108 1774 2182 Gregorii

135 2223 374 2300 episcopi
405 2222 468 2277 S.
497 2211 833 2273 Portuensis
862 2205 1221 2272 Ecclesiie,et
1259 2200 1683 2257 biblioihecarii
1715 2199 1773 2254 S.

134 2290 277 2374 sedis
317 2290 671 2385 apostolicae,
722 2314 895 2363 anno,
931 2296 1043 2351 Deo
1094 2291 1362 2365 propitio,
1402 2290 1777 2362 pontiﬁcatus

134 2407 195 2464 D.
224 2379 465 2461 Joannis
496 2394 591 2452 XV
620 2408 780 2463 papae
812 2390 864 2452 8,
902 2400 1099 2440 mense
1134 2381 1359 2445 Martio,
1386 2379 1506 2433 ind.
1532 2396 1630 2433 vn.

898 2473 1011 2529 XV.

197 2594 431 2650 JOANms
476 2598 637 2641 PAPJE
675 2596 745 2633 xv
788 2587 1163 2630 PRIVILEGIUM
1204 2584 1314 2624 Pao
1348 2583 1707 2622 MONASTERIO

797 2677 1095 2719 FULDENSI.

762 2756 949 2821 (Anno
988 2747 1137 2815 995.)

327 2853 604 2929 iDronke,
633 2844 758 2900 Cod.
790 2841 1013 2912 diplom.
1050 2835 1229 2900 Fuld.,
1266 2832 1581 2929 pag-£339.}

198 2922 451 3006 Joannes
480 2940 811 3011 episcopus,
847 2944 1047 2985 servus
1080 2940 1379 2980 servorum
1411 2922 1533 2989 Dei,
1559 2922 1777 2976 charis-

136 3041 273 3097 simo
304 3034 482 3090 nobis
516 3009 588 3082 in
634 3022 863 3079 Christo
912 3016 1027 3070 tilio
1067 3016 1299 3077 Arroxi,
1335 3010 1577 3065 coenobii
1630 3009 1779 3065 sacri

137 3124 433 3186 Fuldcnsis
459 3110 846 3187 religiossimo
870 3112 920 3161 et
950 3122 979 3159 a
1006 3102 1171 3157 nobis
1215 3104 1550 3155 consecrato
1584 3099 1779 3154 abbati

136 3222 187 3274 et
206 3231 413 3289 pervos
426 3204 658 3266 cunctis
680 3195 989 3255 abbatibus
1005 3189 1559 3259 successoribusque
1576 3187 1781 3242 vestris

136 3276 386 3362 inllaude
415 3305 471 3355 et
503 3292 605 3351 Dei
651 3285 882 3343 servitio
928 3281 1145 3335 ibidem
1192 3277 1674 3350 permanantibus
1721 3276 1780 3330 in

138 3397 473 3468 perpetuum
486 3428 498 3439 .

202 3454 572 3539 Desiderium
595 3466 753 3541 quod
776 3464 848 3521 ad
873 3458 1235 3533 propositum
1260 3462 1471 3512 sanctae
1494 3454 1790 3525 religionis

141 3574 591 3635 sanctorumque
620 3558 880 3612 locorum
902 3548 1280 3604 stabilitatem
1312 3544 1600 3617 pertinere
1631 3560 1793 3598 mon-

138 3666 372 3725 stratur,
406 3634 537 3711 sine
570 3648 767 3717 aliqua
795 3636 1252 3697 contradictione
1282 3638 1371 3689 est
1411 3634 1525 3688 Deo
1558 3636 1792 3687 auctore

138 3722 583 3821 perficiendum.
610 3740 676 3791 ut
707 3749 776 3787 ex
806 3730 913 3784 hoc
944 3726 1105 3796 vigor
1127 3722 1425 3795 religionis
1455 3726 1667 3776 sanctae
1701 3738 1790 3775 ro-

137 3809 466 3899 boretur,et
496 3825 717 3883 eisdem
752 3815 971 3876 sanctis
1005 3813 1150 3869 locis
1170 3811 1330 3867 salus
1351 3816 1407 3866 et
1438 3809 1792 3866 indemnitas

140 3897 439 3988 solidetur,
456 3915 628 3974 nobis
644 3924 879 3983 quoque
900 3906 1129 3960 lucrum
1153 3900 1529 3973 potissimum
1552 3916 1585 3955 a
1603 3897 1796 3953 condi-

137 4020 255 4071 tore
283 3986 556 4069 omnium
591 4003 707 4058 Deo
739 3998 797 4052 in
831 3995 1026 4067 regnis
1076 3989 1412 4046 coelestibus
1444 3986 1792 4042 ascribatur.

140 4104 317 4177 Igitur
346 4098 489 4171 quia
510 4110 612 4167 per
638 4078 1250 4177 interventumdomni
1268 4074 1799 4177 Dttonisneiccell'en:

138 4162 349 4248 tissimi
369 4162 542 4258 regis
573 4176 875 4246 nostrique
908 4167 1232 4243 spiritualis
1263 4165 1367 4220 ﬁlii
1398 4170 1453 4221 et
1493 4164 1670 4220 futuri
1696 4162 1797 4219 Dei

142 4281 325 4355 gratia
353 4252 732 4348 imperatoris
768 4272 823 4320 et
858 4267 1070 4317 sancite
1104 4259 1376 4312 Romanae
1399 4252 1665 4309 Ecclesiae
1700 4253 1795 4307 de-

144 4340 386 4426 Fensoris
410 4340 647 4438 pissimi
669 4362 986 4423 votumque
1021 4346 1297 4420 piissimze
1321 4344 1456 4399 avia:
1482 4360 1599 4397 sua:
1620 4340 1801 4396 Adal-

141 4458 323 4515 beidaa
354 4430 750 4525 iinperatrieis
764 4444 1037 4514 Augustae.
1061 4435 1403 4493 solvendum
1426 4432 1596 4487 Ilatto
1620 4430 1802 4484 abbas

143 4564 175 4602 a
201 4546 372 4603 nobis
396 4517 737 4615 postulavit,
754 4527 1200 4603 quatenus,jam
1226 4523 1448 4577 dictum
1475 4517 1802 4574 venerabile

142 4606 569 4691 monasterium
587 4623 742 4697 quod
763 4620 901 4676 olim
918 4635 950 4671 a
970 4619 1181 4671 sanctae
1202 4608 1494 4666 memoriae
1510 4606 1803 4662 Bonifacio

144 4720 587 4794 archiepiscopo
605 4696 690 4769 ad
721 4710 1001 4765 honorem
1036 4701 1133 4758 Dei
1167 4704 1224 4756 et
1261 4696 1460 4754 domni
1508 4696 1688 4751 nostri
1739 4710 1804 4751 ac
1835 4708 1881 4773 D

145 4784 464 4868 Salvatoris
494 4784 555 4860 in
589 4802 713 4857 loco
744 4797 843 4870 qui
865 4798 1102 4850 vocatur
1134 4788 1385 4846 Boconia
1432 4802 1570 4857 erga
1618 4784 1804 4855 ripam

145 4899 412 4956 ﬂuminis
444 4893 604 4966 quod
636 4890 852 4945 dicitur
875 4883 1059 4942 Fulda
1078 4880 1481 4966 constructum
1509 4879 1617 4938 est,
1643 4872 1813 4945 privi-

144 4988 278 5062 legii
309 4964 567 5042 summa:
601 4977 755 5034 sedis
789 4970 1118 5047 apostolicae
1150 4964 1355 5021 infulis
1386 4964 1722 5027 decoretur;
1756 4964 1812 5014 et

146 5050 297 5134 sicut
320 5092 427 5149 per
448 5064 811 5127 sanctissimi
840 5077 1000 5135 papm
1023 5054 1309 5113 Zacharize
1333 5050 1807 5108 constitutionem

147 5144 956 5232 aliorumquevenerabilium
974 5147 1462 5220 praedecessorum
1477 5144 1674 5195 nostro
1683 5154 1812 5193 rum

147 5227 504 5325 pontiﬁcum
529 5248 818 5318 przecepta
836 5238 1041 5296 ditioni
1067 5237 1280 5291 sancta:
1314 5235 1549 5293 nostrae,
1571 5227 1665 5283 cui
1697 5228 1812 5282 Deo

149 5315 386 5396 auctore
416 5315 806 5395 deservimus,
843 5326 1116 5384 Ecclesia;
1166 5319 1543 5393 suppositum
1595 5319 1702 5383 est,
1734 5315 1817 5369 ita

150 5427 457 5502 perpetuis
480 5420 845 5494 temporibus
868 5415 1193 5489 perseveret
1221 5413 1279 5464 et
1304 5405 1523 5502 nullius
1553 5418 1816 5502 unqpam

149 5492 396 5573 alterius
414 5492 688 5570 Ecclesiae
703 5502 1222 5582 jurisdictionibus
1248 5493 1650 5554 summitatur.
1675 5492 1821 5557 Qua-

152 5611 391 5679 pr0pter
406 5600 527 5674 piis
537 5579 843 5655 desideriis
857 5595 1112 5651 faventes
1135 5588 1243 5642 hac
1263 5590 1463 5640 nostra
1476 5579 1821 5679 auctoritate

151 5668 206 5749 id
230 5668 387 5766 q‘uod
407 5668 756 5761 exposcitur
776 5686 952 5755 digno
975 5677 1203 5736 effectui
1228 5674 1657 5743 mancipamus,
1674 5668 1824 5722 ideo-

154 5758 267 5856 que
297 5758 548 5839 omnem
569 5774 881 5849 cujuslibet
912 5768 1179 5829 Ecclesia:
1203 5763 1565 5821 sacerdotem
1590 5758 1649 5815 in
1681 5774 1823 5831 prac-

1816 3339 1858 3406 C

1886 688 2176 743 toritatem
2201 696 2407 760 praeter
2428 689 2625 743 sedem
2650 688 3032 760 apostolicam
3056 686 3437 760 prohibemus
3460 688 3542 745 ita

1885 784 1947 831 ut
1982 777 2092 831 nisi
2127 780 2197 831 ab
2232 779 2439 832 abbate
2475 777 2810 832 monasterii
2856 779 2981 847 jam
3032 776 3316 831 nominati
3364 777 3541 831 fuerit

1886 866 2161 920 invitatus
2181 883 2366 937 neque
2387 868 2702 921 missarum
2720 865 3003 921 solemnia
3022 864 3233 937 aliquis
3249 865 3539 922 celebrare

1885 960 2201 1027 prmsumat
2249 955 2607 1019 omnimodo,
2645 962 2707 1009 ut.
2760 956 3013 1026 proiecto
3051 954 3223 1023 juxta
3266 954 3323 1006 id
3379 956 3534 1025 quod

1885 1045 2215 1115 subjectum
2250 1045 2579 1115 apostifdiece
2615 1044 2736 1099 scdi
2770 1046 3043 1099 firmitate
3077 1042 3358 1115 piivllegii
3402 1060 3538 1099 cou-

1887 1134 2039 1187 sistit
2061 1134 2402 1187 inconcusse
2426 1135 2580 1188 omni
2610 1138 2866 1205 tempore
2894 1134 3154 1187 dotatum
3178 1138 3536 1204 permaneat,

1889 1221 2029 1277 locis
2052 1228 2107 1277 et
2130 1223 2303 1276 rebus
2327 1222 2733 1277 universaliter
2753 1227 2867 1276 tam
2891 1224 2972 1277 eis
2997 1238 3122 1292 qua:
3149 1240 3174 1274 ο
3202 1220 3539 1290 primordiis

1888 1312 1997 1365 sibi
2022 1311 2315 1365 vindicare
2336 1312 2505 1365 debet
2528 1311 2613 1365 vel
2643 1328 2765 1381 quin
2791 1312 3067 1363 moderno
3096 1314 3355 1380 tempore
3384 1313 3539 1364 tenet

1887 1404 1942 1455 et
1973 1400 2231 1472 possidet
2267 1416 2444 1471 quam
2478 1402 2533 1453 et
2564 1400 2647 1453 eis
2680 1416 2804 1470 qua:
2839 1398 3053 1452 futuris
3084 1398 3450 1467 temporibus
3482 1396 3541 1451 in

1878 1489 1981 1558 jus
2000 1489 2185 1560 ipsius
2210 1489 2355 1543 sacri
2379 1488 2713 1543 monasterii
2738 1488 2931 1543 divina
2954 1486 3316 1559 providentia
3336 1502 3545 1555 augere

1887 1593 1954 1631 ex
2001 1577 2172 1631 donis
2240 1582 2295 1631 et
2354 1576 2667 1632 oblationis
2729 1575 3089 1646 deeimisque
3150 1574 3545 1645 quorumlibet

1886 1664 2097 1719 Christi
2120 1665 2382 1720 fidelium
2404 1664 2904 1736 voluerit,absque
2930 1664 3109 1719 ullius
3133 1680 3393 1735 personte
3418 1678 3547 1717 con-

1888 1754 2232 1808 tradictione
2267 1755 2540 1809 ﬁrmitate
2565 1758 2839 1825 perpetua
2868 1753 3203 1823 perfruatur
3232 1766 3242 1803 :
3268 1757 3321 1806 et
3356 1751 3542 1806 isdem

1891 1842 2197 1897 Fuldensis
2228 1843 2410 1897 abbas
2442 1847 2575 1896 ante
2607 1841 2749 1896 alios
2786 1841 3023 1895 abbates
3048 1838 3243 1894 Gallia]
3272 1855 3369 1892 seu
3405 1838 3541 1891 Ger-

1891 1932 2097 1984 mania:
2122 1931 2439 2001 primatum
2465 1930 2704 1985 sedendi
2728 1931 2785 1984 in
2812 1928 2969 1983 omni
2990 1927 3113 1983 loco
3137 1932 3542 1997 conventuque

1891 2024 2089 2073 nostra
2118 2018 2436 2089 apostolica
2486 2019 2826 2073 auctoritate
2857 2017 3116 2071 obtineat
3151 2033 3163 2068 ;
3199 2015 3542 2083 adjicientes

1887 2124 1988 2180 pro
2039 2124 2235 2162 amore
2284 2107 2541 2179 prmdicti
2589 2106 2742 2177 regis
2793 2105 3019 2160 Ottonis
3076 2102 3402 2174 spiritualis
3434 2101 3538 2155 filii

1886 2197 2069 2251 nostri
2112 2199 2237 2266 jam
2289 2196 2442 2251 dicto
2483 2196 2715 2250 llattoni
2768 2193 2988 2258 abbati,
3026 2198 3089 2246 ut
3133 2192 3192 2245 in
3226 2192 3543 2245 missarum

1888 2286 2189 2341 solemniis
2222 2285 2535 2340 dalmatica
2559 2288 2613 2339 et
2637 2282 2920 2338 sandaliis
2942 2297 3075 2335 cum
3101 2286 3300 2335 nostra
3323 2282 3548 2349 aposto-

1887 2373 2009 2429 lica:
2042 2374 2405 2429 auctoritatis
2434 2373 2668 2428 licentia
2690 2376 2911 2426 utatur.
2954 2368 3383 2423 Constituimus
3443 2383 3547 2438 per

1887 2463 2068 2535 hujus
2082 2464 2263 2518 nostri
2280 2463 2492 2518 decreti
2514 2460 2789 2533 paginam
2805 2456 3549 2530 utquicunquecujuslibet

1887 2552 2156 2608 Ecclesiae
2210 2550 2425 2623 prrosul
2466 2551 2551 2605 vel
2600 2566 2951 2621 quacunque
2993 2546 3275 2618 dignitate
3307 2545 3550 2617 praedita

1889 2656 2141 2712 persona
2159 2641 2314 2695 hunc
2339 2640 2520 2695 nostri
2546 2636 2830 2710 privilegii
2850 2642 3109 2690 tenorem
3135 2650 3309 2705 quem
3343 2638 3544 2688 aucto-

1890 2729 2063 2784 ritate
2093 2729 2570 2782 beatissimorum
2601 2724 2999 2797 apostolorum
3052 2722 3335 2794 principis
3376 2721 3546 2791 cujus

1887 2818 2010 2871 vicc
2034 2817 2286 2871 fruimur
2309 2816 2729 2869 conﬁrmamus
2759 2817 2815 2867 et
2847 2812 3313 2874 corroboramus,
3331 2807 3546 2862 violare

1890 2911 1946 2960 et
1976 2903 2308 2976 transgredi
2333 2902 2658 2967 tentaverit,
2685 2900 2999 2957 anathema
3017 2898 3092 2954 sit
3115 2902 3171 2952 et
3193 2898 3342 2952 iram
3366 2894 3546 2951 omni-

1891 2994 2140 3066 potentis
2173 2993 2271 3049 Dei
2306 2994 2613 3047 incurrens
2648 3008 2677 3045 a
2710 2990 3002 3044 consortio
3026 2985 3289 3043 omnium
3323 2987 3551 3041 sancto-

1891 3099 2021 3137 rum
2055 3083 2282 3137 alicnus
2315 3081 2523 3137 existat
2555 3085 2607 3135 et
2644 3078 3026 3134 nihilominus
3059 3074 3283 3147 prmfati
3313 3090 3547 3129 monas-

1893 3171 2021 3227 terii
2054 3171 2312 3243 dignitas
2343 3168 2616 3224 inviolata
2646 3163 3331 3239 permaneat‘apostolica
3360 3163 3552 3217 aucto-

1894 3262 2060 3316 ritate
2095 3260 2364 3314 subnixa.

1970 3350 2266 3420 Scriptum
2302 3366 2402 3419 per
2432 3362 2673 3402 manum
2701 3344 2928 3416 Georgii
2952 3340 3239 3397 scriniarii
3264 3344 3319 3395 et
3340 3337 3550 3395 notarii

1900 3442 2113 3494 sanctas
2149 3438 2421 3492 Romanaa
2460 3434 2751 3500 Ecclesia,
2788 3429 2847 3488 in
2880 3447 3080 3488 mense
3126 3428 3415 3499 Octobrio,
3449 3443 3551 3483 VIII

1901 3527 2057 3582 Idus.
2093 3526 2242 3580 Bene
2273 3523 2481 3579 valete.

1972 3615 2187 3670 Datum
2240 3631 2280 3667 ιι
2328 3610 2837 3683 Kal._Novembres
2881 3624 2983 3678 per
3032 3619 3272 3659 manum
3304 3600 3552 3657 Jaannis

1902 3703 2157 3775 episcopi
2191 3705 2404 3757 sanetae
2434 3697 2782 3755 Albanensis
2814 3693 3080 3750 Ecclesiae
3103 3697 3157 3747 et
3180 3689 3555 3746 bibliotheca-

1903 3792 1973 3847 rii
2006 3796 2218 3847 sanctae
2252 3788 2406 3845 sedis
2435 3785 2766 3859 apostolica:
2798 3800 2997 3840 mense
3027 3779 3298 3838 Octobrio
3350 3778 3441 3833 die
3462 3778 3553 3843 31,

1904 3880 2220 3937 indictione
2249 3895 2370 3933 vm.

1904 4075 2139 4114 JOANNIS
2179 4074 2250 4112 XV
2290 4072 2450 4111 ΡΑΡΞ
2498 4069 2763 4109 EPISTOLA
2818 4069 2887 4108 AD
2949 4065 3265 4106 ARNULFCM
3307 4060 3560 4102 COMITEM

2596 4161 2661 4199 ET
2698 4159 2880 4199 ALIOS.

2508 4236 2692 4300 (Anno
2722 4230 2964 4299 991-90.)

2022 4326 2080 4381 ιί
2110 4326 2435 4379 monasterio
2465 4325 2642 4378 sancti
2673 4321 2919 4375 Rieharii
2958 4332 3078 4388 qua:
3116 4315 3458 4370 abstulerunt

2586 4395 2891 4448 restituant.

1982 4504 2237 4559 Jonxxas
2260 4501 2588 4573 episcopus,
2607 4514 2807 4553 servus
2826 4508 3124 4552 servorum
3147 4490 3268 4554 Dei,
3287 4490 3561 4543 ARNULFO

1914 4592 2448 4658 comiti,BALDUINO
2490 4585 2685 4643 comiti
2719 4600 2853 4640 cum
2902 4586 3086 4636 matre
3118 4575 3563 4642 sua,Gosaanro

1913 4678 2449 4748 vicecomiti,atque
2473 4677 2737 4739 lumnae,
2760 4667 3159 4727 dilectissimis
3179 4665 3316 4719 filiis
3346 4662 3566 4719 nostris

1917 4762 2762 4840 spiritualibus,omnimodam
2795 4757 3063 4823 salutem,
3097 4758 3153 4809 et
3184 4748 3566 4825 apostolicam

1917 4854 2405 4912 benedictionem.

1992 4944 2295 4999 Monemus
2312 4959 2412 4995 vos
2434 4959 2464 4995 a
2486 4940 2677 5012 pravis
2699 4936 2973 5009 operibus
3006 4932 3289 4996 recedere,
3316 4932 3372 4984 et
3404 4924 3571 4984 bonis

1921 5033 2194 5105 operibus
2213 5032 2523 5095 adhzerere,
2541 5032 2831 5101 quatenus
2848 5023 2948 5080 Dei
2966 5017 3388 5092 omnipotentis
3405 5014 3574 5071 mise-

1923 5122 2231 5178 ricordiam
2255 5118 2531 5189 consequi
2564 5114 2929 5179 mereamini,
2951 5116 3008 5167 et
3027 5109 3208 5165 vitam
3232 5107 3573 5180 perpetuam

1922 5211 2221 5283 acquirere
2262 5207 2525 5263 valeatis.
2561 5206 2942 5275 Quapropter,
2959 5196 3315 5263 charissimi,
3332 5191 3572 5249 manda-

1926 5278 2059 5357 mus
2075 5298 2238 5354 vobis
2260 5302 2326 5352 ut
2346 5312 2582 5351 omnem
2610 5292 3225 5359 luereditatem,quam
3247 5278 3577 5342 abstulistis

1927 5407 1994 5445 ex
2020 5385 2371 5444 monasterio
2390 5385 2448 5440 S.
2476 5381 2729 5439 Ricbarii
2752 5376 3243 5445 confessoris,pro
3265 5371 3367 5427 Dei
3384 5366 3576 5426 omni—

1928 5478 2183 5551 potentis
2214 5492 2410 5531 amore
2442 5472 2681 5529 reddere
2711 5466 3054 5540 procuretis.
3088 5463 3235 5519 Nam
3287 5460 3336 5515 si
3390 5452 3576 5511 reddi-

1930 5547 2156 5634 deritis,
2190 5563 2481 5620 habebitis
2512 5558 2977 5615 benedictionem
3012 5550 3201 5609 sancti
3225 5547 3377 5609 Petri
3402 5548 3457 5599 et
3477 5556 3578 5634 no-

1934 5664 2145 5722 stram;
2182 5656 2229 5709 si
2249 5658 2444 5707 autem
2472 5646 2892 5705 monitionibus
2917 5641 3131 5697 nostris
3153 5653 3267 5693 non
3306 5626 3579 5689 obaudie-

1936 5748 2083 5813 ritis,
2110 5761 2179 5800 ex
2232 5741 2577 5798 auctoritate
2622 5737 2722 5793 Dei
2773 5726 3190 5801 omnipotentis
3247 5726 3304 5776 et
3362 5719 3577 5775 nostra,
