3900 6400
155 451 285 514 853

1519 456 1883 519 GUIDONIS
1928 454 2267 521 CHARTA.

3476 460 3595 523 εει

1326 789 1887 878 GUIDONIS
1947 791 2463 882 STATUTA

981 995 1080 1057 Ad
1102 1015 1305 1076 pacem
1339 998 1493 1056 inter
1529 995 1893 1056 Christianos
1923 998 2356 1060 conciliandam
2378 1002 2785 1083 promulgata.

1394 1158 1555 1229 (Gali.
1592 1157 1788 1212 Christ.
1824 1159 2062 1225 tom.-ll,
2094 1161 2383 1232 Append.)

1704 1319 2075 1331 m-

231 1447 298 1503 In
331 1445 579 1502 nomine
610 1446 708 1501 Dei
745 1462 989 1501 summae
1036 1452 1087 1499 et
1147 1445 1456 1499 individua:
1490 1445 1812 1500 Trinitatis.
1850 1446 1903 1512 Α
1935 1462 2038 1519 per
2070 1464 2244 1501 suum
2292 1449 2641 1503 sorsfactum
2675 1449 3097 1523 lforsfactum];
3132 1456 3189 1507 et
3221 1452 3277 1505 in
3312 1453 3583 1509 eumdem

159 1541 352 1604 WIDO,
379 1536 485 1591 Dei
520 1536 708 1607 gratia
736 1535 1065 1591 Aniciensis
1099 1533 1333 1606 praesul,
1361 1551 1623 1606 supernae
1648 1536 1824 1605 pieta-

158 1627 233 1681 tis
252 1624 731 1681 misericordiam
750 1624 1505 1696 exspectantibus,salutem
1524 1627 1578 1678 et
1596 1639 1816 1696 pacem.

226 1716 455 1771 Notum
490 1731 619 1769 esse
649 1712 921 1769 volumus
954 1713 1229 1768 omnibus
1261 1713 1359 1767 Dei
1385 1712 1823 1782 ﬁdelibusque-

158 1804 318 1860 niam
351 1802 625 1858 videntes
660 1802 945 1857 maleﬁcia
978 1820 1103 1873 qum
1131 1803 1187 1856 in
1213 1800 1426 1873 populo
1448 1801 1709 1872 quotidie
1734 1817 1821 1855 ac-

158 1896 902 1963 crescunt,congregamus
917 1906 1179 1962 quosque
1193 1890 1517 1961 episcopos,
1535 1890 1817 1944 domuum

158 1983 253 2039 Pe.
284 1980 720 2047 Vivariensem,
757 1979 1066 2051 Wigonem
1100 1978 1599 2044 Valentinensem,
1634 1978 1819 2049 Bego-

156 2089 292 2128 nem
303 2067 1169 2135 Arvernensem,Raimundum
1182 2066 1819 2133 Tolosensem,Deusde

161 2156 970 2229 Rutenensem,Fredelonem
984 2154 1675 2222 Elnensem,etdomnum
1692 2154 1820 2211 Ful-

158 2266 450 2307 crannum
486 2245 1305 2314 Ludevcnsem,etWidonem
1335 2244 1819 2311 Glandensem,et

162 2338 304 2395 alios
334 2353 523 2410 quam
556 2334 753 2409 plures
783 2334 1106 2406 episcopos,
1142 2338 1199 2389 et
1228 2350 1493 2406 quosque
1525 2332 1817 2406 principes

160 2434 213 2485 et
241 2425 497 2494 nobiles,
535 2440 785 2498 quorum
822 2438 1105 2479 numerus
1137 2440 1252 2478 non
1283 2427 1371 2478 est
1420 2423 1714 2478 inventus.
1746 2422 1817 2477 Et

161 2516 297 2589 quia
326 2516 559 2573 scimus
591 2512 729 2586 quia
759 2514 884 2569 sine
916 2529 1053 2585 pace
1078 2528 1247 2569 nemo
1268 2512 1488 2567 videbit
1508 2511 1818 2575 Deum,ad-

160 2621 475 2661 monemus
508 2608 750 2676 pr0pter
782 2618 992 2657 nomen
1018 2600 1347 2669 Domini,et
1369 2606 1433 2656 ut
1456 2601 1574 2655 sint
1596 2600 1696 2655 ﬁlii
1723 2616 1819 2671 pa-

163 2694 262 2762 cis,
278 2694 416 2749 utin
432 2692 571 2749 istis
583 2690 1018 2763 episcopatibus
1039 2706 1186 2761 quos
1200 2688 1294 2745 isti
1308 2688 1565 2762 episcopi
1580 2693 1812 2760 regunt,

164 2799 349 2856 neque
379 2781 443 2839 in
478 2782 613 2837 istis
642 2780 1039 2845 comitatibus,
1074 2780 1144 2833 de
1177 2780 1288 2834 ista
1318 2779 1460 2834 hora
1490 2777 1625 2833 etin
1648 2781 1816 2831 antea

166 2871 468 2928 ecclesiam
508 2870 684 2925 homo
715 2885 829 2923 non
860 2868 1159 2940 infringat,
1183 2870 1343 2922 extra
1364 2865 1666 2921 ecclesiam
1692 2880 1817 2935 quas

165 2960 221 3015 in
236 2961 617 3017 ﬁrmamento
629 2956 1011 3021 Castellanize,
1030 2973 1089 3013 se
1104 2954 1340 3022 sciente,
1356 2955 1469 3009 nisi
1483 2952 1761 3026 episcopi(
1770 2954 1820 3020 1)

168 3050 396 3122 propter
421 3062 634 3105 eorum
648 3061 911 3101 censum.
929 3043 1188 3100 Praedam
1205 3043 1261 3099 in
1276 3043 1408 3099 istis
1421 3042 1817 3107 comitatibus,

172 3154 352 3209 neque
380 3139 443 3193 in
480 3134 618 3193 istis
646 3132 1083 3207 episcopatibus
1116 3133 1292 3188 homo
1344 3148 1459 3187 non
1511 3131 1719 3191 faciat;
1751 3130 1820 3183 de

174 3228 333 3298 equis
363 3225 586 3299 parvis,
621 3225 692 3279 de
724 3221 992 3287 hovibus,
1030 3222 1098 3277 de
1126 3219 1335 3287 vaccis,
1361 3221 1431 3275 de
1450 3218 1630 3274 asinis
1646 3217 1733 3273 vel
1751 3218 1820 3272 de

175 3315 465 3382 asinabus,
490 3312 583 3370 vel
614 3313 684 3369 de
708 3310 965 3367 fascibus
986 3327 1132 3383 quos
1155 3309 1265 3382 ipsi
1287 3312 1522 3381 portant
1542 3324 1730 3379 neque
1751 3308 1821 3362 de

177 3404 394 3473 ovibus,
424 3403 517 3460 vel
552 3401 622 3458 de
653 3402 866 3473 capris,
892 3415 1081 3470 neque
1114 3400 1183 3453 de
1213 3398 1424 3470 porcis,
1443 3412 1631 3469 neque
1652 3414 1719 3451 ea
1736 3412 1824 3451 oc-

176 3491 324 3547 cidat
338 3490 454 3548 nisi
472 3507 582 3565 per
596 3488 951 3546 conductum
971 3501 1145 3543 suum
1162 3486 1249 3542 vel
1263 3502 1504 3542 suorum
1515 3529 1527 3553 ,
1543 3485 1602 3540 in
1618 3486 1822 3540 itinere

176 3579 390 3651 potitus
420 3578 677 3652 accipiat
704 3577 923 3632 victum
947 3577 1100 3633 sicut
1121 3576 1193 3631 ad
1217 3592 1385 3631 suam
1404 3573 1822 3641 domum,nihil

177 3673 387 3738 portet,
409 3669 500 3726 vel
539 3668 609 3723 ad
643 3664 951 3722 castellum
982 3664 1223 3730 bastire,
1254 3667 1358 3719 aut
1391 3663 1677 3728 obsidere,
1709 3661 1821 3716 nisi

178 3759 585 3830 unusquisque
612 3756 683 3811 de
714 3771 823 3810 sua
852 3758 1029 3817 terra,
1063 3756 1164 3808 aut
1193 3753 1263 3807 de
1295 3769 1402 3808 suo
1434 3750 1728 3818 alode,vel
1754 3750 1823 3804 de

181 3860 279 3900 suo
309 3845 618 3913 beneﬁcio,
648 3843 735 3899 vel
769 3844 839 3898 de
888 3859 996 3898 sua
1046 3842 1430 3907 commanda;
1467 3839 1657 3894 clerici
1709 3855 1822 3893 non

180 3938 404 4003 portent
434 3933 745 3991 saacularia
774 3947 968 3997 arma;
999 3929 1305 3985 monachis
1328 3928 1603 3999 injuriam
1627 3926 1825 3982 nullus

182 4020 371 4095 (ullus)
390 4023 572 4078 homo
591 4020 848 4093 aliquam
874 4036 988 4075 non
1014 4019 1218 4083 faciat;
1241 4034 1428 4089 neque
1451 4016 1541 4071 bis
1566 4016 1665 4087 qui
1689 4030 1824 4070 cum

181 4123 241 4163 eo
273 4110 651 4182 perrexerint,
686 4109 788 4181 qui
820 4124 983 4163 arma
1015 4123 1129 4162 non
1154 4105 1528 4178 portaverint,
1562 4102 1674 4159 nisi
1704 4102 1824 4174 epi-

1931 1534 2215 1591 villanum
2248 1538 2345 1609 qui
2380 1537 2621 1594 alterius
2646 1545 2859 1594 terram
2886 1542 3135 1595 araverit
3166 1541 3251 1596 vel
3297 1541 3586 1598 laborave-

1933 1623 2025 1689 rit,
2061 1627 2218 1696 quod
2250 1633 2337 1681 est
2381 1626 2441 1681 in
2485 1628 2875 1695 contentione,
2910 1629 3023 1685 nisi
3076 1630 3482 1702 unusquisque
3513 1631 3583 1686 de

1931 1718 2085 1768 terra
2116 1716 2446 1779 sua,autde
2465 1732 2570 1770 suo
2604 1716 2882 1771 beneﬁcio
2906 1736 2916 1782 ;
2938 1718 3579 1788 terrasecclesiasticas,

1930 1803 2712 1874 episcopales,canonicales,
2730 1804 3123 1873 monachales,
3151 1805 3347 1861 nullus
3371 1824 3582 1880 praesu‘

1929 1907 2084 1946 mere
2103 1893 2333 1959 audeat,
2350 1908 2535 1965 neque
2554 1891 2749 1964 aliqua
2770 1892 2925 1948 mala
2941 1896 3364 1950 consuetudine
3385 1896 3580 1951 disho-

1930 1996 2136 2035 norare
2170 1981 2280 2035 nisi
2315 1981 2385 2036 de
2416 1998 2594 2036 manu
2617 1981 2872 2054 episcopi
2896 1987 2996 2037 aut
3017 1983 3261 2039 fratrum
3279 1984 3576 2041 voluntate

1928 2086 2030 2142 per
2059 2070 2380 2142 precariam
2414 2068 2753 2141 acquisierit
2783 2071 2853 2125 de
2884 2071 2998 2125 ista
3028 2072 3170 2127 hora
3199 2078 3256 2127 et
3288 2074 3344 2128 in
3368 2078 3572 2141 antea;

1928 2158 2319 2229 negotiatores
2348 2157 2524 2215 etiam
2558 2157 2757 2214 nullus
2803 2160 3236 2232 apprehendere
3265 2161 3354 2217 vel
3385 2164 3455 2218 de
3486 2181 3573 2219 re-

1926 2247 2036 2302 bus
2070 2248 2193 2303 suis
2232 2246 2480 2319 spoliare
2526 2253 2843 2320 praesumat
2887 2266 2948 2305 se
2996 2251 3233 2306 sciente.
3269 2251 3575 2307 Interdici-

1928 2353 2061 2391 mus
2092 2336 2268 2392 etiam
2303 2341 2367 2392 ut
2399 2336 2596 2393 nullus
2628 2326 2912 2393 laicorum
2941 2354 3002 2394 se
3023 2340 3376 2395 intromittat
3401 2342 3471 2396 de
3494 2359 3579 2397 se-

1927 2423 2182 2496 pulturis
2214 2424 2489 2491 ecclesiae,
2514 2423 2600 2481 vel
2631 2426 2964 2494 efferendis,
2983 2432 3039 2483 et
3062 2427 3262 2485 nullus
3286 2430 3579 2502 presbyte—

1927 2529 2125 2569 rorum
2158 2513 2409 2586 pretium
2441 2514 2511 2569 de
2542 2513 2882 2586 baptisterio
2914 2516 3335 2590 accipiat,quia
3356 2519 3577 2575 donum

1927 2601 2181 2674 Spiritus
2213 2602 2399 2657 sancti
2433 2607 2538 2657 est.
2575 2602 2633 2658 Si
2665 2618 2797 2657 vero
2829 2602 3042 2676 aliquis
3067 2611 3263 2679 raptor
3284 2607 3457 2662 fuerit
3477 2613 3581 2663 aut

1926 2690 2249 2746 maledicus
2262 2691 2360 2762 qui
2380 2690 2529 2746 hanc
2549 2690 2976 2748 institutionem
2999 2694 3297 2765 infregerit
3314 2701 3369 2750 et
3385 2699 3578 2751 tenere

1930 2774 2202 2844 nolue’rit,
2230 2778 2304 2831 sit
2324 2777 2447 2849 ipse
2479 2779 3037 2845 excommunicatus,
3056 2786 3113 2835 et
3129 2782 3580 2839 anathematiza-

1931 2870 2046 2929 tus,
2083 2869 2137 2918 et
2170 2882 2201 2918 a
2232 2863 2536 2919 liminibus
2566 2871 2778 2921 sancta:
2803 2864 2901 2920 Dei
2924 2866 3190 2922 Ecclesire
3214 2875 3574 2941 segregatus,

1929 2953 2086 3022 (nisi)
2120 2968 2304 3024 usque
2336 2953 2403 3007 ad
2440 2953 2899 3009 satisfactionem
2937 2956 3149 3011 veniat.
3184 2957 3345 3023 Quod
3380 2958 3427 3014 si
3460 2975 3577 3015 non

1930 3040 2146 3106 fecerit,
2181 3042 2483 3114 presbyter
2511 3041 2563 3096 ei
2592 3042 2836 3098 missam
2870 3059 2985 3099 non
3007 3046 3501 3113 cantet,divinum
3524 3046 3577 3102 ei

1930 3130 2190 3186 ofﬁcium
2223 3146 2336 3185 non
2369 3130 2574 3197 faciat;
2606 3134 2661 3185 et
2685 3134 2732 3187 si
2756 3136 3026 3187 mortuus
3058 3133 3254 3201 fuerit,
3277 3137 3582 3209 presbyter

1931 3235 2064 3274 eum
2098 3236 2213 3274 non
2246 3218 2508 3292 sepeliet,
2529 3235 2715 3292 neque
2738 3218 2807 3275 a'd
2837 3221 3140 3277 ecclesiam
3173 3223 3250 3278 sit
3278 3223 3578 3296 sepultus;

1932 3309 2407 3364 communionem
2458 3325 2571 3363 non
2624 3310 2717 3365 det
2762 3311 2809 3365 ei
2843 3326 2904 3365 se
2936 3311 3172 3379 sciente,
3207 3316 3265 3368 et
3290 3312 3338 3367 si
3369 3312 3583 3385 aliquis

1932 3397 2233 3469 presbyter
2261 3398 2369 3453 hoc
2399 3398 2697 3471 infregerit
2728 3416 2788 3455 se
2820 3399 3058 3467 sciente,
3092 3400 3163 3456 ab
3192 3401 3395 3457 ordine
3417 3403 3586 3474 depo-

1933 3490 2126 3541 natur.
2162 3486 2475 3541 Precamur
2501 3487 2676 3542 etiam
2724 3488 2813 3542 vel
2865 3489 3252 3546 admonemus
3283 3494 3349 3544 ut
3379 3490 3437 3543 in
3470 3490 3584 3544 isto

1931 3579 2210 3647 tempore,
2232 3575 2455 3630 scilicet
2474 3574 2767 3631 mediante
2789 3576 3060 3631 Octobrio
3085 3577 3382 3643 mense,ad
3402 3575 3583 3631 istum

1933 3662 2031 3717 Dei
2065 3661 2346 3734 placitum
2380 3679 2512 3717 cum
2538 3664 2687 3718 bono
2715 3665 2910 3718 animo
2932 3668 2988 3718 et
3005 3665 3157 3718 bona
3171 3663 3470 3719 voluntate
3491 3679 3584 3719 ve-

1934 3751 2128 3816 niatis,
2163 3750 2221 3804 in
2255 3751 2354 3806 Dei
2388 3751 2642 3813 nomine.
2677 3756 2741 3805 ut
2772 3751 3178 3807 remissionem
3210 3755 3583 3823 peccatorum

1931 3844 2257 3893 vestrorum
2290 3837 2565 3908 consequi
2598 3837 2861 3904 valeatis,
2882 3842 3197 3909 przestante
3218 3838 3465 3893 Domino
3486 3854 3587 3894 no-

1935 3930 2053 3983 stro
2082 3926 2219 3981 Jesu
2253 3926 2504 3990 Christo,
2542 3927 2638 3999 qui
2673 3942 2807 3981 cum
2841 3926 3007 3982 Patre
3041 3932 3097 3982 et
3129 3926 3348 3999 Spiritu
3380 3932 3584 3983 sancto

1932 4014 2071 4070 vivit
2101 4019 2155 4069 et
2186 4019 2407 4085 regnat.
2439 4016 2755 4070 Conﬁrmat
2773 4015 2884 4070 hoc
2906 4015 3379 4088 archiepiscopus
3401 4015 3585 4087 Dago—

1934 4102 2138 4157 bertus
2191 4102 2570 4158 Biturieensis
2616 4103 2793 4169 sedis,
2826 4109 2881 4159 et
2915 4103 3167 4159 domnus
3214 4101 3586 4160 Theobaldus

185 4178 335 4271 scopi
354 4206 453 4255 aut
476 4178 871 4255 archidiaconi
899 4199 1133 4268 prepter
1154 4209 1355 4249 eorum
1375 4208 1615 4249 censum
1634 4209 1647 4259 ;
1666 4190 1825 4247 villa-
1853 4178 1898 4248 C
1935 4188 2285 4245 Viennensis
2316 4188 2711 4261 archiprmsul.

187 4301 320 4343 num
350 4295 450 4345 aut
479 4287 761 4344 villanam
793 4288 1029 4356 prepter
1071 4282 1555 4354 redemptionem,
1588 4279 1822 4337 nonnisi

254 4427 329 4497 (ἰ)
357 4428 603 4486 Videtur
629 4428 832 4484 deesse
860 4424 1103 4496 aliquid.

1356 4744 1919 4832 GUIDONIS
1984 4744 2443 4834 CHARTA

285 4950 535 5036 Scripta
563 4975 696 5017 cum
724 4954 907 5015 abbas
935 4961 1141 5033 ageret
1167 4953 1228 5011 in
1258 4949 1612 5011 monasterio
1643 4948 1715 5009 S.
1747 4947 1936 5009 Pauli
1964 4946 2451 5010 Cormari'censils.
2485 4980 2564 4993 —
2590 4947 2967 5009 Monasteries
2997 4945 3196 5010 ablata
3227 4948 3513 5011 restituit.

1217 5101 1405 5174 (Apud
1438 5098 1659 5157 Mabill.
1692 5099 1892 5155 Annal.
1925 5097 2028 5154 lib.
2060 5115 2230 5166 van,
2266 5112 2399 5171 pag.
2432 5096 2582 5167 624.)

268 5383 383 5458 Ego
396 5387 454 5443 in
470 5389 821 5447 Deinomine
840 5387 1013 5445 Wido
1039 5388 1221 5445 abbas
1245 5405 1313 5443 ex
1335 5384 1688 5443 monasterio
1712 5402 1841 5441 san-
1870 5392 1917 5457 Β
1946 5384 2070 5440 ﬁeri
2104 5384 2274 5457 cupio
2320 5384 2595 5440 omnibus
2626 5386 2839 5441 sancta:
2872 5385 2972 5441 Dei
3006 5385 3274 5442 Ecclesiae
3305 5385 3600 5453 ﬁdelibus,

208 5469 278 5525 cti
305 5473 463 5531 Pauli
503 5478 960 5544 Cormariccnse,
995 5492 1099 5533 seu
1144 5494 1213 5534 ex
1254 5473 1608 5532 monasterio
1656 5473 1841 5529 sancti

209 5556 510 5622 Salvatoris
539 5566 864 5640 Villalupae,
900 5567 1010 5623 sub
1041 5565 1169 5636 ejus
1200 5564 1519 5637 patrocinio
1564 5565 1840 5635 degente;

208 5658 422 5706 necnon
452 5670 521 5709 ex
551 5655 904 5713 monasterio
937 5656 1122 5711 sancti
1156 5653 1308 5709 Petri
1332 5651 1736 5715 Ferrarieusis,
1767 5657 1847 5706 at-

213 5746 316 5801 que
327 5754 394 5794 ex
405 5745 756 5801 monasterio
775 5744 961 5801 sancti
977 5741 1171 5800 Albini
1186 5741 1844 5807 Andecavensis,notum

1952 5478 2075 5531 tam
2097 5472 2504 5546 prasentibus,
2522 5489 2699 5545 quam
2720 5472 3367 5547 futuris,qualitcrlocis
3391 5475 3449 5530 in
3475 5488 3603 5530 meo

1954 5561 2235 5634 regimine
2252 5560 2713 5617 consistentibus
2736 5562 2894 5618 omni
2920 5562 3221 5619 all'ectione
3241 5566 3415 5634 atque
3436 5577 3606 5617 cona-

1956 5652 2113 5707 mine
2134 5649 2434 5705 consulere
2456 5649 2650 5705 velim.
2667 5651 2783 5724 Ego
2807 5652 3096 5723 siquidem
3119 5651 3413 5723 quondam
3432 5645 3601 5704 bonis

1955 5740 2229 5798 omnibus
2269 5738 2536 5807 afﬂuens,
2573 5740 3063 5813 prosperitatibus
3113 5736 3307 5794 saeculi
3352 5735 3601 5807 fulgens,
