3900 6430
253 451 374 512 855

1329 452 1568 515 GUIDO
1613 452 1666 513 ΙΙ
1707 452 2120 518 PODIENSIS
2167 457 2616 522 EPISCOPUS.

3560 466 3678 528 856

254 591 465 663 cuncta
495 589 872 674 postponens,
894 584 1161 640 tirocinio
1183 583 1400 640 Christi
1421 599 1514 674 me
1536 584 1904 674 mancipans,
1935 589 1992 657 Α
2021 589 2307 662 ptionem,
2339 596 2406 648 ut
2436 593 2486 649 si
2517 593 2816 668 quispiam
2842 595 3068 669 aliquid
3097 595 3298 655 illicita
3328 601 3506 668 tenet,
3521 603 3684 674 quod

253 673 648 732 monasticum
680 673 811 729 ideo
851 691 1094 730 sumens
1145 690 1296 730 onus
1332 690 1344 728 :
1381 673 1481 728 sed
1531 673 1914 732 saecularibus

252 763 610 835 praepeditus
641 763 911 834 negotiis,
949 763 1193 834 insuper
1224 761 1449 817 inimici
1491 763 1914 821 tentationibus

250 850 589 924 instigatus,
605 851 1324 923 multimodissusceptum
1348 851 1742 906 monasticum
1765 852 1912 907 ordi-

253 957 386 996 nem
419 957 556 1006 non,
592 943 657 994 ut
687 940 946 1006 decebat,
975 939 1261 994 hactenus
1285 939 1710 1002 cnstodivi,scd
1734 939 1914 1012 pluri-

252 1031 366 1086 mis
385 1027 872 1084 interlabentibus
895 1028 1082 1100 culpis
1108 1046 1312 1102 prmvai
1334 1027 1766 1100 icavi.Deniqne
1787 1027 1914 1084 loca

251 1118 312 1174 in
331 1134 458 1174 meo
482 1117 734 1189 rgimine
757 1117 1267 1190 ccmsistentia,qui
1291 1119 1608 1172 debueram
1633 1118 1788 1174 bona
1809 1135 1912 1190 pro

251 1224 424 1280 posse
446 1207 712 1280 augendo
728 1207 799 1262 ad
815 1207 1055 1263 meliora
1074 1207 1330 1278 provehi,
1348 1205 1604 1278 plurima
1626 1207 1759 1262 inde.
1773 1207 1911 1262 sub-

252 1297 514 1364 trahens,
532 1295 769 1368 qucesivi
787 1296 858 1352 ad
878 1296 997 1350 ima
1015 1295 1311 1351 relabi.i\'u
1326 1313 1388 1349 .ic
1403 1311 1534 1350 vero
1548 1295 1912 1366 paenitudine

253 1387 485 1453 ductus,
507 1386 661 1458 quod
686 1384 883 1441 minus
904 1385 1120 1458 peregi,
1142 1385 1415 1457 supplere
1433 1383 1912 1456 cupio.Hortante

253 1491 486 1548 quoque
514 1473 766 1531 Widone
811 1473 1104 1548 episcopo,
1139 1473 1426 1530 avunculo
1473 1489 1624 1542 meo,
1659 1490 1766 1529 nec
1796 1491 1912 1530 non

253 1564 454 1622 d'omni
486 1563 717 1620 abbatis
739 1563 1014 1640 llycmari
1041 1563 1322 1636 impulsu,
1339 1562 1482 1636 quin
1502 1561 1698 1636 potius
1718 1561 1912 1619 divino

253 1653 792 1722 instinctu,terram
826 1669 1002 1726 quam
1037 1653 1106 1708 de
1127 1651 1557 1724 hislocis,proh
1575 1650 1765 1706 nefas!
1789 1669 1912 1708 sns-

255 1741 382 1810 tuli,
415 1743 666 1816 benigno
700 1742 896 1801 animo
927 1743 1043 1799 iliis
1075 1743 1292 1799 reddo:
1319 1742 1545 1814 fecique
1595 1740 1747 1798 hanc
1769 1741 1912 1797 scri-

2023 695 2130 752 ego
2153 679 2205 735 ei
2239 680 2497 754 maligno
2529 683 2879 756 depravatns
2899 685 3143 744 consilio
3165 687 3535 762 contuli,jam
3562 708 3678 748 non

2024 769 2237 826 audeat
2268 771 2535 828 retinere.
2569 773 2685 830 Hoc
2730 791 2962 848 quoque
3012 776 3300 850 scriptum
3349 779 3515 834 fratri
3550 797 3678 838 meo

2023 857 2300 914 Gaufrido
2329 863 2768 918 Andecavorum
2795 865 2996 920 comiti
3028 866 3232 934 direxi,
3267 867 3368 940 qui
3407 873 3680 942 gratante

2023 948 2221 1004 animo
2252 967 2386 1005 eum
2421 968 2598 1007 manu
2621 954 2858 1026 propria
2878 954 3420 1024 firmavitﬁdclium
3446 977 3678 1032 quoque

2023 1037 2300 1094 manibus
2331 1041 2724 1097 roborandum
2757 1058 2886 1099 esse
2915 1045 3450 1118 decrevit.Signum
3475 1050 3676 1104 domui

2021 1127 2295 1186 Widonis
2328 1130 2580 1197 abbatis,
2614 1131 2712 1204 qui
2743 1132 2894 1188 hanc
2926 1133 3239 1190 editionem
3288 1136 3410 1192 ﬁeri
3453 1139 3675 1208 jussit;

2023 1217 2082 1272 8.
2120 1218 2386 1274 Widonis
2435 1221 2713 1293 episcopi,
2749 1223 2805 1278 S.
2841 1221 3043 1279 domui
3093 1223 3370 1296 Hynmari
3423 1226 3676 1295 abbatis,

2025 1307 2080 1364 S.
2117 1308 2344 1382 Ncﬁngi
2375 1310 2656 1383 episcopi,
2692 1312 2783 1366 Fr.
2807 1312 2976 1368 Wido
3008 1329 3187 1369 manu
3220 1315 3454 1388 propria
3487 1316 3681 1373 firma-

2021 1398 2126 1466 vit,
2154 1399 2212 1454 8.
2247 1399 2524 1456 Gaul‘redi
2555 1401 2809 1469 comitis,
2842 1402 2900 1458 S.
2937 1401 3280 1472 Marcoardi,
3303 1404 3361 1462 S.
3383 1403 3676 1478 Raiualdi,

2024 1488 2080 1544 8.
2126 1487 2368 1555 Warini,
2420 1490 2478 1546 8.
2531 1489 2820 1560 Widonis,
2874 1492 2932 1548 8.
2987 1491 3260 1560 Guatoni,
3313 1493 3372 1550 S.
3436 1494 3677 1562 Odonis,

2025 1577 2083 1635 8.
2117 1577 2431 1650 Odolgarii,
2463 1579 2522 1638 S.
2557 1579 2808 1648 Griferii,
2843 1581 2900 1638 8.
2937 1580 3282 1648 Burchardi,
3305 1582 3364 1640 8.
3385 1581 3678 1656 Ernegisi,

2023 1672 2082 1723 et
2113 1666 2362 1726 aliorum
2393 1685 2486 1726 xv.

967 2088 993 2108 ο
1319 2071 1467 2156 DE
1527 2067 1993 2156 CHARTA
2051 2067 2614 2156 GUIDONIS

1469 2273 1599 2350 Qua
1633 2271 1931 2354 Treugam
1961 2271 2082 2335 Dei
2105 2272 2483 2355 conﬁrmavit

1755 2451 1917 2522 (Gall.
1951 2450 2180 2522 Christ.)

1753 2609 2156 2633 ἡ

328 2742 461 2800 Fuit
491 2741 578 2796 vir
607 2741 848 2813 quidam
876 2757 944 2796 ex
993 2738 1173 2796 nobili
1229 2740 1586 2796 Francorum
1636 2740 1912 2814 progenie
1941 2742 1990 2810 B
2018 2740 2103 2798 eis
2131 2739 2310 2814 quale
2332 2741 2444 2798 sibi
2477 2741 2548 2798 de
2591 2740 2848 2813 regenda
2896 2756 3037 2814 pace
3087 2741 3296 2800 darent
3342 2742 3683 2800 consilium.

260 2835 446 2899 ortus,
483 2829 673 2888 Guido
709 2829 968 2895 nomine,
1002 2829 1125 2902 qui,
1159 2827 1522 2902 providentia
1567 2828 1671 2886 Dei
1717 2829 1914 2901 dispo-

257 2925 454 2993 nente,
485 2920 740 2977 traditus
766 2936 801 2976 a
832 2918 1177 2992 parentibus
1207 2917 1536 2974 litterarum
1567 2918 1804 2990 studiis,
1817 2935 1912 2975 re—

256 3009 412 3068 lictis
441 3007 822 3068 saecularibus
853 3007 1107 3079 pompis,
1141 3007 1467 3064 monachus
1497 3008 1690 3065 factus
1708 3007 1768 3063 in
1799 3025 1912 3064 cce-

254 3099 432 3158 nobio
463 3097 618 3172 quod
655 3101 900 3154 vocatur
945 3095 1330 3163 Cormarium,
1365 3097 1612 3153 viriliter
1642 3097 1914 3152 militavit.

255 3189 338 3244 ibi
371 3188 479 3245 sub
511 3185 716 3260 regula
759 3183 948 3242 sancti
1001 3185 1318 3242 Benedicti.
1351 3186 1520 3242 Patre
1569 3201 1703 3242 vero
1752 3184 1912 3241 illius

257 3275 598 3335 monasterii
631 3273 923 3347 migrante
955 3290 1026 3328 ex
1054 3273 1165 3329 hac
1205 3271 1358 3342 luce,
1387 3274 1634 3330 fratrum
1665 3291 1910 3330 concor-

256 3368 431 3424 dante
461 3378 776 3430 consensu,
811 3361 994 3418 abbas
1024 3361 1245 3418 ibidem
1277 3361 1530 3435 eligitur,
1554 3363 1912 3434 atquejuxta

255 3471 480 3512 morem
512 3451 862 3508 canonicum
893 3450 1277 3508 bonedicitur.
1312 3451 1679 3508 Sublimatus
1709 3456 1909 3509 autem

255 3547 342 3602 ita
369 3543 540 3601 bonis
571 3540 740 3598 fulsit
769 3540 1054 3608 moribus,
1089 3544 1156 3596 ut
1198 3540 1376 3597 etiam
1426 3541 1584 3597 fama
1631 3540 1910 3598 bonitatis

253 3636 382 3708 ejus
413 3631 739 3706 perveniret
771 3631 842 3686 ad
883 3646 1054 3686 aures
1103 3629 1256 3703 regis
1304 3631 1580 3698 Franciac,
1611 3632 1781 3703 cujus
1811 3649 1912 3689 rex

254 3723 412 3780 idem
443 3720 681 3778 innixus
714 3718 982 3786 consilio,
1014 3718 1366 3791 disponebat
1397 3720 1554 3792 quod
1601 3719 1746 3775 bene
1779 3719 1908 3794 pla-

254 3811 440 3866 citum
470 3812 594 3865 erat
622 3807 760 3875 Deo,
791 3811 859 3863 ut
906 3806 1050 3862 utile
1099 3807 1336 3880 populo.
1369 3809 1492 3874 Quo
1540 3807 1600 3864 in
1648 3813 1909 3882 tempore

251 3896 546 3956 Aniciensi
575 3895 820 3953 ecclesia
848 3895 1090 3952 viduata
1131 3912 1239 3952 suo
1289 3895 1570 3964 antistite,
1604 3914 1638 3952 a
1668 3896 1820 3953 clero
1851 3902 1910 3954 et

252 3987 538 4062 populo...
571 3985 931 4042 unanimiter
975 3983 1152 4057 legati
1201 3983 1520 4040 mittuntur
1565 3985 1636 4040 ad
1687 4003 1904 4059 regem,

252 4081 320 4133 ut
343 4077 508 4132 daret
531 4073 650 4130 illis
680 4072 1065 4129 utilissimum
1097 4076 1416 4145 pastorem,
1449 4073 1758 4146 praefatum
1789 4075 1908 4130 sci-

241 4164 378 4222 licet
408 4163 703 4229 abbatem,
730 4162 824 4217 cui
855 4166 980 4216 erat
1011 4161 1188 4216 frater
1233 4178 1552 4234 germanus
1605 4162 1900 4218 nobilissi-

243 4270 380 4310 mus
411 4268 608 4308 comes
659 4250 998 4317 Ganfridns,
1032 4255 1422 4323 cognomento
1474 4251 1896 4324 Grisagonella.

241 4342 406 4400 Unde
437 4357 537 4396 rex
570 4338 822 4395 nimium
849 4339 1112 4411 gavisus,
1147 4356 1494 4407 convocans,
1527 4338 1778 4396 electum
1810 4342 1898 4396 vi-

238 4448 393 4498 rum,
423 4429 609 4486 multa
639 4445 806 4501 prece
832 4429 1064 4484 monuit
1085 4434 1604 4502 enm,ut,pergens
1627 4429 1894 4497 Pedium,

236 4521 403 4578 fieret
435 4519 514 4574 ibi
549 4519 884 4574 animarum
931 4521 1133 4590 pastor
1163 4516 1298 4585 sibi,
1327 4523 1384 4573 et
1415 4517 1628 4590 populo
1679 4516 1896 4573 fidelis-

235 4609 424 4666 simus
484 4612 848 4680 procurator.
893 4606 1026 4661 Haec
1083 4605 1181 4660 ille
1239 4606 1508 4673 audiens,
1559 4623 1666 4662 nec
1721 4606 1897 4664 citius

235 4697 634 4768 consentiens,
668 4711 800 4766 rege
833 4699 1076 4764 cogente
1107 4692 1248 4749 velit
1287 4693 1455 4762 nolit,
1491 4695 1768 4752 fratribus
1798 4713 1894 4752 va-

235 4785 514 4852 ledicens,
547 4783 807 4855 sumptis
837 4783 974 4838 inde
1003 4781 1203 4848 sociis,
1238 4799 1372 4837 cum
1404 4781 1605 4840 missis
1633 4783 1897 4841 Anieien-

235 4875 404 4932 sibus
435 4873 546 4928 iter
573 4871 931 4944 aggreditur.
950 4871 1067 4926 Hoc
1083 4870 1302 4926 factum
1327 4872 1632 4928 audientes
1654 4874 1894 4931 Pontius

237 4979 304 5020 ac
336 4960 692 5017 Bertrandus
727 4960 855 5031 ejus
906 4962 1172 5030 nepotes,
1202 4960 1529 5032 Aquitaniae
1578 4961 1894 5018 clarissimi

237 5048 530 5116 consules,
561 5065 696 5105 cum
729 5053 916 5104 matre
938 5065 1142 5104 eorum
1164 5049 1440 5106 Adelaide
1463 5067 1658 5106 sorore
1681 5051 1890 5125 ipsius,

235 5141 524 5194 venerunt
554 5137 604 5191 ei
637 5135 888 5204 obviam,
923 5154 982 5192 sc
1016 5141 1073 5192 et
1103 5154 1212 5194 sua
1243 5138 1291 5193 ci
1323 5139 1564 5207 dantes;
1594 5157 1728 5195 cum
1763 5141 1890 5212 qui-

235 5226 350 5283 bus
381 5225 625 5282 Podinm
660 5227 981 5299 ingressus,
1013 5227 1078 5282 [it
1109 5226 1159 5282 ei
1192 5244 1408 5298 magna
1445 5229 1740 5300 processio
1771 5229 1894 5286 cle-

236 5315 513 5381 ricorum,
578 5315 645 5370 fit
699 5315 942 5386 grandis
998 5315 1308 5371 exsultatio
1368 5315 1674 5388 laicorum,
1733 5319 1890 5390 quod

235 5403 391 5460 Deus
423 5402 507 5458 eis
539 5402 713 5458 talem
743 5407 1055 5473 patronum
1106 5404 1386 5459 dedisset.
1423 5405 1742 5461 Pontiﬁcali
1777 5407 1888 5480 igi-

2025 2831 2156 2904 Ipse
2183 2847 2316 2889 vero
2349 2830 2506 2903 apud
2535 2829 2935 2886 Brivatensem
2966 2829 3164 2887 vicum
3211 2831 3526 2904 nepotibus
3557 2832 3685 2890 suis

2024 2920 2317 2978 mandans
2345 2933 2700 2993 congregare
2729 2917 3076 2984 exercitum,
3128 2920 3408 2979 omnibus
3439 2921 3512 2979 de
3543 2938 3688 2994 pon-

2023 3008 2249 3064 tificatu
2281 3025 2390 3064 suo
2429 3005 2775 3063 coadunatis
2816 3005 2876 3062 in
2926 3024 3134 3078 unum,
3169 3009 3230 3066 in
3279 3014 3452 3081 prata
3492 3011 3686 3067 sancti

2022 3095 2298 3153 Germani
2329 3113 2458 3168 que
2490 3098 2630 3151 sunt
2655 3111 2836 3167 prope
2885 3094 3153 3164 Pedium,
3187 3097 3459 3169 quaesivit
3488 3099 3566 3156 ab
3603 3099 3688 3155 eis

2020 3189 2088 3240 ut
2119 3200 2322 3257 pacem
2354 3185 2678 3251 ﬁrmarent,
2712 3199 2804 3240 res
2845 3198 3173 3256 pauperum
3204 3189 3262 3240 et
3295 3186 3690 3244 ecclesiarum

2021 3290 2138 3328 non
2187 3271 2607 3345 Opprimcrent,
2657 3270 2856 3328 ablata
2910 3271 3241 3340 redderent,
3276 3278 3344 3329 ut
3385 3275 3498 3344 sic,
3529 3277 3694 3334 sicut

2021 3361 2188 3418 decet
2213 3361 2414 3418 fideles
2445 3360 2830 3429 Christianos,
2855 3360 2937 3416 ita
2968 3376 3029 3416 se
3059 3359 3376 3430 haberent;
3404 3367 3564 3435 quod
3608 3365 3694 3422 illi

2021 3451 2428 3524 dedignantes,
2450 3449 2635 3522 jussit
2661 3449 2982 3507 exercitum
3022 3466 3199 3507 suum
3231 3468 3267 3506 a
3295 3451 3526 3510 Brivate
3558 3459 3694 3512 tota

2020 3543 2187 3596 nocte
2212 3539 2408 3597 venire
2441 3555 2634 3609 mane,
2662 3537 2865 3596 volens
2894 3555 2994 3594 eos
3043 3537 3447 3612 constringere
3477 3546 3542 3598 ut
3578 3561 3688 3616 pa-

2019 3647 2145 3686 cem
2171 3630 2460 3700 jurarent,
2489 3632 2548 3684 et
2577 3645 2680 3701 pro
2713 3627 2842 3701 ipsa
2871 3628 3125 3684 tenenda
3170 3627 3405 3686 obsides
3447 3630 3683 3701 darent,

2018 3736 2155 3776 rura
2186 3723 2244 3775 et
2271 3717 2514 3774 castella
2551 3717 2734 3772 beata:
2780 3717 2996 3786 Mariae,
3030 3721 3090 3774 et
3118 3733 3212 3773 res
3244 3717 3685 3777 ecclesiasticas

2018 3825 2168 3880 quas
2199 3811 2536 3880 rapuerant,
2562 3805 2962 3873 dimitterent;
2995 3806 3151 3878 quod
3181 3807 3401 3863 factum
3427 3807 3536 3863 fuit
3557 3809 3681 3866 Deo

2019 3896 2356 3953 auxiliante.
2379 3897 2696 3968 Postquam
2717 3912 2851 3952 vero
2882 3895 3040 3952 Deus
3068 3895 3440 3968 omnipotens
3461 3903 3682 3955 cuncta

2017 3987 2130 4042 sibi
2181 3985 2525 4058 subjiciens,
2559 3985 2721 4040 dedit
2767 3985 2819 4042 ei
2869 3983 3254 4057 tranquillam
3298 3989 3357 4041 et
3404 4001 3678 4043 serenam

2019 4091 2245 4148 pacem,
2273 4074 2610 4132 convocavit
2641 4075 2894 4146 majores
2925 4073 3214 4142 Ecclesiae,
3247 4073 3445 4130 dicens
3473 4074 3682 4132 volun-

1993 4167 2195 4239 jtatem
2227 4180 2398 4219 suam
2430 4179 2560 4219 esse
2578 4166 2644 4218 nt
2660 4162 2855 4218 clerici
2871 4162 3090 4219 ibidem
3107 4163 3224 4220 Deo
3243 4164 3564 4220 servientes
3581 4165 3681 4222 ha-

2009 4253 2214 4308 berent
2243 4252 2637 4308 communiter
2657 4251 2876 4307 victum
2897 4257 2956 4308 et
2970 4251 3246 4308 vestitum
3271 4253 3672 4323 sufficienter;

2006 4338 2116 4394 hac
2133 4340 2203 4395 dc
2220 4357 2279 4394 re
2301 4356 2478 4394 causa
2503 4339 2781 4415 bipertita
2803 4338 3094 4396 oblatione
3112 4339 3318 4396 altaris
3340 4341 3522 4396 beata:
3548 4342 3672 4398 Ma-

2007 4427 2124 4497 riae,
2160 4427 2322 4483 dedit
2353 4445 2532 4484 unam
2555 4428 3104 4499 partem-canonicis
3137 4429 3255 4485 Deo
3278 4433 3336 4484 et
3353 4429 3483 4500 ejus
3503 4431 3676 4502 geni-

2004 4515 2135 4572 triei
2170 4515 2560 4573 servientibus
2586 4535 2600 4584 ;
2633 4517 2878 4573 alteram
2907 4535 3041 4574 vero
3070 4518 3380 4574 reservavit
3401 4519 3526 4575 suis
3549 4521 3670 4576 usi-

2003 4605 2136 4662 bus.
2171 4605 2455 4662 Prazterca
2503 4622 2639 4662 cum
2692 4606 2927 4663 Truano
2978 4606 3221 4676 decano,
3254 4607 3476 4679 optimo
3519 4609 3665 4677 viro,

2004 4711 2219 4768 magno
2269 4693 2524 4767 ingenio,
2561 4694 2696 4751 fecit
2743 4695 2921 4751 incidi
2973 4711 3179 4769 rupem
3230 4711 3407 4768 quam
3456 4703 3668 4754 vocant

2001 4782 2310 4841 Arculeam
2331 4783 2419 4851 (de
2440 4784 2740 4855 l’Aiguille)
2757 4783 2817 4839 in
2837 4785 3008 4855 cujus
3029 4785 3336 4841 cacumine
3357 4784 3664 4842 zediticavit

2003 4872 2311 4929 ecclesiam
2341 4871 2402 4927 in
2433 4872 2714 4928 honorem
2745 4873 2901 4929 beati
2953 4872 3255 4929 Michaelis
3305 4873 3658 4943 dedicatam,

2003 4978 2179 5034 quam
2203 4961 2476 5018 similiter
2496 4977 2633 5016 cum
2655 4961 2886 5034 magnis
2909 4961 3320 5034 appendeutiis
3341 4961 3502 5018 dedit
3523 4981 3664 5036 prae-

2001 5051 2175 5108 dictis
2205 5051 2505 5107 canonicis
2530 5049 2936 5120 (clericis).His
2968 5051 3050 5107 ita
3078 5050 3420 5124 compositis
3464 5051 3664 5110 divina

2001 5139 2327 5213 inspirante
2359 5138 2692 5207 clementia,
2727 5140 2868 5195 dum
2904 5141 3159 5196 domnus
3205 5140 3395 5197 Guido
3444 5147 3659 5199 sanctae

2000 5228 2362 5284 Vallavensis
2375 5227 2629 5284 ecclesia:
2644 5245 2895 5300 superno
2911 5233 3054 5284 nutu
3069 5229 3662 5302 episcOpus,sollicita

1998 5317 2444 5390 investigatione
2475 5318 2692 5374 mentis
2713 5335 2927 5374 arcano
2951 5333 3151 5374 secum
3175 5317 3494 5373 discuteret
3515 5335 3658 5390 qua-

1999 5406 2131 5462 liter
2160 5405 2436 5479 pastorali
2469 5406 2660 5461 ofﬁcio
2691 5425 2723 5462 a
2757 5405 2872 5462 Deo
2903 5406 3014 5462 sibi
3050 5405 3368 5462 commisso
3398 5407 3470 5461 ad
3497 5407 3658 5462 utili-

233 5490 1888 5564 turcathedrasublimatus,cogitansassiduedetencnda
1914 5481 1963 5548 D
1999 5500 2116 5552 tem
2157 5512 2402 5550 suarum
2446 5494 2850 5568 ecclesiarum,
2882 5513 2984 5552 seu
3017 5495 3444 5565 emnobiornm,
3475 5499 3652 5568 atque

233 5599 394 5656 pace,
420 5583 491 5638 de
514 5582 688 5636 rebus
710 5580 975 5636 Ecclesia:
995 5599 1142 5651 quas
1160 5581 1210 5634 vi
1229 5581 1600 5636 abstulerunt
1623 5588 1884 5654 raptores

231 5671 410 5743 hujus
439 5675 604 5726 terrae
628 5669 811 5742 jussit
844 5675 905 5725 ut
943 5687 1146 5725 omnes
1197 5670 1415 5725 milites
1461 5688 1526 5726 ac
1576 5671 1778 5726 rustici
1813 5675 1882 5729 de

230 5761 569 5832 episcopatu
601 5775 709 5816 suo
741 5759 1113 5815 convenirent
1147 5758 1204 5814 in
1237 5759 1773 5828 unum,auditurus
1809 5764 1878 5818 ab

1992 5585 2200 5641 anima:
2241 5602 2360 5640 suae
2409 5585 2756 5656 profectum,
2788 5588 2842 5640 et
2891 5585 3130 5640 caeteris.
3173 5601 3304 5656 qua:
3353 5584 3650 5656 praisulati

1992 5691 2142 5730 curm
2175 5689 2494 5744 congruere
2533 5673 2826 5742 videntur,
2859 5673 2952 5728 die
3002 5677 3297 5745 noctuque
3345 5671 3650 5744 invigilare

1991 5763 2247 5829 deberet,
2280 5760 2663 5833 semetipsum
2690 5778 2825 5833 erga
2856 5761 2916 5818 id
2949 5761 3126 5819 ofﬁcii
3159 5761 3220 5818 in
3244 5759 3448 5818 multis
3468 5762 3647 5818 olfcn-
