3900 6354
150 402 266 464 865

1701 405 1997 465 PASSIO.

3445 412 3564 476 866

155 535 258 590 Pro
292 536 383 591 his
408 551 546 608 ergo
581 543 639 591 et
664 537 755 591 his
788 536 1106 603 similibus,
1144 554 1292 609 quas
1323 540 1493 592 ambo
1539 544 1797 607 egerant,
1831 542 1885 607 Α
1918 541 2146 599 domus.
2183 548 2237 595 et
2272 541 2544 596 rnaletida
2576 543 2748 597 statio
2781 544 2975 598 nautis
3009 543 3195 614 (Vino.
3230 545 3558 614 ίΕη.ιῐ,23).

152 624 463 680 virtutibus
497 626 933 682 honoraverunt
981 644 1081 683 eos
1128 627 1353 682 nobiles
1402 632 1459 681 et
1508 629 1716 683 divites
1748 635 1803 684 et

150 713 457 770 coluerunt
488 718 757 771 maximae
783 733 1107 789 pauperum
1143 718 1311 772 turba
1345 719 1405 771 ‘9.

217 807 272 858 2.
307 804 506 876 Itaque
537 822 672 860 cum
700 805 770 859 de
806 812 921 860 tam
958 806 1263 878 praenobili
1294 809 1565 877 conjugio
1598 813 1802 862 saneta

150 892 340 963 proles
372 895 584 948 merito
636 895 779 949 foret
831 898 1148 961 naseitura,
1188 896 1337 951 inter
1386 897 1800 967 magnanimos

142 983 387 1052 juvenes
437 1001 587 1055 quos
640 991 1104 1056 procreaverunt,
1136 992 1308 1040 natus
1361 991 1449 1041 est
1500 987 1615 1040 illis
1660 1004 1803 1057 puer

153 1072 257 1143 (an.
291 1074 416 1145 956)
448 1074 766 1145 speciosior
793 1075 1155 1140 eunetis;cui
1193 1083 1321 1147 post
1355 1077 1410 1129 in
1439 1078 1583 1130 sacri
1618 1077 1800 1147 bapti-

152 1163 359 1217 smatis
392 1162 620 1218 lavacro
651 1166 695 1198 ³ο
725 1166 926 1218 datum
962 1170 1048 1219 est
1071 1183 1279 1219 nomen
1315 1166 1798 1237 \\'oyteel1".lste

149 1257 405 1322 quantus
437 1258 593 1309 esset
627 1254 860 1308 futurus
888 1271 1021 1309 eum
1045 1255 1373 1324 ignoratum
1397 1256 1801 1325 fuerit,paren-

146 1345 231 1395 tes
262 1346 647 1413 pepercerunt
679 1343 875 1397 forma-
907 1344 1056 1414 ejus,
1084 1351 1140 1397 et
1173 1361 1286 1414 prie
1323 1345 1515 1398 nimia:
1550 1343 1802 1414 pulchri-

143 1431 346 1486 tudine
368 1447 545 1503 quam
561 1432 765 1487 habuit
782 1433 1217 1488 destinaverunt
1234 1451 1367 1488 eum
1395 1433 1801 1498 SIUClllO.QlllC-

148 1519 293 1590 quid
311 1523 508 1576 autem
540 1520 675 1593 pius
704 1523 749 1556 ²²
778 1538 956 1588 error,
992 1540 1190 1577 verum
1227 1524 1269 1556 ’3
1303 1522 1457 1577 mala
1485 1524 1671 1580 venia.
1696 1539 1797 1593 pa-

146 1612 377 1663 rentum
400 1608 458 1664 in
482 1609 593 1666 hoc
615 1609 1040 1682 deliquid,mox
1064 1610 1245 1684 culpa
1270 1612 1530 1683 proditor
1546 1610 1797 1665 ecclesiis

142 1696 241 1751 ira!
286 1696 524 1770 gladius
570 1699 841 1754 correxit.
890 1699 1169 1754 Cerneres
1220 1717 1473 1771 namque
1526 1698 1797 1753 infantuli

144 1787 561 1871 corpusculum
593 1788 795 1842 subita
826 1790 1231 1860 magnitudine
1255 1790 1659 1854 CXt‘l‘(‘VlSSB,L‘i
1684 1806 1796 1859 pra:

148 1875 328 1931 nimia
354 1875 657 1932 inﬂatione
688 1882 950 1932 ventrem
985 1884 1106 1931 toto
1140 1896 1378 1949 corpore
1394 1878 1795 1949 majoremzsic
1832 1912 1876 1975 Β

147 1964 204 2020 in
235 1965 413 2021 horas
443 1966 667 2033 maiore
697 1966 894 2021 dolore
937 1967 1158 2031 addito,
1216 1967 1540 2039 perieulum
1595 1967 1800 2021 mortis

150 2053 455 2109 imminere
495 2055 689 2127 coepit.
740 2056 1081 2109 Turbantur
1131 2062 1442 2127 parentes;
1479 2058 1799 2109 decurrunt

148 2143 400 2199 ubertim
434 2142 688 2199 lacrima:
719 2145 925 2217 patris,
960 2150 1015 2199 et
1045 2146 1236 2199 curvis
1270 2144 1799 2216 unguilmslarerat

149 2249 245 2287 ora
286 2231 507 2304 pallida
554 2233 792 2297 nutrix;
846 2237 1004 2287 stant
1034 2234 1076 2266 "
1109 2233 1298 2289 mresti
1351 2235 1598 2297 fratres;
1639 2232 1799 2286 saevit

146 2321 307 2377 dolor
335 2322 492 2377 inter
522 2322 746 2378 viscera
778 2324 1116 2390 malris,nec
1150 2341 1395 2389 vox,nec
1431 2324 1799 2385 animus,nec

147 2410 299 2466 color
325 2415 489 2465 certa
520 2411 659 2466 sede
691 2415 956 2465 manent.
990 2411 1248 2465 Tandem
1303 2411 1412 2465 sub
1448 2410 1574 2481 ipsa
1616 2414 1802 2463 morte

148 2499 495 2572 confugiunt
524 2501 595 2555 ad
629 2499 791 2571 pium
830 2506 887 2555 et
912 2499 1348 2555 misericordem
1383 2498 1718 2563 Dominum,
1746 2502 1803 2552 et

147 2605 267 2661 quae
298 2605 407 2660 pro
422 2588 733 2644 hominum
753 2590 1099 2644 necessitate
1129 2587 1263 2661 plus
1290 2585 1800 2642 omnibussanctis

148 2694 490 2733 succurrere
519 2677 687 2744 solet,
721 2682 969 2733 matrem
1021 2678 1253 2732 Domini
1304 2676 1619 2748 appellant.
1659 2676 1798 2729 Inde

150 2766 390 2821 veniunt
422 2766 496 2821 ad
528 2766 815 2838 templum
846 2784 981 2820 cum
1013 2782 1228 2838 magna
1250 2764 1582 2819 humilitate
1614 2782 1677 2817 ac
1711 2764 1803 2817 de-

146 2851 396 2926 jectione
429 2855 661 2924 cordis;
695 2861 1097 2927 ponentesque
1129 2872 1375 2928 puerum
1411 2871 1591 2925 supra
1622 2852 1803 2908 altare

155 2948 362 3001 sancta:
396 2945 617 3011 Mariae,
648 2949 851 2999 votum
886 2944 1171 3015 placabile
1202 2948 1481 2999 voverunt
1521 2960 1653 2997 eum
1690 2942 1803 2996 Do-

158 3032 334 3090 mino.
368 3033 473 3089 His
503 3033 586 3088 ita
617 3033 762 3089 actis
792 3034 854 3099 ³⁵,
890 3050 1092 3088 aversa
1122 3038 1209 3089 est
1239 3032 1565 3105 indignatio
1599 3032 1717 3095 Dei,
1751 3036 1807 3083 et

156 3126 469 3179 extenuato
498 3126 695 3179 ventre
729 3140 873 3196 puer
904 3122 1163 3195 pristinae
1197 3122 1462 3177 redditur
1488 3120 1809 3193 pulchritu-

156 3211 272 3267 dini
298 3213 368 3267 ³⁸.

220 3302 273 3356 3.
305 3301 590 3358 Parentes
621 3301 891 3372 vero,qui
915 3318 1095 3355 causa
1118 3302 1298 3372 hujus
1322 3299 1457 3355 mali
1480 3304 1800 3370 erant,poz-
1832 3281 1875 3347 C

155 3390 399 3446 nitentia
434 3390 593 3445 ducti
615 3389 1087 3463 gloriﬁcaverunt
1115 3390 1677 3461 Dominum,quipro
1695 3406 1807 3443 me~

153 3476 456 3535 lioratione
486 3478 794 3535 hominum
829 3479 925 3533 ira:
960 3497 1077 3535 sua:
1114 3478 1343 3550 flagella
1376 3478 1684 3549 disponere
1712 3493 1807 3531 no-

151 3566 247 3622 vit.
278 3569 434 3624 Puer
463 3572 661 3622 autem
711 3570 753 3602 ²τ
808 3567 1118 3639 proﬁciens
1171 3573 1337 3621 relate
1389 3571 1445 3620 et
1494 3566 1800 3636 sapientia,

152 3656 246 3711 ubi
279 3662 517 3729 tempus
550 3661 693 3724 erat,
728 3656 1045 3712 christanis
1079 3657 1364 3710 imbuitur
1415 3655 1663 3717 litteris;
1702 3670 1802 3709 nec

152 3760 419 3817 egressus
450 3750 542 3801 est
572 3747 814 3800 domum
850 3746 1052 3816 patris,
1087 3747 1266 3799 donec
1302 3743 1802 3798 memoriterdidi-

153 3835 225 3888 cit
256 3835 625 3907 psalterium.
654 3834 898 3889 Proinde
931 3852 1033 3906 pro
1064 3834 1357 3889 discL-ndis
1390 3832 1727 3887 liberalibus
1760 3833 1802 3867 ’3

153 3921 360 3977 studiis
392 3921 710 3977 misiteum
730 3923 981 3993 paterad
1010 3922 1516 3994 archiepiscopum
1531 3921 1804 3975 Adalber—

152 4013 272 4066 tum
302 4011 418 4083 (an.
450 4011 602 4079 972),
639 4011 739 4082 qui
774 4011 845 4065 ab
878 4027 966 4076 eo,
990 4012 1145 4082 quod
1171 4013 1358 4065 verbis
1393 4011 1610 4073 docuit,
1634 4010 1804 4065 mori-

150 4096 256 4155 bus
282 4105 342 4156 et
367 4101 491 4155 vita
519 4115 814 4171 nusquam
847 4101 1105 4155 recessit.
1141 4100 1385 4154 Praeerat
1417 4104 1609 4153 autem
1645 4100 1799 4153 idem

151 4203 320 4244 sacra:
350 4187 509 4256 urbi,
543 4204 670 4259 qua:
702 4187 880 4244 latine
912 4190 1203 4261 virginum
1238 4188 1441 4243 civitas
1471 4188 1603 4257 (30),
1619 4204 1801 4258 graece

152 4274 592 4350 Parthenopolis
622 4282 892 4343 vocatur;
914 4279 1052 4332 urbs
1073 4278 1369 4349 quondam
1390 4282 1525 4331 nota
1546 4276 1796 4348 populis,

150 4369 203 4420 et
225 4383 342 4423 una
370 4383 441 4423 ex
462 4365 694 4439 magnis
714 4366 978 4433 urbibus,
1005 4367 1146 4421 dum
1172 4366 1397 4438 primus
1422 4366 1551 4420 Otto
1573 4369 1803 4436 sceptra

1917 630 2045 699 ipso
2080 635 2337 702 tempore
2368 638 2493 686 erat
2526 633 2568 666 =9
2600 631 2880 702 magister
2910 632 3202 688 seolarum
3229 634 3497 689 Octrieus
3519 637 3563 669 ³ο

1912 719 2151 788 quidam
2185 720 2592 791 philosophus,
2620 722 2727 775 sub
2760 738 2876 791 quo
2908 723 3082 776 turba
3102 723 3388 793 juvenum
3420 729 3477 778 et
3499 722 3562 778 li-

1912 807 2148 861 brorum
2181 810 2219 841 ³¹
2256 808 2423 879 copia
2454 808 2660 873 multa,
2696 809 2871 863 nimis
2903 815 3196 865 crescente
3228 812 3561 879 studio,llo-

1912 898 2327 967 rueruntlirgo
2361 898 2833 970 archiepiscopus
2868 899 2959 952 ille
2992 916 3237 971 puerum
3270 918 3401 955 cum
3429 919 3556 956 ma-

1911 1001 2024 1054 gna
2068 986 2308 1040 caritate
2358 987 2709 1059 suscipiens,
2745 989 2843 1042 dat
2891 989 3001 1041 sibi
3052 992 3555 1045 conﬁrmationem

1912 1075 2263 1128 sacrosancti
2300 1077 2617 1143 erismatis,
2652 1082 2707 1131 et
2741 1096 2846 1131 suo
2890 1079 3125 1133 nomine
3173 1080 3557 1133 Adalbcrtum

1904 1154 2212 1234 appellans
2248 1165 2486 1219 tradidit
2521 1166 2712 1219 scolis.
2746 1167 2957 1221 Aderat
2990 1168 3097 1220 sibi
3133 1168 3562 1239 diseentispiri-

1910 1256 2004 1305 tus
2037 1270 2268 1323 semper
2301 1252 2636 1307 individuus
2669 1255 2713 1288 ³²
2744 1271 2959 1321 eomes,
2996 1260 3050 1308 et
3096 1257 3353 1310 cucurrit
3396 1258 3440 1290 ³³
3469 1257 3557 1312 (Ιί-

1910 1341 2019 1394 vite
2050 1358 2191 1395 vena
2228 1342 2548 1411 ingenium,
2585 1342 2729 1397 ratio
2759 1344 2804 1376 3"
2836 1347 2889 1396 et
2922 1360 3151 1398 sensus.

1982 1432 2032 1484 4.
2068 1431 2211 1485 Toto
2242 1436 2437 1484 autem
2476 1438 2733 1501 tempore
2752 1430 2992 1486 scolaris
3013 1433 3189 1487 studii
3211 1451 3323 1488 non
3344 1432 3561 1488 emula-

1909 1523 2005 1572 tus
2038 1519 2227 1573 fuerat
2258 1519 2535 1573 facientes
2566 1519 3071 1590 iuiquitatemmec
3108 1521 3268 1575 stetit
3290 1521 3349 1577 in
3372 1523 3561 1578 consi-

1908 1606 1985 1662 lio
2016 1608 2464 1678 eorum,quibus
2482 1615 2648 1663 erant
2664 1612 2710 1642 ³⁵
2734 1609 2961 1663 inutilis
2982 1611 3026 1642 ³⁸
3049 1614 3216 1664 actus
3237 1614 3294 1664 et
3317 1610 3565 1681 puerilia

1910 1697 2188 1769 negocia;
2226 1697 2325 1751 sed
2379 1714 2511 1751 mox
2558 1698 2656 1751 ubi
2708 1697 2941 1769 longius
2990 1697 3213 1769 aliquid
3254 1700 3297 1733 ³⁷
3329 1699 3560 1770 positus

1909 1788 2189 1857 magister
2219 1786 2268 1841 ei
2302 1787 2492 1840 locum
2527 1787 2794 1857 praebuit,
2847 1786 3092 1842 occultis
3143 1788 3456 1844 itineribus
3486 1790 3559 1844 ad

1908 1882 2245 1930 sanctorum
2282 1882 2605 1946 martyrum
2640 1875 2937 1930 domicilia
2969 1876 3247 1947 confugit.
3284 1877 3366 1931 lbi
3396 1878 3439 1911 ⁸⁸
3471 1894 3560 1932 se-

1910 1965 2169 2017 cundum
2204 1980 2543 2018 mensuram
2570 1965 2848 2036 temporis
2869 1965 3197 2019 orationum
3215 1970 3348 2019 vota
3373 1965 3419 2000 ³⁰
3439 1983 3563 2038 per-

1911 2052 2158 2115 solvens,
2198 2070 2434 2107 rursum
2470 2057 2602 2107 ante
2635 2069 2944 2107 occursum
2979 2054 3244 2123 magistri
3298 2052 3422 2109 loco
3453 2071 3560 2110 suo

1912 2142 2143 2194 resedit.
2180 2141 2461 2196 Noctibus
2513 2158 2765 2212 quoque,
2803 2148 2865 2195 ut
2919 2159 3064 2212 opus
3116 2158 3291 2196 suum
3338 2142 3560 2197 bonum

1912 2232 1982 2283 at)
2014 2229 2292 2284 humanis
2322 2230 2602 2285 laudibus
2633 2230 2970 2297 occultaret,
3006 2229 3214 2285 circuit
3254 2247 3563 2302 pauperes,

1913 2319 2134 2374 debiles
2165 2326 2219 2373 et
2249 2337 2449 2383 caieos,
2487 2320 2702 2390 quibus
2737 2320 3061 2373 secundum
3093 2320 3332 2374 modum
3384 2319 3566 2375 mise-

1914 2408 2133 2461 riarum
2167 2410 2355 2462 amica
2386 2408 2675 2463 solamina
2704 2412 2963 2481 prmstat.
2986 2406 3202 2463 Verum
3236 2425 3306 2463 ne
3337 2426 3370 2463 a
3402 2408 3564 2463 bona:

1914 2496 2267 2568 Operationis
2300 2499 2495 2551 studio
2539 2500 2813 2563 cessaret,
2849 2503 3015 2569 pater
3062 2502 3119 2551 et
3164 2499 3293 2569 ejus
3343 2498 3567 2570 optima

1916 2594 2103 2639 mater
2130 2587 2329 2641 omnia
2361 2588 2405 2621 ‘0
2436 2587 2798 2641 sufﬁcienter
2827 2586 3115 2641 dederunt
3167 2585 3315 2651 Quin
3347 2591 3405 2640 et
3437 2602 3565 2641 ma-

1915 2676 2096 2744 gistro
2148 2692 2254 2730 suo
2303 2693 2513 2730 aurum
2566 2681 2624 2730 et
2671 2680 2982 2747 argentum
3014 2677 3055 2709 ⁴¹
3107 2692 3493 2749 quaecumque
3522 2677 3567 2711 ’θ’

1915 2763 2101 2819 oculis
2180 2763 2489 2818 hominum
2559 2763 2912 2835 dignissima
2980 2768 3146 2818 erant
3228 2764 3562 2832 oll'erentes,

1914 2854 2053 2907 kuro
2088 2852 2205 2906 ﬁlio
2236 2854 2279 2886 ‘3
2310 2852 2636 2907 doctrinam
2672 2868 2883 2923 magno
2916 2851 3110 2922 precio
3141 2856 3432 2907 emerunt.
3466 2851 3564 2908 llle

1914 2959 2045 2995 vero
2080 2940 2370 2995 indefesso
2401 2957 2576 2995 cursu
2608 2941 2681 2995 ad
2714 2957 2885 2995 omne
2906 2940 3187 2994 virtutum
3224 2939 3563 2996 exercitium

1917 3035 2101 3085 semet
2129 3031 2326 3101 ipsum
2360 3046 2591 3102 semper
2620 3028 2959 3095 extendens,
2999 3028 3155 3084 inter
3201 3046 3341 3084 suos
3389 3029 3563 3085 colle-

1918 3136 2020 3191 gas
2081 3118 2513 3196 pulcherrimus
2580 3117 2881 3190 processit.
2945 3118 3199 3173 Recessu
3272 3117 3559 3190 magistri,

1919 3209 2153 3278 quando
2185 3208 2372 3263 czeteri
2405 3207 2680 3262 inanibus
2709 3207 2865 3263 ludis
2896 3211 2955 3262 et
2984 3208 3118 3278 joco
3169 3205 3424 3263 laborem
3477 3207 3563 3262 le-

1915 3297 2086 3369 gendi
2120 3297 2227 3351 sibi
2263 3298 2622 3363 minuerunt,
2656 3296 2749 3351 ille
2778 3313 2910 3351 vero
2941 3298 2985 3328 “
3015 3295 3258 3351 Davitici
3310 3296 3564 3353 nectaris

1918 3387 2092 3441 mella
2122 3387 2465 3457 degustans,
2499 3385 2746 3458 spiritali
2798 3385 2919 3441 risu
2953 3402 3012 3439 se
3043 3385 3286 3439 solatur.
3322 3388 3564 3451 Quando

1918 3475 1997 3528 illi
2035 3475 2388 3546 prandentes
2422 3475 2481 3529 in
2515 3474 2747 3546 angulis
2777 3473 2947 3529 scolm
2966 3473 3158 3528 dulcia
3175 3474 3419 3529 obsonia
3440 3492 3583 3529 mar

1915 3564 2096 3635 giser
2156 3563 2448 3631 furantur,
2508 3562 2605 3618 ille
2660 3563 2904 3618 furtivas
2962 3563 3253 3619 orationes
3311 3562 3562 3618 dominre

1916 3671 2031 3707 sum
2064 3653 2106 3685 ⁶⁵
2137 3652 2247 3722 (32)
2296 3653 2555 3719 mittens,
2612 3652 2936 3724 angelicam
2987 3653 3195 3723 dapem
3249 3652 3358 3708 sibi
3411 3669 3562 3708 mer-

1914 3748 2099 3796 catur.

1984 3832 2035 3884 5.
2071 3830 2389 3885 Videamus
2421 3848 2575 3885 nunc
2608 3830 2761 3884 inter
2792 3830 2938 3885 alias
2967 3831 3212 3885 virtutes
3262 3846 3407 3901 quas
3457 3829 3560 3885 ha-

1916 3921 2037 3973 buit
2070 3920 2132 3983 4",
2169 3925 2382 3974 saneta:
2414 3918 2812 3990 simplicitatis
2846 3935 3024 3990 quam
3057 3918 3390 3974 ditissimus
3414 3924 3558 3975 erat.

1913 4009 2175 4073 Quadam
2207 4010 2300 4064 die
2333 4009 2472 4063 dum
2494 4008 2599 4062 iret
2631 4008 2699 4062 de
2722 4008 3081 4076 seolis,unus
3103 4008 3202 4079 qui
3227 4013 3350 4063 erat
3366 4008 3564 4063 socius

1913 4097 2159 4164 itineris,
2195 4102 2639 4169 prmtereuntem
2675 4096 2930 4169 puellam
2964 4097 3138 4152 homo
3171 4098 3565 4170 prostravit,et

1912 4204 2091 4241 causa
2122 4186 2244 4241 ludi
2278 4204 2411 4242 eum
2435 4187 2689 4258 desuper
2721 4186 3364 4258 projecit.Concurrunt
3385 4186 3566 4242 scola-

1913 4293 2023 4342 res,
2060 4280 2116 4331 et
2148 4260 2431 4347 quidnam
2477 4276 2624 4333 foret
2672 4280 2933 4339 acturus,
2967 4293 3101 4331 cum
3152 4275 3374 4349 ingenti
3425 4274 3562 4330 cha-

1911 4365 2127 4420 chinno
2160 4363 2618 4437 expectant._llle
2649 4380 2782 4418 vero
2813 4364 2952 4434 quia
2980 4364 3249 4419 vestitam
3276 4363 3557 4434 virginem

149 4454 359 4526 regalia
390 4455 562 4522 rexit;
584 4472 738 4510 nunc
756 4462 952 4511 autem
982 4473 1085 4527 pro
1108 4455 1363 4528 peccatis
1384 4455 1490 4522 {31)
1514 4455 1797 4509 semiruta
1827 4439 1874 4504 D
1905 4452 2113 4525 tetigit,
2149 4470 2180 4508 ο
2212 4453 2365 4509 bona
2393 4451 2647 4507 stultitia
2697 4453 2765 4506 ‘7!
2796 4452 2921 4522 jam
2956 4468 3015 4507 se
3067 4451 3337 4523 nupsisse
3377 4451 3559 4505 veris-

1512 4607 1754 4664 VARLE
1794 4604 2191 4663 LECTIONES

824 4727 868 4761 ²⁰
899 4725 1092 4781 lavero
1147 4726 1195 4778 1.

241 4725 284 4760 ¹⁹
308 4727 496 4781 turbae
527 4727 561 4780 3
585 4727 660 4790 4⁸,
689 4726 745 4781 b.

148 4793 199 4867 δ.
226 4796 488 4863 Ceciliae,
522 4798 813 4852 vicentius
844 4800 921 4851 4b.
958 4798 1207 4851 woithee
1239 4797 1291 4849 5.
1328 4796 1654 4867 ’.γωδ-Ηιθὶςιῖ
1691 4797 1847 4866 quod
1879 4812 2092 4849 nomen
2127 4798 2293 4847 sonat
2325 4791 2643 4867 consolatio
2675 4791 2962 4867 exercitus
2992 4792 3079 4844 3c.

1026 4871 1067 4901 ⁷⁸⁵
1101 4868 1268 4922 factis
1300 4872 1374 4919 3⁸.
1413 4867 1661 4936 peractis
1685 4872 1759 4931 Ila,
1794 4868 1853 4921 b.

1633 4940 1677 4971 3"
1709 4938 1980 4993 Obtrieus
2012 4943 2087 5000 3“,
2123 4953 2172 4990 c.
2208 4936 2453 4989 clericus
2481 4937 2554 4987 4³.
2590 4935 2837 4988 storieus
2871 4935 2948 4987 4⁸).
3026 4936 3065 4965 ³¹

147 4865 197 4918 5.
271 4870 315 4901 ³³
344 4870 430 4924 vel
464 4870 542 4923 3'.
621 4871 665 4903 ³⁸
696 4870 835 4923 ﬂent
869 4870 945 4922 λύ’.

148 4939 256 4991 tus.
293 4941 341 4994 1.
420 4942 464 4974 ῖε
495 4939 804 4995 libralibus
838 4942 883 4994 1.

148 5006 188 5039 ³³
217 5025 449 5067 semper
481 5011 721 5067 :::vidus
762 5014 807 5064 1.
845 5012 1118 5065 inviduus
1152 5014 1223 5064 4³.

149 5078 219 5133 4⁸.
321 5078 366 5117 δέ
399 5082 642 5137 inutiles
667 5088 721 5137 2.
755 5086 829 5148 3°,
865 5099 915 5137 c.
950 5083 1029 5136 lib.

213 5152 255 5185 39
284 5157 419 5209 votu
454 5170 599 5208 corr.
632 5160 764 5210 vota
800 5156 850 5208 1.
928 5154 971 5186 ⁴⁰
1002 5170 1055 5206 ο.
1091 5152 1163 5206 ei.
1199 5170 1245 5206 s.
1282 5157 1335 5206 2.

964 4941 1006 4973 ³⁵
1040 4940 1116 4993 ibi
1146 4939 1358 4992 addunt
1392 4940 1465 4997 4³.
1500 4939 1555 4991 1).

147 5360 331 5422 desunt
359 5360 416 5424 4³
446 5360 519 5423 ob
552 5360 881 5439 impulsum
914 5366 1077 5422 stulti
1108 5371 1183 5421 4b.

1301 5012 1345 5043 ³³
1378 5010 1555 5063 currit
1591 5010 1663 5073 4³,
1697 5010 1952 5064 currenti
1989 5010 2065 5062 4b.
2100 5012 2338 5060 currunt
2374 5012 2424 5059 2.
2455 5008 2529 5071 Il“,
2565 5022 2613 5057 e.
2647 5008 2699 5059 5.

1142 5084 1183 5114 37
1218 5080 1411 5151 aliquo
1444 5083 1497 5135 3'
1529 5082 1606 5145 3a,
1643 5082 1698 5134 b.
1734 5083 1787 5135 5.
1823 5077 2255 5150 aliquantulum
2289 5080 2375 5131 Ile.

1413 5153 1457 5185 ⁴⁴
1484 5151 1629 5206 deest
1652 5156 1705 5204 2.
1740 5155 1815 5206 4³.
1894 5146 1937 5185 ⁴έ
1968 5166 2210 5222 qiueque
2246 5150 2293 5201 l.
2325 5152 2654 5222 2._q_uoque_
2697 5149 2748 5200 4⁸
2769 5147 3014 5222 _5._deest_
3042 5146 3119 5222 [μδ.

150 5221 309 5296 233',
339 5243 385 5279 c.
421 5226 498 5291 4³,
531 5227 574 5281 ί).
606 5227 662 5280 5.
738 5227 783 5258 ’⁸⁵
812 5225 960 5296 deest
983 5227 1037 5279 2.
1070 5226 1123 5278 5.
1201 5225 1245 5259 ‘5
1279 5226 1353 5296 ita
1385 5225 1435 5277 1.
1456 5224 1748 5296 jmn_c0rr.
1782 5218 2194 5296 dominosuo;
2232 5220 2403 5296 matri
2436 5218 2659 5273 domini
2690 5218 2779 5273 sui
2815 5220 2875 5273 Ab

149 5290 403 5368 etfectus,
438 5290 841 5368 quantamque
875 5295 1069 5368 adhuc
1098 5296 1157 5348 in
1189 5290 1722 5367 pueritia'positus,
1754 5292 2078 5365 ostenderit
2108 5290 2396 5347 castitatis
2437 5308 2555 5345 suae
2607 5290 3049 5363 praerogativam
3080 5291 3133 5345 5.

1304 4726 1339 4757 εί
1378 4723 1651 4779 \voieteth
1692 4727 1745 4778 in
1780 4725 1893 4779 loco
1925 4739 2046 4778 rem
2091 4738 2195 4776 sec.
2228 4737 2395 4774 manu
2433 4721 2478 4774 1.
2515 4719 2782 4791 woytliec
2810 4723 2864 4773 2.
2895 4718 3171 4773 uventius
3205 4718 3283 4772 4³.
3317 4726 3369 4772 et
3398 4719 3551 4791 rodit.

3157 4790 3200 4822 ²²
3224 4807 3335 4845 non
3364 4790 3557 4847 solum

2712 4866 2751 4896 ’7
2784 4879 2948 4933 supra
2992 4861 3256 4933 scribitur
3294 4861 3553 4916 adelber-

3121 4932 3439 4987 liberorum
3471 4936 3549 4987 3'.

2661 5010 2699 5059 5.
2795 5006 2839 5037 3‘
2869 5005 3054 5058 oratio
3086 5006 3138 5057 2.
3175 5006 3261 5059 30.
3357 5005 3401 5037 ³⁵
3432 5009 3557 5059 erat

2488 5078 2531 5109 ³³
2566 5076 2661 5130 ubi
2700 5077 2748 5129 1.
2783 5093 2829 5131 e.
2865 5093 3004 5130 corr.
3040 5077 3118 5147 3?,
3153 5092 3202 5130 e.
3237 5075 3437 5147 ibique
3470 5079 3550 5131 lib.

1932 4870 1972 4899 έίλ
2009 4882 2187 4936 p—ne
2216 4881 2355 4919 corr.
2385 4864 2552 4934 p—ni
2588 4866 2633 4917 1.

2976 5220 3019 5253 ⁸⁸
3051 5218 3110 5272 h.
3147 5218 3350 5290 quales
3401 5236 3450 5274 s.
3503 5236 3552 5273 s.

3223 5292 3267 5326 ‘7
3301 5307 3354 5347 0.
3387 5290 3444 5345 b.
3478 5296 3553 5345 st.

1733 5490 1968 5547 NOTAE.

345 5625 1164 5775 gliﬁerseburgensis
1195 5699 1585 5774 episcopi,qui
1606 5699 1792 5758 archi-

1898 5625 2093 5699 episeo
2141 5630 2302 5681 atum
2335 5624 2901 5697 Maedeburgensem
2932 5625 3244 5680 invaserat.

1973 5642 2662 5773 (32)xllirginem7\1ariae,
2699 5696 2793 5755 cui
2823 5699 3197 5757 consecratus
3225 5710 3244 5749 ε

2162 5697 2417 5772 irginem
2432 5667 2793 5767 zlitariaefcui
2823 5699 3197 5757 consecratus
3225 5695 3368 5750 erat.

3210 5149 3254 5181 ⁸³
3288 5146 3410 5203 kari
3450 5146 3553 5201 ﬁlii
3630 5151 3634 5155 ⁴
