3900 6364
321 394 441 455 867

1322 400 1387 458 S.
1434 395 1883 457 ADALBERTI
1929 392 2275 457 EPISCOPI
2322 392 2757 455 PRAGENSIS

3634 391 3755 453 868

323 528 472 584 sime
502 532 543 563 ⁸⁸
575 530 989 585 crcdidit.1nde
1011 531 1243 601 erigens
1278 546 1337 583 se
1359 531 1402 563 ‘9
1425 530 1494 584 de
1526 528 1969 600 invisavirgine,
1999 531 2055 597 Α
2085 528 2324 600 lum,qui
2354 526 2533 582 adhuc
2564 524 2724 580 hodie
2754 527 2838 580 nil
2868 528 3053 580 sciunt
3084 524 3165 580 vel
3192 525 3592 595 faciunt,extra
3612 523 3753 596 quod

322 617 481 673 dedit
513 635 574 674 se
603 618 749 673 bene
781 616 1030 689 simplex
1050 618 1276 689 puerin
1310 617 1714 673 amarissimas
1748 616 1976 673 lamen-

322 704 593 772 tationes,
629 710 803 777 atque
833 706 1113 761 continuo
1146 705 1335 762 imbre
1365 704 1564 762 oculos
1596 705 1973 762 bumeetans:

317 794 433 849 Heu
460 801 580 850 me!
612 810 907 866 nupseram
937 797 999 861 ⁵ο,
1026 793 1252 866 inquid,
1282 800 1339 851 et
1380 795 1645 851 criminis
1669 794 1978 851 machina-

325 885 513 937 torem
554 882 737 954 digito
772 888 1110 938 monstrans
1144 900 1156 938 ε
1189 886 1288 939 llic
1314 901 1400 939 me
1422 884 1626 939 nubere
1656 885 1812 955 fecit!
1847 884 1977 939 ΙΙωο

320 976 376 1025 et
397 970 488 1025 his
520 970 738 1026 similia
768 972 884 1027 Deo
904 971 1113 1043 plenus
1143 972 1613 1043 iufantulusjam
1646 978 1788 1028 tunc
1808 991 1975 1044 agen-

319 1059 414 1127 do,
451 1058 771 1115 multorum
832 1060 1033 1115 oculos
1082 1060 1141 1115 in
1191 1078 1252 1116 se
1298 1062 1499 1117 defixit
1530 1063 1594 1130 δι,
1629 1062 1974 1117 mirantium

319 1148 450 1218 ejus
479 1153 609 1203 aeta
640 1166 705 1203 ac
732 1148 1052 1204 dicentium
1087 1167 1099 1204 :
1134 1151 1460 1206 Benedicens
1505 1151 1781 1207 benedixit
1830 1151 1977 1205 [tunc

312 1253 550 1307 puerum
578 1239 740 1305 Deus,
775 1240 871 1310 qui
905 1240 1054 1310 infra
1086 1240 1286 1294 limina
1315 1242 1581 1311 pucriciae
1630 1239 1809 1295 adhuc
1834 1242 1975 1311 posi-

312 1333 421 1393 tus,
450 1326 521 1382 ad
550 1329 751 1401 optima
781 1344 1008 1401 quaque
1024 1331 1106 1384 sic
1130 1329 1337 1384 arduus
1364 1331 1560 1401 surgit.
1591 1328 1630 1384 0
1654 1338 1736 1386 ter
1763 1337 1973 1401 quater-

316 1433 419 1488 que
450 1416 654 1485 beatus,
685 1419 737 1473 si
766 1417 886 1475 haec
914 1417 1273 1474 humanitatis
1314 1418 1496 1475 studia
1540 1427 1647 1475 tota
1695 1418 1973 1474 devozione

318 1505 721 1579 adimpleverit,
751 1513 802 1562 et
830 1507 1038 1579 arrepti
1064 1509 1243 1579 operis
1272 1524 1496 1563 cursum
1534 1524 1771 1579 congruo
1820 1509 1975 1563 exitu

316 1595 724 1652 terminaveritl
755 1596 981 1662 Quibus
1029 1613 1162 1652 vero
1211 1597 1484 1670 cognitus
1534 1602 1660 1652 erat
1709 1600 1874 1669 pater
1916 1600 1974 1651 et

317 1686 448 1756 ejus
474 1684 726 1743 mirifica
757 1689 943 1743 mater
974 1703 987 1742 :
1021 1687 1139 1743 Non
1166 1695 1247 1744 est
1274 1689 1501 1755 mirum,
1518 1687 1767 1753 aiunt,si
1790 1694 1971 1742 tantus

311 1782 393 1830 est
421 1774 485 1830 de
517 1776 681 1831 tantis
708 1775 1030 1848 parentibus
1059 1785 1228 1833 ortus.
1261 1777 1446 1833 Patris
1475 1777 1699 1849 justitia
1728 1777 1884 1846 ﬂoret
1912 1778 1971 1831 in

310 1880 391 1930 eo,
429 1873 481 1918 et
526 1871 793 1922 "interna:
834 1866 1054 1937 pietatis
1104 1868 1281 1937 imago
1337 1868 1391 1921 in
1441 1882 1720 1938 purpureo
1759 1875 1970 1938 pectore
1996 1903 2045 1969 Β

312 1961 518 2010 vernat.
553 1956 705 2020 Quot
735 1953 905 2011 annis
935 1955 1185 2022 studuit,
1214 1955 1502 2010 incertum
1531 1960 1619 2010 est
1645 1974 1657 2023 ;
1694 1955 1795 2011 sed
1828 1954 1966 2027 quia

316 2041 614 2098 saecularis
641 2041 1022 2117 philosophia:
1054 2044 1098 2078 ⁷⁷
1128 2049 1220 2099 sat
1250 2043 1681 2099 scientissimus
1700 2049 1842 2109 erat,
1862 2062 1964 2099 no-

314 2132 509 2187 vimus
543 2148 768 2188 omnes.
801 2135 984 2198 Quem
1016 2132 1323 2197 Dominus,
1358 2134 1550 2199 credo,
1585 2135 1655 2187 ad
1707 2133 1815 2187 hoc
1865 2133 1967 2188 hu-

310 2237 499 2276 mana:
531 2220 913 2294 philosophia:
946 2221 989 2254 ⁵³
1019 2222 1258 2276 studere
1288 2221 1571 2289 voluit,ut
1602 2226 1733 2293 post
1756 2221 1963 2276 divina)

309 2308 610 2381 sapientiae
645 2314 875 2365 montes
906 2309 1165 2365 faciliore
1188 2327 1395 2383 gressu
1424 2311 1702 2366 scandere
1735 2315 1961 2381 posset;

309 2403 412 2453 aut
443 2400 646 2470 pocius
679 2398 877 2455 saeculi
908 2415 1109 2455 amara
1142 2399 1420 2472 parvulus
1441 2406 1642 2472 potare
1672 2399 1966 2467 debuit,ut

312 2492 443 2559 post
474 2487 562 2542 vir
594 2487 783 2544 factus
812 2487 913 2544 Dei
947 2486 1144 2543 dulcia
1159 2488 1411 2543 avidiore
1447 2488 1643 2543 animo
1676 2487 1960 2543 hauriret.

377 2575 576 2632 6.Post
605 2576 725 2632 hinc
760 2576 1042 2649 magister
1071 2577 1366 2633 scolarum
1393 2577 1829 2649 “imperatoris
1851 2594 1967 2633 ser-

311 2665 456 2720 vitio
477 2664 791 2738 ascriptus,
808 2665 1058 2722 accessit
1080 2665 1136 2721 in
1160 2666 1382 2739 regiam
1415 2671 1641 2723 curtem
1666 2670 1778 2738 (an.
1811 2668 1962 2736 081).

307 2756 382 2809 At
410 2752 873 2811 arebimandrita
902 2755 949 2789 ⁸⁸
970 2753 1325 2813 Adalbertus
1353 2755 1398 2790 ⁵⁵
1423 2756 1690 2811 debitum
1741 2760 1965 2812 naturae

310 2841 669 2915 persolvens,
702 2861 774 2899 ex
808 2842 919 2900 hoc
966 2841 1174 2916 pelago
1224 2844 1297 2899 ad
1345 2843 1544 2900 littora
1590 2844 1965 2917 sempiternae

306 2931 693 2989 beatitudinis
724 2930 1135 2988 transvolarat.
1164 2931 1457 2989 Alumnus
1487 2938 1685 2989 autem
1716 2933 1811 2989 ille
1861 2950 1964 3005 pa-

308 3020 486 3076 triam
517 3036 802 3091 carosque
831 3020 1196 3093 propinquos
1216 3021 1617 3090 revisens,sub
1632 3039 1809 3077 sacra:
1831 3021 1965 3076 civi-

306 3108 445 3163 tatis
459 3109 654 3180 Praga:
680 3108 954 3179 episcopo
974 3110 1018 3141 ⁸⁸
1034 3124 1200 3164 arma
1231 3108 1569 3165 christiana;
1593 3109 1820 3164 milicia:
1860 3110 1964 3165 mi-

307 3196 585 3251 litaturus
606 3196 954 3266 assumpsit.
988 3196 1105 3253 Nec
1137 3195 1326 3251 multo
1359 3202 1493 3269 post
1530 3197 1686 3269 cepit
1714 3196 1965 3268 languor

2086 614 2292 687 digitus
2322 617 2365 649 6³
2394 623 2601 671 satana:
2632 616 2691 669 in
2723 630 2911 671 eorum
2942 613 3196 670 cordibus
3220 613 3460 685 scripsit.
3492 613 3559 669 Ve
3586 613 3751 679 mihi,

2091 705 2223 776 quia
2252 705 2428 760 silui!
2459 704 2567 759 Hoc
2594 710 2691 771 est,
2728 702 2866 775 quod
2897 702 3056 769 dolet,
3090 710 3142 758 et
3187 700 3389 757 dolebit
3436 703 3495 755 in
3543 716 3749 759 aevum.

2085 790 2225 847 Nam
2254 798 2410 848 ecce!
2440 791 2572 847 dira:
2600 792 2792 847 mortis
2823 793 3045 847 victima
3076 793 3135 845 iu
3168 790 3456 863 infernum
3486 798 3629 846 recta
3662 793 3755 846 via

2083 882 2525 952 proﬁciscar,ubi
2551 897 2756 936 vermes
2776 882 2888 935 mei
2905 897 3015 935 non
3036 881 3421 947 morientur,et
3436 880 3580 951 ignis
3598 895 3751 936 meus

2083 969 2295 1025 ardebit
2307 971 2363 1024 in
2379 975 2720 1037 a‘ternum,ct
2736 968 3005 1024 ultra.'Sic
3018 968 3168 1022 aitet
3180 968 3360 1023 citius
3373 967 3526 1023 dicto
3538 967 3756 1037 69(Vra-

2084 1073 2194 1112 GIL.
2229 1059 2355 1114 zEn.
2391 1060 2572 1130 1,1142)
2605 1057 2982 1125 obdormivit;
3020 1058 3327 1127 factusque
3356 1061 3445 1112 est
3475 1056 3751 1128 planctus

2084 1165 2340 1220 magnus
2373 1164 2549 1218 super
2576 1147 3094 1203 eum.Timuerunt
3122 1150 3320 1200 autem
3337 1145 3382 1179 ⁷ο
3399 1145 3611 1200 timore
3628 1163 3751 1200 ma-

2082 1236 2328 1307 gno,sed
2354 1254 2469 1307 prce
2493 1234 2769 1290 omnibus
2784 1233 3123 1289 adolescens
3140 1235 3204 1287 7‘.
3227 1233 3604 1301 Adalbertus,
3640 1235 3745 1305 qui

2083 1324 2174 1379 his
2190 1325 2399 1380 diebus
2414 1323 2729 1380 deliciosus
2752 1322 2920 1378 miles
2933 1326 3077 1378 erat.
3093 1322 3274 1377 Nocte
3292 1322 3496 1377 eadem
3512 1323 3557 1355 ⁷³
3574 1340 3747 1379 sacco

2080 1412 2329 1470 indutus
2362 1412 2591 1469 cilicino
2623 1417 2678 1469 et
2696 1417 2871 1485 caput
2887 1428 3030 1467 cano
3048 1410 3242 1466 cinere
3257 1411 3750 1483 respergens,sin—

2080 1502 2250 1576 gulas
2281 1501 2491 1559 circuit
2520 1501 2830 1570 ecclesias;
2854 1499 3213 1573 pauperibus
3245 1516 3477 1573 quoque
3495 1517 3622 1572 quas
3641 1500 3749 1557 ba-

2082 1592 2209 1648 buit
2240 1591 2400 1664 large
2432 1591 2799 1664 dispergens,
2822 1606 2882 1644 se
2915 1594 2972 1645 et
3003 1605 3242 1646 causam
3275 1606 3445 1645 suam
3470 1589 3746 1662 precibus

2081 1680 2329 1737 Domino
2355 1677 2933 1750 commendavit.lpsi
2953 1683 3149 1734 autem
3173 1676 3545 1750 episcopatus
3566 1677 3752 1735 bono-

2081 1786 2203 1825 rem
2228 1770 2355 1841 jam
2389 1774 2527 1825 tunc
2561 1767 2777 1841 aliquis
2800 1767 2995 1824 tacitis
3019 1764 3751 1839 repromissionibus,non-

2081 1859 2226 1916 nulli
2255 1858 2497 1932 publico
2529 1874 2796 1914 sermone
2819 1856 3237 1929 promiserunt.
3360 1853 3375 1867 ⁸

2144 1950 2198 2002 7.
2234 1948 2367 2004 Post
2399 1950 2647 2003 mortem
2683 1963 2812 2001 vero
2848 1944 3106 2018 episcopi
3140 1962 3256 2001 non
3290 1944 3460 2018 longe
3491 1946 3563 2001 ab
3597 1946 3745 2002 urbe

2077 2038 2261 2111 Praga
2292 2037 2479 2093 factus
2512 2042 2599 2092 est
2632 2040 2952 2091 conventus
2972 2033 3246 2090 desolatis
3264 2032 3452 2106 plebis
3470 2051 3588 2091 una
3603 2050 3745 2091 cum

2075 2126 2337 2199 principe
2368 2125 2527 2180 illius
2562 2130 2723 2180 terra:
2748 2129 2833 2194 ;et
2865 2126 2930 2179 fit
2955 2123 3205 2195 diligens
3230 2123 3744 2196 inquisitio,quem

2074 2232 2177 2287 pro
2212 2215 2308 2271 illo
2342 2219 2645 2287 ponerent.
2675 2213 3122 2285 Responderunt
3153 2217 3349 2268 autem
3382 2230 3584 2269 omnes
3619 2231 3743 2270 uno

2075 2322 2171 2360 ore
2206 2322 2218 2359 :
2256 2304 2317 2359 Et
2348 2306 2473 2377 quis
2502 2304 2671 2369 alius,
2706 2304 2819 2357 nisi
2853 2300 3110 2374 indigena
3159 2310 3340 2358 noster
3388 2301 3742 2372 Adalbertus,

2074 2396 2229 2465 cujus
2272 2401 2441 2461 actus,
2492 2392 2772 2457 nobilitas,
2823 2390 3041 2447 divicize
3096 2408 3161 2447 ac
3210 2393 3317 2447 vita
3362 2408 3486 2448 cum
3534 2391 3744 2448 honore

2073 2482 2399 2540 concordant
2418 2486 2443 2536 .9
2471 2482 2571 2537 Hic
2592 2497 2696 2555 quo
2725 2483 2839 2553 ipse
2868 2480 3159 2552 gradiatur
3184 2482 3384 2553 optime
3423 2484 3615 2549 novit,-
3643 2481 3742 2537 hic

2073 2576 2237 2630 etiam
2293 2571 2552 2627 ducatum
2607 2572 2923 2626 animarum
2987 2568 3287 2640 prudenter
3340 2571 3736 2626 amministrat.

2075 2662 2291 2719 Eodem
2324 2660 2417 2717 die
2450 2658 3019 2731 dominico,quando
3053 2657 3176 2715 haec
3207 2657 3411 2715 electio
3440 2659 3592 2715 facta
3619 2664 3735 2715 est.

2075 2749 2316 2825 quidam
2343 2747 2709 2805 validissimo
2742 2748 2992 2803 demonc
3022 2751 3229 2820 raptus
3257 2748 3443 2803 fertur
3466 2747 3526 2803 in
3546 2746 3736 2804 eccle-

2072 2840 2162 2898 sia
2190 2840 2234 2874 ⁷³
2263 2839 2363 2896 ubi
2396 2838 2565 2894 sedes
2596 2835 2949 2910 episcopalis
2979 2840 3173 2905 est;et
3198 2836 3373 2908 ccepit
3392 2835 3587 2908 palam
3600 2847 3741 2893 oon-

2074 2929 2225 2984 ﬂteri
2258 2925 2415 2984 mala
2444 2928 2489 2960 ⁷⁴
2518 2942 2648 2994 sua,
2683 2941 2934 2998 quorum
2966 2924 3079 2980 sibi
3110 2924 3383 2981 conscius
3413 2926 3735 2982 erat.Tunc

2073 3020 2470 3074 convenerunt
2500 3014 2758 3070 ministri
2801 3012 3174 3089 dominicalis
3224 3031 3463 3084 mensae,
3496 3019 3735 3071 orantes

2072 3123 2176 3179 pro
2207 3121 2274 3163 eo
2305 3110 2363 3160 et
2390 3102 2576 3159 sacris
2606 3101 2801 3158 verbis
2830 3100 3139 3156 inimicum
3170 3104 3738 3175 persequentes.Ex-

2072 3193 2345 3250 clamavit
2379 3196 2575 3248 autem
2607 3207 2709 3262 per
2740 3206 2805 3246 os
2836 3188 2996 3245 illius
3028 3189 3476 3261 impurissimus
3503 3192 3738 3248 daemon

308 3282 604 3355 pessimus
663 3283 916 3339 eundem
964 3284 1328 3356 episcopum,
1379 3291 1436 3341 et
1484 3285 1813 3340 detestabili
1846 3288 1963 3342 fine
1994 3272 2036 3338 C
2074 3283 2276 3340 dicens
2311 3298 2322 3337 :
2361 3280 2512 3353 Quid
2542 3279 2686 3335 mihi
2731 3295 2797 3333 ac
2826 3278 3018 3335 vobis?
3053 3278 3281 3335 Venistis
3329 3277 3625 3336 detrudere
3653 3296 3741 3337 me

307 3371 581 3428 clausura
609 3372 790 3427 vitam
812 3371 968 3427 venit
988 3372 1040 3429 ei
1071 3371 1283 3429 ultima
1304 3373 1429 3430 dies
1459 3374 1883 3446 (an.082).Num
1903 3375 1962 3432 in

308 3466 567 3516 extremo
600 3459 883 3529 anhelitu,
920 3478 1055 3518 cum
1086 3466 1286 3518 tamen
1320 3462 1513 3519 adhuc
1565 3480 1782 3536 magna
1829 3481 1964 3535 pars

308 3549 517 3605 animas
539 3554 838 3622 superstes
869 3552 1035 3621 foret,
1070 3552 1419 3619 astantibus,
1441 3570 1691 3625 quorum
1714 3552 1811 3609 ille
1834 3554 1966 3611 ado-

309 3638 536 3695 lescens
567 3640 610 3673 ⁵⁷
645 3656 797 3695 unus
824 3646 968 3707 erat,
1006 3640 1157 3697 hanc
1191 3639 1464 3695 fabellam
1497 3642 1538 3674 ⁵⁸
1571 3658 1725 3713 aegra
1755 3643 1799 3677 δι’
1830 3659 1964 3698 voce

310 3728 507 3783 retulit
541 3745 553 3783 :
587 3730 653 3784 Ei
676 3729 720 3763 ⁶⁰
760 3730 939 3786 mihi!
971 3731 1150 3802 qualis
1179 3747 1332 3785 cram
1384 3738 1436 3787 et
1481 3739 1745 3803 quantum
1782 3731 1962 3787 diver-

307 3834 399 3871 sus
429 3818 471 3851 ⁶¹
502 3817 569 3873 ab
602 3818 697 3873 illo
730 3817 1002 3888 (VIRGIL.,
1032 3821 1157 3874 Ain.
1188 3837 1248 3887 ιι,
1282 3820 1429 3891 274),
1460 3820 1674 3891 qualem
1706 3837 1790 3876 me
1818 3838 1966 3876 nuuc

307 3923 422 3962 esse
453 3906 681 3963 vellem!
713 3908 777 3963 Ei
806 3925 892 3964 me
922 3911 1226 3969 miserum!
1256 3908 1474 3981 perdidi
1502 3909 1617 3965 dies
1646 3927 1822 3979 meos,-
1843 3913 1965 3983 jam

304 3997 636 4066 pamitentite
679 3998 901 4068 fruetus
953 4015 1226 4070 nusquam
1253 4000 1335 4053 ⁸³]
1369 3999 1521 4055 Perii
1551 4000 1594 4033 ⁵³
1617 4006 1635 4054 !
1672 4000 1771 4057 Ubi
1812 4014 1966 4055 nunc

309 4083 482 4141 honor
508 4100 660 4141 meus
691 4093 742 4141 et
780 4087 972 4142 inanes
1020 4086 1287 4144 diviciw?
1331 4086 1370 4143 0
1418 4103 1545 4143 caro
1587 4089 1873 4160 putribilis
1916 4096 1969 4146 et

308 4188 430 4228 esca
477 4174 768 4240 vermium,
816 4174 914 4230 ubi
955 4192 1105 4231 nunc
1130 4176 1309 4247 gloria
1339 4183 1390 4232 et
1418 4175 1774 4247 pulchritudo
1805 4180 1963 4234 vani-

310 4263 436 4319 tatis
481 4266 635 4320 tum?
666 4264 931 4335 Decepisti
981 4281 1085 4335 me,
1127 4264 1403 4337 decepisti,
1454 4266 1634 4338 fallax
1680 4269 1960 4338 saeculum,

305 4352 627 4423 promittens
656 4350 799 4408 mihi
827 4368 1093 4410 annosam
1121 4362 1353 4420 aetatem,
1398 4363 1449 4411 et
1492 4355 1642 4411 ecce!
1673 4358 1966 4428 insperatae

309 4442 498 4498 mortis
525 4439 709 4513 gladio
740 4449 799 4498 ut
828 4442 969 4500 male
1000 4445 1323 4501 intercmisti
1343 4446 1590 4501 animam
1617 4462 1794 4503 nteant
1814 4454 1831 4503 !
1863 4446 1966 4504 Sed

309 4546 491 4585 meum
521 4531 695 4586 scelus
725 4539 1018 4605 utcumque
1047 4533 1319 4589 veniabile
1355 4541 1535 4590 tamen
1565 4535 1610 4570 6³
1638 4551 1767 4607 erga
1810 4538 1966 4608 pium

2073 3373 2138 3429 de
2167 3372 2264 3427 hoc
2294 3370 2604 3426 habitacula
2637 3375 2793 3424 meo!
2828 3366 2978 3440 Quid
3002 3366 3222 3439 prodest
3240 3369 3452 3440 jactare
3482 3384 3575 3424 vos
3621 3370 3743 3424 ina-

2073 3464 2170 3518 nia
2201 3460 2361 3517 verba
2389 3461 2415 3515 ?
2444 3460 2551 3531 Ego
2583 3458 2766 3525 illum,
2804 3459 2900 3529 qui
2930 3473 3181 3511 sessurus
3211 3463 3290 3513 est
3328 3458 3389 3511 in
3437 3458 3543 3513 ista
3587 3456 3737 3526 sede,

2074 3551 2230 3608 valde
2262 3553 2421 3606 timeo
2446 3567 2458 3617 ;
2492 3549 2821 3618 ubicumque
2849 3563 2976 3602 eum
3009 3545 3159 3602 video
3188 3547 3271 3602 vel
3301 3545 3611 3615 audio,non
3640 3564 3743 3602 au-

2074 3659 2165 3697 sus
2183 3657 2305 3697 sum
2319 3648 2482 3695 stare.
2500 3638 2569 3693 Et
2595 3637 2874 3693 continuo
2893 3652 3179 3708 spumans
3197 3635 3408 3691 demon
3427 3652 3743 3693 murmura

2075 3737 2131 3787 et
2163 3729 2471 3786 horrisona
2485 3726 2661 3782 verba
2691 3724 3046 3797 ingeminat;
3084 3729 3141 3781 et
3174 3724 3317 3780 diris
3342 3723 3617 3781 dentibus
3631 3725 3737 3781 diu

2076 3820 2440 3884 infrendens,
2474 3817 2546 3873 ad
2592 3814 2872 3870 ultimum
2922 3813 3097 3870 exivit
3147 3812 3384 3869 homine
3431 3829 3595 3869 sano.
3629 3813 3735 3870 Die

2077 3915 2308 3983 postero
2341 3912 2473 3964 ante
2504 3910 2696 3962 ortum
2723 3903 2863 3961 solis
2895 3902 3054 3959 venit
3078 3901 3332 3958 nuncius
3361 3901 3737 3975 dicens,quia

2075 4000 2199 4057 beri
2227 3999 2481 4055 domnus
2505 3994 2855 4052 Adalbertus
2881 4009 3170 4050 consensu
3192 3993 3235 4026 ⁷⁵
3257 3990 3495 4064 publico
3511 3990 3735 4049 electus

2076 4094 2164 4147 est
2195 4088 2255 4144 in
2287 4087 2652 4160 episcopum.
2686 4083 3055 4139 Concurrunt
3085 4080 3338 4155 populus
3389 4096 3526 4137 cum
3576 4077 3735 4136 clero

2075 4177 2467 4252 gloriﬁcantes
2499 4178 2556 4230 et
2586 4172 2803 4246 gratias
2834 4177 3074 4246 agentes
3095 4168 3511 4242 Domino,quia
3531 4167 3734 4226 volens

2076 4268 2398 4338 nolensque
2429 4278 2681 4334 nequam
2716 4260 2957 4334 Spiritus
3005 4259 3309 4317 confessus
3361 4262 3450 4315 est
3498 4256 3737 4314 electio-

2077 4374 2212 4416 nem
2243 4354 2426 4411 illius.

2146 4449 2200 4501 8.
2223 4445 2342 4515 (An.
2360 4443 2511 4515 983.)
2546 4440 2801 4497 Rediens
2824 4438 3048 4495 interea
3073 4439 3142 4495 de
3171 4437 3477 4495 Sarracino
3501 4436 3732 4505 “bello,

2075 4536 2221 4593 adiit
2253 4533 2538 4590 Veronam
2569 4530 2611 4563 ⁷⁷
2662 4527 3080 4601 imperatorius
3130 4544 3296 4599 apex,
3327 4526 3551 4583 scilicet
3601 4525 3735 4582 Otto

312 4619 608 4674 Dominum
636 4620 795 4689 foret,
832 4622 946 4675 nisi
974 4621 1113 4693 quod
1143 4622 1187 4657 ⁸⁵
1218 4622 1609 4680 commendabo
1636 4624 1811 4696 plebis
1862 4642 1967 4681 sce-
1999 4642 2046 4708 Ι)
2076 4624 2393 4691 secundus,
2419 4620 2512 4676 cui
2545 4619 2653 4674 fuit
2683 4634 2896 4674 manus
2930 4617 2988 4671 in
3023 4614 3221 4690 praelio
3253 4616 3441 4683 fortis,
3464 4615 3525 4671 in
3557 4631 3735 4687 parvo

319 4708 435 4762 lera
469 4707 540 4763 ad
567 4710 850 4765 cumulum
881 4712 1233 4767 miseriarum
1279 4712 1539 4768 accedunt
1568 4714 1632 4768 θδ.
1671 4714 1969 4785 Voluptates

317 4798 466 4850 enim
505 4804 557 4851 et
583 4796 857 4855 desideria
875 4802 953 4854 eis
980 4816 1080 4871 pro
1112 4802 1223 4871 lege
1251 4810 1408 4857 erant
1426 4822 1446 4867 ;
1474 4819 1575 4857 nec
1598 4804 1859 4874 prohibui
1885 4806 1973 4876 fu-

312 4891 535 4951 rentem,
560 4901 660 4941 nec
673 4887 965 4957 prohibere
990 4891 1147 4959 potui
1175 4899 1361 4961 sponte
1390 4891 1431 4925 6⁷
1457 4899 1773 4962 pereuntem
1803 4910 1971 4965 popw

2080 4730 2320 4786 corpore
2334 4710 2590 4768 maxima
2607 4707 2824 4773 virtus;
2845 4711 3137 4779 augustus
3152 4704 3359 4762 melior
3378 4706 3530 4760 bono
3544 4709 3734 4776 patre,

2078 4812 2135 4862 et
2166 4810 2228 4860 ut
2259 4804 2417 4858 fama
2447 4797 2733 4864 meminit,
2765 4813 2867 4868 per
2895 4795 3095 4851 omnia
3124 4812 3287 4851 cesar
3317 4791 3740 4850 christianissi-

2080 4911 2234 4951 mus.
2272 4891 2430 4948 Idem
2466 4892 2605 4943 tunc
2634 4886 2818 4941 victor
2849 4890 2905 4940 et
2935 4885 3122 4939 victus
3146 4899 3249 4956 pro
3282 4880 3678 4953 recolligendo
3693 4882 3738 4916 ⁷⁸

1682 5026 1924 5086 VARI/E
1963 5027 2359 5088 LECTIONES

381 5115 425 5148 ‘3
454 5113 598 5170 deest
626 5118 677 5171 2.

314 5185 508 5241 desunt
534 5190 586 5240 2.

757 5119 801 5153 “3
832 5120 976 5176 deest
1011 5122 1057 5176 1.

313 5327 781 5432 ll’iflﬁ
804 5327 1312 5432 liberatos-,3?-

338 5402 357 5432 9
388 5402 575 5454 mesta
604 5404 657 5454 2.
736 5404 781 5436 ⁶⁰
810 5404 1154 5460 Ei—vellem
1186 5406 1382 5463 desunt
1410 5409 1482 5463 4³.

309 5470 355 5504 ⁶³
388 5469 601 5525 Peribit
635 5473 683 5525 1.
760 5474 806 5507 δεῖ
834 5473 977 5530 deest
1004 5480 1056 5530 2.
1090 5479 1143 5531 5.
1222 5479 1266 5510 “‘
1294 5479 1437 5535 deest
1470 5482 1519 5533 1.

312 5546 409 5621 tus
440 5543 495 5596 4³
547 5543 610 5621 ’δί’
639 5543 783 5621 deest
816 5546 864 5599 1.
896 5550 997 5621 βλ.Δ
1052 5549 1094 5581 ⁷⁸
1127 5565 1177 5601 a.
1216 5565 1418 5606 omnes
1450 5552 1528 5603 3c.
1567 5552 1642 5621 4⁸,
1675 5554 1733 5609 b.

312 5615 387 5669 ita
416 5615 641 5694 saepius.
691 5617 763 5694 _73
793 5617 1102 5694 ecclesiam
1133 5621 1208 5687 3',
1233 5622 1366 5694 (ξηίιι)
1394 5622 1455 5694 5.
1528 5623 1571 5655 ⁷⁴
1601 5615 1840 5694 peccata
1862 5630 1916 5682 2.

314 5686 647 5749 saracenico
679 5688 767 5762 4ο..
793 5689 839 5751 δ.

1136 5123 1179 5155 δθ
1213 5122 1496 5179 miserum
1527 5126 1608 5181 3c.
1640 5173 1644 5178 .
1689 5127 1727 5159 ⁵⁷
1754 5127 1811 5181 d.
1848 5145 1927 5182 m.
1962 5146 2012 5185 e.
2048 5148 2101 5186 a.
2135 5129 2192 5184 d.
2228 5127 2290 5182 Β.
2325 5125 2382 5180 b.
2415 5122 2474 5177 h.
2509 5121 2705 5176 desunt
2728 5121 2801 5173 4³.

689 5189 735 5270 ⁷³
767 5208 814 5243 s.
846 5194 1147 5270 Asterieus
1174 5194 1827 5270 imperatorisOthonis
1859 5202 2101 5257 secundi
2138 5197 2370 5255 servitio
2423 5196 2502 5270 4⁷).

315 5273 608 5349 coeorum,
644 5257 738 5340 hic
759 5268 957 5349 autem
991 5257 1285 5349 signiﬁcat
1316 5268 1825 5349 archiepiscopum
1948 5275 2005 5349 in
2038 5273 2306 5343 margine.

1426 5339 1467 5414 f‘“
1501 5356 1552 5392 a.
1588 5339 1819 5414 donnus
1851 5339 2206 5400 Adalbertus
2240 5360 2296 5397 u.
2332 5339 2410 5394 4⁷³.
2521 5339 2566 5414 ῖ⁹⁸
2611 5339 3011 5414 ιίλουξξοηριηλ

1599 5411 1639 5443 ⁶¹
1676 5413 1751 5466 ita
1780 5416 1834 5465 2.
1869 5415 1948 5468 3c.
1986 5417 2046 5470 41)
2076 5415 2222 5473 deest
2252 5414 2301 5468 1.
2346 5411 2613 5465 mutatus
2644 5408 2699 5461 3‘
2735 5402 3047 5461 dissimilis
3077 5403 3132 5455 5.

1596 5481 1638 5514 ⁵⁸
1671 5484 1952 5541 accedent
1980 5490 2034 5542 2.
2070 5486 2421 5542 accederunt
2450 5481 2535 5534 30.
2571 5476 2935 5533 accedissent
2964 5476 3019 5527 5.

1811 5555 1850 5588 ⁷¹
1887 5572 1937 5611 a.
1972 5558 2204 5613 donnus
2236 5558 2301 5611 A.
2338 5555 2416 5609 4b.

1994 5630 2038 5662 ⁷⁵
2066 5643 2351 5685 concessu
2384 5640 2523 5683 corr.
2559 5635 2851 5681 consensu
2886 5619 2936 5676 1.

917 5691 959 5727 ⁷⁷
984 5690 1165 5767 glossa
1194 5709 1212 5751 :
1243 5690 1304 5751 id
1329 5696 1417 5751 est
1444 5690 1649 5759 bunn'a
1676 5696 1728 5755 1.
1805 5698 1847 5736 τε
1878 5698 2249 5779 recoligendo
2285 5700 2337 5760 1,

2882 5118 2925 5151 ⁵³
2954 5114 3341 5189 philosophias
3370 5144 3434 5189 ‘—
3456 5111 3734 5189 humanae

2609 5194 2653 5226 δ⁴
2679 5185 3147 5246 archimandrita
3190 5185 3423 5258 proprie
3462 5186 3737 5257 princeps

2426 5204 2502 5248 4ο.
2609 5204 2653 5226 ν’
2679 5204 3147 5246 arcmmanorna
3234 5204 3423 5258 roprle
3462 5204 3729 5257 princeps

2421 5268 2464 5300 ⁵⁵
2497 5260 3025 5333 Magdeburgensis
3045 5204 3393 5333 Adelgertus
3416 5258 3497 5311 4⁷³.
3603 5257 3729 5333 55c.

2525 5280 2590 5320 lla
2636 5280 3023 5333 oeDurgcnSis
3045 5280 3393 5314 Λαθιυεξπιυδ
3416 5280 3497 5311 ‘1”.
3603 5280 3650 5290 "'
3680 5280 3729 5311 υ.

2525 5337 2566 5369 δε
2595 5280 2966 5390 Elocutionem
3003 5332 3056 5385 4·
3089 5329 3247 5385 hunc
3281 5343 3616 5385 sermonem
3654 5329 3732 5382 41».

3246 5401 3291 5435 ⁸³
3324 5398 3526 5455 nullus
3558 5402 3652 5452 est
3679 5402 3735 5453 2.

3097 5474 3141 5507 ⁸⁷
3171 5470 3318 5527 deest
3348 5473 3401 5525 1.
3477 5470 3521 5504 ⁵⁸
3554 5469 3736 5525 diota-

2495 5552 2539 5584 ⁷²
2571 5565 2621 5606 e.
2657 5546 2970 5619 przedictus
3002 5546 3236 5600 donnus
3279 5541 3641 5599 Adalbertus
3679 5542 3735 5596 4⁵

2495 5640 2523 5678 ·.
2559 5635 2851 5681 consensu
2886 5619 2936 5676 1.
3014 5617 3057 5653 ⁷⁸
3089 5630 3425 5685 sarraceno,
3455 5616 3547 5672 2c.
3581 5613 3658 5672 3a
3678 5629 3730 5670 ο.
