3900 6362
363 357 479 417 871

1353 354 1418 413 S.
1464 347 1913 412 ADALBERTI
1955 341 2306 408 EPISCOPI
2348 344 2787 410 PRAGENSIS

3666 346 3782 408 872

369 489 578 561 opibus
608 488 771 543 nulla
802 488 866 522 ¹²²
887 485 1334 558 superfuissent,
1349 483 1521 554 cmpit
1547 479 1837 537 curiosius
1857 495 2021 534 exco-
2053 481 2106 546 Α
2137 478 2290 552 cipia
2312 477 2792 548 Christianorum,
2829 496 2976 552 quos
3010 484 3301 536 mercator
3330 480 3570 538 Judazus
3600 481 3673 516 ¹⁴²
3699 482 3784 536 in-

365 576 571 650 gitare,
607 575 747 648 quid
780 575 862 630 illl
898 575 1036 632 dare
1067 577 1295 646 posset;
1323 577 1379 628 et
1408 571 1544 628 cum
1575 567 1721 626 nihil
1755 567 1914 625 aliud
1937 585 2026 624 oc-

366 671 642 734 curreret,
669 664 974 737 ingressus
1005 663 1218 730 cubile,
1243 662 1398 734 quod
1431 660 1623 716 solum
1656 659 1865 714 habuit
1887 657 2025 714 tulit

364 755 500 810 inde
533 753 787 809 sericum
819 751 1107 826 pulvinar,
1127 750 1222 806 eui
1243 749 1593 806 abstraltens
1615 745 2024 819 sericum,plu-

362 860 490 898 mas
510 844 573 877 ¹²³
588 841 1050 914 circumquaque
1073 857 1175 912 per
1205 843 1447 895 domum
1479 837 1790 910 respersit;
1811 836 2022 892 deinde

358 933 435 988 tul
459 932 714 1004 jacentis
747 929 998 987 mendici
1051 932 1366 985 clamorem
1421 944 1750 993 recurrens,
1782 925 2020 982 inanem

361 1039 686 1094 purpuram
722 1021 780 1075 in
812 1037 990 1093 rugas
1043 1017 1414 1090 complicavit
1445 1019 1530 1084 ηδ,
1564 1021 1621 1072 et
1651 1033 1755 1088 per
1803 1033 2018 1072 coeun-

361 1109 510 1166 tium
546 1112 611 1146 "5
651 1112 974 1182 januarum
1021 1107 1311 1163 foramina
1359 1105 1655 1173 amittens,
1685 1103 1795 1160 hoc
1843 1103 2017 1159 fertili

359 1199 512 1254 dono
545 1216 787 1254 manum
822 1197 1097 1271 pauperis
1131 1195 1540 1252 accumulavit.
1577 1195 1760 1266 Cujus
1794 1195 1927 1250 furti
1955 1196 2018 1228 ¹²⁶

357 1293 562 1345 auctor
609 1307 744 1344 cum
797 1287 1022 1357 lateret,
1055 1303 1308 1358 eumque
1359 1283 1506 1357 Myzl
1541 1285 1604 1319 “'7
1635 1285 1849 1339 domus
1897 1302 2014 1340 sum

353 1377 713 1434 camerarius
747 1379 811 1412 "3
861 1377 969 1433 hoc
1015 1375 1168 1430 inter
1217 1390 1430 1447 pueros
1488 1372 1754 1446 asperius
1815 1373 2014 1445 requi-

353 1483 478 1522 rere
513 1467 580 1502 "9
609 1467 798 1534 vellet,
850 1464 1152 1539 prohibuit
1199 1481 1332 1520 cum
1382 1463 1583 1518 dicens
1618 1479 1630 1518 :
1663 1462 2015 1534 Nequaquam

353 1557 616 1612 inimicus
667 1556 824 1612 homo
871 1555 970 1612 hoc
999 1555 1064 1590 ’³ο
1093 1555 1240 1624 fecit,
1279 1551 1373 1608 sed
1421 1553 1519 1624 qui
1565 1551 1816 1623 indigens
1874 1559 2010 1619 erat,

348 1647 586 1717 forsitan
613 1661 713 1720 pro
740 1644 1011 1717 explenda
1039 1643 1354 1700 necessitate
1382 1642 1696 1712 assumpsit.

425 1735 512 1789 12.
548 1733 708 1800 Inter
737 1733 858 1789 haec
891 1735 1095 1789 sancta
1127 1747 1303 1804 opera
1343 1747 1459 1785 non
1509 1729 1765 1786 desierat
1812 1729 2012 1802 pluere

349 1822 786 1894 praedicationis
815 1822 1023 1886 verba;
1059 1836 1163 1875 nec
1185 1819 1296 1874 sibi
1320 1819 1513 1874 solum
1546 1819 1872 1886 bonus,nec
1896 1817 2010 1874 nisi
2039 1851 2086 1918 Β
2121 1816 2476 1872 mitissimus
2532 1816 2704 1872 heros
2765 1835 2777 1871 :

347 1927 482 1966 cum
507 1911 778 1984 pluribus
795 1907 1194 1965 131cmlcstium
1211 1908 1558 1980 gaudiorum
1574 1907 1866 1980 particeps
1881 1925 2008 1965 esse

343 2000 562 2066 voluit;
599 1999 848 2073 singulis
881 2000 946 2034 ¹³²
977 1997 1384 2070 compassionc
1429 1997 1750 2068 proximus,
1785 2002 1842 2052 et
1891 2014 2004 2068 prie

346 2089 578 2146 cunctis
605 2089 664 2144 in
697 2087 1188 2160 contemplatione
1229 2103 1590 2158 suspensus;
1624 2086 1708 2140 sic
1758 2084 1878 2141 alta
1908 2102 2004 2158 pe-

345 2181 500 2246 tens,
540 2183 605 2234 ut
639 2177 1037 2250 proximorum
1083 2175 1320 2232 infirma
1367 2191 1481 2228 non
1532 2173 1886 2246 despiceret;
1924 2173 2005 2230 sic

346 2267 601 2323 infirmis
630 2269 696 2303 ¹³³
727 2267 1124 2339 proximorum
1157 2280 1507 2339 congruens,
1543 2269 1608 2318 ut
1647 2263 1764 2318 alta
1812 2270 2006 2337 petere

346 2375 464 2414 non
499 2357 811 2414 desisteret
832 2374 845 2424 ;
866 2357 948 2412 sic
966 2353 1338 2410 discretionis
1367 2358 1552 2410 artem
1575 2369 1803 2408 servare
1827 2354 2003 2422 novit,

348 2451 412 2502 ut
443 2451 600 2502 esset
624 2445 681 2501 in
705 2463 770 2502 eo
795 2449 851 2501 et
872 2447 1035 2516 juste
1067 2442 1378 2500 consulens
1415 2441 1816 2498 misericordia
1834 2448 1890 2498 et
1913 2443 2008 2516 pie

346 2535 593 2592 saeviens
614 2536 678 2570 ‘3‘
699 2533 1156 2606 disciplina.lpsi
1179 2537 1376 2588 autem
1399 2531 1692 2588 contraria
1711 2531 2007 2589 voluntate

351 2625 424 2682 ad
481 2623 777 2682 carnalem
829 2639 1070 2680 sensum
1119 2621 1268 2694 lapsi
1319 2621 1406 2687 ⁸³³,
1439 2621 1662 2677 bonum
1712 2626 2005 2694 pastorem

345 2711 514 2786 sequi
547 2713 885 2770 noluerunt.
906 2712 1063 2768 Novo
1089 2709 1304 2783 quippe
1325 2709 1499 2765 modo
1523 2726 1655 2764 cum
1681 2716 1880 2766 essent
1901 2729 2010 2766 cm-

342 2802 595 2859 lestibus
607 2801 778 2858 bonis
793 2799 1350 2874 pasti,pcccatorum
1365 2798 1588 2854 fecibus
1601 2799 2006 2872 explebantur.

343 2891 445 2948 Ille
476 2893 544 2927 ¹³⁶
575 2890 944 2964 spiritalibus
969 2888 1060 2958 adj
1072 2886 1278 2943 utoriis
1299 2885 1733 2943 caulasmsuas
1755 2906 2006 2960 priamu-

342 2980 467 3035 nire
499 2979 717 3047 instat;
751 2976 836 3032 illi
868 2977 1189 3042 destruere,
1223 2975 1378 3046 quod
1412 2975 2004 3044 fecit,diabolicisim-

342 3067 806 3144 pugnationibus
839 3062 1246 3120 festinant.llle
1263 3063 1645 3135 acaptivitatc
1670 3065 2003 3122 daemonum

341 3162 399 3212 ct
429 3155 710 3212 viciorum
744 3151 1029 3227 populum
1077 3151 1325 3206 liberare
1355 3156 1554 3222 parat;
1586 3151 1670 3206 illi
1703 3169 1770 3206 eo
1801 3153 1996 3210 areius

2131 569 2282 625 felici
2316 585 2456 625 auro
2474 573 3051 642 emcratemptospue
3069 570 3476 643 totcpiscopus
3502 569 3786 626 redimere

2131 674 2248 714 non
2279 657 2560 730 potuitJn
2592 656 2816 713 somnis
2848 674 3082 732 quoque
3101 659 3374 733 apparuit
3401 659 3452 716 ei
3473 659 3785 729 Dominus,

2130 747 2428 803 suscitans
2457 763 2593 802 eum
2623 750 2682 802 et
2710 747 2782 803 de
2811 745 2968 805 lento
3007 763 3216 820 sopore
3263 764 3502 822 surgere
3541 749 3784 822 jubens.

2129 833 2341 908 Inquid
2373 835 2471 891 ille
2504 852 2517 890 :
2557 837 2698 909 Quis
2729 851 2784 892 es
2815 844 2875 892 tu
2904 845 3014 892 tam
3065 839 3376 910 imperiosae
3423 841 3785 905 auctoritatis,

2128 926 2212 979 vel
2241 917 2396 998 cujds
2425 927 2509 981 rei
2525 928 2763 997 gratiam
2791 929 3020 999 quietem
3041 929 3297 999 frangere
3313 927 3789 1002 jubcs?Respon-

2129 1011 2213 1068 dit
2248 1031 2260 1068 :
2295 1014 2402 1085 Ego
2432 1031 2555 1070 sum
2601 1015 2756 1070 Iesus
2805 1015 3074 1084 Christus,
3109 1017 3208 1089 qui
3252 1017 3502 1074 venditus
3548 1035 3712 1086 sum;
3739 1027 3790 1074 et

2125 1119 2244 1158 ecce
2294 1106 2492 1158 iterum
2542 1104 2744 1160 vendor
2788 1105 3018 1173 Judzcis,
3052 1113 3103 1161 et
3143 1113 3201 1161 tu
3229 1105 3415 1162 adhuc
3456 1109 3641 1164 stertis
3678 1107 3786 1164 "3?

2127 1191 2229 1247 llle
2259 1193 2718 1265 expergefactus,
2756 1211 2956 1249 secum
2996 1194 3174 1250 tacito
3218 1196 3391 1251 corde
3442 1200 3780 1268 pertractat,

2126 1282 2411 1352 quidnam
2445 1283 2566 1338 hanc
2597 1283 2742 1338 visio
2771 1283 2962 1339 vellet.
2997 1285 3280 1340 Admovet
3312 1283 3598 1341 solvenda:
3632 1303 3786 1359 qua:-

2126 1369 2432 1426 stiunculaa
2465 1371 2689 1427 socium
2725 1374 2790 1407 1“
2812 1372 3138 1446 elegantem
3169 1373 3359 1429 virum
3385 1374 3780 1431 Williconem.

2124 1459 2226 1514 Hic
2260 1459 2476 1516 honore
2509 1460 2902 1533 praepositum:
2937 1466 3178 1534 praeerat
3203 1463 3452 1532 caeteris,
3493 1463 3658 1520 hunc
3697 1464 3785 1520 vir

2123 1547 2538 1605 sanctissimus
2569 1550 2837 1606 omnium
2870 1549 3248 1608 consiliorum
3273 1569 3514 1608 suorum
3545 1553 3784 1626 partici-

2123 1653 2255 1710 pem
2315 1638 2468 1694 fecit.
2521 1638 2627 1694 Cui
2687 1656 2822 1696 cum
2885 1657 3060 1696 suam
3107 1640 3392 1698 visionem
3442 1645 3778 1714 exponeret,

2122 1727 2424 1798 respondit
2465 1727 2524 1782 in
2557 1729 2622 1762 ’⁵⁵
2671 1729 2904 1801 propria
2953 1729 3128 1785 verba
3175 1733 3234 1786 et
3281 1729 3635 1803 cogitatione
3687 1731 3783 1788 ille

2843 1817 3066 1886 Quando
3121 1817 3433 1876 vendantur
3482 1820 3784 1877 christiani

2113 1905 2338 1972 Juda’is,
2391 1907 2530 1960 hanc
2579 1906 2937 1962 venditionem
2983 1909 3194 1980 patitur
3242 1910 3306 1944 ιω
3341 1911 3455 1982 ipse
3498 1909 3778 1979 Christus,

2115 1996 2271 2066 cujus
2303 2011 2398 2050 nos
2434 1996 2496 2030 “'7
2535 2011 2727 2068 corpus
2772 2005 2822 2052 ct
2869 1997 3136 2068 membra,
3170 2015 3204 2054 a
3252 2015 3356 2072 quo
3401 2015 3689 2056 moremur
3733 2010 3784 2056 et

2115 2101 2328 2139 sumus.

2191 2175 2274 2228 13.
2310 2174 2438 2229 llaec
2473 2179 2714 2231 sanctus
2745 2176 3056 2249 episcopus
3097 2193 3264 2250 requa
3311 2175 3476 2234 lance
3525 2195 3778 2254 perpen-

2117 2261 2284 2330 dens,
2318 2267 2375 2318 ct
2404 2263 2475 2318 ab
2508 2263 2626 2319 imo
2657 2265 2850 2320 cordis
2883 2263 3057 2338 longa
3089 2267 3347 2340 suspiria
3375 2267 3780 2336 trahens,am-

2117 2350 2274 2424 plius
2307 2356 2458 2407 stare
2479 2353 2542 2387 ¹¹³
2561 2353 2788 2421 timuit;
2809 2354 3006 2426 sicque
3025 2355 3269 2412 consilio
3282 2355 3499 2413 doloris
3513 2364 3776 2432 accepto,

2115 2441 2271 2496 venit
2303 2442 2546 2498 Romam
2580 2448 2695 2511 (an.
2728 2443 2876 2516 989),
2909 2448 2963 2499 et
2995 2445 3324 2518 apostolicae
3370 2448 3526 2505 sedis
3569 2449 3778 2522 ponti-

2118 2529 2285 2586 ficem
2319 2531 2452 2602 (34),
2485 2533 2587 2604 qui
2615 2533 2674 2588 in
2704 2535 2866 2589 tanto
2907 2551 3014 2590 suo
3063 2533 3382 2608 populique
3429 2536 3776 2598 discrimine

2117 2617 2264 2675 foret
2293 2625 2552 2689 acturus,
2573 2621 2962 2695 gemebundis
2985 2623 3050 2658 “9
3070 2624 3380 2695 questibus
3402 2624 3468 2660 ¹⁵⁰
3487 2626 3772 2700 inquirit:

2119 2708 2560 2776 Commeadatus,
2593 2709 2980 2782 inquid,mihi
3005 2728 3141 2783 grex
3169 2711 3366 2770 audire
3393 2729 3480 2770 me
3502 2731 3613 2771 non
3635 2715 3772 2784 vult,

2113 2813 2213 2853 nec
2239 2799 2387 2870 capit
2413 2813 2590 2854 sermo
2617 2815 2771 2854 meus
2799 2801 2857 2854 in
2890 2800 3030 2868 illis,
3063 2803 3124 2856 in
3174 2818 3408 2875 quorum
3446 2800 3506 2837 ¹⁵¹
3536 2805 3773 2876 pectori-

2116 2885 2215 2966 bus
2241 2885 2598 2944 daemoniacze
2625 2889 2904 2942 servitutis
2937 2889 3171 2960 imperia
3199 2899 3524 2962 regnant;et
3545 2894 3773 2966 earegio

2112 2965 2219 3041 est,
2243 2974 2342 3029 ubi
2365 2991 2466 3046 pro
2485 2975 2634 3048 justo
2665 2977 2838 3030 virtus
2869 2980 3136 3048 corporis,
3146 2995 3248 3049 pro
3279 2979 3392 3052 lege
3424 2980 3678 3053 voluptas
3697 2965 3772 3016 ί¹⁵²

2113 3061 2432 3117 dominatur
2472 3063 2648 3132 (Joan.
2695 3079 2822 3131 vm,
2871 3065 2984 3132 37).
3034 3065 3118 3120 Ad
3179 3065 3301 3124 haec
3349 3069 3768 3141 apostolicus:

2113 3151 2240 3205 Fili.
2273 3148 2500 3222 inquid,
2535 3151 2662 3222 quia
2696 3159 2745 3206 te
2780 3153 2936 3224 sequi
2981 3152 3196 3221 nolunt,
3227 3157 3359 3226 fuge
3401 3157 3546 3230 quod
3596 3167 3767 3216 nocet.

341 3263 402 3300 se
435 3245 493 3298 in
523 3242 684 3299 omni
715 3245 950 3314 peccato
981 3239 1240 3312 obligare
1272 3257 1385 3294 non
1417 3240 1836 3296 cessant.Vidit
1857 3259 1994 3316 ergo
2027 3218 2071 3286 Ο
2111 3237 2301 3312 Operae
2327 3240 2574 3310 precium
2603 3247 2681 3295 est
2709 3240 2876 3309 enim,
2909 3241 2960 3295 si
2989 3257 3110 3296 eum
3144 3241 3277 3298 aliis
3322 3218 3584 3317 fructum
3613 3265 3770 3321 agere

339 3334 671 3406 episcopus,
705 3331 846 3402 quia
875 3326 1086 3384 divinis
1116 3326 1344 3400 legibus
1367 3329 1675 3384 adversum
1701 3328 1781 3384 ire
1804 3331 1993 3387 omni-

340 3423 452 3478 bus
513 3421 704 3478 modis
763 3417 1118 3474 festinarunt
1149 3417 1438 3486 ‘3“;vidit,
1494 3418 1650 3490 quod
1705 3419 1992 3476 obdurato

339 3513 510 3568 corde
560 3511 618 3566 in
679 3509 864 3564 Deum
922 3505 1172 3580 grandia
1223 3523 1466 3578 qumque
1498 3510 1556 3562 ct
1599 3524 1745 3563 nova
1776 3509 1997 3566 scelera

339 3599 660 3674 adimplere
691 3597 1082 3663 meditantur;
1107 3595 1252 3650 vidit
1285 3595 1518 3668 optimae
1547 3597 1994 3669 gubernationis

341 3690 610 3748 frustrari
641 3688 908 3754 lacertos,
944 3684 1077 3759 plus
1109 3685 1286 3740 etiam
1319 3685 1525 3742 obesse
1557 3686 1664 3742 sibi
1699 3703 1874 3759 quam
1900 3706 1996 3762 po-

339 3779 476 3853 pulo
507 3777 802 3852 prodesse.
838 3775 1020 3832 Deﬂet
1053 3776 1118 3808 ¹³⁹
1148 3791 1282 3847 ergo
1315 3779 1640 3847 peccatum,
1667 3781 1722 3831 ct
1755 3779 1996 3833 amaris-

337 3871 490 3926 simo
521 3869 682 3924 luctu
715 3865 1093 3940 prosequitur
1123 3865 1382 3937 dampna
1415 3864 1652 3937 perdita:
1686 3867 1992 3939 gentis.Ad

340 3957 616 4013 ultimum
649 3954 883 4028 cogitat,
920 3953 1131 4009 melius
1170 3969 1297 4008 esse
1346 3951 1672 4025 relinquere
1721 3973 1898 4027 quam
1934 3957 1992 4011 in

339 4063 488 4103 casco
519 4051 576 4101 et
607 4049 814 4117 sponte
847 4047 1126 4115 pereunte
1177 4039 1390 4114 populo
1440 4059 1677 4114 operam
1726 4046 1989 4118 perdere.

341 4133 505 4201 Quod
538 4132 792 4188 maxime
823 4130 893 4185 de
929 4129 1118 4185 tribus
1145 4129 1340 4188 causis
1371 4135 1568 4186 actum
1600 4149 1726 4189 esse
1763 4134 1988 4203 dicunt,

339 4223 441 4296 qui
473 4222 655 4294 hujus
689 4220 767 4276 rei
802 4218 1067 4274 ordinem
1093 4217 1219 4290 ipso
1243 4224 1515 4276 narrante
1537 4222 1989 4294 comperierunt.

341 4313 535 4370 Prima
563 4316 620 4367 et
647 4307 805 4365 velut
836 4306 1177 4381 principalis
1211 4308 1274 4342 “0
1305 4324 1483 4364 causa
1530 4315 1766 4383 propter
1794 4311 1990 4384 plures

339 4418 547 4459 uxores
577 4398 757 4456 unius
785 4396 926 4466 viri;
962 4397 1220 4453 secunda
1243 4402 1482 4470 propter
1501 4398 1844 4458 detestanda
1862 4419 1994 4460 con-

2103 3344 2214 3384 non
2239 3335 2406 3400 potes,
2443 3329 2524 3384 vel
2555 3330 2604 3384 ie
2635 3330 2816 3401 ipsum
2846 3344 2954 3385 non
2996 3329 3212 3402 perdas.
3249 3332 3428 3400 Quare
3477 3351 3602 3392 meo
3653 3354 3772 3395 eon-

2102 3419 2230 3474 silio
2280 3419 2466 3489 arripe
2513 3419 2614 3474 tibi
2659 3420 2779 3474 acia
2821 3421 3312 3492 contemplationis,
3343 3429 3396 3479 et
3435 3423 3562 3480 sede
3631 3428 3772 3484 inter

2103 3524 2213 3576 eos,
2240 3509 2336 3580 qui
2365 3511 2530 3562 vitam
2564 3509 2801 3580 quietam
2835 3511 2892 3562 in
2921 3509 3119 3564 studiis
3148 3509 3404 3566 dulcibus
3433 3521 3484 3568 et
3517 3514 3769 3571 salubris

2103 3605 2289 3669 agunt.
2323 3595 2438 3652 Ilac
2471 3597 2668 3668 itaque
2700 3596 2856 3652 velut
2888 3596 3082 3653 divina
3115 3599 3498 3672 responsione
3530 3605 3763 3660 anima-

2105 3692 2202 3740 tus
2229 3702 2364 3741 cum
2397 3686 2469 3739 ad
2495 3685 2697 3741 futura
2726 3691 3064 3742 sanctorum
3097 3687 3314 3760 gaudia
3343 3690 3572 3746 ardenti
3607 3693 3764 3749 desi-

2105 3776 2264 3830 derio
2298 3774 2616 3842 anhelaret,
2654 3775 2858 3830 statuit
2889 3792 3092 3832 secum
3123 3776 3315 3833 natale
3347 3776 3538 3834 solum
3573 3782 3764 3838 notio-

2105 3881 2315 3936 resque
2349 3865 2412 3898 ¹⁵³
2444 3863 2690 3937 populos
2721 3864 3144 3937 derelinquere.
3191 3864 3329 3922 Vult
3359 3883 3466 3940 pro
3511 3867 3765 3926 Domino

2103 3970 2341 4026 peregre
2368 3951 2868 4026 proﬁcisci,atque
2891 3953 3047 4010 velut
3078 3953 3188 4012 sub
3211 3953 3325 4012 alio
3369 3955 3489 4013 sole
3526 3957 3763 4032 inopem

2103 4045 2313 4100 ducere
2345 4046 2660 4098 senectam.
2687 4042 2896 4098 Omnia
2929 4043 3074 4100 dura
3105 4047 3161 4099 et
3191 4060 3398 4118 aspera
3427 4061 3532 4117 pro
3549 4047 3762 4106 dilecto

2101 4133 2241 4190 Jesu
2273 4130 2467 4189 dulcia
2497 4131 2608 4187 sibi
2643 4131 2769 4186 visa
2801 4136 2966 4200 sunt;
2988 4148 3093 4205 pro
3126 4132 3305 4190 divite
3334 4133 3568 4192 Christo
3582 4153 3763 4211 angu-

2102 4228 2256 4278 stam
2284 4220 2622 4294 pauperiem
2657 4219 2797 4292 pati,
2833 4238 2949 4277 non
2985 4226 3106 4278 tam
3135 4220 3302 4278 labor
3339 4239 3522 4297 quam
3550 4225 3758 4298 ingens

2101 4329 2266 4368 amor
2294 4316 2436 4367 erat.
2455 4310 2590 4366 Post
2621 4309 2770 4366 hanc
2803 4326 2922 4366 sua:
2955 4309 3170 4368 mentis
3188 4310 3675 4371 deliberationem
3695 4316 3758 4348 "‘

2101 4407 2408 4474 argentum
2442 4399 2798 4472 pauperibus
2829 4398 2988 4472 large
3033 4399 3416 4471 distribuens,
3450 4401 3754 4476 episcopa-

328 4492 501 4566 jugia
529 4489 910 4556 clericorum;
947 4485 1117 4543 tertia
1136 4487 1721 4561 proptcrl‘lcaptivos
1741 4495 1798 4546 et
1819 4509 1990 4550 man-
2021 4481 2068 4548 D
2100 4495 2214 4550 lem
2247 4505 2540 4546 cameram
2569 4493 2808 4545 evacuat
2841 4489 2924 4543 ³⁵⁵.

1693 4605 1934 4666 VARI/1‘3
1976 4606 2392 4667 LECTIONES.

409 4735 475 4768 ιη
506 4721 682 4786 nullae
729 4731 929 4785 3:1.4b.
1010 4731 1074 4764 ηδ

341 4873 530 4953 rarius
564 4877 614 4928 1.
647 4873 1006 4953 [impositus
1027 4878 1081 4926 2.
1115 4876 1195 4939 33,
1229 4889 1273 4928 c.
1307 4874 1386 4953 4a:
1464 4875 1535 4953 f‘”
1563 4874 1684 4946 inq.
1727 4876 1808 4938 3a,
1843 4894 1888 4931 c.
1918 4879 2000 4932 41).

1032 4731 1074 4764 ²³
1107 4729 1382 4801 plumans
1438 4745 1592 4786 eraso
1643 4749 1702 4786 n.
1741 4734 1790 4786 1.
1829 4734 2092 4805 plumam
2133 4739 2188 4790 2.
2221 4734 2275 4788 5.
2354 4733 2420 4765 ²²⁴
2453 4733 2526 4785 ita
2573 4734 2627 4784 2.
2661 4730 2740 4784 3c.
2775 4729 3085 4802 complevit
3141 4745 3280 4786 corr.
3318 4731 3670 4838 compressit
3701 4734 3748 4787 1.

1025 4803 1061 4838 Et
1116 4803 1171 4838 Im
1231 4803 1296 4835 125
1327 4808 1520 4838 nunt-In
1553 4805 1586 4838 9
1688 4805 1753 4838 126
1787 4807 1918 4838 amt:
1955 4810 1989 4838 ς
2090 4808 2152 4838 in
2185 4806 2328 4838 AM”
2372 4804 2430 4838 Qn
2484 4800 2723 4838 ιιιιίιιίιιη
2754 4805 2787 4838 9
2842 4803 2900 4838 Qa
2958 4803 3014 4838 In
3069 4800 3264 4838 m’mnn
3296 4803 3359 4838 At.
3480 4803 3522 4837 21
3553 4820 3748 4838 ωιτη..-

339 4803 680 4874 complieuit
729 4805 810 4858 3a.
845 4801 1067 4874 colligit
1109 4800 1194 4854 Ἀθ.
1231 4803 1296 4835 1³⁵
1325 4808 1526 4873 aperta
1553 4805 1607 4858 2.
1688 4805 1753 4839 ¹²⁶
1787 4800 1919 4862 laeti
1953 4810 2007 4862 5.
2090 4808 2152 4842 “7
2184 4806 2328 4860 deest
2371 4804 2450 4858 3c.
2484 4800 2723 4856 uuillico
2754 4805 2805 4854 2.
2841 4800 2924 4854 3a;
2957 4803 3036 4856 4a.
3069 4800 3264 4858 uillico
3295 4803 3378 4858 lib.

341 4875 530 4929 rarius
564 4877 614 4928 1.
649 4873 996 4932 pramositus
1027 4878 1081 4926 2.
1115 4876 1195 4932 33,
1229 4889 1273 4928 c.
1307 4874 1386 4927 4a.
1469 4875 1535 4908 ³⁵³9
1563 4874 1684 4932 ina.
1727 4876 1808 4932 3a.
1843 4894 1888 4931 c.
1918 4879 2000 4932 41).
2081 4879 2146 4913 ¹³⁰
2174 4877 2319 4932 deest
2347 4877 2393 4930 1.
2478 4875 2540 4908 ¹³ι
2573 4889 2678 4926 nec
2731 4873 2856 4928 sine
2888 4889 2945 4932 ι).
2977 4890 3047 4928 ea:
3093 4889 3233 4930 corr.
3270 4874 3320 4928 1.
3353 4891 3378 4931 ε

3480 4803 3522 4837 ²⁶
3553 4820 3750 4860 cama-

2478 4875 2540 4908 ¹³ι
2573 4889 2678 4926 nec
2731 4873 2856 4928 sine
2886 4889 2945 4942 p.
2977 4890 3047 4928 ea:
3093 4889 3233 4930 corr.
3270 4874 3320 4928 1.
3353 4874 3454 4931 sed
3507 4890 3645 4930 cum
3671 4877 3749 4930 3a.

342 4947 407 5024 {3’
437 4963 486 5024 s_.
521 4943 664 5024 (ιτ-ΗΣ
694 4943 836 5024 et
873 4961 928 5024 c._
967 4945 1012 4998 i.‘
1038 4962 1087 4998 c.
1123 4961 1172 5024 s_.
1202 4951 1324 5015 post
1352 4943 1662 5024 desisteret
1689 4949 2009 5024 scribantur
2037 4951 2098 5024 in
2126 4953 2180 5024 2_.
2215 4951 2296 5024 3e.
2333 4945 2495 5024 Unde
2533 4945 2845 5024 disputans
2895 4945 2964 4998 de
3015 4961 3202 5024 regnq
3239 4943 3340 5024 D_ei
3387 4951 3448 5024 et
3494 4947 3750 5024 suadens

441 5015 690 5092 _ju_stiti_a
733 5015 882 5092 eius,
916 5017 974 5092 in
1023 5015 1242 5092 multas
1299 5031 1534 5092 scornm
1583 5022 1808 5092 (eorum
1855 5023 1954 5092 lli.)
1986 5020 2327 5092 iniquitates
2376 5015 2660 5092 fervente
2701 5015 2820 5070 zelo
2871 5015 3144 5072 excurrit.
3180 5015 3298 5092 Ipsi
3355 5020 3552 5092 autem
3589 5021 3668 5092 4a,
3699 5018 3745 5092 li.

342 5089 407 5122 ³³⁸
440 5085 884 5141 infirmitatibus
917 5089 996 5150 3c,
1029 5088 1096 5140 5.-
1164 5087 1228 5120 ³³⁸
1261 5087 1524 5142 seruiens
1570 5094 1621 5143 2.

1703 5091 1767 5163 1³⁵
1799 5085 2012 5163 relapsi
2062 5085 2142 5158 3's,
2177 5111 2220 5144 c.
2258 5092 2336 5156 lia,
2372 5091 2421 5142 b.
2499 5089 2565 5163 ’ἥδ
2600 5086 2700 5163 [ne
2747 5103 2987 5163 7:319“
3047 5085 3306 5163 cessabit-
3335 5087 3533 5163 άεδμηί
3587 5085 3746 5163 4³³³⁸

429 5157 624 5240 caules
646 5227 657 5238 .
680 5159 1073 5241 qorr.“caqlas
1210 5157 1408 5215 claues
1438 5161 1520 5241 3s.
1555 5229 1566 5241 .
1600 5161 1662 5194 ¹³³
1695 5157 1976 5241 festinant
2019 5164 2115 5241 30,_
2131 5157 2483 5241 festinarent
2505 5161 2583 5241 Ilia
2609 5159 2664 5213 5.
2719 5158 2810 5241 “13°
2837 5157 3021 5241 Dellet
3150 5157 3346 5241 gentis
3388 5159 3638 5241 desunts
3672 5161 3745 5241 113'.

341 5231 407 5265 “0
432 5227 774 5302 primicialis
829 5231 883 5296 2,
945 5229 1023 5284 3c.

342 5302 406 5336 1ὁῦ
438 5301 583 5336 Hane!
610 5304 644 5336 9
747 5299 812 5334 με
845 5299 1023 5336 run-ila

342 5302 406 5336 “5
437 5301 583 5356 deest
610 5304 664 5355 2.
747 5301 775 5334 ²¹

341 5372 636 5428 stionibus
691 5369 775 5438 3a,

340 5441 851 5517 pertractationem
887 5443 936 5496 1.

883 5299 1059 5354 ariter
1085 5302 1139 5354 2.
1203 5299 1284 5334 πῖ
1317 5318 1374 5356 n.
1409 5299 1620 5358 sumus
1653 5319 1703 5358 c.
1735 5305 1818 5360 3a.

859 5379 968 5445 eest
996 5371 1133 5445 2L5.
1212 5373 1275 5406 ¹⁵¹
1307 5371 1447 5445 illis,
1505 5371 1846 5445 iniquorum
1889 5379 1971 5433 3a.

1015 5443 1081 5477 ³⁵⁵
1110 5443 1423 5499 euacuauit
1447 5447 1502 5516 2,
1534 5443 1670 5512 3a‘c,
1703 5447 1764 5501 11a
1792 5449 1841 5502 b.

1105 5229 1166 5262 “‘
1202 5245 1260 5300 p.
1312 5229 1607 5302 mancipia
1662 5238 1722 5288 et
1778 5236 2009 5291 animas
2066 5229 2160 5291 ch.
2213 5235 2294 5288 4a.
2372 5233 2438 5265 ¹⁴²
2468 5231 2668 5286 videns
2717 5230 2796 5287 3a.

1105 5303 1139 5354 Ξ.
1221 5301 1284 5334 ¹⁴τ
1317 5318 1374 5356 n.
1409 5318 1620 5358 sumus
1653 5319 1703 5358 c.
1735 5305 1818 5360 3a.
1898 5308 1963 5342 “3
1995 5306 2110 5360 ista
2143 5307 2193 5360 1.
2273 5303 2340 5339 1"
2369 5301 2746 5360 aemibundis
2775 5303 2796 5356 1

1995 5306 2110 5362 ista
2143 5307 2193 5360 1.

2878 5231 2944 5264 “3
2975 5229 3210 5286 steteris
3257 5231 3310 5286 1.
3388 5231 3455 5267 ¹“
3491 5231 3640 5288 deest
3697 5229 3744 5284 1.

2273 5303 2340 5339 1"
2369 5301 2746 5376 gemibundis
2775 5303 2826 5376 1ξ
2857 5301 3268 5376 gemebundus
3296 5303 3430 5376 2,5.
3509 5303 3576 5339 “0
3602 5319 3747 5376 qua:-

2052 5378 2118 5413 ¹⁶²
2147 5371 2422 5434 uoluntas
2472 5377 2526 5430 2.
2605 5373 2668 5408 ¹⁵³
2701 5371 3081 5447 nocioresque
3132 5374 3183 5445 1,
3229 5376 3284 5430 2.
3364 5374 3429 5410 “5‘
3459 5376 3520 5432 in
3572 5371 3742 5446 marg.

412 5641 523 5718 (34)
549 5593 836 5702 Joannem
864 5637 1006 5711 XVI,
1041 5639 1144 5718 qui
1169 5656 1266 5699 an.
1297 5639 1546 5700 985-996
1576 5639 1747 5700 sedit.
1782 5643 1866 5703 Cf.
1898 5545 2233 5724 uigili).
2267 5644 2360 5704 21.
