  <div class='ocr_page' id='page_1' title='image "/cluster/home/n/w/nwhite01/storage/ocr_20150623/136-137/uc1.31175019686917/1120.png"; bbox 0 0 3900 6366; ppageno 0'>
   <div class='ocr_carea' id='block_1_1' title="bbox 180 450 293 510">
    <p class='ocr_par' dir='ltr' id='par_1_1' title="bbox 180 450 293 510">
     <span class='ocr_line' id='line_1_1' title="bbox 180 450 293 510; baseline -0.018 0"><span class='ocrx_word' id='word_1_1' title='bbox 180 450 293 510; x_wconf 83' lang='lat'>8&#39;77</span> 
     </span>
    </p>
   </div>
   <div class='ocr_carea' id='block_1_2' title="bbox 1783 448 1995 510">
    <p class='ocr_par' dir='ltr' id='par_1_2' title="bbox 1783 448 1995 510">
     <span class='ocr_line' id='line_1_2' title="bbox 1783 448 1995 510; baseline -0.009 -1"><span class='ocrx_word' id='word_1_2' title='bbox 1783 448 1995 510; x_wconf 85' lang='lat' dir='ltr'>Vl’l‘A.</span> 
     </span>
    </p>
   </div>
   <div class='ocr_carea' id='block_1_3' title="bbox 3482 456 3600 515">
    <p class='ocr_par' dir='ltr' id='par_1_3' title="bbox 3482 456 3600 515">
     <span class='ocr_line' id='line_1_3' title="bbox 3482 456 3600 515; baseline 0 -1"><span class='ocrx_word' id='word_1_3' title='bbox 3482 456 3600 515; x_wconf 86' lang='lat'><strong>878</strong></span> 
     </span>
    </p>
   </div>
   <div class='ocr_carea' id='block_1_4' title="bbox 178 580 3604 655">
    <p class='ocr_par' dir='ltr' id='par_1_4' title="bbox 178 580 3604 655">
     <span class='ocr_line' id='line_1_4' title="bbox 178 580 3604 655; baseline 0.002 -18"><span class='ocrx_word' id='word_1_4' title='bbox 178 581 357 637; x_wconf 80' lang='lat' dir='ltr'>scitur</span> <span class='ocrx_word' id='word_1_5' title='bbox 387 582 519 651; x_wconf 77' lang='grc'>(45),</span> <span class='ocrx_word' id='word_1_6' title='bbox 556 580 964 636; x_wconf 77' lang='lat' dir='ltr'>atrocissimus</span> <span class='ocrx_word' id='word_1_7' title='bbox 1000 580 1250 634; x_wconf 78' lang='lat' dir='ltr'>febrium</span> <span class='ocrx_word' id='word_1_8' title='bbox 1282 581 1447 635; x_wconf 85' lang='lat' dir='ltr'>dolor</span> <span class='ocrx_word' id='word_1_9' title='bbox 1475 598 1678 635; x_wconf 79' lang='lat' dir='ltr'>vexare</span> <span class='ocrx_word' id='word_1_10' title='bbox 1711 599 1821 635; x_wconf 77' lang='lat' dir='ltr'>em-</span> <span class='ocrx_word' id='word_1_11' title='bbox 1854 585 1907 647; x_wconf 82' lang='grc' dir='ltr'><strong>Α</strong></span> <span class='ocrx_word' id='word_1_12' title='bbox 1938 580 2192 635; x_wconf 78' lang='lat' dir='ltr'>ecclesiae</span> <span class='ocrx_word' id='word_1_13' title='bbox 2237 586 2469 639; x_wconf 81' lang='lat' dir='ltr'>custodi</span> <span class='ocrx_word' id='word_1_14' title='bbox 2523 586 2775 642; x_wconf 70' lang='lat' dir='ltr'>fideliter</span> <span class='ocrx_word' id='word_1_15' title='bbox 2814 584 3211 654; x_wconf 78' lang='lat' dir='ltr'>commendat,</span> <span class='ocrx_word' id='word_1_16' title='bbox 3243 587 3508 655; x_wconf 79' lang='lat' dir='ltr'>credens,</span> <span class='ocrx_word' id='word_1_17' title='bbox 3537 598 3604 650; x_wconf 82' lang='lat' dir='ltr'>ut</span> 
     </span>
    </p>
   </div>
   <div class='ocr_carea' id='block_1_5' title="bbox 178 669 1832 743">
    <p class='ocr_par' dir='ltr' id='par_1_5' title="bbox 178 669 1832 743">
     <span class='ocr_line' id='line_1_5' title="bbox 178 669 1832 743; baseline -0.001 -17"><span class='ocrx_word' id='word_1_18' title='bbox 178 671 279 743; x_wconf 90' lang='lat' dir='ltr'>pit.</span> <span class='ocrx_word' id='word_1_19' title='bbox 314 673 498 737; x_wconf 89' lang='lat' dir='ltr'>Quam</span> <span class='ocrx_word' id='word_1_20' title='bbox 528 687 665 725; x_wconf 92' lang='lat' dir='ltr'>cum</span> <span class='ocrx_word' id='word_1_21' title='bbox 696 669 872 724; x_wconf 89' lang='lat' dir='ltr'>homo</span> <span class='ocrx_word' id='word_1_22' title='bbox 905 669 1005 724; x_wconf 90' lang='lat' dir='ltr'>Dei</span> <span class='ocrx_word' id='word_1_23' title='bbox 1060 669 1462 723; x_wconf 83' lang='lat' dir='ltr'>sacratissima</span> <span class='ocrx_word' id='word_1_24' title='bbox 1504 688 1609 723; x_wconf 84' lang='lat' dir='ltr'>sua</span> <span class='ocrx_word' id='word_1_25' title='bbox 1654 687 1832 724; x_wconf 90' lang='lat' dir='ltr'>manu</span> 
     </span>
    </p>
   </div>
   <div class='ocr_carea' id='block_1_6' title="bbox 176 757 1830 833">
    <p class='ocr_par' dir='ltr' id='par_1_6' title="bbox 176 757 1830 833">
     <span class='ocr_line' id='line_1_6' title="bbox 176 757 1830 833; baseline -0.001 -18"><span class='ocrx_word' id='word_1_26' title='bbox 176 764 451 832; x_wconf 89' lang='lat' dir='ltr'>tangeret,</span> <span class='ocrx_word' id='word_1_27' title='bbox 469 759 664 814; x_wconf 90' lang='lat' dir='ltr'>omnis</span> <span class='ocrx_word' id='word_1_28' title='bbox 699 757 949 831; x_wconf 78' lang='lat' dir='ltr'>languor</span> <span class='ocrx_word' id='word_1_29' title='bbox 973 758 1234 833; x_wconf 90' lang='lat' dir='ltr'>corporis</span> <span class='ocrx_word' id='word_1_30' title='bbox 1264 759 1392 828; x_wconf 90' lang='lat' dir='ltr'>ejus</span> <span class='ocrx_word' id='word_1_31' title='bbox 1427 758 1668 830; x_wconf 91' lang='lat' dir='ltr'>imperio</span> <span class='ocrx_word' id='word_1_32' title='bbox 1700 758 1830 814; x_wconf 90' lang='lat' dir='ltr'>abs-</span> 
     </span>
    </p>
   </div>
   <div class='ocr_carea' id='block_1_7' title="bbox 174 850 368 906">
    <p class='ocr_par' dir='ltr' id='par_1_7' title="bbox 174 850 368 906">
     <span class='ocr_line' id='line_1_7' title="bbox 174 850 368 906; baseline 0 -2"><span class='ocrx_word' id='word_1_33' title='bbox 174 850 368 906; x_wconf 90' lang='lat' dir='ltr'>cessit.</span> 
     </span>
    </p>
   </div>
   <div class='ocr_carea' id='block_1_8' title="bbox 244 936 1833 1009">
    <p class='ocr_par' dir='ltr' id='par_1_8' title="bbox 244 936 1833 1009">
     <span class='ocr_line' id='line_1_8' title="bbox 244 936 1833 1009; baseline -0.001 -15"><span class='ocrx_word' id='word_1_34' title='bbox 244 940 326 994; x_wconf 80' lang='grc'><strong>18.</strong></span> <span class='ocrx_word' id='word_1_35' title='bbox 360 939 487 1008; x_wconf 81' lang='lat' dir='ltr'>(An.</span> <span class='ocrx_word' id='word_1_36' title='bbox 533 938 688 1007; x_wconf 76' lang='grc'>904.)</span> <span class='ocrx_word' id='word_1_37' title='bbox 718 937 1213 1009; x_wconf 82' lang='lat' dir='ltr'>Archiepiscopus</span> <span class='ocrx_word' id='word_1_38' title='bbox 1261 953 1395 990; x_wconf 90' lang='lat' dir='ltr'>vero</span> <span class='ocrx_word' id='word_1_39' title='bbox 1458 936 1833 1007; x_wconf 74' lang='lat' dir='ltr'>Mogontinus</span> 
     </span>
    </p>
   </div>
   <div class='ocr_carea' id='block_1_9' title="bbox 171 1026 1830 1101">
    <p class='ocr_par' dir='ltr' id='par_1_9' title="bbox 171 1026 1830 1101">
     <span class='ocr_line' id='line_1_9' title="bbox 171 1026 1830 1101; baseline -0.002 -18"><span class='ocrx_word' id='word_1_40' title='bbox 171 1029 319 1084; x_wconf 90' lang='lat' dir='ltr'>beati</span> <span class='ocrx_word' id='word_1_41' title='bbox 354 1027 623 1101; x_wconf 69' lang='lat' dir='ltr'>prazsulis</span> <span class='ocrx_word' id='word_1_42' title='bbox 653 1044 891 1100; x_wconf 87' lang='lat' dir='ltr'>gregem</span> <span class='ocrx_word' id='word_1_43' title='bbox 926 1028 1052 1080; x_wconf 88' lang='lat' dir='ltr'>sine</span> <span class='ocrx_word' id='word_1_44' title='bbox 1078 1032 1309 1097; x_wconf 86' lang='lat' dir='ltr'>pastore</span> <span class='ocrx_word' id='word_1_45' title='bbox 1339 1026 1418 1079; x_wconf 90' lang='lat' dir='ltr'>ire</span> <span class='ocrx_word' id='word_1_46' title='bbox 1442 1027 1830 1097; x_wconf 71' lang='lat' dir='ltr'>conspiciens,</span> 
     </span>
    </p>
   </div>
   <div class='ocr_carea' id='block_1_10' title="bbox 170 1115 1835 1189">
    <p class='ocr_par' dir='ltr' id='par_1_10' title="bbox 170 1115 1835 1189">
     <span class='ocr_line' id='line_1_10' title="bbox 170 1115 1835 1189; baseline -0.003 -16"><span class='ocrx_word' id='word_1_47' title='bbox 170 1119 326 1173; x_wconf 81' lang='lat' dir='ltr'>misit</span> <span class='ocrx_word' id='word_1_48' title='bbox 352 1118 579 1189; x_wconf 83' lang='lat' dir='ltr'>legatus</span> <span class='ocrx_word' id='word_1_49' title='bbox 600 1134 735 1171; x_wconf 90' lang='lat' dir='ltr'>cum</span> <span class='ocrx_word' id='word_1_50' title='bbox 759 1115 991 1185; x_wconf 81' lang='lat' dir='ltr'>litteris,</span> <span class='ocrx_word' id='word_1_51' title='bbox 1011 1134 1115 1187; x_wconf 89' lang='lat' dir='ltr'>per</span> <span class='ocrx_word' id='word_1_52' title='bbox 1132 1133 1278 1186; x_wconf 89' lang='lat' dir='ltr'>quos</span> <span class='ocrx_word' id='word_1_53' title='bbox 1302 1116 1584 1168; x_wconf 86' lang='lat' dir='ltr'>domnum</span> <span class='ocrx_word' id='word_1_54' title='bbox 1608 1119 1835 1185; x_wconf 86' lang='lat' dir='ltr'>aposto-</span> 
     </span>
    </p>
   </div>
   <div class='ocr_carea' id='block_1_11' title="bbox 170 1203 1834 1275">
    <p class='ocr_par' dir='ltr' id='par_1_11' title="bbox 170 1203 1834 1275">
     <span class='ocr_line' id='line_1_11' title="bbox 170 1203 1834 1275; baseline -0.003 -13"><span class='ocrx_word' id='word_1_55' title='bbox 170 1208 343 1262; x_wconf 88' lang='lat' dir='ltr'>licum</span> <span class='ocrx_word' id='word_1_56' title='bbox 366 1208 438 1261; x_wconf 90' lang='lat' dir='ltr'>de</span> <span class='ocrx_word' id='word_1_57' title='bbox 462 1205 649 1261; x_wconf 79' lang='lat' dir='ltr'>sancti</span> <span class='ocrx_word' id='word_1_58' title='bbox 681 1204 788 1259; x_wconf 89' lang='lat' dir='ltr'>viri</span> <span class='ocrx_word' id='word_1_59' title='bbox 819 1205 1010 1259; x_wconf 89' lang='lat' dir='ltr'>reditu</span> <span class='ocrx_word' id='word_1_60' title='bbox 1048 1203 1401 1275; x_wconf 83' lang='lat' dir='ltr'>interpellat.</span> <span class='ocrx_word' id='word_1_61' title='bbox 1422 1204 1713 1273; x_wconf 79' lang='lat' dir='ltr'>Factaque</span> <span class='ocrx_word' id='word_1_62' title='bbox 1746 1208 1834 1257; x_wconf 89' lang='lat' dir='ltr'>est</span> 
     </span>
    </p>
   </div>
   <div class='ocr_carea' id='block_1_12' title="bbox 169 1291 1829 1365">
    <p class='ocr_par' dir='ltr' id='par_1_12' title="bbox 169 1291 1829 1365">
     <span class='ocr_line' id='line_1_12' title="bbox 169 1291 1829 1365; baseline -0.004 -14"><span class='ocrx_word' id='word_1_63' title='bbox 169 1297 357 1351; x_wconf 73' lang='lat' dir='ltr'>llomze</span> <span class='ocrx_word' id='word_1_64' title='bbox 391 1296 639 1350; x_wconf 88' lang='lat' dir='ltr'>sinodus</span> <span class='ocrx_word' id='word_1_65' title='bbox 662 1294 778 1362; x_wconf 72' lang='grc'>(46)</span> <span class='ocrx_word' id='word_1_66' title='bbox 810 1310 913 1365; x_wconf 92' lang='lat' dir='ltr'>pro</span> <span class='ocrx_word' id='word_1_67' title='bbox 945 1292 1051 1346; x_wconf 86' lang='lat' dir='ltr'>hac</span> <span class='ocrx_word' id='word_1_68' title='bbox 1085 1310 1294 1357; x_wconf 87' lang='lat' dir='ltr'>causa;</span> <span class='ocrx_word' id='word_1_69' title='bbox 1329 1297 1384 1346; x_wconf 88' lang='lat' dir='ltr'>et</span> <span class='ocrx_word' id='word_1_70' title='bbox 1406 1292 1593 1345; x_wconf 88' lang='lat' dir='ltr'>oritur</span> <span class='ocrx_word' id='word_1_71' title='bbox 1622 1291 1829 1345; x_wconf 88' lang='lat' dir='ltr'>utrim-</span> 
     </span>
    </p>
   </div>
   <div class='ocr_carea' id='block_1_13' title="bbox 166 1380 1831 1458">
    <p class='ocr_par' dir='ltr' id='par_1_13' title="bbox 166 1380 1831 1458">
     <span class='ocr_line' id='line_1_13' title="bbox 166 1380 1831 1458; baseline -0.007 -18"><span class='ocrx_word' id='word_1_72' title='bbox 166 1403 275 1458; x_wconf 89' lang='lat' dir='ltr'>que</span> <span class='ocrx_word' id='word_1_73' title='bbox 305 1384 563 1457; x_wconf 82' lang='lat' dir='ltr'>litigium</span> <span class='ocrx_word' id='word_1_74' title='bbox 590 1383 833 1456; x_wconf 80' lang='lat' dir='ltr'>grande,</span> <span class='ocrx_word' id='word_1_75' title='bbox 852 1398 920 1435; x_wconf 77' lang='lat' dir='ltr'>ex</span> <span class='ocrx_word' id='word_1_76' title='bbox 950 1398 1069 1435; x_wconf 92' lang='lat' dir='ltr'>una</span> <span class='ocrx_word' id='word_1_77' title='bbox 1091 1387 1254 1452; x_wconf 90' lang='lat' dir='ltr'>parte</span> <span class='ocrx_word' id='word_1_78' title='bbox 1282 1397 1482 1435; x_wconf 90' lang='lat' dir='ltr'>eorum</span> <span class='ocrx_word' id='word_1_79' title='bbox 1508 1380 1606 1452; x_wconf 91' lang='lat' dir='ltr'>qui</span> <span class='ocrx_word' id='word_1_80' title='bbox 1634 1398 1831 1435; x_wconf 90' lang='lat' dir='ltr'>mona.</span> 
     </span>
    </p>
   </div>
   <div class='ocr_carea' id='block_1_14' title="bbox 166 1468 1826 1545">
    <p class='ocr_par' dir='ltr' id='par_1_14' title="bbox 166 1468 1826 1545">
     <span class='ocr_line' id='line_1_14' title="bbox 166 1468 1826 1545; baseline -0.004 -16"><span class='ocrx_word' id='word_1_81' title='bbox 166 1474 337 1529; x_wconf 90' lang='lat' dir='ltr'>cbum</span> <span class='ocrx_word' id='word_1_82' title='bbox 380 1473 626 1545; x_wconf 80' lang='lat' dir='ltr'>perdere</span> <span class='ocrx_word' id='word_1_83' title='bbox 668 1470 1015 1537; x_wconf 90' lang='lat' dir='ltr'>timuerunt,</span> <span class='ocrx_word' id='word_1_84' title='bbox 1032 1486 1100 1524; x_wconf 82' lang='lat' dir='ltr'>ex</span> <span class='ocrx_word' id='word_1_85' title='bbox 1129 1468 1242 1523; x_wconf 84' lang='lat' dir='ltr'>alia</span> <span class='ocrx_word' id='word_1_86' title='bbox 1271 1487 1470 1523; x_wconf 89' lang='lat' dir='ltr'>eorum</span> <span class='ocrx_word' id='word_1_87' title='bbox 1504 1469 1602 1541; x_wconf 90' lang='lat' dir='ltr'>qui</span> <span class='ocrx_word' id='word_1_88' title='bbox 1634 1473 1826 1540; x_wconf 89' lang='lat' dir='ltr'>pasto-</span> 
     </span>
    </p>
   </div>
   <div class='ocr_carea' id='block_1_15' title="bbox 162 1557 1826 1630">
    <p class='ocr_par' dir='ltr' id='par_1_15' title="bbox 162 1557 1826 1630">
     <span class='ocr_line' id='line_1_15' title="bbox 162 1557 1826 1630; baseline -0.004 -12"><span class='ocrx_word' id='word_1_89' title='bbox 162 1580 279 1618; x_wconf 88' lang='lat' dir='ltr'>rem</span> <span class='ocrx_word' id='word_1_90' title='bbox 307 1578 482 1617; x_wconf 91' lang='lat' dir='ltr'>suum</span> <span class='ocrx_word' id='word_1_91' title='bbox 517 1577 649 1616; x_wconf 92' lang='lat' dir='ltr'>cum</span> <span class='ocrx_word' id='word_1_92' title='bbox 675 1559 1021 1614; x_wconf 84' lang='lat' dir='ltr'>auctoritate</span> <span class='ocrx_word' id='word_1_93' title='bbox 1044 1558 1423 1630; x_wconf 62' lang='lat' dir='ltr'>qumsierunt.</span> <span class='ocrx_word' id='word_1_94' title='bbox 1441 1557 1709 1627; x_wconf 87' lang='lat' dir='ltr'>Cumque</span> <span class='ocrx_word' id='word_1_95' title='bbox 1734 1557 1826 1611; x_wconf 81' lang='lat' dir='ltr'>in-</span> 
     </span>
    </p>
   </div>
   <div class='ocr_carea' id='block_1_16' title="bbox 158 1646 1825 1724">
    <p class='ocr_par' dir='ltr' id='par_1_16' title="bbox 158 1646 1825 1724">
     <span class='ocr_line' id='line_1_16' title="bbox 158 1646 1825 1724; baseline -0.004 -19"><span class='ocrx_word' id='word_1_96' title='bbox 158 1652 338 1707; x_wconf 87' lang='lat' dir='ltr'>vicem</span> <span class='ocrx_word' id='word_1_97' title='bbox 374 1648 779 1724; x_wconf 82' lang='lat' dir='ltr'>pugnantibus</span> <span class='ocrx_word' id='word_1_98' title='bbox 813 1648 1125 1703; x_wconf 79' lang='lat' dir='ltr'>sententiis</span> <span class='ocrx_word' id='word_1_99' title='bbox 1154 1652 1401 1718; x_wconf 85' lang='lat' dir='ltr'>utraque</span> <span class='ocrx_word' id='word_1_100' title='bbox 1436 1665 1571 1718; x_wconf 87' lang='lat' dir='ltr'>pars</span> <span class='ocrx_word' id='word_1_101' title='bbox 1602 1646 1699 1699; x_wconf 86' lang='lat' dir='ltr'>diu</span> <span class='ocrx_word' id='word_1_102' title='bbox 1726 1648 1825 1699; x_wconf 74' lang='lat' dir='ltr'>de~</span> 
     </span>
    </p>
   </div>
   <div class='ocr_carea' id='block_1_17' title="bbox 159 1736 1822 1808">
    <p class='ocr_par' dir='ltr' id='par_1_17' title="bbox 159 1736 1822 1808">
     <span class='ocr_line' id='line_1_17' title="bbox 159 1736 1822 1808; baseline -0.004 -13"><span class='ocrx_word' id='word_1_103' title='bbox 159 1745 402 1795; x_wconf 83' lang='lat' dir='ltr'>certaret</span> <span class='ocrx_word' id='word_1_104' title='bbox 422 1741 513 1808; x_wconf 67' lang='lat'>&quot;5,</span> <span class='ocrx_word' id='word_1_105' title='bbox 535 1739 771 1793; x_wconf 90' lang='lat' dir='ltr'>tandem</span> <span class='ocrx_word' id='word_1_106' title='bbox 805 1737 1046 1792; x_wconf 86' lang='lat' dir='ltr'>dubiam</span> <span class='ocrx_word' id='word_1_107' title='bbox 1086 1736 1437 1791; x_wconf 89' lang='lat' dir='ltr'>nunciorum</span> <span class='ocrx_word' id='word_1_108' title='bbox 1476 1736 1700 1808; x_wconf 90' lang='lat' dir='ltr'>primas</span> <span class='ocrx_word' id='word_1_109' title='bbox 1731 1736 1822 1789; x_wconf 77' lang='lat' dir='ltr'>vix</span> 
     </span>
    </p>
   </div>
   <div class='ocr_carea' id='block_1_18' title="bbox 158 1825 1822 1903">
    <p class='ocr_par' dir='ltr' id='par_1_18' title="bbox 158 1825 1822 1903">
     <span class='ocr_line' id='line_1_18' title="bbox 158 1825 1822 1903; baseline -0.004 -17"><span class='ocrx_word' id='word_1_110' title='bbox 158 1829 480 1903; x_wconf 87' lang='lat' dir='ltr'>promeruit</span> <span class='ocrx_word' id='word_1_111' title='bbox 526 1827 852 1883; x_wconf 86' lang='lat' dir='ltr'>victoriam.</span> <span class='ocrx_word' id='word_1_112' title='bbox 886 1826 988 1882; x_wconf 80' lang='lat' dir='ltr'>llic</span> <span class='ocrx_word' id='word_1_113' title='bbox 1034 1826 1161 1898; x_wconf 88' lang='lat' dir='ltr'>ipse</span> <span class='ocrx_word' id='word_1_114' title='bbox 1217 1825 1442 1898; x_wconf 87' lang='lat' dir='ltr'>primas</span> <span class='ocrx_word' id='word_1_115' title='bbox 1493 1826 1669 1879; x_wconf 82' lang='lat' dir='ltr'>frater</span> <span class='ocrx_word' id='word_1_116' title='bbox 1697 1828 1822 1879; x_wconf 90' lang='lat' dir='ltr'>erat</span> 
     </span>
    </p>
   </div>
   <div class='ocr_carea' id='block_1_19' title="bbox 154 1912 1821 1990">
    <p class='ocr_par' dir='ltr' id='par_1_19' title="bbox 154 1912 1821 1990">
     <span class='ocr_line' id='line_1_19' title="bbox 154 1912 1821 1990; baseline -0.005 -15"><span class='ocrx_word' id='word_1_117' title='bbox 154 1916 531 1990; x_wconf 88' lang='lat' dir='ltr'>ducis,cujus</span> <span class='ocrx_word' id='word_1_118' title='bbox 561 1920 726 1973; x_wconf 63' lang='lat' dir='ltr'>terra:</span> <span class='ocrx_word' id='word_1_119' title='bbox 748 1915 847 1988; x_wconf 89' lang='lat' dir='ltr'>qui</span> <span class='ocrx_word' id='word_1_120' title='bbox 870 1914 1213 1988; x_wconf 84' lang='lat' dir='ltr'>exigebatur</span> <span class='ocrx_word' id='word_1_121' title='bbox 1232 1914 1547 1986; x_wconf 89' lang='lat' dir='ltr'>episcopus</span> <span class='ocrx_word' id='word_1_122' title='bbox 1590 1912 1821 1986; x_wconf 70' lang='lat' dir='ltr'>prrefuit</span> 
     </span>
    </p>
   </div>
   <div class='ocr_carea' id='block_1_20' title="bbox 153 2002 1817 2080">
    <p class='ocr_par' dir='ltr' id='par_1_20' title="bbox 153 2002 1817 2080">
     <span class='ocr_line' id='line_1_20' title="bbox 153 2002 1817 2080; baseline -0.003 -17"><span class='ocrx_word' id='word_1_123' title='bbox 153 2010 282 2080; x_wconf 82' lang='grc'>(47).</span> <span class='ocrx_word' id='word_1_124' title='bbox 300 2009 457 2063; x_wconf 86' lang='lat' dir='ltr'>Tum</span> <span class='ocrx_word' id='word_1_125' title='bbox 494 2003 854 2078; x_wconf 84' lang='lat' dir='ltr'>apostolicus</span> <span class='ocrx_word' id='word_1_126' title='bbox 876 2021 989 2060; x_wconf 89' lang='lat' dir='ltr'>non</span> <span class='ocrx_word' id='word_1_127' title='bbox 1017 2008 1137 2059; x_wconf 91' lang='lat' dir='ltr'>tam</span> <span class='ocrx_word' id='word_1_128' title='bbox 1159 2002 1459 2059; x_wconf 90' lang='lat' dir='ltr'>voluntate</span> <span class='ocrx_word' id='word_1_129' title='bbox 1481 2018 1659 2073; x_wconf 91' lang='lat' dir='ltr'>quam</span> <span class='ocrx_word' id='word_1_130' title='bbox 1683 2003 1817 2073; x_wconf 91' lang='lat' dir='ltr'>jure</span> 
     </span>
    </p>
   </div>
   <div class='ocr_carea' id='block_1_21' title="bbox 157 2090 1818 2171">
    <p class='ocr_par' dir='ltr' id='par_1_21' title="bbox 157 2090 1818 2171">
     <span class='ocr_line' id='line_1_21' title="bbox 157 2090 1818 2171; baseline -0.005 -17"><span class='ocrx_word' id='word_1_131' title='bbox 157 2096 253 2154; x_wconf 86' lang='lat' dir='ltr'>Dei</span> <span class='ocrx_word' id='word_1_132' title='bbox 285 2100 619 2171; x_wconf 90' lang='lat' dir='ltr'>permotus,</span> <span class='ocrx_word' id='word_1_133' title='bbox 651 2091 793 2149; x_wconf 88' lang='lat' dir='ltr'>talia</span> <span class='ocrx_word' id='word_1_134' title='bbox 820 2093 1120 2165; x_wconf 88' lang='lat' dir='ltr'>respondit</span> <span class='ocrx_word' id='word_1_135' title='bbox 1155 2108 1167 2147; x_wconf 92' lang='lat'><strong>:</strong></span> <span class='ocrx_word' id='word_1_136' title='bbox 1205 2091 1494 2147; x_wconf 80' lang='lat' dir='ltr'>Reddimus</span> <span class='ocrx_word' id='word_1_137' title='bbox 1520 2090 1659 2162; x_wconf 84' lang='lat' dir='ltr'>quod</span> <span class='ocrx_word' id='word_1_138' title='bbox 1669 2092 1818 2162; x_wconf 83' lang='lat' dir='ltr'>juste</span> 
     </span>
    </p>
   </div>
   <div class='ocr_carea' id='block_1_22' title="bbox 148 2180 1817 2259">
    <p class='ocr_par' dir='ltr' id='par_1_22' title="bbox 148 2180 1817 2259">
     <span class='ocr_line' id='line_1_22' title="bbox 148 2180 1817 2259; baseline -0.004 -17"><span class='ocrx_word' id='word_1_139' title='bbox 148 2194 419 2259; x_wconf 66' lang='lat' dir='ltr'>quierunt,</span> <span class='ocrx_word' id='word_1_140' title='bbox 453 2185 706 2258; x_wconf 88' lang='lat' dir='ltr'>quamvis</span> <span class='ocrx_word' id='word_1_141' title='bbox 753 2182 820 2239; x_wconf 87' lang='lat' dir='ltr'>de</span> <span class='ocrx_word' id='word_1_142' title='bbox 860 2183 993 2239; x_wconf 87' lang='lat' dir='ltr'>bono</span> <span class='ocrx_word' id='word_1_143' title='bbox 1037 2190 1193 2254; x_wconf 81' lang='lat' dir='ltr'>patre</span> <span class='ocrx_word' id='word_1_144' title='bbox 1230 2183 1349 2253; x_wconf 87' lang='lat' dir='ltr'>jam</span> <span class='ocrx_word' id='word_1_145' title='bbox 1404 2180 1817 2251; x_wconf 81' lang='lat' dir='ltr'>deqenerassent</span> 
     </span>
    </p>
   </div>
   <div class='ocr_carea' id='block_1_23' title="bbox 146 2269 1812 2348">
    <p class='ocr_par' dir='ltr' id='par_1_23' title="bbox 146 2269 1812 2348">
     <span class='ocr_line' id='line_1_23' title="bbox 146 2269 1812 2348; baseline -0.005 -16"><span class='ocrx_word' id='word_1_146' title='bbox 146 2277 267 2348; x_wconf 80' lang='lat' dir='ltr'>ﬁlii,</span> <span class='ocrx_word' id='word_1_147' title='bbox 299 2283 351 2331; x_wconf 91' lang='lat' dir='ltr'>et</span> <span class='ocrx_word' id='word_1_148' title='bbox 376 2273 635 2330; x_wconf 78' lang='lat' dir='ltr'>dabimus</span> <span class='ocrx_word' id='word_1_149' title='bbox 665 2288 791 2328; x_wconf 87' lang='lat' dir='ltr'>eum</span> <span class='ocrx_word' id='word_1_150' title='bbox 820 2272 922 2326; x_wconf 85' lang='lat' dir='ltr'>hac</span> <span class='ocrx_word' id='word_1_151' title='bbox 954 2273 1065 2342; x_wconf 83' lang='lat' dir='ltr'>lege</span> <span class='ocrx_word' id='word_1_152' title='bbox 1098 2289 1115 2324; x_wconf 91' lang='lat'><strong><em>:</em></strong></span> <span class='ocrx_word' id='word_1_153' title='bbox 1146 2270 1206 2325; x_wconf 90' lang='lat' dir='ltr'>Si</span> <span class='ocrx_word' id='word_1_154' title='bbox 1245 2269 1526 2325; x_wconf 75' lang='lat' dir='ltr'>audierint</span> <span class='ocrx_word' id='word_1_155' title='bbox 1565 2285 1709 2336; x_wconf 87' lang='lat' dir='ltr'>eum,</span> <span class='ocrx_word' id='word_1_156' title='bbox 1743 2277 1812 2324; x_wconf 86' lang='lat' dir='ltr'>te-</span> 
     </span>
    </p>
   </div>
   <div class='ocr_carea' id='block_1_24' title="bbox 145 2358 1810 2431">
    <p class='ocr_par' dir='ltr' id='par_1_24' title="bbox 145 2358 1810 2431">
     <span class='ocr_line' id='line_1_24' title="bbox 145 2358 1810 2431; baseline -0.005 -9"><span class='ocrx_word' id='word_1_157' title='bbox 145 2374 302 2422; x_wconf 83' lang='lat' dir='ltr'>neant</span> <span class='ocrx_word' id='word_1_158' title='bbox 329 2382 455 2421; x_wconf 88' lang='lat' dir='ltr'>cum</span> <span class='ocrx_word' id='word_1_159' title='bbox 488 2364 587 2418; x_wconf 89' lang='lat' dir='ltr'>Dei</span> <span class='ocrx_word' id='word_1_160' title='bbox 634 2361 1020 2426; x_wconf 74' lang='lat' dir='ltr'>benedictione,</span> <span class='ocrx_word' id='word_1_161' title='bbox 1069 2362 1383 2431; x_wconf 74' lang='lat' dir='ltr'>feriuntque</span> <span class='ocrx_word' id='word_1_162' title='bbox 1427 2358 1527 2413; x_wconf 90' lang='lat' dir='ltr'>sub</span> <span class='ocrx_word' id='word_1_163' title='bbox 1576 2374 1635 2414; x_wconf 91' lang='lat' dir='ltr'>eo</span> <span class='ocrx_word' id='word_1_164' title='bbox 1692 2361 1810 2429; x_wconf 80' lang='lat' dir='ltr'>fru-</span> 
     </span>
    </p>
   </div>
   <div class='ocr_carea' id='block_1_25' title="bbox 145 2450 1806 2525">
    <p class='ocr_par' dir='ltr' id='par_1_25' title="bbox 145 2450 1806 2525">
     <span class='ocr_line' id='line_1_25' title="bbox 145 2450 1806 2525; baseline -0.007 -13"><span class='ocrx_word' id='word_1_165' title='bbox 145 2464 281 2512; x_wconf 84' lang='lat' dir='ltr'>ctum</span> <span class='ocrx_word' id='word_1_166' title='bbox 309 2452 648 2525; x_wconf 81' lang='lat' dir='ltr'>centuplum.</span> <span class='ocrx_word' id='word_1_167' title='bbox 681 2450 743 2505; x_wconf 91' lang='lat' dir='ltr'>Si</span> <span class='ocrx_word' id='word_1_168' title='bbox 771 2458 951 2505; x_wconf 85' lang='lat' dir='ltr'>autem</span> <span class='ocrx_word' id='word_1_169' title='bbox 998 2466 1031 2504; x_wconf 88' lang='lat' dir='ltr'>a</span> <span class='ocrx_word' id='word_1_170' title='bbox 1070 2457 1323 2504; x_wconf 75' lang='lat' dir='ltr'>consueta</span> <span class='ocrx_word' id='word_1_171' title='bbox 1370 2450 1659 2518; x_wconf 71' lang='lat' dir='ltr'>iniquitate</span> <span class='ocrx_word' id='word_1_172' title='bbox 1704 2464 1806 2502; x_wconf 90' lang='lat' dir='ltr'>sua</span> 
     </span>
    </p>
   </div>
   <div class='ocr_carea' id='block_1_26' title="bbox 146 2538 1804 2611">
    <p class='ocr_par' dir='ltr' id='par_1_26' title="bbox 146 2538 1804 2611">
     <span class='ocr_line' id='line_1_26' title="bbox 146 2538 1804 2611; baseline -0.006 -10"><span class='ocrx_word' id='word_1_173' title='bbox 146 2544 382 2601; x_wconf 78' lang='lat' dir='ltr'>recedere</span> <span class='ocrx_word' id='word_1_174' title='bbox 409 2543 631 2607; x_wconf 82' lang='lat' dir='ltr'>nolunt,</span> <span class='ocrx_word' id='word_1_175' title='bbox 649 2540 737 2595; x_wconf 79' lang='lat' dir='ltr'>hic</span> <span class='ocrx_word' id='word_1_176' title='bbox 764 2548 946 2595; x_wconf 80' lang='lat' dir='ltr'>noster</span> <span class='ocrx_word' id='word_1_177' title='bbox 973 2538 1174 2611; x_wconf 80' lang='lat' dir='ltr'>absque</span> <span class='ocrx_word' id='word_1_178' title='bbox 1199 2538 1444 2610; x_wconf 81' lang='lat' dir='ltr'>periculo</span> <span class='ocrx_word' id='word_1_179' title='bbox 1474 2539 1564 2591; x_wconf 86' lang='lat' dir='ltr'>sui</span> <span class='ocrx_word' id='word_1_180' title='bbox 1611 2539 1804 2607; x_wconf 83' lang='lat' dir='ltr'>capitis</span> 
     </span>
    </p>
   </div>
   <div class='ocr_carea' id='block_1_27' title="bbox 146 2626 1798 2693">
    <p class='ocr_par' dir='ltr' id='par_1_27' title="bbox 146 2626 1798 2693">
     <span class='ocr_line' id='line_1_27' title="bbox 146 2626 1798 2693; baseline -0.007 -1"><span class='ocrx_word' id='word_1_181' title='bbox 146 2636 410 2691; x_wconf 88' lang='lat' dir='ltr'>malorum</span> <span class='ocrx_word' id='word_1_182' title='bbox 459 2631 743 2688; x_wconf 87' lang='lat' dir='ltr'>consorcia</span> <span class='ocrx_word' id='word_1_183' title='bbox 792 2628 1040 2684; x_wconf 81' lang='lat' dir='ltr'>declinet.</span> <span class='ocrx_word' id='word_1_184' title='bbox 1078 2627 1205 2681; x_wconf 82' lang='lat' dir='ltr'>Haec</span> <span class='ocrx_word' id='word_1_185' title='bbox 1266 2626 1363 2681; x_wconf 88' lang='lat' dir='ltr'>ubi</span> <span class='ocrx_word' id='word_1_186' title='bbox 1416 2627 1569 2679; x_wconf 90' lang='lat' dir='ltr'>dicta</span> <span class='ocrx_word' id='word_1_187' title='bbox 1618 2626 1798 2693; x_wconf 87' lang='lat' dir='ltr'>dedit,</span> 
     </span>
    </p>
   </div>
   <div class='ocr_carea' id='block_1_28' title="bbox 148 2714 1800 2787">
    <p class='ocr_par' dir='ltr' id='par_1_28' title="bbox 148 2714 1800 2787">
     <span class='ocr_line' id='line_1_28' title="bbox 148 2714 1800 2787; baseline -0.007 -7"><span class='ocrx_word' id='word_1_188' title='bbox 148 2724 310 2780; x_wconf 82' lang='lat' dir='ltr'>finita</span> <span class='ocrx_word' id='word_1_189' title='bbox 326 2727 417 2779; x_wconf 90' lang='lat' dir='ltr'>est</span> <span class='ocrx_word' id='word_1_190' title='bbox 435 2720 714 2787; x_wconf 88' lang='lat' dir='ltr'>sinodus;</span> <span class='ocrx_word' id='word_1_191' title='bbox 748 2723 806 2773; x_wconf 89' lang='lat' dir='ltr'>et</span> <span class='ocrx_word' id='word_1_192' title='bbox 826 2716 1018 2772; x_wconf 91' lang='lat' dir='ltr'>soluto</span> <span class='ocrx_word' id='word_1_193' title='bbox 1041 2720 1212 2784; x_wconf 76' lang='lat' dir='ltr'>cmtu,</span> <span class='ocrx_word' id='word_1_194' title='bbox 1230 2715 1530 2771; x_wconf 89' lang='lat' dir='ltr'>redierunt</span> <span class='ocrx_word' id='word_1_195' title='bbox 1550 2714 1800 2786; x_wconf 90' lang='lat' dir='ltr'>quisque</span> 
     </span>
    </p>
   </div>
   <div class='ocr_carea' id='block_1_29' title="bbox 148 2804 1797 2877">
    <p class='ocr_par' dir='ltr' id='par_1_29' title="bbox 148 2804 1797 2877">
     <span class='ocr_line' id='line_1_29' title="bbox 148 2804 1797 2877; baseline -0.007 -8"><span class='ocrx_word' id='word_1_196' title='bbox 148 2814 204 2869; x_wconf 92' lang='lat' dir='ltr'>in</span> <span class='ocrx_word' id='word_1_197' title='bbox 235 2814 476 2869; x_wconf 90' lang='lat' dir='ltr'>domum</span> <span class='ocrx_word' id='word_1_198' title='bbox 510 2825 704 2865; x_wconf 90' lang='lat' dir='ltr'>suam.</span> <span class='ocrx_word' id='word_1_199' title='bbox 734 2806 1072 2864; x_wconf 87' lang='lat' dir='ltr'>Absccdunt</span> <span class='ocrx_word' id='word_1_200' title='bbox 1114 2805 1311 2877; x_wconf 85' lang='lat' dir='ltr'>legati,</span> <span class='ocrx_word' id='word_1_201' title='bbox 1344 2804 1647 2859; x_wconf 87' lang='lat' dir='ltr'>monachis</span> <span class='ocrx_word' id='word_1_202' title='bbox 1694 2804 1797 2858; x_wconf 88' lang='lat' dir='ltr'>tri-</span> 
     </span>
    </p>
   </div>
   <div class='ocr_carea' id='block_1_30' title="bbox 1942 670 3604 733">
    <p class='ocr_par' dir='ltr' id='par_1_30' title="bbox 1942 670 3604 733">
     <span class='ocr_line' id='line_1_30' title="bbox 1942 670 3604 733; baseline 0.006 -10"><span class='ocrx_word' id='word_1_203' title='bbox 1942 670 2160 726; x_wconf 86' lang='lat' dir='ltr'>femina</span> <span class='ocrx_word' id='word_1_204' title='bbox 2189 672 2341 728; x_wconf 89' lang='lat' dir='ltr'>inter</span> <span class='ocrx_word' id='word_1_205' title='bbox 2389 674 2638 730; x_wconf 83' lang='lat' dir='ltr'>feminas</span> <span class='ocrx_word' id='word_1_206' title='bbox 2671 674 2889 732; x_wconf 89' lang='lat' dir='ltr'>solacia</span> <span class='ocrx_word' id='word_1_207' title='bbox 2918 674 3139 731; x_wconf 90' lang='lat' dir='ltr'>doloris</span> <span class='ocrx_word' id='word_1_208' title='bbox 3170 679 3229 729; x_wconf 88' lang='lat' dir='ltr'>et</span> <span class='ocrx_word' id='word_1_209' title='bbox 3258 676 3371 731; x_wconf 91' lang='lat' dir='ltr'>sub</span> <span class='ocrx_word' id='word_1_210' title='bbox 3400 675 3604 733; x_wconf 87' lang='lat' dir='ltr'>altaris</span> 
     </span>
    </p>
   </div>
   <div class='ocr_carea' id='block_1_31' title="bbox 1943 759 3603 837">
    <p class='ocr_par' dir='ltr' id='par_1_31' title="bbox 1943 759 3603 837">
     <span class='ocr_line' id='line_1_31' title="bbox 1943 759 3603 837; baseline 0.005 -25"><span class='ocrx_word' id='word_1_211' title='bbox 1943 759 2275 816; x_wconf 84' lang='lat' dir='ltr'>defensione</span> <span class='ocrx_word' id='word_1_212' title='bbox 2288 762 2417 817; x_wconf 81' lang='lat' dir='ltr'>vitae</span> <span class='ocrx_word' id='word_1_213' title='bbox 2444 762 2819 819; x_wconf 85' lang='lat' dir='ltr'>securitatem</span> <span class='ocrx_word' id='word_1_214' title='bbox 2838 763 3344 819; x_wconf 86' lang='lat' dir='ltr'>baberet.Crimen</span> <span class='ocrx_word' id='word_1_215' title='bbox 3368 780 3603 837; x_wconf 85' lang='lat' dir='ltr'>quoque</span> 
     </span>
    </p>
   </div>
   <div class='ocr_carea' id='block_1_32' title="bbox 1944 847 3601 925">
    <p class='ocr_par' dir='ltr' id='par_1_32' title="bbox 1944 847 3601 925">
     <span class='ocr_line' id='line_1_32' title="bbox 1944 847 3601 925; baseline 0.004 -24"><span class='ocrx_word' id='word_1_216' title='bbox 1944 847 1999 901; x_wconf 85' lang='lat' dir='ltr'>iu</span> <span class='ocrx_word' id='word_1_217' title='bbox 2032 864 2095 903; x_wconf 90' lang='lat' dir='ltr'>se</span> <span class='ocrx_word' id='word_1_218' title='bbox 2124 850 2337 905; x_wconf 90' lang='lat' dir='ltr'>referre</span> <span class='ocrx_word' id='word_1_219' title='bbox 2375 850 2578 919; x_wconf 90' lang='lat' dir='ltr'>voluit,</span> <span class='ocrx_word' id='word_1_220' title='bbox 2599 856 2664 907; x_wconf 94' lang='lat' dir='ltr'>ut</span> <span class='ocrx_word' id='word_1_221' title='bbox 2694 868 2756 907; x_wconf 90' lang='lat' dir='ltr'>se</span> <span class='ocrx_word' id='word_1_222' title='bbox 2788 852 3024 909; x_wconf 90' lang='lat' dir='ltr'>sceleris</span> <span class='ocrx_word' id='word_1_223' title='bbox 3054 856 3288 908; x_wconf 87' lang='lat' dir='ltr'>auctore</span> <span class='ocrx_word' id='word_1_224' title='bbox 3316 868 3601 925; x_wconf 89' lang='lat' dir='ltr'>magnum</span> 
     </span>
    </p>
   </div>
   <div class='ocr_carea' id='block_1_33' title="bbox 1942 935 3600 1014">
    <p class='ocr_par' dir='ltr' id='par_1_33' title="bbox 1942 935 3600 1014">
     <span class='ocr_line' id='line_1_33' title="bbox 1942 935 3600 1014; baseline 0.004 -23"><span class='ocrx_word' id='word_1_225' title='bbox 1942 935 2163 1008; x_wconf 88' lang='lat' dir='ltr'>aliquid</span> <span class='ocrx_word' id='word_1_226' title='bbox 2196 939 2357 993; x_wconf 83' lang='lat' dir='ltr'>fleret</span> <span class='ocrx_word' id='word_1_227' title='bbox 2381 956 2393 993; x_wconf 88' lang='lat'>:</span> <span class='ocrx_word' id='word_1_228' title='bbox 2421 940 2646 996; x_wconf 81' lang='lat' dir='ltr'>scilicet</span> <span class='ocrx_word' id='word_1_229' title='bbox 2664 941 2733 976; x_wconf 65' lang='grc'>³³⁸</span> <span class='ocrx_word' id='word_1_230' title='bbox 2764 945 2827 996; x_wconf 90' lang='lat' dir='ltr'>ut</span> <span class='ocrx_word' id='word_1_231' title='bbox 2859 958 2962 1014; x_wconf 88' lang='lat' dir='ltr'>per</span> <span class='ocrx_word' id='word_1_232' title='bbox 2982 942 3051 976; x_wconf 70' lang='grc'>³⁸⁸</span> <span class='ocrx_word' id='word_1_233' title='bbox 3082 941 3434 1014; x_wconf 71' lang='lat' dir='ltr'>pmnitentia:</span> <span class='ocrx_word' id='word_1_234' title='bbox 3472 942 3600 997; x_wconf 89' lang='lat' dir='ltr'>fru-</span> 
     </span>
    </p>
   </div>
   <div class='ocr_carea' id='block_1_34' title="bbox 1943 1026 3597 1101">
    <p class='ocr_par' dir='ltr' id='par_1_34' title="bbox 1943 1026 3597 1101">
     <span class='ocr_line' id='line_1_34' title="bbox 1943 1026 3597 1101; baseline 0.005 -24"><span class='ocrx_word' id='word_1_235' title='bbox 1943 1030 2071 1079; x_wconf 91' lang='lat' dir='ltr'>ctus</span> <span class='ocrx_word' id='word_1_236' title='bbox 2105 1030 2204 1079; x_wconf 89' lang='lat' dir='ltr'>aut</span> <span class='ocrx_word' id='word_1_237' title='bbox 2229 1026 2385 1081; x_wconf 87' lang='lat' dir='ltr'>illam</span> <span class='ocrx_word' id='word_1_238' title='bbox 2418 1030 2547 1082; x_wconf 73' lang='lat' dir='ltr'>vita:</span> <span class='ocrx_word' id='word_1_239' title='bbox 2582 1034 2857 1098; x_wconf 87' lang='lat' dir='ltr'>servaret,</span> <span class='ocrx_word' id='word_1_240' title='bbox 2889 1034 2992 1085; x_wconf 90' lang='lat' dir='ltr'>aut</span> <span class='ocrx_word' id='word_1_241' title='bbox 3020 1030 3193 1085; x_wconf 91' lang='lat' dir='ltr'>ambo</span> <span class='ocrx_word' id='word_1_242' title='bbox 3223 1028 3400 1085; x_wconf 89' lang='lat' dir='ltr'>simul</span> <span class='ocrx_word' id='word_1_243' title='bbox 3448 1030 3597 1101; x_wconf 77' lang='lat' dir='ltr'>iussi</span> 
     </span>
    </p>
   </div>
   <div class='ocr_carea' id='block_1_35' title="bbox 1918 1117 3595 1191">
    <p class='ocr_par' dir='ltr' id='par_1_35' title="bbox 1918 1117 3595 1191">
     <span class='ocr_line' id='line_1_35' title="bbox 1918 1117 3595 1191; baseline 0.006 -28"><span class='ocrx_word' id='word_1_244' title='bbox 1918 1117 2415 1170; x_wconf 65' lang='lat' dir='ltr'>,morerenlurm.</span> <span class='ocrx_word' id='word_1_245' title='bbox 2449 1118 2573 1181; x_wconf 89' lang='lat' dir='ltr'>Qua</span> <span class='ocrx_word' id='word_1_246' title='bbox 2606 1119 2903 1173; x_wconf 81' lang='lat' dir='ltr'>voluntate</span> <span class='ocrx_word' id='word_1_247' title='bbox 2948 1119 3088 1191; x_wconf 87' lang='lat' dir='ltr'>quia</span> <span class='ocrx_word' id='word_1_248' title='bbox 3133 1117 3394 1189; x_wconf 85' lang='lat' dir='ltr'>martyrii</span> <span class='ocrx_word' id='word_1_249' title='bbox 3433 1135 3595 1174; x_wconf 89' lang='lat' dir='ltr'>coro-</span> 
     </span>
    </p>
   </div>
   <div class='ocr_carea' id='block_1_36' title="bbox 1943 1206 3590 1279">
    <p class='ocr_par' dir='ltr' id='par_1_36' title="bbox 1943 1206 3590 1279">
     <span class='ocr_line' id='line_1_36' title="bbox 1943 1206 3590 1279; baseline 0.005 -26"><span class='ocrx_word' id='word_1_250' title='bbox 1943 1218 2076 1254; x_wconf 90' lang='lat' dir='ltr'>nam</span> <span class='ocrx_word' id='word_1_251' title='bbox 2102 1220 2419 1273; x_wconf 78' lang='lat' dir='ltr'>exposcens</span> <span class='ocrx_word' id='word_1_252' title='bbox 2442 1206 2949 1278; x_wconf 87' lang='lat' dir='ltr'>erat,adimpleret</span> <span class='ocrx_word' id='word_1_253' title='bbox 2979 1208 3181 1279; x_wconf 91' lang='lat' dir='ltr'>utique</span> <span class='ocrx_word' id='word_1_254' title='bbox 3210 1208 3365 1279; x_wconf 91' lang='lat' dir='ltr'>quod</span> <span class='ocrx_word' id='word_1_255' title='bbox 3385 1207 3590 1275; x_wconf 91' lang='lat' dir='ltr'>voluit,</span> 
     </span>
    </p>
   </div>
   <div class='ocr_carea' id='block_1_37' title="bbox 1942 1289 3587 1367">
    <p class='ocr_par' dir='ltr' id='par_1_37' title="bbox 1942 1289 3587 1367">
     <span class='ocr_line' id='line_1_37' title="bbox 1942 1289 3587 1367; baseline 0.005 -25"><span class='ocrx_word' id='word_1_256' title='bbox 1942 1289 2054 1343; x_wconf 88' lang='lat' dir='ltr'>nisi</span> <span class='ocrx_word' id='word_1_257' title='bbox 2088 1307 2221 1345; x_wconf 92' lang='lat' dir='ltr'>eum</span> <span class='ocrx_word' id='word_1_258' title='bbox 2266 1295 2585 1364; x_wconf 83' lang='lat' dir='ltr'>prudenter</span> <span class='ocrx_word' id='word_1_259' title='bbox 2616 1296 2870 1350; x_wconf 89' lang='lat' dir='ltr'>domnus</span> <span class='ocrx_word' id='word_1_260' title='bbox 2896 1295 3125 1351; x_wconf 91' lang='lat' dir='ltr'>Willico</span> <span class='ocrx_word' id='word_1_261' title='bbox 3139 1298 3205 1330; x_wconf 76' lang='grc' dir='ltr'>²²τ</span> <span class='ocrx_word' id='word_1_262' title='bbox 3235 1295 3587 1367; x_wconf 86' lang='lat' dir='ltr'>prohiberet.</span> 
     </span>
    </p>
   </div>
   <div class='ocr_carea' id='block_1_38' title="bbox 1941 1376 3590 1449">
    <p class='ocr_par' dir='ltr' id='par_1_38' title="bbox 1941 1376 3590 1449">
     <span class='ocr_line' id='line_1_38' title="bbox 1941 1376 3590 1449; baseline 0.007 -20"><span class='ocrx_word' id='word_1_263' title='bbox 1941 1376 2124 1449; x_wconf 86' lang='lat' dir='ltr'>impia</span> <span class='ocrx_word' id='word_1_264' title='bbox 2155 1397 2367 1436; x_wconf 90' lang='lat' dir='ltr'>manus</span> <span class='ocrx_word' id='word_1_265' title='bbox 2398 1383 2618 1439; x_wconf 87' lang='lat' dir='ltr'>interea</span> <span class='ocrx_word' id='word_1_266' title='bbox 2647 1384 2945 1439; x_wconf 71' lang='lat' dir='ltr'>absconsze</span> <span class='ocrx_word' id='word_1_267' title='bbox 2976 1383 3208 1439; x_wconf 89' lang='lat' dir='ltr'>mulieri</span> <span class='ocrx_word' id='word_1_268' title='bbox 3240 1384 3457 1440; x_wconf 85' lang='lat' dir='ltr'>ferrum</span> <span class='ocrx_word' id='word_1_269' title='bbox 3490 1402 3590 1441; x_wconf 83' lang='lat' dir='ltr'>ne-</span> 
     </span>
    </p>
   </div>
   <div class='ocr_carea' id='block_1_39' title="bbox 1938 1471 3590 1545">
    <p class='ocr_par' dir='ltr' id='par_1_39' title="bbox 1938 1471 3590 1545">
     <span class='ocr_line' id='line_1_39' title="bbox 1938 1471 3590 1545; baseline 0.005 -25"><span class='ocrx_word' id='word_1_270' title='bbox 1938 1482 2183 1539; x_wconf 89' lang='lat' dir='ltr'>cemque</span> <span class='ocrx_word' id='word_1_271' title='bbox 2214 1486 2448 1541; x_wconf 92' lang='lat' dir='ltr'>parans,</span> <span class='ocrx_word' id='word_1_272' title='bbox 2478 1477 2705 1527; x_wconf 90' lang='lat' dir='ltr'>armato</span> <span class='ocrx_word' id='word_1_273' title='bbox 2739 1472 2925 1527; x_wconf 89' lang='lat' dir='ltr'>milite</span> <span class='ocrx_word' id='word_1_274' title='bbox 2956 1471 3367 1545; x_wconf 76' lang='lat' dir='ltr'>episcopalem</span> <span class='ocrx_word' id='word_1_275' title='bbox 3397 1474 3590 1530; x_wconf 84' lang='lat' dir='ltr'>forum</span> 
     </span>
    </p>
   </div>
   <div class='ocr_carea' id='block_1_40' title="bbox 1937 1554 3592 1626">
    <p class='ocr_par' dir='ltr' id='par_1_40' title="bbox 1937 1554 3592 1626">
     <span class='ocr_line' id='line_1_40' title="bbox 1937 1554 3592 1626; baseline 0.006 -18"><span class='ocrx_word' id='word_1_276' title='bbox 1937 1554 2294 1626; x_wconf 87' lang='lat' dir='ltr'>irruperunt.</span> <span class='ocrx_word' id='word_1_277' title='bbox 2330 1562 2610 1625; x_wconf 68' lang='lat' dir='ltr'>Qumrunt</span> <span class='ocrx_word' id='word_1_278' title='bbox 2658 1560 2836 1617; x_wconf 89' lang='lat' dir='ltr'>minis</span> <span class='ocrx_word' id='word_1_279' title='bbox 2865 1562 2933 1597; x_wconf 80' lang='grc'>²²⁹</span> <span class='ocrx_word' id='word_1_280' title='bbox 2962 1565 3019 1617; x_wconf 90' lang='lat' dir='ltr'>et</span> <span class='ocrx_word' id='word_1_281' title='bbox 3061 1561 3592 1617; x_wconf 60' lang='lat' dir='ltr'>contumacibus&quot;ll</span> 
     </span>
    </p>
   </div>
   <div class='ocr_carea' id='block_1_41' title="bbox 1934 1644 3593 1723">
    <p class='ocr_par' dir='ltr' id='par_1_41' title="bbox 1934 1644 3593 1723">
     <span class='ocr_line' id='line_1_41' title="bbox 1934 1644 3593 1723; baseline 0.006 -27"><span class='ocrx_word' id='word_1_282' title='bbox 1934 1644 2109 1698; x_wconf 87' lang='lat' dir='ltr'>dictis</span> <span class='ocrx_word' id='word_1_283' title='bbox 2139 1646 2615 1721; x_wconf 86' lang='lat' dir='ltr'>episcopum,qui</span> <span class='ocrx_word' id='word_1_284' title='bbox 2640 1655 2842 1705; x_wconf 89' lang='lat' dir='ltr'>contra</span> <span class='ocrx_word' id='word_1_285' title='bbox 2864 1650 3129 1705; x_wconf 87' lang='lat' dir='ltr'>divinum</span> <span class='ocrx_word' id='word_1_286' title='bbox 3153 1652 3218 1687; x_wconf 69' lang='grc'>³³⁸</span> <span class='ocrx_word' id='word_1_287' title='bbox 3254 1651 3341 1707; x_wconf 86' lang='lat' dir='ltr'>fas</span> <span class='ocrx_word' id='word_1_288' title='bbox 3364 1654 3421 1705; x_wconf 89' lang='lat' dir='ltr'>et</span> <span class='ocrx_word' id='word_1_289' title='bbox 3442 1650 3593 1723; x_wconf 88' lang='lat' dir='ltr'>lega-</span> 
     </span>
    </p>
   </div>
   <div class='ocr_carea' id='block_1_42' title="bbox 1933 1730 3590 1805">
    <p class='ocr_par' dir='ltr' id='par_1_42' title="bbox 1933 1730 3590 1805">
     <span class='ocr_line' id='line_1_42' title="bbox 1933 1730 3590 1805; baseline 0.008 -22"><span class='ocrx_word' id='word_1_290' title='bbox 1933 1730 2011 1785; x_wconf 89' lang='lat' dir='ltr'>lia</span> <span class='ocrx_word' id='word_1_291' title='bbox 2029 1733 2168 1803; x_wconf 87' lang='lat' dir='ltr'>jura</span> <span class='ocrx_word' id='word_1_292' title='bbox 2200 1735 2527 1794; x_wconf 78' lang='lat' dir='ltr'>adulteram</span> <span class='ocrx_word' id='word_1_293' title='bbox 2560 1738 2872 1794; x_wconf 78' lang='lat' dir='ltr'>defendere</span> <span class='ocrx_word' id='word_1_294' title='bbox 2902 1738 3094 1794; x_wconf 87' lang='lat' dir='ltr'>vellet.</span> <span class='ocrx_word' id='word_1_295' title='bbox 3129 1740 3291 1805; x_wconf 89' lang='lat' dir='ltr'>Quod</span> <span class='ocrx_word' id='word_1_296' title='bbox 3322 1739 3419 1795; x_wconf 91' lang='lat' dir='ltr'>ille</span> <span class='ocrx_word' id='word_1_297' title='bbox 3451 1740 3590 1796; x_wconf 89' lang='lat' dir='ltr'>divi-</span> 
     </span>
    </p>
   </div>
   <div class='ocr_carea' id='block_1_43' title="bbox 1931 1823 3584 1901">
    <p class='ocr_par' dir='ltr' id='par_1_43' title="bbox 1931 1823 3584 1901">
     <span class='ocr_line' id='line_1_43' title="bbox 1931 1823 3584 1901; baseline 0.005 -26"><span class='ocrx_word' id='word_1_298' title='bbox 1931 1837 2017 1875; x_wconf 71' lang='lat' dir='ltr'>na:</span> <span class='ocrx_word' id='word_1_299' title='bbox 2049 1823 2562 1896; x_wconf 88' lang='lat' dir='ltr'>contemplationis</span> <span class='ocrx_word' id='word_1_300' title='bbox 2593 1826 2719 1882; x_wconf 92' lang='lat' dir='ltr'>ocio</span> <span class='ocrx_word' id='word_1_301' title='bbox 2741 1844 2961 1883; x_wconf 90' lang='lat' dir='ltr'>vacans</span> <span class='ocrx_word' id='word_1_302' title='bbox 2987 1826 3088 1882; x_wconf 93' lang='lat' dir='ltr'>ubi</span> <span class='ocrx_word' id='word_1_303' title='bbox 3119 1844 3261 1883; x_wconf 89' lang='lat' dir='ltr'>aure</span> <span class='ocrx_word' id='word_1_304' title='bbox 3298 1828 3584 1901; x_wconf 89' lang='lat' dir='ltr'>percepit,</span> 
     </span>
    </p>
   </div>
   <div class='ocr_carea' id='block_1_44' title="bbox 1929 1911 3587 1984">
    <p class='ocr_par' dir='ltr' id='par_1_44' title="bbox 1929 1911 3587 1984">
     <span class='ocr_line' id='line_1_44' title="bbox 1929 1911 3587 1984; baseline 0.007 -21"><span class='ocrx_word' id='word_1_305' title='bbox 1929 1925 2063 1965; x_wconf 93' lang='lat' dir='ltr'>cum</span> <span class='ocrx_word' id='word_1_306' title='bbox 2093 1911 2252 1967; x_wconf 91' lang='lat' dir='ltr'>velut</span> <span class='ocrx_word' id='word_1_307' title='bbox 2280 1913 2475 1970; x_wconf 63' lang='lat' dir='ltr'>divisa:</span> <span class='ocrx_word' id='word_1_308' title='bbox 2507 1915 2696 1972; x_wconf 92' lang='lat' dir='ltr'>noctis</span> <span class='ocrx_word' id='word_1_309' title='bbox 2726 1915 2871 1972; x_wconf 89' lang='lat' dir='ltr'>hora</span> <span class='ocrx_word' id='word_1_310' title='bbox 2900 1917 3245 1984; x_wconf 89' lang='lat' dir='ltr'>esset,dicto</span> <span class='ocrx_word' id='word_1_311' title='bbox 3264 1934 3435 1973; x_wconf 89' lang='lat' dir='ltr'>versu</span> <span class='ocrx_word' id='word_1_312' title='bbox 3468 1918 3587 1974; x_wconf 88' lang='lat' dir='ltr'>fre-</span> 
     </span>
    </p>
   </div>
   <div class='ocr_carea' id='block_1_45' title="bbox 1925 1998 3581 2079">
    <p class='ocr_par' dir='ltr' id='par_1_45' title="bbox 1925 1998 3581 2079">
     <span class='ocr_line' id='line_1_45' title="bbox 1925 1998 3581 2079; baseline 0.007 -28"><span class='ocrx_word' id='word_1_313' title='bbox 1925 1998 2011 2070; x_wconf 89' lang='lat' dir='ltr'>git</span> <span class='ocrx_word' id='word_1_314' title='bbox 2043 1998 2367 2069; x_wconf 86' lang='lat' dir='ltr'>silentia,et</span> <span class='ocrx_word' id='word_1_315' title='bbox 2390 2002 2447 2058; x_wconf 91' lang='lat' dir='ltr'>in</span> <span class='ocrx_word' id='word_1_316' title='bbox 2472 2021 2587 2076; x_wconf 92' lang='lat' dir='ltr'>quo</span> <span class='ocrx_word' id='word_1_317' title='bbox 2609 2003 2848 2062; x_wconf 89' lang='lat' dir='ltr'>clausus</span> <span class='ocrx_word' id='word_1_318' title='bbox 2879 2010 3005 2060; x_wconf 88' lang='lat' dir='ltr'>erat</span> <span class='ocrx_word' id='word_1_319' title='bbox 3042 2006 3216 2061; x_wconf 82' lang='lat' dir='ltr'>exivit</span> <span class='ocrx_word' id='word_1_320' title='bbox 3238 2006 3309 2062; x_wconf 89' lang='lat' dir='ltr'>de</span> <span class='ocrx_word' id='word_1_321' title='bbox 3340 2006 3581 2079; x_wconf 85' lang='lat' dir='ltr'>templo.</span> 
     </span>
    </p>
   </div>
   <div class='ocr_carea' id='block_1_46' title="bbox 1924 2087 3584 2166">
    <p class='ocr_par' dir='ltr' id='par_1_46' title="bbox 1924 2087 3584 2166">
     <span class='ocr_line' id='line_1_46' title="bbox 1924 2087 3584 2166; baseline 0.005 -24"><span class='ocrx_word' id='word_1_322' title='bbox 1924 2087 2143 2144; x_wconf 90' lang='lat' dir='ltr'>Deinde</span> <span class='ocrx_word' id='word_1_323' title='bbox 2171 2090 2271 2161; x_wconf 91' lang='lat' dir='ltr'>qui</span> <span class='ocrx_word' id='word_1_324' title='bbox 2302 2107 2503 2147; x_wconf 90' lang='lat' dir='ltr'>secum</span> <span class='ocrx_word' id='word_1_325' title='bbox 2534 2096 2701 2148; x_wconf 91' lang='lat' dir='ltr'>erant</span> <span class='ocrx_word' id='word_1_326' title='bbox 2730 2092 3013 2149; x_wconf 87' lang='lat' dir='ltr'>fratribus</span> <span class='ocrx_word' id='word_1_327' title='bbox 3064 2094 3226 2166; x_wconf 88' lang='lat' dir='ltr'>pacis</span> <span class='ocrx_word' id='word_1_328' title='bbox 3265 2093 3469 2150; x_wconf 87' lang='lat' dir='ltr'>oscula</span> <span class='ocrx_word' id='word_1_329' title='bbox 3515 2094 3584 2151; x_wconf 90' lang='lat' dir='ltr'>li-</span> 
     </span>
    </p>
   </div>
   <div class='ocr_carea' id='block_1_47' title="bbox 1924 2176 3584 2255">
    <p class='ocr_par' dir='ltr' id='par_1_47' title="bbox 1924 2176 3584 2255">
     <span class='ocr_line' id='line_1_47' title="bbox 1924 2176 3584 2255; baseline 0.007 -26"><span class='ocrx_word' id='word_1_330' title='bbox 1924 2176 2070 2233; x_wconf 89' lang='lat' dir='ltr'>bans</span> <span class='ocrx_word' id='word_1_331' title='bbox 2103 2194 2115 2231; x_wconf 92' lang='lat'>:</span> <span class='ocrx_word' id='word_1_332' title='bbox 2152 2179 2293 2235; x_wconf 87' lang='lat' dir='ltr'>Bene</span> <span class='ocrx_word' id='word_1_333' title='bbox 2339 2180 2531 2249; x_wconf 85' lang='lat' dir='ltr'>valete,</span> <span class='ocrx_word' id='word_1_334' title='bbox 2566 2179 2795 2252; x_wconf 89' lang='lat' dir='ltr'>inquid,</span> <span class='ocrx_word' id='word_1_335' title='bbox 2827 2189 2880 2237; x_wconf 90' lang='lat' dir='ltr'>et</span> <span class='ocrx_word' id='word_1_336' title='bbox 2924 2198 3023 2254; x_wconf 85' lang='lat' dir='ltr'>pro</span> <span class='ocrx_word' id='word_1_337' title='bbox 3062 2184 3261 2238; x_wconf 86' lang='lat' dir='ltr'>misero</span> <span class='ocrx_word' id='word_1_338' title='bbox 3307 2184 3445 2254; x_wconf 77' lang='lat' dir='ltr'>ferte</span> <span class='ocrx_word' id='word_1_339' title='bbox 3486 2185 3584 2255; x_wconf 84' lang='lat' dir='ltr'>pia</span> 
     </span>
    </p>
   </div>
   <div class='ocr_carea' id='block_1_48' title="bbox 1919 2266 3575 2345">
    <p class='ocr_par' dir='ltr' id='par_1_48' title="bbox 1919 2266 3575 2345">
     <span class='ocr_line' id='line_1_48' title="bbox 1919 2266 3575 2345; baseline 0.005 -25"><span class='ocrx_word' id='word_1_340' title='bbox 1919 2274 2039 2321; x_wconf 86' lang='lat' dir='ltr'>vota</span> <span class='ocrx_word' id='word_1_341' title='bbox 2066 2266 2315 2324; x_wconf 79' lang='lat' dir='ltr'>Christo!</span> <span class='ocrx_word' id='word_1_342' title='bbox 2349 2268 2485 2324; x_wconf 90' lang='lat' dir='ltr'>Inde</span> <span class='ocrx_word' id='word_1_343' title='bbox 2531 2273 2689 2324; x_wconf 90' lang='lat' dir='ltr'>totus</span> <span class='ocrx_word' id='word_1_344' title='bbox 2738 2270 2943 2325; x_wconf 91' lang='lat' dir='ltr'>ardore</span> <span class='ocrx_word' id='word_1_345' title='bbox 2984 2270 3247 2344; x_wconf 83' lang='lat' dir='ltr'>martyrii</span> <span class='ocrx_word' id='word_1_346' title='bbox 3298 2272 3575 2345; x_wconf 82' lang='lat' dir='ltr'>ﬂagrans,</span> 
     </span>
    </p>
   </div>
   <div class='ocr_carea' id='block_1_49' title="bbox 1919 2357 3578 2433">
    <p class='ocr_par' dir='ltr' id='par_1_49' title="bbox 1919 2357 3578 2433">
     <span class='ocr_line' id='line_1_49' title="bbox 1919 2357 3578 2433; baseline 0.005 -24"><span class='ocrx_word' id='word_1_347' title='bbox 1919 2372 2034 2410; x_wconf 91' lang='lat' dir='ltr'>non</span> <span class='ocrx_word' id='word_1_348' title='bbox 2061 2357 2313 2411; x_wconf 89' lang='lat' dir='ltr'>tardiore</span> <span class='ocrx_word' id='word_1_349' title='bbox 2337 2358 2628 2413; x_wconf 90' lang='lat' dir='ltr'>desiderio</span> <span class='ocrx_word' id='word_1_350' title='bbox 2651 2363 2709 2413; x_wconf 92' lang='lat' dir='ltr'>et</span> <span class='ocrx_word' id='word_1_351' title='bbox 2730 2375 2928 2426; x_wconf 91' lang='lat' dir='ltr'>cursu,</span> <span class='ocrx_word' id='word_1_352' title='bbox 2946 2376 3125 2431; x_wconf 90' lang='lat' dir='ltr'>quam</span> <span class='ocrx_word' id='word_1_353' title='bbox 3152 2359 3251 2432; x_wconf 87' lang='lat' dir='ltr'>qui</span> <span class='ocrx_word' id='word_1_354' title='bbox 3277 2359 3428 2433; x_wconf 89' lang='lat' dir='ltr'>fugit</span> <span class='ocrx_word' id='word_1_355' title='bbox 3446 2360 3578 2418; x_wconf 85' lang='lat' dir='ltr'>bos-</span> 
     </span>
    </p>
   </div>
   <div class='ocr_carea' id='block_1_50' title="bbox 1916 2446 3575 2521">
    <p class='ocr_par' dir='ltr' id='par_1_50' title="bbox 1916 2446 3575 2521">
     <span class='ocr_line' id='line_1_50' title="bbox 1916 2446 3575 2521; baseline 0.004 -23"><span class='ocrx_word' id='word_1_356' title='bbox 1916 2448 2279 2517; x_wconf 87' lang='lat' dir='ltr'>tem,sponte</span> <span class='ocrx_word' id='word_1_357' title='bbox 2300 2446 2460 2501; x_wconf 88' lang='lat' dir='ltr'>venit</span> <span class='ocrx_word' id='word_1_358' title='bbox 2499 2447 2556 2501; x_wconf 90' lang='lat' dir='ltr'>in</span> <span class='ocrx_word' id='word_1_359' title='bbox 2597 2446 2824 2503; x_wconf 91' lang='lat' dir='ltr'>hostem</span> <span class='ocrx_word' id='word_1_360' title='bbox 2849 2449 2937 2515; x_wconf 69' lang='lat'>’3’,</span> <span class='ocrx_word' id='word_1_361' title='bbox 2971 2464 3039 2503; x_wconf 88' lang='lat' dir='ltr'>ac</span> <span class='ocrx_word' id='word_1_362' title='bbox 3069 2447 3329 2504; x_wconf 90' lang='lat' dir='ltr'>medium</span> <span class='ocrx_word' id='word_1_363' title='bbox 3363 2465 3575 2521; x_wconf 87' lang='lat' dir='ltr'>agmen</span> 
     </span>
    </p>
   </div>
   <div class='ocr_carea' id='block_1_51' title="bbox 1913 2532 3565 2610">
    <p class='ocr_par' dir='ltr' id='par_1_51' title="bbox 1913 2532 3565 2610">
     <span class='ocr_line' id='line_1_51' title="bbox 1913 2532 3565 2610; baseline 0.004 -24"><span class='ocrx_word' id='word_1_364' title='bbox 1913 2532 2203 2605; x_wconf 92' lang='lat' dir='ltr'>intrepido</span> <span class='ocrx_word' id='word_1_365' title='bbox 2236 2551 2443 2606; x_wconf 89' lang='lat' dir='ltr'>gressu</span> <span class='ocrx_word' id='word_1_366' title='bbox 2478 2536 2754 2591; x_wconf 89' lang='lat' dir='ltr'>incedens</span> <span class='ocrx_word' id='word_1_367' title='bbox 2788 2553 2801 2591; x_wconf 88' lang='lat'>:</span> <span class='ocrx_word' id='word_1_368' title='bbox 2834 2536 2897 2593; x_wconf 91' lang='lat' dir='ltr'>Si</span> <span class='ocrx_word' id='word_1_369' title='bbox 2923 2553 3011 2593; x_wconf 86' lang='lat' dir='ltr'>me</span> <span class='ocrx_word' id='word_1_370' title='bbox 3039 2539 3304 2609; x_wconf 64' lang='lat' dir='ltr'>queritis,</span> <span class='ocrx_word' id='word_1_371' title='bbox 3334 2537 3565 2610; x_wconf 88' lang='lat' dir='ltr'>inquid,</span> 
     </span>
    </p>
   </div>
   <div class='ocr_carea' id='block_1_52' title="bbox 1906 2623 3568 2693">
    <p class='ocr_par' dir='ltr' id='par_1_52' title="bbox 1906 2623 3568 2693">
     <span class='ocr_line' id='line_1_52' title="bbox 1906 2623 3568 2693; baseline 0.006 -18"><span class='ocrx_word' id='word_1_372' title='bbox 1906 2631 2110 2693; x_wconf 66' lang='lat' dir='ltr'>pra’sto</span> <span class='ocrx_word' id='word_1_373' title='bbox 2138 2640 2282 2677; x_wconf 89' lang='lat' dir='ltr'>sum.</span> <span class='ocrx_word' id='word_1_374' title='bbox 2319 2623 2480 2679; x_wconf 73' lang='lat' dir='ltr'>Un&#39;us</span> <span class='ocrx_word' id='word_1_375' title='bbox 2511 2629 2708 2679; x_wconf 90' lang='lat' dir='ltr'>autem</span> <span class='ocrx_word' id='word_1_376' title='bbox 2742 2640 2810 2679; x_wconf 83' lang='lat' dir='ltr'>ex</span> <span class='ocrx_word' id='word_1_377' title='bbox 2850 2624 2988 2693; x_wconf 92' lang='lat' dir='ltr'>illis,</span> <span class='ocrx_word' id='word_1_378' title='bbox 3004 2625 3099 2681; x_wconf 90' lang='lat' dir='ltr'>cui</span> <span class='ocrx_word' id='word_1_379' title='bbox 3142 2642 3279 2682; x_wconf 91' lang='lat' dir='ltr'>cum</span> <span class='ocrx_word' id='word_1_380' title='bbox 3300 2626 3472 2684; x_wconf 89' lang='lat' dir='ltr'>bonis</span> <span class='ocrx_word' id='word_1_381' title='bbox 3498 2627 3568 2663; x_wconf 78' lang='grc'>³³³</span> 
     </span>
    </p>
   </div>
   <div class='ocr_carea' id='block_1_53' title="bbox 1909 2710 3563 2783">
    <p class='ocr_par' dir='ltr' id='par_1_53' title="bbox 1909 2710 3563 2783">
     <span class='ocr_line' id='line_1_53' title="bbox 1909 2710 3563 2783; baseline 0.005 -19"><span class='ocrx_word' id='word_1_382' title='bbox 1909 2727 2141 2783; x_wconf 87' lang='lat' dir='ltr'>semper</span> <span class='ocrx_word' id='word_1_383' title='bbox 2170 2710 2309 2766; x_wconf 64' lang='lat' dir='ltr'>laeva</span> <span class='ocrx_word' id='word_1_384' title='bbox 2338 2711 2607 2767; x_wconf 87' lang='lat' dir='ltr'>voluntas</span> <span class='ocrx_word' id='word_1_385' title='bbox 2629 2713 2698 2746; x_wconf 78' lang='grc'>²³⁴</span> <span class='ocrx_word' id='word_1_386' title='bbox 2726 2717 2872 2781; x_wconf 88' lang='lat' dir='ltr'>erat,</span> <span class='ocrx_word' id='word_1_387' title='bbox 2893 2713 3159 2769; x_wconf 91' lang='lat' dir='ltr'>omnium</span> <span class='ocrx_word' id='word_1_388' title='bbox 3190 2730 3289 2770; x_wconf 91' lang='lat' dir='ltr'>ore</span> <span class='ocrx_word' id='word_1_389' title='bbox 3309 2714 3450 2771; x_wconf 79' lang='lat' dir='ltr'>talia</span> <span class='ocrx_word' id='word_1_390' title='bbox 3475 2732 3563 2772; x_wconf 88' lang='lat' dir='ltr'>re-</span> 
     </span>
    </p>
   </div>
   <div class='ocr_carea' id='block_1_54' title="bbox 1906 2799 3565 2874">
    <p class='ocr_par' dir='ltr' id='par_1_54' title="bbox 1906 2799 3565 2874">
     <span class='ocr_line' id='line_1_54' title="bbox 1906 2799 3565 2874; baseline 0.004 -21"><span class='ocrx_word' id='word_1_391' title='bbox 1906 2800 2146 2871; x_wconf 90' lang='lat' dir='ltr'>spondit</span> <span class='ocrx_word' id='word_1_392' title='bbox 2177 2815 2191 2854; x_wconf 90' lang='lat'><strong>:</strong></span> <span class='ocrx_word' id='word_1_393' title='bbox 2226 2799 2391 2854; x_wconf 84' lang='lat' dir='ltr'>Cassa</span> <span class='ocrx_word' id='word_1_394' title='bbox 2418 2816 2537 2872; x_wconf 84' lang='lat' dir='ltr'>spes</span> <span class='ocrx_word' id='word_1_395' title='bbox 2565 2802 2824 2873; x_wconf 77' lang='lat' dir='ltr'>martyrii</span> <span class='ocrx_word' id='word_1_396' title='bbox 2842 2810 2891 2857; x_wconf 91' lang='lat' dir='ltr'>te</span> <span class='ocrx_word' id='word_1_397' title='bbox 2913 2809 3056 2857; x_wconf 82' lang='lat' dir='ltr'>tenet</span> <span class='ocrx_word' id='word_1_398' title='bbox 3075 2810 3128 2858; x_wconf 89' lang='lat' dir='ltr'>et</span> <span class='ocrx_word' id='word_1_399' title='bbox 3152 2802 3356 2858; x_wconf 75' lang='lat' dir='ltr'>nobilis</span> <span class='ocrx_word' id='word_1_400' title='bbox 3384 2803 3565 2874; x_wconf 84' lang='lat' dir='ltr'>gloria</span> 
     </span>
    </p>
   </div>
   <div class='ocr_carea' id='block_1_55' title="bbox 148 2889 3565 2970">
    <p class='ocr_par' dir='ltr' id='par_1_55' title="bbox 148 2889 3565 2970">
     <span class='ocr_line' id='line_1_55' title="bbox 148 2889 3565 2970; baseline -0.004 -13"><span class='ocrx_word' id='word_1_401' title='bbox 148 2902 422 2970; x_wconf 89' lang='lat' dir='ltr'>stibus,et</span> <span class='ocrx_word' id='word_1_402' title='bbox 450 2899 584 2955; x_wconf 65' lang='lat' dir='ltr'>laeto</span> <span class='ocrx_word' id='word_1_403' title='bbox 605 2896 801 2953; x_wconf 89' lang='lat' dir='ltr'>animo</span> <span class='ocrx_word' id='word_1_404' title='bbox 823 2912 888 2950; x_wconf 89' lang='lat' dir='ltr'>ac</span> <span class='ocrx_word' id='word_1_405' title='bbox 911 2910 1125 2967; x_wconf 89' lang='lat' dir='ltr'>magna</span> <span class='ocrx_word' id='word_1_406' title='bbox 1144 2891 1795 2963; x_wconf 80' lang='lat' dir='ltr'>exultatione.Cumque</span> <span class='ocrx_word' id='word_1_407' title='bbox 1904 2889 2017 2943; x_wconf 90' lang='lat' dir='ltr'>leti.</span> <span class='ocrx_word' id='word_1_408' title='bbox 2053 2889 2213 2944; x_wconf 83' lang='lat' dir='ltr'>Errdt</span> <span class='ocrx_word' id='word_1_409' title='bbox 2236 2905 2336 2960; x_wconf 85' lang='lat' dir='ltr'>pro</span> <span class='ocrx_word' id='word_1_410' title='bbox 2357 2898 2498 2945; x_wconf 82' lang='lat' dir='ltr'>certe</span> <span class='ocrx_word' id='word_1_411' title='bbox 2528 2890 2643 2945; x_wconf 71' lang='lat' dir='ltr'>lure</span> <span class='ocrx_word' id='word_1_412' title='bbox 2660 2892 2939 2958; x_wconf 84' lang='lat' dir='ltr'>sanctitas,</span> <span class='ocrx_word' id='word_1_413' title='bbox 2972 2905 3099 2963; x_wconf 54' lang='lat' dir='ltr'>qua</span> <span class='ocrx_word' id='word_1_414' title='bbox 3142 2892 3396 2947; x_wconf 85' lang='lat' dir='ltr'>nosirum</span> <span class='ocrx_word' id='word_1_415' title='bbox 3443 2893 3565 2949; x_wconf 78' lang='lat' dir='ltr'>vult</span> 
     </span>
    </p>
   </div>
   <div class='ocr_carea' id='block_1_56' title="bbox 146 2977 3561 3057">
    <p class='ocr_par' dir='ltr' id='par_1_56' title="bbox 146 2977 3561 3057">
     <span class='ocr_line' id='line_1_56' title="bbox 146 2977 3561 3057; baseline -0.003 -10"><span class='ocrx_word' id='word_1_416' title='bbox 146 3008 374 3047; x_wconf 90' lang='lat' dir='ltr'>emenso</span> <span class='ocrx_word' id='word_1_417' title='bbox 423 2989 635 3045; x_wconf 90' lang='lat' dir='ltr'>itinere</span> <span class='ocrx_word' id='word_1_418' title='bbox 685 2985 928 3057; x_wconf 89' lang='lat' dir='ltr'>Pragam</span> <span class='ocrx_word' id='word_1_419' title='bbox 959 2984 1244 3048; x_wconf 90' lang='lat' dir='ltr'>venirent,</span> <span class='ocrx_word' id='word_1_420' title='bbox 1277 2987 1418 3037; x_wconf 89' lang='lat' dir='ltr'>eunt</span> <span class='ocrx_word' id='word_1_421' title='bbox 1459 2982 1509 3036; x_wconf 89' lang='lat' dir='ltr'>ei</span> <span class='ocrx_word' id='word_1_422' title='bbox 1562 2981 1792 3035; x_wconf 85' lang='lat' dir='ltr'>obviam</span> <span class='ocrx_word' id='word_1_423' title='bbox 1901 2977 2025 3047; x_wconf 80' lang='lat' dir='ltr'>ﬁeri</span> <span class='ocrx_word' id='word_1_424' title='bbox 2046 2985 2343 3047; x_wconf 81' lang='lat' dir='ltr'>peccatum.</span> <span class='ocrx_word' id='word_1_425' title='bbox 2376 2978 2493 3032; x_wconf 81' lang='lat' dir='ltr'>Non</span> <span class='ocrx_word' id='word_1_426' title='bbox 2526 2978 2843 3050; x_wconf 86' lang='lat' dir='ltr'>implebitur</span> <span class='ocrx_word' id='word_1_427' title='bbox 2872 2986 2966 3034; x_wconf 88' lang='lat' dir='ltr'>tua</span> <span class='ocrx_word' id='word_1_428' title='bbox 3002 2980 3272 3049; x_wconf 83' lang='lat' dir='ltr'>voluntas,</span> <span class='ocrx_word' id='word_1_429' title='bbox 3300 2980 3393 3036; x_wconf 85' lang='lat' dir='ltr'>sed</span> <span class='ocrx_word' id='word_1_430' title='bbox 3439 2983 3561 3053; x_wconf 85' lang='lat' dir='ltr'>agi-</span> 
     </span>
    </p>
   </div>
   <div class='ocr_carea' id='block_1_57' title="bbox 144 3064 3564 3144">
    <p class='ocr_par' dir='ltr' id='par_1_57' title="bbox 144 3064 3564 3144">
     <span class='ocr_line' id='line_1_57' title="bbox 144 3064 3564 3144; baseline -0.003 -8"><span class='ocrx_word' id='word_1_431' title='bbox 144 3080 327 3136; x_wconf 88' lang='lat' dir='ltr'>omnis</span> <span class='ocrx_word' id='word_1_432' title='bbox 346 3082 489 3134; x_wconf 80' lang='lat' dir='ltr'>aetas</span> <span class='ocrx_word' id='word_1_433' title='bbox 521 3080 581 3131; x_wconf 92' lang='lat' dir='ltr'>et</span> <span class='ocrx_word' id='word_1_434' title='bbox 609 3078 875 3142; x_wconf 82' lang='lat' dir='ltr'>sexus,et</span> <span class='ocrx_word' id='word_1_435' title='bbox 895 3073 1063 3144; x_wconf 89' lang='lat' dir='ltr'>quasi</span> <span class='ocrx_word' id='word_1_436' title='bbox 1088 3088 1221 3127; x_wconf 91' lang='lat' dir='ltr'>cum</span> <span class='ocrx_word' id='word_1_437' title='bbox 1245 3069 1547 3143; x_wconf 76' lang='lat' dir='ltr'>ingentim</span> <span class='ocrx_word' id='word_1_438' title='bbox 1578 3070 1792 3141; x_wconf 87' lang='lat' dir='ltr'>gaudio</span> <span class='ocrx_word' id='word_1_439' title='bbox 1901 3073 1992 3120; x_wconf 87' lang='lat' dir='ltr'>tur</span> <span class='ocrx_word' id='word_1_440' title='bbox 2019 3064 2252 3137; x_wconf 85' lang='lat' dir='ltr'>aliquid,</span> <span class='ocrx_word' id='word_1_441' title='bbox 2289 3065 2429 3137; x_wconf 83' lang='lat' dir='ltr'>quod</span> <span class='ocrx_word' id='word_1_442' title='bbox 2456 3067 2582 3138; x_wconf 86' lang='lat' dir='ltr'>plus</span> <span class='ocrx_word' id='word_1_443' title='bbox 2611 3067 2783 3133; x_wconf 86' lang='lat' dir='ltr'>dolet;</span> <span class='ocrx_word' id='word_1_444' title='bbox 2817 3069 2948 3140; x_wconf 86' lang='lat' dir='ltr'>quia</span> <span class='ocrx_word' id='word_1_445' title='bbox 2985 3070 3101 3123; x_wconf 82' lang='lat' dir='ltr'>nisi</span> <span class='ocrx_word' id='word_1_446' title='bbox 3138 3068 3251 3124; x_wconf 63' lang='lat' dir='ltr'>hac</span> <span class='ocrx_word' id='word_1_447' title='bbox 3297 3072 3564 3125; x_wconf 75' lang='lat' dir='ltr'>mretrix</span> 
     </span>
    </p>
   </div>
   <div class='ocr_carea' id='block_1_58' title="bbox 142 3154 3562 3241">
    <p class='ocr_par' dir='ltr' id='par_1_58' title="bbox 142 3154 3562 3241">
     <span class='ocr_line' id='line_1_58' title="bbox 142 3154 3562 3241; baseline -0.003 -16"><span class='ocrx_word' id='word_1_448' title='bbox 142 3171 481 3241; x_wconf 87' lang='lat' dir='ltr'>acceperunt</span> <span class='ocrx_word' id='word_1_449' title='bbox 511 3180 668 3221; x_wconf 90' lang='lat' dir='ltr'>eum.</span> <span class='ocrx_word' id='word_1_450' title='bbox 702 3162 854 3218; x_wconf 89' lang='lat' dir='ltr'>Dant</span> <span class='ocrx_word' id='word_1_451' title='bbox 878 3178 1091 3217; x_wconf 89' lang='lat' dir='ltr'>manus</span> <span class='ocrx_word' id='word_1_452' title='bbox 1140 3178 1205 3215; x_wconf 85' lang='lat' dir='ltr'>ac</span> <span class='ocrx_word' id='word_1_453' title='bbox 1259 3161 1614 3232; x_wconf 89' lang='lat' dir='ltr'>promittunt</span> <span class='ocrx_word' id='word_1_454' title='bbox 1661 3176 1789 3214; x_wconf 84' lang='lat' dir='ltr'>om-</span> <span class='ocrx_word' id='word_1_455' title='bbox 1898 3155 2055 3209; x_wconf 83' lang='lat' dir='ltr'>nobis</span> <span class='ocrx_word' id='word_1_456' title='bbox 2084 3156 2247 3209; x_wconf 87' lang='lat' dir='ltr'>citius</span> <span class='ocrx_word' id='word_1_457' title='bbox 2272 3154 2549 3223; x_wconf 85' lang='lat' dir='ltr'>reddatur,</span> <span class='ocrx_word' id='word_1_458' title='bbox 2566 3155 2826 3211; x_wconf 83' lang='lat' dir='ltr'>habemus</span> <span class='ocrx_word' id='word_1_459' title='bbox 2853 3158 3054 3227; x_wconf 82' lang='lat' dir='ltr'>fratres</span> <span class='ocrx_word' id='word_1_460' title='bbox 3083 3164 3224 3224; x_wconf 86' lang='lat' dir='ltr'>tuos,</span> <span class='ocrx_word' id='word_1_461' title='bbox 3251 3165 3310 3213; x_wconf 83' lang='lat' dir='ltr'>tn</span> <span class='ocrx_word' id='word_1_462' title='bbox 3331 3174 3562 3232; x_wconf 86' lang='lat' dir='ltr'>quorum</span> 
     </span>
    </p>
   </div>
   <div class='ocr_carea' id='block_1_59' title="bbox 141 3249 1788 3326">
    <p class='ocr_par' dir='ltr' id='par_1_59' title="bbox 141 3249 1788 3326">
     <span class='ocr_line' id='line_1_59' title="bbox 141 3249 1788 3326; baseline -0.005 -14"><span class='ocrx_word' id='word_1_463' title='bbox 141 3259 230 3313; x_wconf 90' lang='lat' dir='ltr'>nia</span> <span class='ocrx_word' id='word_1_464' title='bbox 247 3260 332 3326; x_wconf 69' lang='grc'>³⁸⁷,</span> <span class='ocrx_word' id='word_1_465' title='bbox 362 3256 530 3314; x_wconf 88' lang='lat' dir='ltr'>velut</span> <span class='ocrx_word' id='word_1_466' title='bbox 560 3253 658 3325; x_wconf 91' lang='lat' dir='ltr'>qui</span> <span class='ocrx_word' id='word_1_467' title='bbox 709 3252 781 3306; x_wconf 88' lang='lat' dir='ltr'>de</span> <span class='ocrx_word' id='word_1_468' title='bbox 824 3267 932 3307; x_wconf 90' lang='lat' dir='ltr'>sua</span> <span class='ocrx_word' id='word_1_469' title='bbox 980 3249 1307 3305; x_wconf 88' lang='lat' dir='ltr'>reversione</span> <span class='ocrx_word' id='word_1_470' title='bbox 1355 3249 1529 3321; x_wconf 90' lang='lat' dir='ltr'>opido</span> <span class='ocrx_word' id='word_1_471' title='bbox 1571 3250 1788 3320; x_wconf 89' lang='lat' dir='ltr'>gaude-</span> 
     </span>
    </p>
   </div>
   <div class='ocr_carea' id='block_1_60' title="bbox 1902 3243 3561 3315">
    <p class='ocr_par' dir='ltr' id='par_1_60' title="bbox 1902 3243 3561 3315">
     <span class='ocr_line' id='line_1_60' title="bbox 1902 3243 3561 3315; baseline 0.003 -17"><span class='ocrx_word' id='word_1_472' title='bbox 1902 3243 2164 3299; x_wconf 70' lang='lat' dir='ltr'>uxoribus</span> <span class='ocrx_word' id='word_1_473' title='bbox 2191 3244 2343 3315; x_wconf 85' lang='lat' dir='ltr'>prole</span> <span class='ocrx_word' id='word_1_474' title='bbox 2366 3251 2417 3299; x_wconf 92' lang='lat' dir='ltr'>et</span> <span class='ocrx_word' id='word_1_475' title='bbox 2439 3244 2672 3315; x_wconf 69' lang='lat' dir='ltr'>praediis</span> <span class='ocrx_word' id='word_1_476' title='bbox 2693 3244 2793 3300; x_wconf 87' lang='lat' dir='ltr'>hoc</span> <span class='ocrx_word' id='word_1_477' title='bbox 2820 3246 3035 3301; x_wconf 88' lang='lat' dir='ltr'>malum</span> <span class='ocrx_word' id='word_1_478' title='bbox 3053 3247 3406 3303; x_wconf 87' lang='lat' dir='ltr'>ulciscamur.</span> <span class='ocrx_word' id='word_1_479' title='bbox 3431 3248 3561 3303; x_wconf 66' lang='lat' dir='ltr'>Haec</span> 
     </span>
    </p>
   </div>
   <div class='ocr_carea' id='block_1_61' title="bbox 139 3316 3559 3415">
    <p class='ocr_par' dir='ltr' id='par_1_61' title="bbox 139 3316 3559 3415">
     <span class='ocr_line' id='line_1_61' title="bbox 139 3316 3559 3415; baseline 0.001 -27"><span class='ocrx_word' id='word_1_480' title='bbox 139 3352 256 3402; x_wconf 70' lang='grc' dir='ltr'>ι-θηι</span> <span class='ocrx_word' id='word_1_481' title='bbox 274 3316 360 3415; x_wconf 58' lang='lat' dir='ltr'>alii,</span> <span class='ocrx_word' id='word_1_482' title='bbox 396 3316 729 3401; x_wconf 47' lang='lat' dir='ltr'>secum-dum</span> <span class='ocrx_word' id='word_1_483' title='bbox 774 3340 904 3411; x_wconf 84' lang='lat' dir='ltr'>ejus</span> <span class='ocrx_word' id='word_1_484' title='bbox 952 3344 1241 3411; x_wconf 74' lang='lat' dir='ltr'>prmcepia</span> <span class='ocrx_word' id='word_1_485' title='bbox 1297 3316 1549 3410; x_wconf 81' lang='lat' dir='ltr'>priorem</span> <span class='ocrx_word' id='word_1_486' title='bbox 1574 3316 1787 3393; x_wconf 41' lang='lat' dir='ltr'>“vitam</span> <span class='ocrx_word' id='word_1_487' title='bbox 1823 3316 1866 3384; x_wconf 84' lang='lat' dir='ltr'>C</span> <span class='ocrx_word' id='word_1_488' title='bbox 1907 3335 2048 3388; x_wconf 93' lang='lat' dir='ltr'>dum</span> <span class='ocrx_word' id='word_1_489' title='bbox 2082 3332 2283 3387; x_wconf 88' lang='lat' dir='ltr'>furens</span> <span class='ocrx_word' id='word_1_490' title='bbox 2315 3332 2556 3387; x_wconf 89' lang='lat' dir='ltr'>Sclavus</span> <span class='ocrx_word' id='word_1_491' title='bbox 2605 3337 2809 3389; x_wconf 90' lang='lat' dir='ltr'>contra</span> <span class='ocrx_word' id='word_1_492' title='bbox 2855 3335 3197 3407; x_wconf 88' lang='lat' dir='ltr'>episcopum</span> <span class='ocrx_word' id='word_1_493' title='bbox 3245 3335 3559 3407; x_wconf 89' lang='lat' dir='ltr'>dilatravit,</span> 
     </span>
    </p>
   </div>
   <div class='ocr_carea' id='block_1_62' title="bbox 142 3428 1146 3509">
    <p class='ocr_par' dir='ltr' id='par_1_62' title="bbox 142 3428 1146 3509">
     <span class='ocr_line' id='line_1_62' title="bbox 142 3428 1146 3509; baseline -0.01 -17"><span class='ocrx_word' id='word_1_494' title='bbox 142 3436 471 3509; x_wconf 89' lang='lat' dir='ltr'>plenissime</span> <span class='ocrx_word' id='word_1_495' title='bbox 494 3430 810 3489; x_wconf 91' lang='lat' dir='ltr'>emendare</span> <span class='ocrx_word' id='word_1_496' title='bbox 828 3428 1043 3484; x_wconf 87' lang='lat' dir='ltr'>vellent</span> <span class='ocrx_word' id='word_1_497' title='bbox 1058 3429 1146 3482; x_wconf 71' lang='lat'>&quot;9.</span> 
     </span>
    </p>
   </div>
   <div class='ocr_carea' id='block_1_63' title="bbox 205 3515 1790 3596">
    <p class='ocr_par' dir='ltr' id='par_1_63' title="bbox 205 3515 1790 3596">
     <span class='ocr_line' id='line_1_63' title="bbox 205 3515 1790 3596; baseline -0.006 -16"><span class='ocrx_word' id='word_1_498' title='bbox 205 3525 286 3580; x_wconf 85' lang='grc'>19.</span> <span class='ocrx_word' id='word_1_499' title='bbox 319 3524 432 3581; x_wconf 91' lang='lat' dir='ltr'>Sed</span> <span class='ocrx_word' id='word_1_500' title='bbox 465 3518 646 3596; x_wconf 90' lang='lat' dir='ltr'>paulo</span> <span class='ocrx_word' id='word_1_501' title='bbox 675 3522 808 3590; x_wconf 92' lang='lat' dir='ltr'>post</span> <span class='ocrx_word' id='word_1_502' title='bbox 838 3516 990 3589; x_wconf 90' lang='lat' dir='ltr'>cepit</span> <span class='ocrx_word' id='word_1_503' title='bbox 1038 3534 1137 3572; x_wconf 90' lang='lat' dir='ltr'>eos</span> <span class='ocrx_word' id='word_1_504' title='bbox 1159 3517 1227 3550; x_wconf 82' lang='grc'>²²⁰</span> <span class='ocrx_word' id='word_1_505' title='bbox 1272 3516 1483 3589; x_wconf 90' lang='lat' dir='ltr'>ignava</span> <span class='ocrx_word' id='word_1_506' title='bbox 1502 3518 1566 3551; x_wconf 78' lang='grc'>²²¹</span> <span class='ocrx_word' id='word_1_507' title='bbox 1600 3515 1790 3571; x_wconf 90' lang='lat' dir='ltr'>molli-</span> 
     </span>
    </p>
   </div>
   <div class='ocr_carea' id='block_1_64' title="bbox 136 3605 1793 3685">
    <p class='ocr_par' dir='ltr' id='par_1_64' title="bbox 136 3605 1793 3685">
     <span class='ocr_line' id='line_1_64' title="bbox 136 3605 1793 3685; baseline -0.005 -16"><span class='ocrx_word' id='word_1_508' title='bbox 136 3614 339 3683; x_wconf 88' lang='lat' dir='ltr'>cics,et</span> <span class='ocrx_word' id='word_1_509' title='bbox 364 3608 653 3685; x_wconf 90' lang='lat' dir='ltr'>neglectis</span> <span class='ocrx_word' id='word_1_510' title='bbox 684 3605 1197 3679; x_wconf 67' lang='lat' dir='ltr'>prmdicationibus</span> <span class='ocrx_word' id='word_1_511' title='bbox 1226 3605 1348 3660; x_wconf 90' lang='lat' dir='ltr'>itur</span> <span class='ocrx_word' id='word_1_512' title='bbox 1394 3605 1453 3659; x_wconf 92' lang='lat' dir='ltr'>in</span> <span class='ocrx_word' id='word_1_513' title='bbox 1492 3622 1666 3660; x_wconf 90' lang='lat' dir='ltr'>omne</span> <span class='ocrx_word' id='word_1_514' title='bbox 1699 3622 1793 3660; x_wconf 83' lang='lat' dir='ltr'>ne-</span> 
     </span>
    </p>
   </div>
   <div class='ocr_carea' id='block_1_65' title="bbox 139 3694 1789 3770">
    <p class='ocr_par' dir='ltr' id='par_1_65' title="bbox 139 3694 1789 3770">
     <span class='ocr_line' id='line_1_65' title="bbox 139 3694 1789 3770; baseline -0.006 -13"><span class='ocrx_word' id='word_1_515' title='bbox 139 3703 533 3759; x_wconf 83' lang='lat' dir='ltr'>fas.Veterum</span> <span class='ocrx_word' id='word_1_516' title='bbox 568 3697 785 3770; x_wconf 88' lang='lat' dir='ltr'>quippe</span> <span class='ocrx_word' id='word_1_517' title='bbox 816 3695 1097 3751; x_wconf 88' lang='lat' dir='ltr'>viciorum</span> <span class='ocrx_word' id='word_1_518' title='bbox 1122 3694 1624 3750; x_wconf 89' lang='lat' dir='ltr'>recordationibus</span> <span class='ocrx_word' id='word_1_519' title='bbox 1645 3711 1789 3765; x_wconf 69' lang='lat' dir='ltr'>prte-</span> 
     </span>
    </p>
   </div>
   <div class='ocr_carea' id='block_1_66' title="bbox 134 3782 1790 3862">
    <p class='ocr_par' dir='ltr' id='par_1_66' title="bbox 134 3782 1790 3862">
     <span class='ocr_line' id='line_1_66' title="bbox 134 3782 1790 3862; baseline -0.007 -14"><span class='ocrx_word' id='word_1_520' title='bbox 134 3792 383 3862; x_wconf 88' lang='lat' dir='ltr'>venti,iu</span> <span class='ocrx_word' id='word_1_521' title='bbox 430 3787 732 3848; x_wconf 88' lang='lat' dir='ltr'>carnalem</span> <span class='ocrx_word' id='word_1_522' title='bbox 783 3789 1009 3857; x_wconf 88' lang='lat' dir='ltr'>partem</span> <span class='ocrx_word' id='word_1_523' title='bbox 1061 3782 1424 3851; x_wconf 88' lang='lat' dir='ltr'>relabuntur,</span> <span class='ocrx_word' id='word_1_524' title='bbox 1458 3787 1514 3838; x_wconf 92' lang='lat' dir='ltr'>et</span> <span class='ocrx_word' id='word_1_525' title='bbox 1543 3787 1790 3855; x_wconf 91' lang='lat' dir='ltr'>pereunt</span> 
     </span>
    </p>
   </div>
   <div class='ocr_carea' id='block_1_67' title="bbox 137 3871 1791 3953">
    <p class='ocr_par' dir='ltr' id='par_1_67' title="bbox 137 3871 1791 3953">
     <span class='ocr_line' id='line_1_67' title="bbox 137 3871 1791 3953; baseline -0.005 -18"><span class='ocrx_word' id='word_1_526' title='bbox 137 3880 291 3938; x_wconf 89' lang='lat' dir='ltr'>labor</span> <span class='ocrx_word' id='word_1_527' title='bbox 320 3875 638 3953; x_wconf 85' lang='lat' dir='ltr'>pastoralis</span> <span class='ocrx_word' id='word_1_528' title='bbox 667 3880 724 3931; x_wconf 91' lang='lat' dir='ltr'>et</span> <span class='ocrx_word' id='word_1_529' title='bbox 752 3874 1007 3946; x_wconf 90' lang='lat' dir='ltr'>diligens</span> <span class='ocrx_word' id='word_1_530' title='bbox 1036 3889 1180 3927; x_wconf 91' lang='lat' dir='ltr'>cura</span> <span class='ocrx_word' id='word_1_531' title='bbox 1215 3872 1350 3928; x_wconf 90' lang='lat' dir='ltr'>boni</span> <span class='ocrx_word' id='word_1_532' title='bbox 1404 3872 1604 3943; x_wconf 88' lang='lat' dir='ltr'>patris.</span> <span class='ocrx_word' id='word_1_533' title='bbox 1634 3871 1791 3926; x_wconf 93' lang='lat' dir='ltr'>Inter</span> 
     </span>
    </p>
   </div>
   <div class='ocr_carea' id='block_1_68' title="bbox 137 3960 1785 4030">
    <p class='ocr_par' dir='ltr' id='par_1_68' title="bbox 137 3960 1785 4030">
     <span class='ocr_line' id='line_1_68' title="bbox 137 3960 1785 4030; baseline -0.007 -4"><span class='ocrx_word' id='word_1_534' title='bbox 137 3970 249 4027; x_wconf 71' lang='lat' dir='ltr'>haec</span> <span class='ocrx_word' id='word_1_535' title='bbox 278 3969 619 4027; x_wconf 86' lang='lat' dir='ltr'>luctuosum</span> <span class='ocrx_word' id='word_1_536' title='bbox 640 3968 698 4022; x_wconf 89' lang='lat' dir='ltr'>et</span> <span class='ocrx_word' id='word_1_537' title='bbox 718 3961 1050 4019; x_wconf 90' lang='lat' dir='ltr'>miserabile</span> <span class='ocrx_word' id='word_1_538' title='bbox 1072 3960 1291 4015; x_wconf 89' lang='lat' dir='ltr'>crimen</span> <span class='ocrx_word' id='word_1_539' title='bbox 1318 3960 1577 4015; x_wconf 81' lang='lat' dir='ltr'>exoritur</span> <span class='ocrx_word' id='word_1_540' title='bbox 1597 3960 1785 4030; x_wconf 79' lang='lat' dir='ltr'>(VIRG.</span> 
     </span>
    </p>
   </div>
   <div class='ocr_carea' id='block_1_69' title="bbox 135 4048 1788 4129">
    <p class='ocr_par' dir='ltr' id='par_1_69' title="bbox 135 4048 1788 4129">
     <span class='ocr_line' id='line_1_69' title="bbox 135 4048 1788 4129; baseline -0.006 -15"><span class='ocrx_word' id='word_1_541' title='bbox 135 4060 251 4115; x_wconf 71' lang='grc' dir='ltr'>Αζη.</span> <span class='ocrx_word' id='word_1_542' title='bbox 282 4078 356 4129; x_wconf 82' lang='grc' dir='ltr'>ιν,</span> <span class='ocrx_word' id='word_1_543' title='bbox 390 4060 546 4126; x_wconf 87' lang='lat'>226).</span> <span class='ocrx_word' id='word_1_544' title='bbox 582 4053 792 4111; x_wconf 89' lang='lat' dir='ltr'>Mulier</span> <span class='ocrx_word' id='word_1_545' title='bbox 822 4051 1131 4123; x_wconf 91' lang='lat' dir='ltr'>cujusdam</span> <span class='ocrx_word' id='word_1_546' title='bbox 1173 4049 1387 4105; x_wconf 91' lang='lat' dir='ltr'>nobilis</span> <span class='ocrx_word' id='word_1_547' title='bbox 1435 4065 1570 4104; x_wconf 91' lang='lat' dir='ltr'>cum</span> <span class='ocrx_word' id='word_1_548' title='bbox 1616 4048 1788 4104; x_wconf 84' lang='lat' dir='ltr'>cleri-</span> 
     </span>
    </p>
   </div>
   <div class='ocr_carea' id='block_1_70' title="bbox 133 4139 1787 4214">
    <p class='ocr_par' dir='ltr' id='par_1_70' title="bbox 133 4139 1787 4214">
     <span class='ocr_line' id='line_1_70' title="bbox 133 4139 1787 4214; baseline -0.005 -13"><span class='ocrx_word' id='word_1_549' title='bbox 133 4163 193 4203; x_wconf 92' lang='lat' dir='ltr'>co</span> <span class='ocrx_word' id='word_1_550' title='bbox 212 4149 277 4184; x_wconf 82' lang='grc'>²²²</span> <span class='ocrx_word' id='word_1_551' title='bbox 305 4147 674 4205; x_wconf 85' lang='lat' dir='ltr'>adulterasse</span> <span class='ocrx_word' id='word_1_552' title='bbox 702 4140 933 4214; x_wconf 90' lang='lat' dir='ltr'>publice</span> <span class='ocrx_word' id='word_1_553' title='bbox 956 4139 1243 4211; x_wconf 88' lang='lat' dir='ltr'>arguitur.</span> <span class='ocrx_word' id='word_1_554' title='bbox 1265 4139 1449 4204; x_wconf 87' lang='lat' dir='ltr'>Quam</span> <span class='ocrx_word' id='word_1_555' title='bbox 1471 4154 1603 4193; x_wconf 91' lang='lat' dir='ltr'>cum</span> <span class='ocrx_word' id='word_1_556' title='bbox 1627 4155 1787 4193; x_wconf 92' lang='lat' dir='ltr'>more</span> 
     </span>
    </p>
   </div>
   <div class='ocr_carea' id='block_1_71' title="bbox 133 4226 1788 4310">
    <p class='ocr_par' dir='ltr' id='par_1_71' title="bbox 133 4226 1788 4310">
     <span class='ocr_line' id='line_1_71' title="bbox 133 4226 1788 4310; baseline -0.004 -19"><span class='ocrx_word' id='word_1_557' title='bbox 133 4235 427 4294; x_wconf 88' lang='lat' dir='ltr'>barbarico</span> <span class='ocrx_word' id='word_1_558' title='bbox 459 4237 738 4310; x_wconf 86' lang='lat' dir='ltr'>parentes</span> <span class='ocrx_word' id='word_1_559' title='bbox 769 4227 1099 4287; x_wconf 91' lang='lat' dir='ltr'>dedecorati</span> <span class='ocrx_word' id='word_1_560' title='bbox 1150 4226 1419 4299; x_wconf 89' lang='lat' dir='ltr'>conjugis</span> <span class='ocrx_word' id='word_1_561' title='bbox 1459 4227 1788 4300; x_wconf 87' lang='lat' dir='ltr'>decapitare</span> 
     </span>
    </p>
   </div>
   <div class='ocr_carea' id='block_1_72' title="bbox 132 4316 1787 4397">
    <p class='ocr_par' dir='ltr' id='par_1_72' title="bbox 132 4316 1787 4397">
     <span class='ocr_line' id='line_1_72' title="bbox 132 4316 1787 4397; baseline -0.007 -15"><span class='ocrx_word' id='word_1_562' title='bbox 132 4329 470 4397; x_wconf 61' lang='lat' dir='ltr'>quaererent,</span> <span class='ocrx_word' id='word_1_563' title='bbox 498 4324 653 4394; x_wconf 89' lang='lat' dir='ltr'>fugit</span> <span class='ocrx_word' id='word_1_564' title='bbox 681 4318 783 4376; x_wconf 90' lang='lat' dir='ltr'>illa</span> <span class='ocrx_word' id='word_1_565' title='bbox 812 4336 915 4392; x_wconf 92' lang='lat' dir='ltr'>per</span> <span class='ocrx_word' id='word_1_566' title='bbox 946 4316 1164 4373; x_wconf 89' lang='lat' dir='ltr'>celeres</span> <span class='ocrx_word' id='word_1_567' title='bbox 1196 4333 1396 4383; x_wconf 86' lang='lat' dir='ltr'>auras,</span> <span class='ocrx_word' id='word_1_568' title='bbox 1429 4316 1612 4371; x_wconf 90' lang='lat' dir='ltr'>donec</span> <span class='ocrx_word' id='word_1_569' title='bbox 1649 4333 1787 4372; x_wconf 89' lang='lat' dir='ltr'>voce</span> 
     </span>
    </p>
   </div>
   <div class='ocr_carea' id='block_1_73' title="bbox 131 4404 1783 4485">
    <p class='ocr_par' dir='ltr' id='par_1_73' title="bbox 131 4404 1783 4485">
     <span class='ocr_line' id='line_1_73' title="bbox 131 4404 1783 4485; baseline -0.005 -17"><span class='ocrx_word' id='word_1_570' title='bbox 131 4418 184 4469; x_wconf 91' lang='lat' dir='ltr'>et</span> <span class='ocrx_word' id='word_1_571' title='bbox 212 4432 385 4471; x_wconf 89' lang='lat' dir='ltr'>cursu</span> <span class='ocrx_word' id='word_1_572' title='bbox 417 4429 612 4485; x_wconf 90' lang='lat' dir='ltr'>usque</span> <span class='ocrx_word' id='word_1_573' title='bbox 644 4410 716 4465; x_wconf 88' lang='lat' dir='ltr'>ad</span> <span class='ocrx_word' id='word_1_574' title='bbox 748 4411 1018 4481; x_wconf 90' lang='lat' dir='ltr'>optatum</span> <span class='ocrx_word' id='word_1_575' title='bbox 1046 4409 1391 4478; x_wconf 88' lang='lat' dir='ltr'>pervenerat</span> <span class='ocrx_word' id='word_1_576' title='bbox 1422 4404 1783 4477; x_wconf 87' lang='lat' dir='ltr'>episcopum.</span> 
     </span>
    </p>
   </div>
   <div class='ocr_carea' id='block_1_74' title="bbox 133 4491 1787 4561">
    <p class='ocr_par' dir='ltr' id='par_1_74' title="bbox 133 4491 1787 4561">
     <span class='ocr_line' id='line_1_74' title="bbox 133 4491 1787 4561; baseline -0.004 -5"><span class='ocrx_word' id='word_1_577' title='bbox 133 4500 333 4561; x_wconf 91' lang='lat' dir='ltr'>Volens</span> <span class='ocrx_word' id='word_1_578' title='bbox 345 4508 550 4561; x_wconf 87' lang='lat' dir='ltr'>autem</span> <span class='ocrx_word' id='word_1_579' title='bbox 564 4501 635 4556; x_wconf 91' lang='lat' dir='ltr'>de</span> <span class='ocrx_word' id='word_1_580' title='bbox 650 4498 885 4554; x_wconf 92' lang='lat' dir='ltr'>illorum</span> <span class='ocrx_word' id='word_1_581' title='bbox 904 4494 1180 4551; x_wconf 89' lang='lat' dir='ltr'>manibus</span> <span class='ocrx_word' id='word_1_582' title='bbox 1198 4491 1503 4548; x_wconf 90' lang='lat' dir='ltr'>mulierem</span> <span class='ocrx_word' id='word_1_583' title='bbox 1519 4493 1787 4560; x_wconf 90' lang='lat' dir='ltr'>liberare,</span> 
     </span>
    </p>
   </div>
   <div class='ocr_carea' id='block_1_75' title="bbox 132 4581 1787 4654">
    <p class='ocr_par' dir='ltr' id='par_1_75' title="bbox 132 4581 1787 4654">
     <span class='ocr_line' id='line_1_75' title="bbox 132 4581 1787 4654; baseline -0.005 -9"><span class='ocrx_word' id='word_1_584' title='bbox 132 4590 332 4649; x_wconf 90' lang='lat' dir='ltr'>clausit</span> <span class='ocrx_word' id='word_1_585' title='bbox 362 4609 495 4649; x_wconf 90' lang='lat' dir='ltr'>eam</span> <span class='ocrx_word' id='word_1_586' title='bbox 536 4590 597 4645; x_wconf 90' lang='lat' dir='ltr'>in</span> <span class='ocrx_word' id='word_1_587' title='bbox 647 4583 1004 4643; x_wconf 88' lang='lat' dir='ltr'>monasterio</span> <span class='ocrx_word' id='word_1_588' title='bbox 1037 4581 1595 4650; x_wconf 80' lang='lat' dir='ltr'>sanctimonialium,</span> <span class='ocrx_word' id='word_1_589' title='bbox 1630 4584 1787 4654; x_wconf 92' lang='lat' dir='ltr'>quod</span> 
     </span>
    </p>
   </div>
   <div class='ocr_carea' id='block_1_76' title="bbox 1902 3423 3560 3496">
    <p class='ocr_par' dir='ltr' id='par_1_76' title="bbox 1902 3423 3560 3496">
     <span class='ocr_line' id='line_1_76' title="bbox 1902 3423 3560 3496; baseline 0.001 -18"><span class='ocrx_word' id='word_1_590' title='bbox 1902 3438 2035 3478; x_wconf 89' lang='lat' dir='ltr'>ecce</span> <span class='ocrx_word' id='word_1_591' title='bbox 2065 3425 2377 3493; x_wconf 90' lang='lat' dir='ltr'>corruptus</span> <span class='ocrx_word' id='word_1_592' title='bbox 2408 3438 2551 3477; x_wconf 93' lang='lat' dir='ltr'>auro</span> <span class='ocrx_word' id='word_1_593' title='bbox 2584 3423 2849 3494; x_wconf 92' lang='lat' dir='ltr'>proditor</span> <span class='ocrx_word' id='word_1_594' title='bbox 2872 3424 3068 3491; x_wconf 87' lang='lat' dir='ltr'>adest;</span> <span class='ocrx_word' id='word_1_595' title='bbox 3093 3423 3196 3496; x_wconf 89' lang='lat' dir='ltr'>qui</span> <span class='ocrx_word' id='word_1_596' title='bbox 3244 3440 3560 3496; x_wconf 81' lang='lat' dir='ltr'>excerpens</span> 
     </span>
    </p>
   </div>
   <div class='ocr_carea' id='block_1_77' title="bbox 1900 3508 3551 3581">
    <p class='ocr_par' dir='ltr' id='par_1_77' title="bbox 1900 3508 3551 3581">
     <span class='ocr_line' id='line_1_77' title="bbox 1900 3508 3551 3581; baseline 0.001 -16"><span class='ocrx_word' id='word_1_597' title='bbox 1900 3526 2000 3565; x_wconf 90' lang='lat' dir='ltr'>eos</span> <span class='ocrx_word' id='word_1_598' title='bbox 2048 3508 2199 3565; x_wconf 90' lang='lat' dir='ltr'>clam</span> <span class='ocrx_word' id='word_1_599' title='bbox 2249 3524 2317 3563; x_wconf 90' lang='lat' dir='ltr'>ex</span> <span class='ocrx_word' id='word_1_600' title='bbox 2364 3509 2599 3580; x_wconf 90' lang='lat' dir='ltr'>agmine</span> <span class='ocrx_word' id='word_1_601' title='bbox 2636 3513 2823 3575; x_wconf 90' lang='lat' dir='ltr'>vocat,</span> <span class='ocrx_word' id='word_1_602' title='bbox 2848 3526 3027 3581; x_wconf 90' lang='lat' dir='ltr'>seque</span> <span class='ocrx_word' id='word_1_603' title='bbox 3062 3510 3290 3567; x_wconf 87' lang='lat' dir='ltr'>itineris</span> <span class='ocrx_word' id='word_1_604' title='bbox 3338 3512 3551 3567; x_wconf 90' lang='lat' dir='ltr'>ducem</span> 
     </span>
    </p>
   </div>
   <div class='ocr_carea' id='block_1_78' title="bbox 1901 3596 3557 3672">
    <p class='ocr_par' dir='ltr' id='par_1_78' title="bbox 1901 3596 3557 3672">
     <span class='ocr_line' id='line_1_78' title="bbox 1901 3596 3557 3672; baseline 0.001 -19"><span class='ocrx_word' id='word_1_605' title='bbox 1901 3599 2189 3671; x_wconf 62' lang='lat' dir='ltr'>praebens,</span> <span class='ocrx_word' id='word_1_606' title='bbox 2220 3597 2484 3665; x_wconf 90' lang='lat' dir='ltr'>domum,</span> <span class='ocrx_word' id='word_1_607' title='bbox 2518 3596 2577 3651; x_wconf 92' lang='lat' dir='ltr'>in</span> <span class='ocrx_word' id='word_1_608' title='bbox 2620 3614 2739 3669; x_wconf 90' lang='lat' dir='ltr'>qua</span> <span class='ocrx_word' id='word_1_609' title='bbox 2794 3598 2994 3653; x_wconf 88' lang='lat' dir='ltr'>clausa</span> <span class='ocrx_word' id='word_1_610' title='bbox 3047 3603 3192 3667; x_wconf 91' lang='lat' dir='ltr'>erat,</span> <span class='ocrx_word' id='word_1_611' title='bbox 3224 3600 3557 3672; x_wconf 88' lang='lat' dir='ltr'>domusque</span> 
     </span>
    </p>
   </div>
   <div class='ocr_carea' id='block_1_79' title="bbox 1900 3685 3552 3757">
    <p class='ocr_par' dir='ltr' id='par_1_79' title="bbox 1900 3685 3552 3757">
     <span class='ocr_line' id='line_1_79' title="bbox 1900 3685 3552 3757; baseline 0.001 -14"><span class='ocrx_word' id='word_1_612' title='bbox 1900 3687 2203 3743; x_wconf 91' lang='lat' dir='ltr'>custodem</span> <span class='ocrx_word' id='word_1_613' title='bbox 2237 3685 2594 3740; x_wconf 89' lang='lat' dir='ltr'>manifestat.</span> <span class='ocrx_word' id='word_1_614' title='bbox 2630 3686 2841 3741; x_wconf 87' lang='lat' dir='ltr'>Custos</span> <span class='ocrx_word' id='word_1_615' title='bbox 2869 3702 3002 3741; x_wconf 90' lang='lat' dir='ltr'>vero</span> <span class='ocrx_word' id='word_1_616' title='bbox 3049 3690 3246 3742; x_wconf 85' lang='lat' dir='ltr'>tentus</span> <span class='ocrx_word' id='word_1_617' title='bbox 3294 3688 3368 3743; x_wconf 92' lang='lat' dir='ltr'>ab</span> <span class='ocrx_word' id='word_1_618' title='bbox 3412 3687 3552 3757; x_wconf 90' lang='lat' dir='ltr'>illis,</span> 
     </span>
    </p>
   </div>
   <div class='ocr_carea' id='block_1_80' title="bbox 1900 3772 3554 3842">
    <p class='ocr_par' dir='ltr' id='par_1_80' title="bbox 1900 3772 3554 3842">
     <span class='ocr_line' id='line_1_80' title="bbox 1900 3772 3554 3842; baseline 0 -11"><span class='ocrx_word' id='word_1_619' title='bbox 1900 3791 2058 3830; x_wconf 90' lang='lat' dir='ltr'>nunc</span> <span class='ocrx_word' id='word_1_620' title='bbox 2089 3772 2289 3841; x_wconf 91' lang='lat' dir='ltr'>minis,</span> <span class='ocrx_word' id='word_1_621' title='bbox 2321 3788 2478 3826; x_wconf 92' lang='lat' dir='ltr'>nunc</span> <span class='ocrx_word' id='word_1_622' title='bbox 2509 3772 2718 3828; x_wconf 88' lang='lat' dir='ltr'>amicis</span> <span class='ocrx_word' id='word_1_623' title='bbox 2747 3773 3128 3842; x_wconf 74' lang='lat' dir='ltr'>aﬂ‘atibus,ut</span> <span class='ocrx_word' id='word_1_624' title='bbox 3156 3773 3318 3830; x_wconf 86' lang='lat' dir='ltr'>illam</span> <span class='ocrx_word' id='word_1_625' title='bbox 3340 3773 3400 3829; x_wconf 91' lang='lat' dir='ltr'>in</span> <span class='ocrx_word' id='word_1_626' title='bbox 3433 3792 3554 3831; x_wconf 88' lang='lat' dir='ltr'>ma-</span> 
     </span>
    </p>
   </div>
   <div class='ocr_carea' id='block_1_81' title="bbox 1900 3861 3555 3934">
    <p class='ocr_par' dir='ltr' id='par_1_81' title="bbox 1900 3861 3555 3934">
     <span class='ocr_line' id='line_1_81' title="bbox 1900 3861 3555 3934; baseline 0 -13"><span class='ocrx_word' id='word_1_627' title='bbox 1900 3882 2012 3921; x_wconf 91' lang='lat' dir='ltr'>nus</span> <span class='ocrx_word' id='word_1_628' title='bbox 2060 3879 2262 3919; x_wconf 91' lang='lat' dir='ltr'>eorum</span> <span class='ocrx_word' id='word_1_629' title='bbox 2314 3861 2598 3930; x_wconf 90' lang='lat' dir='ltr'>redderet,</span> <span class='ocrx_word' id='word_1_630' title='bbox 2632 3861 2734 3917; x_wconf 89' lang='lat' dir='ltr'>diu</span> <span class='ocrx_word' id='word_1_631' title='bbox 2779 3861 3091 3934; x_wconf 89' lang='lat' dir='ltr'>probatur;</span> <span class='ocrx_word' id='word_1_632' title='bbox 3146 3863 3219 3918; x_wconf 90' lang='lat' dir='ltr'>ad</span> <span class='ocrx_word' id='word_1_633' title='bbox 3275 3862 3555 3921; x_wconf 90' lang='lat' dir='ltr'>ultimum</span> 
     </span>
    </p>
   </div>
   <div class='ocr_carea' id='block_1_82' title="bbox 1900 3950 3555 4022">
    <p class='ocr_par' dir='ltr' id='par_1_82' title="bbox 1900 3950 3555 4022">
     <span class='ocr_line' id='line_1_82' title="bbox 1900 3950 3555 4022; baseline -0.001 -11"><span class='ocrx_word' id='word_1_634' title='bbox 1900 3954 2105 4011; x_wconf 85' lang='lat' dir='ltr'>mortis</span> <span class='ocrx_word' id='word_1_635' title='bbox 2136 3951 2345 4007; x_wconf 90' lang='lat' dir='ltr'>timore</span> <span class='ocrx_word' id='word_1_636' title='bbox 2377 3950 2875 4022; x_wconf 89' lang='lat' dir='ltr'>perterritus,non</span> <span class='ocrx_word' id='word_1_637' title='bbox 2897 3952 2968 3986; x_wconf 77' lang='grc'>²³⁵</span> <span class='ocrx_word' id='word_1_638' title='bbox 2996 3951 3084 4007; x_wconf 92' lang='lat' dir='ltr'>sic</span> <span class='ocrx_word' id='word_1_639' title='bbox 3114 3951 3227 4007; x_wconf 89' lang='lat' dir='ltr'>sibi</span> <span class='ocrx_word' id='word_1_640' title='bbox 3266 3953 3555 4010; x_wconf 87' lang='lat' dir='ltr'>creditam</span> 
     </span>
    </p>
   </div>
   <div class='ocr_carea' id='block_1_83' title="bbox 1898 4039 3558 4114">
    <p class='ocr_par' dir='ltr' id='par_1_83' title="bbox 1898 4039 3558 4114">
     <span class='ocr_line' id='line_1_83' title="bbox 1898 4039 3558 4114; baseline -0.002 -14"><span class='ocrx_word' id='word_1_641' title='bbox 1898 4042 2158 4100; x_wconf 90' lang='lat' dir='ltr'>cruentis</span> <span class='ocrx_word' id='word_1_642' title='bbox 2180 4039 2451 4097; x_wconf 89' lang='lat' dir='ltr'>hostibus</span> <span class='ocrx_word' id='word_1_643' title='bbox 2481 4039 2739 4111; x_wconf 88' lang='lat' dir='ltr'>prodidit</span> <span class='ocrx_word' id='word_1_644' title='bbox 2758 4039 3059 4096; x_wconf 87' lang='lat' dir='ltr'>feminam.</span> <span class='ocrx_word' id='word_1_645' title='bbox 3081 4041 3328 4114; x_wconf 81' lang='lat' dir='ltr'>Rapitur</span> <span class='ocrx_word' id='word_1_646' title='bbox 3355 4040 3558 4099; x_wconf 81' lang='lat' dir='ltr'>infelix</span> 
     </span>
    </p>
   </div>
   <div class='ocr_carea' id='block_1_84' title="bbox 1897 4128 3557 4205">
    <p class='ocr_par' dir='ltr' id='par_1_84' title="bbox 1897 4128 3557 4205">
     <span class='ocr_line' id='line_1_84' title="bbox 1897 4128 3557 4205; baseline -0.001 -17"><span class='ocrx_word' id='word_1_647' title='bbox 1897 4133 2015 4189; x_wconf 89' lang='lat' dir='ltr'>illa.</span> <span class='ocrx_word' id='word_1_648' title='bbox 2034 4133 2250 4187; x_wconf 88' lang='lat' dir='ltr'>frustra</span> <span class='ocrx_word' id='word_1_649' title='bbox 2280 4129 2502 4202; x_wconf 89' lang='lat' dir='ltr'>pressis</span> <span class='ocrx_word' id='word_1_650' title='bbox 2524 4128 2902 4197; x_wconf 90' lang='lat' dir='ltr'>altaribus,et</span> <span class='ocrx_word' id='word_1_651' title='bbox 2924 4131 3035 4186; x_wconf 92' lang='lat' dir='ltr'>sub</span> <span class='ocrx_word' id='word_1_652' title='bbox 3066 4147 3246 4186; x_wconf 89' lang='lat' dir='ltr'>manu</span> <span class='ocrx_word' id='word_1_653' title='bbox 3286 4131 3557 4205; x_wconf 88' lang='lat' dir='ltr'>conjugis</span> 
     </span>
    </p>
   </div>
   <div class='ocr_carea' id='block_1_85' title="bbox 1898 4218 3557 4294">
    <p class='ocr_par' dir='ltr' id='par_1_85' title="bbox 1898 4218 3557 4294">
     <span class='ocr_line' id='line_1_85' title="bbox 1898 4218 3557 4294; baseline -0.002 -16"><span class='ocrx_word' id='word_1_654' title='bbox 1898 4219 2210 4294; x_wconf 89' lang='lat' dir='ltr'>capitalem</span> <span class='ocrx_word' id='word_1_655' title='bbox 2234 4219 2406 4290; x_wconf 89' lang='lat' dir='ltr'>jussa</span> <span class='ocrx_word' id='word_1_656' title='bbox 2436 4221 2525 4273; x_wconf 90' lang='lat' dir='ltr'>est</span> <span class='ocrx_word' id='word_1_657' title='bbox 2560 4218 2759 4273; x_wconf 90' lang='lat' dir='ltr'>subire</span> <span class='ocrx_word' id='word_1_658' title='bbox 2810 4219 3194 4274; x_wconf 89' lang='lat' dir='ltr'>sentenciam.</span> <span class='ocrx_word' id='word_1_659' title='bbox 3226 4218 3390 4284; x_wconf 88' lang='lat' dir='ltr'>Quod</span> <span class='ocrx_word' id='word_1_660' title='bbox 3420 4234 3557 4275; x_wconf 89' lang='lat' dir='ltr'>cum</span> 
     </span>
    </p>
   </div>
   <div class='ocr_carea' id='block_1_86' title="bbox 1899 4305 3558 4379">
    <p class='ocr_par' dir='ltr' id='par_1_86' title="bbox 1899 4305 3558 4379">
     <span class='ocr_line' id='line_1_86' title="bbox 1899 4305 3558 4379; baseline -0.002 -14"><span class='ocrx_word' id='word_1_661' title='bbox 1899 4310 2016 4376; x_wconf 91' lang='lat' dir='ltr'>ille,</span> <span class='ocrx_word' id='word_1_662' title='bbox 2049 4308 2207 4365; x_wconf 85' lang='lat' dir='ltr'>velut</span> <span class='ocrx_word' id='word_1_663' title='bbox 2232 4307 2319 4363; x_wconf 92' lang='lat' dir='ltr'>vir</span> <span class='ocrx_word' id='word_1_664' title='bbox 2339 4308 2565 4379; x_wconf 88' lang='lat' dir='ltr'>justus,</span> <span class='ocrx_word' id='word_1_665' title='bbox 2592 4306 2779 4363; x_wconf 88' lang='lat' dir='ltr'>facere</span> <span class='ocrx_word' id='word_1_666' title='bbox 2810 4305 3009 4377; x_wconf 90' lang='lat' dir='ltr'>nollet,</span> <span class='ocrx_word' id='word_1_667' title='bbox 3045 4307 3155 4362; x_wconf 92' lang='lat' dir='ltr'>sub</span> <span class='ocrx_word' id='word_1_668' title='bbox 3188 4305 3384 4378; x_wconf 88' lang='lat' dir='ltr'>gladio</span> <span class='ocrx_word' id='word_1_669' title='bbox 3423 4306 3558 4363; x_wconf 87' lang='lat' dir='ltr'>vilis</span> 
     </span>
    </p>
   </div>
   <div class='ocr_carea' id='block_1_87' title="bbox 1895 4392 3556 4465">
    <p class='ocr_par' dir='ltr' id='par_1_87' title="bbox 1895 4392 3556 4465">
     <span class='ocr_line' id='line_1_87' title="bbox 1895 4392 3556 4465; baseline -0.004 -10"><span class='ocrx_word' id='word_1_670' title='bbox 1895 4396 2146 4455; x_wconf 66' lang='lat' dir='ltr'>vernula:</span> <span class='ocrx_word' id='word_1_671' title='bbox 2178 4398 2471 4462; x_wconf 89' lang='lat' dir='ltr'>truncata,</span> <span class='ocrx_word' id='word_1_672' title='bbox 2509 4409 2710 4465; x_wconf 79' lang='lat' dir='ltr'>pcenas</span> <span class='ocrx_word' id='word_1_673' title='bbox 2742 4392 2896 4449; x_wconf 88' lang='lat' dir='ltr'>male</span> <span class='ocrx_word' id='word_1_674' title='bbox 2927 4410 3039 4450; x_wconf 89' lang='lat' dir='ltr'>usu</span> <span class='ocrx_word' id='word_1_675' title='bbox 3070 4392 3329 4465; x_wconf 90' lang='lat' dir='ltr'>corporis</span> <span class='ocrx_word' id='word_1_676' title='bbox 3367 4392 3556 4464; x_wconf 85' lang='lat' dir='ltr'>capite</span> 
     </span>
    </p>
   </div>
   <div class='ocr_carea' id='block_1_88' title="bbox 1897 4486 3553 4643">
    <p class='ocr_par' dir='ltr' id='par_1_88' title="bbox 1897 4486 3553 4643">
     <span class='ocr_line' id='line_1_88' title="bbox 1897 4486 3553 4643; baseline -0.005 -9"><span class='ocrx_word' id='word_1_677' title='bbox 1897 4486 2163 4633; x_wconf 45' lang='lat'>“331:3:</span> <span class='ocrx_word' id='word_1_678' title='bbox 2184 4573 2285 4629; x_wconf 85' lang='lat' dir='ltr'>His</span> <span class='ocrx_word' id='word_1_679' title='bbox 2316 4577 2490 4643; x_wconf 90' lang='lat' dir='ltr'>atque</span> <span class='ocrx_word' id='word_1_680' title='bbox 2544 4570 2754 4627; x_wconf 89' lang='lat' dir='ltr'>borum</span> <span class='ocrx_word' id='word_1_681' title='bbox 2804 4569 3216 4641; x_wconf 73' lang='lat' dir='ltr'>majoribusm</span> <span class='ocrx_word' id='word_1_682' title='bbox 3253 4568 3553 4642; x_wconf 89' lang='lat' dir='ltr'>popularis</span> 
     </span>
    </p>
   </div>
   <div class='ocr_carea' id='block_1_89' title="bbox 132 4657 3552 4746">
    <p class='ocr_par' dir='ltr' id='par_1_89' title="bbox 132 4657 3552 4746">
     <span class='ocr_line' id='line_1_89' title="bbox 132 4657 3552 4746; baseline -0.006 -13"><span class='ocrx_word' id='word_1_683' title='bbox 132 4681 233 4736; x_wconf 89' lang='lat' dir='ltr'>sub</span> <span class='ocrx_word' id='word_1_684' title='bbox 246 4680 530 4738; x_wconf 86' lang='lat' dir='ltr'>vocabulo</span> <span class='ocrx_word' id='word_1_685' title='bbox 544 4674 985 4734; x_wconf 87' lang='lat' dir='ltr'>etveneratione</span> <span class='ocrx_word' id='word_1_686' title='bbox 1013 4672 1201 4730; x_wconf 89' lang='lat' dir='ltr'>sancti</span> <span class='ocrx_word' id='word_1_687' title='bbox 1225 4671 1455 4742; x_wconf 88' lang='lat' dir='ltr'>Georgii</span> <span class='ocrx_word' id='word_1_688' title='bbox 1483 4688 1785 4728; x_wconf 85' lang='lat' dir='ltr'>consecra-</span> <span class='ocrx_word' id='word_1_689' title='bbox 1818 4682 1865 4746; x_wconf 82' lang='lat' dir='ltr'><strong>D</strong></span> <span class='ocrx_word' id='word_1_690' title='bbox 1899 4666 2173 4739; x_wconf 68' lang='lat' dir='ltr'>nequitia:</span> <span class='ocrx_word' id='word_1_691' title='bbox 2197 4662 2411 4718; x_wconf 90' lang='lat' dir='ltr'>studiis</span> <span class='ocrx_word' id='word_1_692' title='bbox 2444 4677 2576 4715; x_wconf 92' lang='lat' dir='ltr'>cum</span> <span class='ocrx_word' id='word_1_693' title='bbox 2609 4676 2801 4715; x_wconf 91' lang='lat' dir='ltr'>sermo</span> <span class='ocrx_word' id='word_1_694' title='bbox 2831 4658 3097 4715; x_wconf 87' lang='lat' dir='ltr'>docentis</span> <span class='ocrx_word' id='word_1_695' title='bbox 3118 4657 3375 4746; x_wconf 86' lang='lat' dir='ltr'>episcopi</span> <span class='ocrx_word' id='word_1_696' title='bbox 3407 4674 3552 4713; x_wconf 89' lang='lat' dir='ltr'>eon-</span> 
     </span>
    </p>
   </div>
   <div class='ocr_carea' id='block_1_90' title="bbox 130 4759 1786 4838">
    <p class='ocr_par' dir='ltr' id='par_1_90' title="bbox 130 4759 1786 4838">
     <span class='ocr_line' id='line_1_90' title="bbox 130 4759 1786 4838; baseline -0.004 -15"><span class='ocrx_word' id='word_1_697' title='bbox 130 4772 270 4838; x_wconf 88' lang='lat' dir='ltr'>tum,</span> <span class='ocrx_word' id='word_1_698' title='bbox 295 4767 661 4827; x_wconf 83' lang='lat' dir='ltr'>ﬁrmissimis</span> <span class='ocrx_word' id='word_1_699' title='bbox 693 4764 988 4821; x_wconf 73' lang='lat' dir='ltr'>mmnibus</span> <span class='ocrx_word' id='word_1_700' title='bbox 1018 4760 1367 4817; x_wconf 66' lang='lat' dir='ltr'>vallaturm.</span> <span class='ocrx_word' id='word_1_701' title='bbox 1402 4759 1618 4816; x_wconf 89' lang='lat' dir='ltr'>Clavim</span> <span class='ocrx_word' id='word_1_702' title='bbox 1653 4779 1786 4819; x_wconf 89' lang='lat' dir='ltr'>vero</span> 
     </span>
    </p>
   </div>
   <div class='ocr_carea' id='block_1_91' title="bbox 1899 4745 3555 4824">
    <p class='ocr_par' dir='ltr' id='par_1_91' title="bbox 1899 4745 3555 4824">
     <span class='ocr_line' id='line_1_91' title="bbox 1899 4745 3555 4824; baseline -0.006 -10"><span class='ocrx_word' id='word_1_703' title='bbox 1899 4758 2075 4814; x_wconf 91' lang='lat' dir='ltr'>traire</span> <span class='ocrx_word' id='word_1_704' title='bbox 2110 4752 2398 4824; x_wconf 89' lang='lat' dir='ltr'>nequiret,</span> <span class='ocrx_word' id='word_1_705' title='bbox 2417 4751 2514 4805; x_wconf 82' lang='lat' dir='ltr'>flet</span> <span class='ocrx_word' id='word_1_706' title='bbox 2554 4749 2743 4804; x_wconf 92' lang='lat' dir='ltr'>bonus</span> <span class='ocrx_word' id='word_1_707' title='bbox 2788 4751 3006 4820; x_wconf 89' lang='lat' dir='ltr'>pastor,</span> <span class='ocrx_word' id='word_1_708' title='bbox 3026 4746 3163 4819; x_wconf 89' lang='lat' dir='ltr'>quia</span> <span class='ocrx_word' id='word_1_709' title='bbox 3194 4745 3255 4802; x_wconf 89' lang='lat' dir='ltr'>in</span> <span class='ocrx_word' id='word_1_710' title='bbox 3286 4746 3555 4804; x_wconf 90' lang='lat' dir='ltr'>morbido</span> 
     </span>
    </p>
   </div>
   <div class='ocr_carea' id='block_1_92' title="bbox 1488 4880 2188 4945">
    <p class='ocr_par' dir='ltr' id='par_1_92' title="bbox 1488 4880 2188 4945">
     <span class='ocr_line' id='line_1_92' title="bbox 1488 4880 2188 4945; baseline -0.009 -6"><span class='ocrx_word' id='word_1_711' title='bbox 1488 4885 1729 4942; x_wconf 80' lang='lat' dir='ltr'>VARle</span> <span class='ocrx_word' id='word_1_712' title='bbox 1770 4880 2188 4945; x_wconf 83' lang='lat' dir='ltr'>LECTIONES.</span> 
     </span>
    </p>
   </div>
   <div class='ocr_carea' id='block_1_93' title="bbox 194 5008 2121 5086">
    <p class='ocr_par' dir='ltr' id='par_1_93' title="bbox 194 5008 2121 5086">
     <span class='ocr_line' id='line_1_93' title="bbox 194 5008 2121 5086; baseline -0.005 -11"><span class='ocrx_word' id='word_1_713' title='bbox 194 5019 259 5053; x_wconf 79' lang='grc'>²¹⁵</span> <span class='ocrx_word' id='word_1_714' title='bbox 288 5020 617 5075; x_wconf 88' lang='lat' dir='ltr'>decertaret</span> <span class='ocrx_word' id='word_1_715' title='bbox 647 5018 728 5085; x_wconf 72' lang='lat'>33,</span> <span class='ocrx_word' id='word_1_716' title='bbox 761 5036 806 5086; x_wconf 90' lang='lat' dir='ltr'>c,</span> <span class='ocrx_word' id='word_1_717' title='bbox 841 5016 921 5069; x_wconf 68' lang='grc' dir='ltr'>4ο.</span> <span class='ocrx_word' id='word_1_718' title='bbox 993 5014 1057 5086; x_wconf 52' lang='grc' dir='ltr'>²ξ⁶</span> <span class='ocrx_word' id='word_1_719' title='bbox 1087 5011 1230 5086; x_wconf 84' lang='lat' dir='ltr'>deest</span> <span class='ocrx_word' id='word_1_720' title='bbox 1263 5013 1311 5065; x_wconf 92' lang='grc'>1.</span> <span class='ocrx_word' id='word_1_721' title='bbox 1361 5012 1455 5086; x_wconf 21' lang='grc' dir='ltr'>λ²¹ξ¹</span> <span class='ocrx_word' id='word_1_722' title='bbox 1481 5013 1794 5069; x_wconf 88' lang='lat' dir='ltr'>emendare</span> <span class='ocrx_word' id='word_1_723' title='bbox 1827 5014 1906 5067; x_wconf 89' lang='lat' dir='ltr'>3c.</span> <span class='ocrx_word' id='word_1_724' title='bbox 1938 5081 1949 5086; x_wconf 93' lang='lat'><strong>_</strong></span> <span class='ocrx_word' id='word_1_725' title='bbox 1984 5008 2049 5043; x_wconf 65' lang='grc' dir='ltr'>ἰθ</span> <span class='ocrx_word' id='word_1_726' title='bbox 2083 5024 2121 5079; x_wconf 87' lang='lat' dir='ltr'>g</span> 
     </span>
    </p>
   </div>
   <div class='ocr_carea' id='block_1_94' title="bbox 2129 4998 3558 5069">
    <p class='ocr_par' dir='ltr' id='par_1_94' title="bbox 2129 4998 3558 5069">
     <span class='ocr_line' id='line_1_94' title="bbox 2129 4998 3558 5069; baseline -0.005 -9"><span class='ocrx_word' id='word_1_727' title='bbox 2129 5048 2141 5060; x_wconf 94' lang='lat'>.</span> <span class='ocrx_word' id='word_1_728' title='bbox 2173 5008 2230 5060; x_wconf 90' lang='lat' dir='ltr'>et</span> <span class='ocrx_word' id='word_1_729' title='bbox 2259 5020 2307 5057; x_wconf 89' lang='lat' dir='ltr'>s.</span> <span class='ocrx_word' id='word_1_730' title='bbox 2330 5003 2411 5068; x_wconf 75' lang='lat'>3.1,</span> <span class='ocrx_word' id='word_1_731' title='bbox 2436 5017 2483 5067; x_wconf 92' lang='lat' dir='ltr'>c,</span> <span class='ocrx_word' id='word_1_732' title='bbox 2517 5001 2596 5065; x_wconf 63' lang='lat' dir='ltr'>lia,</span> <span class='ocrx_word' id='word_1_733' title='bbox 2623 5001 2670 5053; x_wconf 91' lang='lat' dir='ltr'>b.</span> <span class='ocrx_word' id='word_1_734' title='bbox 2704 5000 2759 5056; x_wconf 85' lang='lat'>5.</span> <span class='ocrx_word' id='word_1_735' title='bbox 2836 4999 2904 5034; x_wconf 80' lang='grc'>²¹⁹</span> <span class='ocrx_word' id='word_1_736' title='bbox 2925 4998 3133 5054; x_wconf 87' lang='lat' dir='ltr'>deest2.</span> <span class='ocrx_word' id='word_1_737' title='bbox 3157 4998 3239 5055; x_wconf 87' lang='lat' dir='ltr'>3c.</span> <span class='ocrx_word' id='word_1_738' title='bbox 3316 4998 3470 5054; x_wconf 72' lang='lat' dir='ltr'>meo</span> <span class='ocrx_word' id='word_1_739' title='bbox 3503 4999 3558 5069; x_wconf 84' lang='grc'><strong>1,</strong></span> 
     </span>
    </p>
   </div>
   <div class='ocr_carea' id='block_1_95' title="bbox 132 5070 3558 5164">
    <p class='ocr_par' dir='ltr' id='par_1_95' title="bbox 132 5070 3558 5164">
     <span class='ocr_line' id='line_1_95' title="bbox 132 5070 3558 5164; baseline 0 0"><span class='ocrx_word' id='word_1_740' title='bbox 132 5070 450 5164; x_wconf 41' lang='lat' dir='ltr'>&quot;tigri—£55</span> <span class='ocrx_word' id='word_1_741' title='bbox 464 5070 627 5164; x_wconf 44' lang='lat'>&#39;273&#39;5-</span> <span class='ocrx_word' id='word_1_742' title='bbox 650 5070 728 5146; x_wconf 55' lang='grc' dir='ltr'>ἐπὶ</span> <span class='ocrx_word' id='word_1_743' title='bbox 752 5070 807 5141; x_wconf 68' lang='grc' dir='ltr'>εἴ</span> <span class='ocrx_word' id='word_1_744' title='bbox 836 5085 1069 5164; x_wconf 68' lang='lat' dir='ltr'>ignavia</span> <span class='ocrx_word' id='word_1_745' title='bbox 1098 5090 1155 5164; x_wconf 62' lang='lat' dir='ltr'>et</span> <span class='ocrx_word' id='word_1_746' title='bbox 1179 5084 1265 5164; x_wconf 44' lang='grc' dir='ltr'>νὴ</span> <span class='ocrx_word' id='word_1_747' title='bbox 1290 5084 1382 5164; x_wconf 68' lang='lat'>33?.</span> <span class='ocrx_word' id='word_1_748' title='bbox 1403 5083 1557 5164; x_wconf 61' lang='lat' dir='ltr'>clero</span> <span class='ocrx_word' id='word_1_749' title='bbox 1591 5086 1739 5164; x_wconf 57' lang='lat'>1-35&quot;</span> <span class='ocrx_word' id='word_1_750' title='bbox 1777 5070 2174 5164; x_wconf 54' lang='grc' dir='ltr'>²ῗῗηνθ¹ῑιιυῖ¹ς</span> <span class='ocrx_word' id='word_1_751' title='bbox 2216 5076 2285 5164; x_wconf 46' lang='lat'>’5‘?‘</span> <span class='ocrx_word' id='word_1_752' title='bbox 2315 5076 2353 5164; x_wconf 72' lang='lat' dir='ltr'>‘j-</span> <span class='ocrx_word' id='word_1_753' title='bbox 2381 5070 3096 5164; x_wconf 55' lang='grc' dir='ltr'>(εεξξίέίείξὶ).Βίεεοέἷίὲεῗίεἰσ·</span> <span class='ocrx_word' id='word_1_754' title='bbox 3122 5071 3206 5164; x_wconf 64' lang='lat'>.11“</span> <span class='ocrx_word' id='word_1_755' title='bbox 3220 5088 3342 5164; x_wconf 59' lang='grc' dir='ltr'>Β,ξεί</span> <span class='ocrx_word' id='word_1_756' title='bbox 3356 5070 3558 5164; x_wconf 51' lang='lat' dir='ltr'>EE}:</span> 
     </span>
    </p>
   </div>
   <div class='ocr_carea' id='block_1_96' title="bbox 131 5141 3558 5226">
    <p class='ocr_par' dir='ltr' id='par_1_96' title="bbox 131 5141 3558 5226">
     <span class='ocr_line' id='line_1_96' title="bbox 131 5141 3558 5226; baseline -0.004 -15"><span class='ocrx_word' id='word_1_757' title='bbox 131 5141 519 5217; x_wconf 35' lang='lat' dir='ltr'>cubas—2:35“</span> <span class='ocrx_word' id='word_1_758' title='bbox 540 5141 792 5215; x_wconf 74' lang='lat' dir='ltr'>re</span> <span class='ocrx_word' id='word_1_759' title='bbox 821 5141 1059 5213; x_wconf 59' lang='grc' dir='ltr'>,ςὲῖαηίια</span> <span class='ocrx_word' id='word_1_760' title='bbox 1089 5157 1141 5210; x_wconf 82' lang='grc'>1.</span> <span class='ocrx_word' id='word_1_761' title='bbox 1201 5156 1265 5188; x_wconf 70' lang='grc' dir='ltr'>²²τ</span> <span class='ocrx_word' id='word_1_762' title='bbox 1290 5153 1631 5210; x_wconf 76' lang='lat' dir='ltr'>W&#39;iollitona</span> <span class='ocrx_word' id='word_1_763' title='bbox 1652 5158 1735 5209; x_wconf 87' lang='lat' dir='ltr'>3c.</span> <span class='ocrx_word' id='word_1_764' title='bbox 1794 5157 1860 5189; x_wconf 76' lang='grc'>²²⁸</span> <span class='ocrx_word' id='word_1_765' title='bbox 1880 5147 2293 5226; x_wconf 79' lang='lat' dir='ltr'>episcopalem.</span> <span class='ocrx_word' id='word_1_766' title='bbox 2322 5146 2371 5198; x_wconf 90' lang='grc'>1.</span> <span class='ocrx_word' id='word_1_767' title='bbox 2415 5145 2483 5177; x_wconf 74' lang='grc'>²²⁹</span> <span class='ocrx_word' id='word_1_768' title='bbox 2515 5142 2717 5226; x_wconf 71' lang='lat' dir='ltr'>nimiis</span> <span class='ocrx_word' id='word_1_769' title='bbox 2733 5144 2787 5196; x_wconf 87' lang='lat'>5.</span> <span class='ocrx_word' id='word_1_770' title='bbox 2811 5142 2973 5226; x_wconf 59' lang='lat' dir='ltr'>deest.</span> <span class='ocrx_word' id='word_1_771' title='bbox 2999 5141 3192 5226; x_wconf 45' lang='lat'>32.3.”</span> <span class='ocrx_word' id='word_1_772' title='bbox 3220 5141 3558 5226; x_wconf 68' lang='lat' dir='ltr'>tpmacibps</span> 
     </span>
    </p>
   </div>
   <div class='ocr_carea' id='block_1_97' title="bbox 133 5225 1475 5289">
    <p class='ocr_par' dir='ltr' id='par_1_97' title="bbox 133 5225 1475 5289">
     <span class='ocr_line' id='line_1_97' title="bbox 133 5225 1475 5289; baseline -0.003 -6"><span class='ocrx_word' id='word_1_773' title='bbox 133 5230 178 5283; x_wconf 93' lang='grc'>1.</span> <span class='ocrx_word' id='word_1_774' title='bbox 286 5234 351 5267; x_wconf 82' lang='grc' dir='ltr'>²³ί</span> <span class='ocrx_word' id='word_1_775' title='bbox 374 5233 522 5289; x_wconf 84' lang='lat' dir='ltr'>deest</span> <span class='ocrx_word' id='word_1_776' title='bbox 552 5234 633 5287; x_wconf 87' lang='lat' dir='ltr'>3a.</span> <span class='ocrx_word' id='word_1_777' title='bbox 747 5231 816 5263; x_wconf 68' lang='lat'>’3’</span> <span class='ocrx_word' id='word_1_778' title='bbox 846 5246 896 5285; x_wconf 89' lang='lat' dir='ltr'>s.</span> <span class='ocrx_word' id='word_1_779' title='bbox 929 5246 983 5283; x_wconf 90' lang='lat' dir='ltr'>v.</span> <span class='ocrx_word' id='word_1_780' title='bbox 1017 5227 1078 5281; x_wconf 91' lang='lat' dir='ltr'>in</span> <span class='ocrx_word' id='word_1_781' title='bbox 1110 5226 1170 5281; x_wconf 89' lang='lat' dir='ltr'>b.</span> <span class='ocrx_word' id='word_1_782' title='bbox 1203 5225 1398 5280; x_wconf 83' lang='lat' dir='ltr'>desunt</span> <span class='ocrx_word' id='word_1_783' title='bbox 1421 5228 1475 5280; x_wconf 88' lang='grc'><strong>5.</strong></span> 
     </span>
    </p>
   </div>
   <div class='ocr_carea' id='block_1_98' title="bbox 127 5298 1356 5368">
    <p class='ocr_par' dir='ltr' id='par_1_98' title="bbox 127 5298 1356 5368">
     <span class='ocr_line' id='line_1_98' title="bbox 127 5298 1356 5368; baseline -0.007 -9"><span class='ocrx_word' id='word_1_784' title='bbox 127 5301 188 5335; x_wconf 72' lang='grc'>’³⁵</span> <span class='ocrx_word' id='word_1_785' title='bbox 216 5302 357 5361; x_wconf 85' lang='lat' dir='ltr'>deest</span> <span class='ocrx_word' id='word_1_786' title='bbox 384 5309 440 5359; x_wconf 90' lang='lat'>2.</span> <span class='ocrx_word' id='word_1_787' title='bbox 558 5304 625 5337; x_wconf 72' lang='grc'>³³⁸³</span> <span class='ocrx_word' id='word_1_788' title='bbox 656 5303 756 5358; x_wconf 84' lang='lat' dir='ltr'>Hic</span> <span class='ocrx_word' id='word_1_789' title='bbox 785 5302 865 5356; x_wconf 65' lang='lat'>33.</span> <span class='ocrx_word' id='word_1_790' title='bbox 899 5315 1012 5355; x_wconf 85' lang='lat' dir='ltr'>non</span> <span class='ocrx_word' id='word_1_791' title='bbox 1042 5298 1356 5368; x_wconf 85' lang='lat' dir='ltr'>distinguit.</span> 
     </span>
    </p>
   </div>
   <div class='ocr_carea' id='block_1_99' title="bbox 1590 5213 2981 5285">
    <p class='ocr_par' dir='ltr' id='par_1_99' title="bbox 1590 5213 2981 5285">
     <span class='ocr_line' id='line_1_99' title="bbox 1590 5213 2981 5285; baseline -0.012 -3"><span class='ocrx_word' id='word_1_792' title='bbox 1590 5226 1659 5259; x_wconf 77' lang='grc'>³³³</span> <span class='ocrx_word' id='word_1_793' title='bbox 1690 5227 1845 5282; x_wconf 90' lang='lat' dir='ltr'>bona</span> <span class='ocrx_word' id='word_1_794' title='bbox 1870 5213 1933 5280; x_wconf 55' lang='lat'>2:</span> <span class='ocrx_word' id='word_1_795' title='bbox 1960 5223 2052 5279; x_wconf 92' lang='lat' dir='ltr'>cui</span> <span class='ocrx_word' id='word_1_796' title='bbox 2082 5213 2287 5275; x_wconf 74' lang='lat' dir='ltr'>ininus</span> <span class='ocrx_word' id='word_1_797' title='bbox 2318 5231 2552 5285; x_wconf 89' lang='lat' dir='ltr'>semper</span> <span class='ocrx_word' id='word_1_798' title='bbox 2584 5213 2723 5270; x_wconf 68' lang='lat' dir='ltr'>lzeva</span> <span class='ocrx_word' id='word_1_799' title='bbox 2754 5213 2866 5270; x_wconf 92' lang='lat' dir='ltr'>vol.</span> <span class='ocrx_word' id='word_1_800' title='bbox 2900 5214 2981 5268; x_wconf 92' lang='lat' dir='ltr'>3c.</span> 
     </span>
    </p>
   </div>
   <div class='ocr_carea' id='block_1_100' title="bbox 1418 5297 1945 5368">
    <p class='ocr_par' dir='ltr' id='par_1_100' title="bbox 1418 5297 1945 5368">
     <span class='ocr_line' id='line_1_100' title="bbox 1418 5297 1945 5368; baseline 0 -17"><span class='ocrx_word' id='word_1_801' title='bbox 1418 5312 1429 5323; x_wconf 78' lang='lat'>‘</span> <span class='ocrx_word' id='word_1_802' title='bbox 1470 5297 1534 5329; x_wconf 73' lang='grc' dir='ltr'>²³τ</span> <span class='ocrx_word' id='word_1_803' title='bbox 1567 5298 1859 5368; x_wconf 86' lang='lat' dir='ltr'>majorum</span> <span class='ocrx_word' id='word_1_804' title='bbox 1889 5300 1945 5352; x_wconf 88' lang='grc'><strong>2.</strong></span> 
     </span>
    </p>
   </div>
   <div class='ocr_carea' id='block_1_101' title="bbox 3093 5212 3557 5287">
    <p class='ocr_par' dir='ltr' id='par_1_101' title="bbox 3093 5212 3557 5287">
     <span class='ocr_line' id='line_1_101' title="bbox 3093 5212 3557 5287; baseline 0.002 -17"><span class='ocrx_word' id='word_1_805' title='bbox 3093 5212 3157 5248; x_wconf 81' lang='grc'>²³⁴</span> <span class='ocrx_word' id='word_1_806' title='bbox 3179 5212 3446 5287; x_wconf 90' lang='lat' dir='ltr'>voluptas</span> <span class='ocrx_word' id='word_1_807' title='bbox 3476 5214 3557 5271; x_wconf 66' lang='grc'>4³.</span> 
     </span>
    </p>
   </div>
   <div class='ocr_carea' id='block_1_102' title="bbox 1726 5419 1960 5478">
    <p class='ocr_par' dir='ltr' id='par_1_102' title="bbox 1726 5419 1960 5478">
     <span class='ocr_line' id='line_1_102' title="bbox 1726 5419 1960 5478; baseline -0.017 -1"><span class='ocrx_word' id='word_1_808' title='bbox 1726 5419 1960 5478; x_wconf 70' lang='grc' dir='ltr'>ΝΟΤίΕ.</span> 
     </span>
    </p>
   </div>
   <div class='ocr_carea' id='block_1_103' title="bbox 197 5528 1789 5607">
    <p class='ocr_par' dir='ltr' id='par_1_103' title="bbox 197 5528 1789 5607">
     <span class='ocr_line' id='line_1_103' title="bbox 197 5528 1789 5607; baseline -0.004 -20"><span class='ocrx_word' id='word_1_809' title='bbox 197 5534 305 5607; x_wconf 75' lang='grc'>(45)</span> <span class='ocrx_word' id='word_1_810' title='bbox 336 5534 597 5591; x_wconf 87' lang='lat' dir='ltr'>Joannes</span> <span class='ocrx_word' id='word_1_811' title='bbox 628 5533 803 5607; x_wconf 88' lang='lat' dir='ltr'>Glosa</span> <span class='ocrx_word' id='word_1_812' title='bbox 836 5532 1179 5607; x_wconf 65' lang='lat' dir='ltr'>praefectura</span> <span class='ocrx_word' id='word_1_813' title='bbox 1208 5528 1789 5607; x_wconf 55' lang='lat' dir='ltr'>angebaturuetiam</span> 
     </span>
    </p>
   </div>
   <div class='ocr_carea' id='block_1_104' title="bbox 135 5600 1789 5673">
    <p class='ocr_par' dir='ltr' id='par_1_104' title="bbox 135 5600 1789 5673">
     <span class='ocr_line' id='line_1_104' title="bbox 135 5600 1789 5673; baseline -0.002 -15"><span class='ocrx_word' id='word_1_814' title='bbox 135 5610 259 5673; x_wconf 88' lang='lat' dir='ltr'>post</span> <span class='ocrx_word' id='word_1_815' title='bbox 285 5600 517 5661; x_wconf 76' lang='lat' dir='ltr'>obitum</span> <span class='ocrx_word' id='word_1_816' title='bbox 556 5606 766 5661; x_wconf 89' lang='lat' dir='ltr'>Leonis</span> <span class='ocrx_word' id='word_1_817' title='bbox 810 5600 1042 5658; x_wconf 75' lang='lat' dir='ltr'>abbatis</span> <span class='ocrx_word' id='word_1_818' title='bbox 1073 5619 1167 5657; x_wconf 90' lang='lat' dir='ltr'>an.</span> <span class='ocrx_word' id='word_1_819' title='bbox 1204 5600 1364 5669; x_wconf 75' lang='grc'>1002,</span> <span class='ocrx_word' id='word_1_820' title='bbox 1399 5603 1454 5655; x_wconf 88' lang='lat' dir='ltr'>d.</span> <span class='ocrx_word' id='word_1_821' title='bbox 1489 5604 1523 5655; x_wconf 90' lang='lat'>8</span> <span class='ocrx_word' id='word_1_822' title='bbox 1568 5600 1789 5666; x_wconf 87' lang='lat' dir='ltr'>Martii;</span> 
     </span>
    </p>
   </div>
   <div class='ocr_carea' id='block_1_105' title="bbox 136 5676 1736 5750">
    <p class='ocr_par' dir='ltr' id='par_1_105' title="bbox 136 5676 1736 5750">
     <span class='ocr_line' id='line_1_105' title="bbox 136 5676 1736 5750; baseline 0.001 -22"><span class='ocrx_word' id='word_1_823' title='bbox 136 5688 187 5729; x_wconf 87' lang='grc' dir='ltr'><strong>ν.</strong></span> <span class='ocrx_word' id='word_1_824' title='bbox 210 5676 429 5750; x_wconf 63' lang='lat' dir='ltr'>Marini</span> <span class='ocrx_word' id='word_1_825' title='bbox 463 5677 654 5750; x_wconf 61' lang='lat' dir='ltr'>Rapiri</span> <span class='ocrx_word' id='word_1_826' title='bbox 682 5694 740 5750; x_wconf 84' lang='lat' dir='ltr'>p.</span> <span class='ocrx_word' id='word_1_827' title='bbox 776 5678 944 5750; x_wconf 71' lang='grc'>127</span> <span class='ocrx_word' id='word_1_828' title='bbox 1066 5744 1076 5750; x_wconf 86' lang='lat'>_</span> <span class='ocrx_word' id='word_1_829' title='bbox 1223 5748 1228 5750; x_wconf 16' lang='grc' dir='ltr'><strong><em>Α</em></strong></span> <span class='ocrx_word' id='word_1_830' title='bbox 1372 5742 1409 5750; x_wconf 41' lang='grc' dir='ltr'><strong>κ</strong></span> <span class='ocrx_word' id='word_1_831' title='bbox 1729 5694 1736 5700; x_wconf 93' lang='grc'>·</span> 
     </span>
    </p>
   </div>
   <div class='ocr_carea' id='block_1_106' title="bbox 203 5742 1665 5828">
    <p class='ocr_par' dir='ltr' id='par_1_106' title="bbox 203 5742 1665 5828">
     <span class='ocr_line' id='line_1_106' title="bbox 203 5742 1665 5828; baseline 0 -24"><span class='ocrx_word' id='word_1_832' title='bbox 203 5746 313 5828; x_wconf 76' lang='grc'>(46)</span> <span class='ocrx_word' id='word_1_833' title='bbox 343 5748 430 5806; x_wconf 86' lang='lat' dir='ltr'>Cf.</span> <span class='ocrx_word' id='word_1_834' title='bbox 462 5742 660 5806; x_wconf 72' lang='lat' dir='ltr'>Vitam</span> <span class='ocrx_word' id='word_1_835' title='bbox 682 5742 752 5807; x_wconf 60' lang='grc' dir='ltr'><strong>Β.</strong></span> <span class='ocrx_word' id='word_1_836' title='bbox 783 5744 1081 5806; x_wconf 82' lang='lat' dir='ltr'>Adalberti</span> <span class='ocrx_word' id='word_1_837' title='bbox 1104 5748 1341 5803; x_wconf 87' lang='lat' dir='ltr'>auctore</span> <span class='ocrx_word' id='word_1_838' title='bbox 1371 5742 1665 5804; x_wconf 84' lang='lat' dir='ltr'>Brunone.</span> 
     </span>
    </p>
   </div>
   <div class='ocr_carea' id='block_1_107' title="bbox 1974 5512 3553 5597">
    <p class='ocr_par' dir='ltr' id='par_1_107' title="bbox 1974 5512 3553 5597">
     <span class='ocr_line' id='line_1_107' title="bbox 1974 5512 3553 5597; baseline -0.007 -18"><span class='ocrx_word' id='word_1_839' title='bbox 1974 5525 2086 5597; x_wconf 62' lang='lat' dir='ltr'>(l7)</span> <span class='ocrx_word' id='word_1_840' title='bbox 2115 5519 2506 5597; x_wconf 69' lang='lat' dir='ltr'>Christianus,</span> <span class='ocrx_word' id='word_1_841' title='bbox 2535 5513 2783 5597; x_wconf 77' lang='lat' dir='ltr'>Doleslai</span> <span class='ocrx_word' id='word_1_842' title='bbox 2818 5512 3328 5597; x_wconf 79' lang='lat' dir='ltr'>I_filius,_Boleslai</span> <span class='ocrx_word' id='word_1_843' title='bbox 3358 5513 3407 5597; x_wconf 75' lang='lat' dir='ltr'>ll</span> <span class='ocrx_word' id='word_1_844' title='bbox 3430 5513 3553 5597; x_wconf 32' lang='lat' dir='ltr'>‘frao-</span> 
     </span>
    </p>
   </div>
   <div class='ocr_carea' id='block_1_108' title="bbox 1903 5586 3558 5664">
    <p class='ocr_par' dir='ltr' id='par_1_108' title="bbox 1903 5586 3558 5664">
     <span class='ocr_line' id='line_1_108' title="bbox 1903 5586 3558 5664; baseline -0.01 -12"><span class='ocrx_word' id='word_1_845' title='bbox 1903 5586 2027 5663; x_wconf 73' lang='lat' dir='ltr'>ter;</span> <span class='ocrx_word' id='word_1_846' title='bbox 2063 5586 2257 5649; x_wconf 82' lang='lat' dir='ltr'>socius</span> <span class='ocrx_word' id='word_1_847' title='bbox 2287 5592 2415 5664; x_wconf 87' lang='lat' dir='ltr'>ejus</span> <span class='ocrx_word' id='word_1_848' title='bbox 2448 5587 2651 5656; x_wconf 78' lang='lat' dir='ltr'>lladla,</span> <span class='ocrx_word' id='word_1_849' title='bbox 2687 5587 2785 5664; x_wconf 80' lang='lat' dir='ltr'>qui</span> <span class='ocrx_word' id='word_1_850' title='bbox 2818 5592 2875 5643; x_wconf 92' lang='lat' dir='ltr'>et</span> <span class='ocrx_word' id='word_1_851' title='bbox 2898 5586 3243 5664; x_wconf 64' lang='lat' dir='ltr'>Anastasius</span> <span class='ocrx_word' id='word_1_852' title='bbox 3271 5586 3558 5664; x_wconf 34' lang='lat' dir='ltr'>etlésteri-</span> 
     </span>
    </p>
   </div>
   <div class='ocr_carea' id='block_1_109' title="bbox 1904 5653 3551 5734">
    <p class='ocr_par' dir='ltr' id='par_1_109' title="bbox 1904 5653 3551 5734">
     <span class='ocr_line' id='line_1_109' title="bbox 1904 5653 3551 5734; baseline -0.008 -10"><span class='ocrx_word' id='word_1_853' title='bbox 1904 5653 2029 5733; x_wconf 60' lang='lat' dir='ltr'>cus;</span> <span class='ocrx_word' id='word_1_854' title='bbox 2056 5653 2352 5721; x_wconf 72' lang='lat' dir='ltr'>Adalberti</span> <span class='ocrx_word' id='word_1_855' title='bbox 2384 5653 2807 5734; x_wconf 67' lang='lat' dir='ltr'>praeceptOr;de</span> <span class='ocrx_word' id='word_1_856' title='bbox 2828 5676 2944 5733; x_wconf 91' lang='lat' dir='ltr'>quo</span> <span class='ocrx_word' id='word_1_857' title='bbox 2965 5659 3039 5715; x_wconf 88' lang='lat' dir='ltr'>cf.</span> <span class='ocrx_word' id='word_1_858' title='bbox 3072 5653 3551 5713; x_wconf 83' lang='lat' dir='ltr'>HartwiciVitam</span> 
     </span>
    </p>
   </div>
   <div class='ocr_carea' id='block_1_110' title="bbox 1905 5732 2477 5815">
    <p class='ocr_par' dir='ltr' id='par_1_110' title="bbox 1905 5732 2477 5815">
     <span class='ocr_line' id='line_1_110' title="bbox 1905 5732 2477 5815; baseline -0.026 -12"><span class='ocrx_word' id='word_1_859' title='bbox 1905 5740 1965 5803; x_wconf 72' lang='grc' dir='ltr'><strong>ὃ.</strong></span> <span class='ocrx_word' id='word_1_860' title='bbox 1999 5732 2477 5815; x_wconf 77' lang='lat' dir='ltr'>Stephani_regis.</span> 
     </span>
    </p>
   </div>
  </div>
