3900 6374
269 428 344 490 87
349 430 390 492 9

1263 427 1330 489 S.
1375 424 1817 488 ADALBERTI
1865 419 2219 484 EPISGOPI
2262 421 2700 486 PRAGENSIS

3586 427 3710 489 880

270 579 444 637 grege
474 561 642 632 signa
671 559 882 617 salutis
914 559 1078 617 nulla
1120 559 1314 616 inesse
1344 557 1642 633 prospexit
1664 559 1750 612 ’33.
1786 557 1930 614 Hinc
1961 557 2018 623 Α
2047 555 2335 612 acerrima
2372 555 2530 611 febre
2579 562 2900 630 correptus,
2953 575 3167 630 corpus
3215 563 3402 626 terras,
3446 558 3704 616 animam

269 668 375 724 pro
405 649 738 724 spectandis
768 648 1156 720 sequentibus
1201 647 1375 704 malis
1419 647 1621 704 oculos
1661 645 1930 703 claudere

266 737 489 804 volens,
523 735 715 792 dulcis
735 737 805 772 ²³⁰
836 737 1031 792 Romze
1083 736 1301 792 mmnia
1356 735 1557 792 revisit
1605 737 1718 807 (an.
1778 734 1926 806 995),

269 833 326 883 et
347 843 490 882 nave
520 827 590 860 ²⁴⁰
618 823 962 882 monasterii
985 829 1177 881 mutat
1211 824 1531 898 pastoralia
1569 825 1754 880 frena.
1783 824 1930 879 Con-

271 915 529 988 gaudent
557 913 656 970 illo
688 915 968 970 redeunte
991 913 1332 969 monasticze
1350 913 1539 986 plebis
1562 931 1730 969 sacra
1759 911 1932 968 colle-

270 1004 386 1078 gia,
420 1020 488 1060 ac
523 1003 861 1059 sanctitatis
881 1003 945 1037 ²⁴¹
979 1019 1100 1058 sua:
1145 1019 1343 1058 amore
1392 1002 1611 1074 pariter
1666 1007 1724 1056 et
1775 1001 1933 1056 utili-

272 1094 468 1150 tatem
487 1091 1247 1164 perfruuntur.Dilexerunt
1269 1109 1403 1148 eum
1429 1109 1654 1155 omnes,
1685 1091 1785 1146 sed
1819 1108 1932 1161 pro:

273 1182 548 1238 omnibus
579 1181 764 1238 abbas
789 1182 1070 1252 suus,qui
1103 1187 1159 1235 ct
1191 1185 1322 1251 post
1345 1199 1407 1236 se
1436 1181 1572 1236 totis
1596 1179 1936 1235 cohortibus

274 1271 522 1328 fratrum
573 1271 909 1341 praefecerat
961 1269 1126 1323 illum
1159 1271 1294 1340 (1:8).
1345 1273 1428 1337 (ὃ.
1465 1270 1677 1324 Besso.
1712 1269 1933 1339 Regula,

274 1362 421 1428 c.7.)
443 1358 542 1415 Ille
561 1363 758 1415 autem
781 1359 942 1414 omni
963 1358 1186 1412 vilitate
1208 1363 1265 1412 et
1304 1359 1672 1412 extremitate
1705 1363 1940 1412 conten-

277 1453 374 1506 tus
391 1449 462 1484 “3
490 1453 713 1522 quanto
739 1463 992 1521 magnus
1011 1448 1080 1481 ²⁴⁴
1110 1453 1436 1513 erat,tanto
1463 1464 1525 1501 se
1549 1447 1776 1502 cunctis
1799 1447 1941 1501 infe-

275 1535 490 1592 riorem
522 1535 798 1609 praebuit;
833 1539 1057 1607 quanto
1089 1534 1462 1607 spiritalibus
1493 1534 1714 1590 divitiis
1753 1534 1936 1601 dives,

274 1629 436 1682 tanto
451 1623 513 1680 in
533 1623 720 1682 oculis
739 1623 1046 1679 hominum
1065 1639 1538 1696 parvus,pauper
1557 1629 1616 1678 et
1631 1625 1940 1695 despectus

275 1731 406 1771 esse
431 1714 732 1786 cupiverat
750 1714 840 1767 "5.
865 1713 1080 1768 Dicunt
1095 1717 1292 1768 autem
1315 1711 1552 1782 abba.et
1575 1714 1783 1768 fratres
1811 1713 1942 1783 ejus

277 1802 350 1858 de
377 1818 465 1870 eo,
489 1801 629 1874 quia
660 1801 719 1857 in
751 1799 914 1858 omni
956 1801 1170 1856 virtute
1223 1801 1294 1856 ad
1346 1817 1607 1873 unguem
1648 1802 1941 1872 perfectus

277 1895 458 1959 est,et
486 1895 649 1948 extra
688 1889 1038 1962 martyrium
1062 1890 1128 1924 ²⁴⁶
1158 1906 1290 1946 vere
1313 1895 1556 1946 sanctus
1577 1891 1642 1925 "7
1666 1893 1810 1946 erat.
1847 1890 1940 1945 Sic
1971 1931 2018 1997 Β

279 1981 350 2038 de
381 1981 474 2037 die
505 1981 565 2036 in
597 1980 752 2036 diem
783 1996 1016 2050 semper
1047 1995 1230 2034 novus
1278 1983 1337 2034 et
1385 1995 1445 2034 se
1487 1978 1616 2052 ipso
1646 1979 1943 2035 robustior

281 2069 758 2136 succrescens,ad
780 2067 988 2124 divinae
1005 2066 1519 2139 contemplationis
1537 2068 1770 2140 fastigia
1787 2067 1942 2123 velut

283 2159 619 2217 castissima
639 2159 706 2192 "3
738 2162 937 2214 turtur
963 2156 1307 2213 evolaverat.
1338 2156 1552 2212 Volens
1601 2163 1797 2212 autem
1830 2157 1940 2212 Do-

284 2247 483 2304 minus
518 2247 826 2303 ostendere
855 2263 1022 2303 servo
1055 2263 1185 2313 suo,
1210 2247 1379 2318 cujus
1410 2246 1604 2302 meriti
1635 2245 1849 2302 viveret
1881 2245 1939 2301 in

286 2337 603 2408 conspectu
635 2338 1073 2406 suo,monstrat
1099 2334 1149 2388 ei
1184 2351 1286 2406 per
1316 2334 1507 2390 visum
1536 2335 1684 2391 duos
1705 2335 1941 2389 ordines

284 2426 346 2481 in
377 2423 748 2492 cwlo,unum
781 2439 1074 2496 purpureo
1098 2424 1186 2490 Μ,
1219 2422 1468 2478 alterum
1504 2424 1669 2480 niveo
1697 2424 1938 2491 amictu,

282 2515 500 2588 quibus
515 2515 626 2571 sub
652 2513 881 2570 diversa
905 2513 1098 2585 specie
1121 2511 1419 2584 singulare
1443 2513 1718 2568 meritum
1742 2518 1800 2568 et
1819 2530 1944 2584 pro-

282 2601 414 2674 pria
456 2618 712 2669 merces;
746 2601 1035 2658 ambobus
1075 2605 1272 2656 tamen
1325 2617 1460 2656 esca
1497 2605 1554 2656 et
1603 2607 1776 2673 potus
1821 2605 1946 2656 erat

282 2691 413 2748 laus
445 2695 730 2764 perpetua
759 2689 1067 2746 Creatoris.
1102 2691 1171 2745 Et
1203 2691 1354 2745 facta
1394 2694 1484 2745 est
1532 2706 1641 2746 vox
1690 2691 1761 2745 ad
1806 2705 1941 2744 eum

282 2779 484 2836 dicens
518 2796 530 2835 :
564 2781 712 2836 Inter
739 2787 994 2851 utrosque
1013 2779 1206 2836 esttibi
1226 2779 1394 2846 locus,
1412 2781 1721 2834 convivacio
1737 2794 1944 2836 mensae

281 2877 336 2926 et
359 2871 678 2942 aptissimus
709 2869 902 2926 honor.
927 2869 1108 2939 Cujus
1139 2867 1220 2923 rei
1251 2868 1539 2923 visionem
1590 2867 1786 2924 abbati
1836 2884 1944 2924 suo

281 2973 422 3017 cum
435 2961 888 3030 exponeret,non
914 2957 1024 3012 hoc
1043 2957 1113 3011 de
1135 2957 1325 3022 se,sed
1352 2955 1510 3012 velut
1530 2956 1944 3012 sanctissimus

283 3047 504 3105 Paulus
533 3044 901 3102 revelationis
949 3061 1070 3100 sua:
1121 3043 1400 3116 mysteria
1445 3043 1662 3099 dealio
1707 3043 1945 3099 homine

284 3139 484 3195 narrat
502 3135 547 3207 (l
579 3133 701 3190 Cor.
733 3137 838 3202 xu)
867 3149 882 3188 :
915 3133 1038 3189 Scio
1057 3133 1146 3188 ³⁵0.
1171 3131 1730 3204 inquid,hujusmodi
1767 3131 1944 3201 homi-

279 3240 429 3290 nem,
460 3224 552 3282 Cui
589 3223 859 3278 Dominus
887 3237 988 3294 per
1019 3221 1199 3276 visum
1218 3221 1281 3254 ’δι
1317 3220 1453 3274 talia
1489 3219 1722 3276 ostendit
1748 3226 1810 3274 etr
1827 3219 1948 3277 haec

281 3314 404 3385 ipsa
431 3310 764 3368 donaturum
789 3326 848 3365 se
872 3311 1144 3382 promittit
1162 3309 1296 3380 (49).

350 3401 442 3457 21.
473 3399 598 3469 (An.
631 3398 786 3468 996.)
819 3398 938 3454 Hoc
970 3397 1096 3469 ipso
1127 3400 1389 3469 tempore
1420 3397 1529 3451 iter
1550 3397 1672 3469 agit
1694 3397 1940 3452 Romam

283 3506 382 3546 rex
414 3489 774 3546 Francorum
816 3487 951 3543 Otto
1001 3485 1242 3552 tercius,
1275 3485 1505 3558 pulchri
1547 3485 1782 3542 cessaris
1811 3484 1941 3557 pul-

282 3577 573 3636 cherrima
601 3575 816 3650 proles.
841 3575 1114 3632 Decursis
1147 3575 1362 3647 quippe
1391 3574 1715 3646 puerilibus
1747 3576 1940 3641 annis,

283 3684 420 3724 cum
442 3668 573 3739 jam
602 3665 762 3722 velut
791 3665 985 3737 prima
1005 3665 1072 3698 ³⁵³
1092 3662 1372 3734 lanugine
1396 3663 1589 3718 barbae
1610 3664 1940 3728 floreret“,

284 3764 520 3830 tempus
550 3761 607 3813 et
635 3755 822 3812 virtus
852 3755 1042 3826 major
1071 3753 1242 3810 annis
1267 3752 1704 3824 imperatoriam
1728 3751 1838 3808 sibi
1857 3770 1947 3807 ex-

285 3850 596 3920 poscerent
624 3846 693 3879 ²⁵⁸
723 3844 1098 3916 dignitatem.
1134 3842 1318 3898 Roma
1347 3846 1545 3896 autem
1585 3858 1720 3896 cum
1771 3847 1947 3912 caput

287 3937 494 3994 mundi
527 3940 584 3992 et
614 3933 851 3992 urbium
881 3934 1120 3988 domina
1158 3931 1237 3986 sit
1267 3937 1324 3987 et
1357 3937 1611 3997 vocetur,
1627 3929 1751 3986 sola
1782 3948 1947 4003 reges

287 4027 576 4099 imperare
597 4023 766 4089 facit;
789 4037 1043 4093 cumque
1065 4019 1350 4092 principis
1373 4013 1712 4075 sanctorum
1736 4037 1948 4092 corpus

286 4131 394 4173 suo
423 4113 559 4168 sinu
591 4111 863 4176 refoveat,
889 4108 1098 4165 merito
1131 4107 1455 4179 principem
1499 4112 1786 4163 terrarum
1821 4109 1950 4180 ipsa

285 4201 642 4261 constituam
693 4197 885 4255 debet.
940 4198 1096 4254 Suus
1117 4197 1184 4230 ³⁵⁵
1217 4195 1360 4267 ipsis
1421 4195 1630 4253 diebus
1691 4197 1949 4268 pontifex

2041 642 2206 699 cualo.
2243 649 2493 716 utraque
2525 645 2584 700 in
2617 662 2726 701 sua
2755 645 3066 702 dimisit“
3095 647 3350 706 exordia.
3370 648 3488 704 Rex
3509 653 3708 704 autem

2042 730 2176 788 Otto
2188 731 2423 804 Alpium
2447 733 2610 788 nives
2632 733 2818 789 multo
2841 734 3029 791 milite
3042 737 3708 808 transmeansjuxtasa—

2043 836 2206 876 cram
2220 821 2427 876 urbem
2450 821 2784 878 Ravennam
2801 823 3017 895 regalia
3033 827 3226 880 castra
3239 829 3496 881 metatus
3507 825 3706 881 est.lbi

2044 909 2106 964 in
2127 909 2257 980 ejus
2277 927 2590 965 occursum
2608 912 2852 967 veniunt
2869 913 3125 984 epistola:
3149 931 3285 969 eum
3299 915 3708 988 nunciis,quas

2045 997 2292 1052 mittunt
2332 999 2578 1054 Romani
2618 1017 2886 1072 proceres
2927 1005 2984 1056 et
3021 1001 3356 1059 senatorius
3385 1003 3528 1059 ordo
3559 1004 3707 1072 (996,

2045 1085 2219 1158 Mai.)
2242 1087 2435 1142 Primo
2459 1087 2617 1143 illius
2645 1089 3147 1158 adventum,velut
3169 1095 3290 1149 toto
3310 1095 3572 1164 tempore
3601 1109 3709 1164 pa-

2045 1180 2224 1230 terna)
2239 1177 2446 1231 mortis
2462 1193 2575 1232 non
2589 1177 2950 1244 visum,totis
2963 1179 3284 1236 visceribus
3302 1181 3630 1236 desiderare
3643 1197 3712 1236 ac

2047 1263 2247 1320 debita
2259 1265 2411 1320 ﬁdeli
2423 1271 2535 1321 tate
2549 1269 2614 1301 ³⁵⁷
2635 1266 3037 1339 pollicitantur
3051 1273 3407 1340 exspectare;
3426 1269 3634 1325 deinde
3649 1269 3706 1324 in

2049 1357 2236 1408 morte
2253 1353 2452 1408 domni
2479 1355 2786 1426 apostolici
2819 1360 2939 1411 tam
2972 1356 3082 1411 sibi
3114 1374 3294 1428 quam
3315 1356 3433 1414 illis
3455 1375 3571 1414 non
3598 1359 3704 1413 mi-

2050 1441 2274 1496 nimam
2292 1441 2579 1498 invectam
2603 1461 2730 1500 esse
2745 1446 2811 1478 ’59
2835 1450 3059 1517 partem
3083 1445 3590 1502 incommodorum
3613 1465 3707 1502 an-

2050 1529 2356 1597 nunciant,
2373 1536 2432 1586 et
2461 1548 2636 1604 quem
2669 1549 2773 1604 pro
2804 1549 2871 1588 eo
2904 1539 3206 1606 ponerent,
3230 1535 3484 1608 regalem
3506 1537 3704 1609 exqui-

2053 1624 2193 1674 runt
2223 1619 2757 1678 sentenciam.Erat
2779 1622 2920 1678 item
2944 1623 3002 1678 in
3035 1623 3260 1697 capella
3289 1624 3442 1697 regis
3467 1625 3707 1698 quidam

2053 1706 2302 1766 clericus
2328 1711 2566 1766 nomine
2585 1712 2654 1747 ἐν
2686 1711 2900 1786 Bruno,
2917 1711 3283 1768 sccularibus
3315 1713 3525 1770 litteris
3541 1730 3708 1786 egre-

2053 1797 2234 1870 gie’60
2265 1798 2532 1856 eruditus
2583 1805 2643 1856 et
2690 1801 2814 1872 ipse
2863 1801 3020 1872 regio
3073 1801 3361 1875 sanguine
3408 1818 3594 1876 genus
3628 1804 3707 1859 fe-

2054 1902 2190 1942 rens
2220 1888 2364 1958 (50);
2399 1904 2626 1960 magna:
2659 1888 2882 1944 scilicet
2902 1891 2965 1924 ⁸⁸⁸
2999 1887 3237 1957 indolis,
3261 1889 3385 1958 sed,
3420 1890 3575 1963 quod
3607 1889 3714 1946 mi-

2053 1992 2166 2031 nus
2198 1975 2712 2044 bonum,multum
2739 1977 2968 2033 fervidae
2993 1977 3321 2050 juventutis
3353 1979 3486 2046 (51).
3521 1977 3707 2048 Hunc,

2051 2064 2190 2136 quia
2214 2065 2332 2137 regi
2365 2064 2607 2137 placuit,
2629 2084 2664 2122 a
2691 2067 3018 2137 majoribus
3051 2065 3303 2122 electum
3335 2066 3713 2140 Magontinus

2052 2153 2427 2226 archiprwsul
2457 2155 2788 2228 Willigisus
2811 2157 2878 2190 ²⁶²
2909 2160 2966 2212 et
2997 2173 3142 2212 suus
3181 2155 3402 2229 collega
3424 2155 3716 2213 Hildebal-

2051 2244 2164 2300 dus
2187 2245 2252 2277 ²⁶³
2285 2243 2594 2315 episcopus
2626 2245 2734 2317 (52)
2759 2245 3128 2300 adduxerunt
3161 2245 3436 2314 Romam;
3469 2245 3715 2318 proinde

2053 2350 2086 2388 a
2117 2332 2398 2388 Romanis
2423 2332 2740 2388 honoriﬁce
2765 2339 3068 2406 acceptum
3092 2335 3178 2402 ³⁵⁸,
3215 2335 3286 2390 ad
3321 2334 3430 2390 hoe
3459 2333 3716 2390 ordinati

2052 2422 2309 2494 episcopi
2342 2421 2661 2494 apostolico
2695 2421 2915 2479 honore
2936 2422 3408 2497 promulgarunt.
3429 2425 3714 2496 Superve-

2053 2509 2223 2565 niens
2255 2510 2432 2566 etiam
2465 2529 2562 2566 rex
2594 2511 2856 2568 Romano
2900 2529 3062 2568 more
3113 2513 3342 2586 egregie
3387 2514 3713 2586 accipitur;

2053 2597 2264 2655 deinde
2278 2604 2333 2654 et
2345 2615 2559 2671 magno
2572 2600 2784 2672 gaudio
2799 2601 3064 2657 omnium
3080 2603 3500 2676 imperatorum
3521 2603 3717 2676 attigit

2054 2687 2278 2760 apicem
2297 2687 2447 2758 (Mai.
2466 2690 2579 2758 2t).
2609 2690 2905 2746 Laetantur
2921 2708 3056 2746 cum
3083 2691 3437 2764 primatibus
3459 2692 3718 2752 minores

2054 2775 2307 2833 civitatis
2328 2779 2431 2846 ’55;
2464 2795 2600 2833 cum
2631 2778 2869 2834 afflictio
2901 2797 3156 2852 paupere
3187 2781 3452 2838 exultant
3479 2783 3716 2854 agmina

2052 2864 2386 2934 viduarum,
2403 2867 2620 2940 quia’66
2642 2885 2828 2924 novus
2849 2869 3167 2942 imperator
3183 2871 3438 2944 datjura
3457 2870 3713 2944 populis,

2054 2953 2156 3009 dat
2171 2953 2312 3025 jura
2342 2972 2526 3010 novus
2557 2973 2710 3028 papa
2729 2958 2814 3013 ²⁶⁷ο

2123 3045 2214 3097 22.
2248 3043 2353 3100 His
2382 3044 2748 3116 temporibus
2779 3045 3312 3104 christianissimus
3361 3049 3459 3107 ille
3509 3067 3714 3120 caesar,

2055 3131 2149 3185 cui
2166 3131 2232 3165 ³⁸³
2267 3131 2422 3187 circa
2451 3149 2648 3188 servos
2681 3133 2782 3188 Dei
2818 3135 3142 3191 maximum
3175 3138 3444 3196 studium
3485 3157 3719 3212 semper

2055 3223 2114 3275 et
2161 3219 2412 3292 diligens
2451 3238 2594 3276 cura
2640 3221 2772 3289 fuit,
2824 3223 3026 3278 crebro
3066 3223 3389 3295 alloquitur
3439 3232 3717 3284 sanctum

1867 3317 1879 3324 ’
1972 3299 2016 3366 C
2052 3306 2457 3376 Adalbertum,
2489 3314 2546 3364 et
2577 3309 2830 3365 habebat
2860 3325 2995 3365 eum
3041 3311 3155 3366 sibi
3195 3311 3581 3380 familiarem,
3614 3333 3719 3373 au-

2052 3397 2221 3453 diens
2249 3396 2494 3453 libenter
2523 3415 2908 3472 qumcumque
2939 3401 3050 3455 sibi
3103 3400 3340 3456 diceret.
3375 3403 3713 3476 Archiepis-

2053 3503 2236 3558 copus
2266 3503 2399 3542 vero
2419 3486 2745 3560 Willigisus
2766 3490 2833 3522 ’69
2861 3493 3116 3544 veterem
3149 3489 3582 3561 querimoniam
3615 3510 3719 3550 ca-

2053 3593 2201 3631 nens
2222 3577 2289 3610 ²⁷⁰
2320 3576 2606 3631 domuum
2623 3577 2685 3611 ²⁷¹
2721 3575 3108 3648 apostolicum
3142 3579 3212 3632 de
3247 3581 3434 3636 sancti
3457 3579 3722 3639 hominis

2055 3665 2245 3720 reditu
2293 3664 2653 3738 interpellat;
2686 3667 3062 3739 congeminat
3081 3669 3148 3702 ²⁷²
3177 3673 3312 3724 vota
3359 3683 3494 3725 cum
3542 3670 3720 3739 votis,

2057 3759 2111 3808 et
2142 3759 2206 3809 ut
2254 3760 2574 3825 reportaret
2627 3754 2818 3820 illum,
2855 3757 3044 3812 modis
3091 3757 3368 3814 omnibus
3418 3757 3618 3814 instat.
3655 3760 3720 3815 In

2058 3841 2379 3914 apostolica
2429 3859 2665 3915 quoque
2709 3845 2916 3900 sinodo
2969 3863 3262 3901 canonum
3286 3847 3353 3880 ³⁷³
3382 3848 3723 3903 testimonia

2057 3931 2590 3997 revolvens,coram
2621 3934 2898 3990 omnibus
2929 3951 2990 3990 se
3013 3935 3182 4005 justa
3220 3939 3414 4006 petere
3461 3935 3719 4006 clamat;

2059 4025 2363 4092 peccatum
2397 4037 2544 4088 esse,
2580 4021 2832 4094 singulis
2883 4023 3144 4080 ecclesiis
3196 4023 3506 4092 maritatis,
3530 4023 3721 4083 selam

2059 4109 2305 4182 Pragam
2329 4126 2436 4165 suo
2460 4115 2692 4182 pastore
2716 4112 2942 4168 Viduari
2963 4130 2975 4179 ;
2991 4113 3154 4183 juste
3167 4114 3233 4146 ’7‘
3256 4113 3633 4186 poscentibus
3655 4115 3722 4149 ’⁷⁸

2059 4197 2386 4254 benivolam
2419 4214 2623 4254 aurem
2646 4199 2734 4267 ³⁷⁸,
2758 4199 2944 4256 viduae
2963 4199 3217 4258 ecclesia:
3243 4201 3519 4259 maritum
3542 4219 3721 4260 suum

1648 4292 1890 4349 VARIAS
1931 4294 2240 4352 LECTION
2246 4295 2352 4351 ES.

353 4397 430 4468 ⁸³⁸1
457 4394 762 4468 conspexit
788 4393 870 4449 3a.
947 4394 1016 4428 ³³⁸
1044 4391 1212 4448 ducis
1248 4392 1296 4447 1.
1375 4393 1443 4426 “0
1476 4391 1606 4468 navi
1637 4394 1692 4468 2.
1725 4392 1787 4468 3c
1817 4391 1932 4468 otio
1963 4393 2280 4468 4b._amore
2308 4394 2372 4468 5.Δ
2441 4395 2505 4429 ’δι
2529 4411 2590 4468 γε,
2613 4393 2775 4451 illius
2812 4397 3194 4454 contubernio
3233 4402 3292 4454 et
3322 4397 3598 4455 societate
3622 4399 3710 4456 41).

278 4469 348 4506 ³⁸³
377 4467 533 4524 ultra
560 4461 621 4522 1.-
686 4467 754 4502 ³⁸³
783 4469 1086 4522 contectus
1114 4479 1386 4535 superscr.
1421 4461 1508 4517 vel
1557 4466 1871 4519 contentus
1904 4466 1954 4519 1.
2031 4465 2100 4498 9“
2131 4465 2321 4536 major
2348 4465 2429 4521 3c.
2520 4467 2588 4500 ²⁴⁵
2617 4482 2864 4539 concup.
2899 4471 2954 4523 2.
3046 4471 3112 4504 "5
3143 4469 3572 4526 monasterium
3626 4471 3692 4527 3.

279 4556 351 4594 ³⁸⁷
377 4557 465 4615 fcs
494 4561 548 4612 2.

651 4556 720 4592 ²⁴⁸
751 4553 1124 4630 castissimus
1173 4557 1228 4608 2.
1279 4555 1341 4630 3_c
1442 4553 1529 4605 “9.
1565 4568 1926 4622 purpureum
1954 4569 2096 4608 corr.
2134 4569 2452 4630 purpureo,
2489 4555 2513 4609 1
2621 4556 2690 4590 ²⁵⁰
2710 4556 2830 4630 scio
2879 4573 3050 4629 usque
3098 4558 3388 4630 promittit
3424 4558 3626 4614 desunt
3657 4564 3712 4616 2.

280 4628 344 4666 ³⁶¹
377 4629 572 4686 visum
611 4626 868 4684 ostendit
918 4625 1182 4697 ccelestes
1232 4624 1410 4697 acies,
1443 4639 1694 4697 quarum
1744 4640 1863 4697 una
1907 4641 2073 4697 roseo
2123 4625 2404 4697 vernabat
2447 4630 2708 4697 aspectu,
2742 4627 2926 4683 altera
2957 4624 3387 4685 vero-filiorum
3414 4631 3713 4688 candebat

282 4699 534 4768 amictu;
567 4704 623 4754 et
653 4699 804 4754 facta
824 4701 913 4751 est
939 4714 1044 4752 vox
1063 4694 1536 4768 adieumﬂdieens
1567 4710 1578 4748 :
1616 4693 1766 4768 inter
1796 4694 1904 4750 hos
1935 4695 2170 4768 ordines
2219 4694 2423 4768 locum?
2463 4693 2644 4768 habes
2667 4693 2750 4752 41).
2821 4699 2890 4734 ²⁵²
2921 4699 3068 4756 deest
3094 4702 3174 4755 33.
3254 4703 3324 4736 ³⁵³
3354 4703 3392 4756 τ.
3431 4702 3710 4759 inventus

281 4777 326 4827 t.
353 4775 389 4827 2
413 4773 468 4826 5.
523 4766 613 4804 ’²⁸⁴
643 4767 1189 4840 θχροροεοοτθηιβ.
1227 4835 1238 4840 _
1269 4767 1336 4800 ²⁵⁸
1370 4781 1644 4840 summus
1688 4766 1848 4840 3a,_c.
1899 4766 2186 4840 cujus-ib.
2213 4835 2245 4840 __
2268 4768 2342 4840 τεεξ
2369 4766 2569 4840 divisit
2602 4769 2698 4840 1.“
2729 4769 2795 4840 ξεῖ
2827 4769 3102 4828 felicitate
3154 4774 3205 4828 1.
3248 4775 3305 4829 2.
3381 4773 3449 4807 ⁸⁸⁸
3474 4772 3625 4829 deest
3657 4777 3712 4831 1.

280 4843 350 4877 ²⁵⁹
377 4840 524 4897 deest
549 4840 631 4896 3a.

281 4912 496 4968 baldus
527 4912 610 4966 41).
645 4909 970 4964 adehaldus
989 4910 1068 4964 3c.
1147 4909 1214 4943 ’5‘
1246 4906 1543 4978 totiusque
1579 4906 1716 4960 cleri

281 4983 590 5040 ordinatur
619 4983 703 5036 41).
753 4981 840 5050 7⁵³⁸³⁵
863 4997 914 5034 c.
951 4998 1002 5034 a.
1037 4996 1093 5050 p.
1126 4995 1176 5033 e.
1211 4995 1264 5050 a.
1297 4995 1350 5034 v.
1383 4977 1579 5034 desunt
1609 4979 1688 5032 4a.

282 5056 349 5091 ³⁸⁷
375 5055 434 5109 (1.
469 5053 508 5108 i.
543 5070 601 5108 n.
637 5069 692 5123 p.
726 5049 921 5123 desunt
957 5053 1002 5105 1.
1039 5049 1054 5050 ί
1110 5051 1176 5084 ³⁸⁸
1207 5049 1352 5123 deest
1395 5054 1449 5104 2.
1556 5051 1624 5123 ’6?
1652 5049 1973 5123 vulgissus.
2002 5053 2050 5106 1.

284 5126 481 5182 desunt
509 5126 562 5180 1.
587 5122 668 5190 3a,
701 5123 784 5188 4a,
818 5122 876 5177 b.

283 5197 460 5254 indue
481 5197 560 5252 3c.
667 5195 840 5264 juxta
869 5194 954 5252 41).

1067 5194 1133 5227 ³⁷⁵
1155 5192 1326 5264 juxta
1357 5192 1692 5266 petentibus
1720 5197 1774 5250 2.

731 4835 950 4910 “deest
976 4842 1030 4893 2.
1108 4835 1350 4910 ’G'Wdeest
1377 4837 1458 4890 3a.
1536 4836 1908 4910 ’“_wilgisus
1929 4835 1992 4910 _1_.
2068 4838 2136 4872 ’53
2166 4835 2544 4910 hildebaldus
2573 4842 2629 4893 2.
2664 4838 2956 4896 ildebaldo
2989 4844 3070 4910 lia,
3103 4841 3454 4899 uldebaldus
3474 4846 3535 4898 Ba
3568 4847 3717 4902 ude-

1810 4907 2088 4988 opulique
2135 4924 2448 4988 consensu,
2485 4909 2711 4988 favente
2763 4911 2940 4988 etiam
2998 4907 3156 4988 rege,
3190 4915 3354 4971 urbis
3399 4915 3716 4988 episcopus

1789 4979 2683 5058 tf5’cuminovoninmperatoreAdat
2720 4983 2953 5058 pepulis
2983 4979 3122 5056 jura
3143 4979 3348 5042 'novus
3379 4979 3532 5058 papa
3565 4979 3628 5042 .55
3661 4993 3713 5043 1).

2165 5051 2233 5085 ²⁷⁰
2264 5051 2532 5122 quaerens
2560 5055 2614 5106 2.
2668 5051 2876 5110 carens
2905 5056 2984 5110 4a.

3100 5058 3164 5090 ’τί
3196 5058 3254 5112 (1.
3288 5075 3342 5112 a.
3373 5058 3446 5113 de
3481 5076 3530 5113 s.
3565 5059 3623 5113 b.
3665 5075 3713 5115 r.

989 5122 1463 5200 mppguominat
1488 5124 1545 5200 2.
1563 5122 1679 5200 __"3
1709 5122 2002 5200 canonum
2033 5139 2204 5194 usque
2235 5127 2475 5200 agerent
2493 5123 2688 5180 desunt
2718 5127 2798 5200 4a.
2875 5127 2946 5160 ’τι
2966 5128 3138 5200 juxta
3160 5129 3458 5200 inquiebat
3489 5146 3548 5200 p.
3574 5129 3635 5184 b.
3659 5146 3714 5185 a.

1887 5196 1956 5229 ³⁷⁸
1977 5195 2422 5250 accommodare
2454 5197 2512 5250 in
2541 5199 2792 5269 margine
2817 5195 3031 5272 supplet
3056 5200 3111 5254 5.

352 5363 767 5441 (4_8)_Forta_sse
796 5379 891 5418 an.
909 5361 1036 5430 995,
1055 5378 1189 5418 cum
1215 5363 1326 5419 Leo
1346 5361 1576 5434 legatus
1599 5362 1656 5417 in
1681 5274 2262 5441 Galliarﬁogﬁllexit
2289 5363 2492 5441 Petrus
2525 5363 2692 5433 Dam,
2727 5382 2776 5441 ς).
2797 5369 2892 5436 27,
2915 5372 3090 5441 atque
3113 5369 3182 5424 de
3206 5369 3478 5425 Brunonc
3508 5369 3712 5426 archi-

281 5435 772 5510 proficisceretur.

325 5505 464 5593 .(49)
492 5504 637 5592 Yide
666 5521 794 5579 qua:
825 5505 884 5560 in
929 5505 1152 5577 prtel‘at.
1189 5506 1258 5560 de
1307 5509 1542 5562 auctore
1573 5504 1754 5576 hujus
1803 5504 1937 5560 libri

278 5580 959 5722 diggg;t¥ilius__0ttonis
997 5647 1194 5722 _du_eis,
1234 5645 1337 5722 alii
1389 5646 1636 5722 Conradi
1685 5647 1866 5722 ducis
1883 5654 1941 5704 et

275 5717 621 5812 hiudgardae
653 5719 785 5778 ﬁlia
817 5719 1046 5778 Ottonis
1079 5719 1120 5775 Ι.
1147 5751 1210 5760 --
1236 5719 1453 5776 Locum
1477 5717 1635 5775 hunc
1671 5717 1824 5778 male
1854 5719 1937 5779 in-

2047 5435 2320 5511 episcopo
2351 5440 2408 5490 et
2439 5442 2692 5511 martyre
2727 5435 3144 5511 interpretatus
3174 5444 3282 5495 est.

2119 5508 2234 5588 ($1)
2267 5507 2396 5562 Haec
2426 5506 2700 5588 defuncto
2727 5506 3002 5582 Gregorio
3031 5512 3079 5565 ‘V
3110 5515 3185 5582 (ει.
3218 5511 3344 5580 999,
3369 5512 3427 5568 d.
3463 5512 3638 5568 Febr.
3657 5513 3714 5588 5)

2050 5578 2287 5650 scripta;
2297 5593 2426 5650 esse
2446 5578 2740 5650 videntur.

2122 5648 2236 5720 (52)
2267 5648 2739 5707 Wormatiensis.
