3900 6374
176 386 293 454 885

1716 378 1930 447 VITA.

3469 377 3588 450 886

182 524 290 581 bus
321 526 378 579 et
406 525 708 579 vectorum
752 519 993 577 domina
1036 536 1236 593 agens,
1272 518 1555 575 remansit
1585 517 1663 573 ibi
1696 532 1829 573 cum
1858 515 1917 583 Α
1946 515 2005 572 in
2036 518 2102 554 ³⁸⁸
2124 518 2451 579 naviculam
2485 520 2958 596 imponobantur,
2983 524 3041 577 et
3070 523 3223 577 retro
3246 516 3407 576 ducti
3432 534 3593 575 man-

179 612 431 687 geminis
481 611 754 667 frtribus:
801 627 1055 683 quorum
1104 610 1251 665 alter
1298 610 1598 681 presbyter
1648 608 1830 663 Bene-

181 702 400 767 dictus,
431 700 580 756 alter
610 699 858 756 dilectus
891 705 949 755 et
980 716 1013 754 a
1042 716 1221 771 puero
1269 699 1380 754 sibi
1429 715 1624 753 comes
1658 696 1834 751 frater

180 789 545 847 Gaudentius
566 792 709 845 erat.
726 790 889 844 Tunc
918 805 1131 859 magna
1149 787 1362 842 ﬁducia
1378 786 1672 841 Christum
1697 801 1834 857 pree-

180 880 462 944 dicantes,
497 878 721 933 intrant
762 878 831 911 ³⁶⁵
882 893 1118 949 parvam
1171 875 1449 941 insulam,
1484 891 1609 946 qua:
1660 890 1833 929 curvo

179 985 351 1025 amne
399 967 512 1038 (58)
565 967 974 1032 circumvecta,
1018 965 1266 1019 formam
1316 964 1517 1020 circuli
1566 963 1834 1018 adeunti-

182 1057 370 1113 bus?“
385 1054 1157 1110 monstrat.Venientesvero
1176 1052 1282 1107 loci
1308 1068 1832 1125 possessores,eum

182 1145 396 1216 pugnis
445 1142 793 1214 expulerunt
842 1158 941 1196 eos
988 1142 1075 1195 ³⁵⁷.
1110 1142 1177 1195 Et
1211 1142 1474 1213 quidam,
1508 1144 1739 1211 arrepto
1771 1140 1835 1172 ⁵⁸⁸

183 1231 463 1287 naviculze
496 1247 677 1297 remo,
703 1230 889 1285 astitit
919 1229 1188 1301 episcopo
1224 1232 1485 1302 prOpius,
1508 1234 1563 1283 et
1600 1233 1662 1282 ut
1693 1229 1837 1282 forte

182 1320 442 1392 psalmos
465 1320 524 1374 in
546 1319 694 1374 libro
717 1320 1143 1385 decantaverat,
1161 1319 1458 1389 ingentem
1486 1318 1664 1372 ictum
1688 1317 1838 1370 inter

181 1408 457 1481 scapulas
488 1409 669 1463 dedit.
695 1408 991 1463 Excussus
1034 1407 1307 1462 manibus
1338 1406 1490 1461 volat
1523 1408 1578 1460 in
1612 1406 1837 1460 diversa

182 1499 444 1565 codex,et
466 1498 590 1569 ipse
610 1502 850 1552 extenso
874 1497 1063 1568 capite
1085 1500 1140 1551 et
1165 1497 1445 1551 membris
1469 1498 1625 1567 jacet
1656 1494 1835 1548 humo

180 1590 546 1659 prostratus;
581 1586 684 1640 sed
717 1584 971 1640 exterius
994 1585 1211 1639 afflicto
1233 1602 1467 1657 corpore
1492 1584 1632 1656 quid
1656 1584 1751 1654 pia
1770 1584 1837 1615 ³⁸⁸

181 1693 349 1732 mens
370 1676 438 1710 ³⁷⁸
469 1674 630 1729 intus
673 1679 887 1746 ageret,
924 1674 1081 1728 risus
1112 1674 1306 1729 cordis
1346 1690 1448 1745 per
1482 1672 1639 1728 vocis
1669 1687 1835 1742 orga-

179 1782 322 1822 num
357 1780 493 1819 mox
510 1764 575 1798 ³⁷¹
619 1763 910 1835 patefecit.
935 1762 1145 1817 Gratias
1175 1763 1295 1829 tibi,
1328 1761 1555 1833 inquid,
1590 1762 1833 1825 Domine,

179 1856 309 1928 quia
339 1854 445 1909 etsi
470 1852 711 1923 amplius
740 1867 851 1906 non
878 1853 1001 1917 erit,
1024 1853 1209 1906 saltim
1232 1853 1312 1907 vel
1344 1868 1514 1905 unum
1548 1852 1711 1905 ictum
1740 1864 1838 1920 pro

180 1943 456 2013 Cruci/ﬁxo
509 1956 627 1995 meo
686 1942 931 2011 accipere
980 1942 1181 1994 merui.
1234 1939 1553 1995 Transiens
1599 1953 1730 1991 vero
1779 1935 1839 1989 in

179 2031 356 2088 aliam
391 2033 621 2101 partem
656 2028 920 2083 ﬂuminis
944 2028 1052 2098 (59)
1077 2027 1240 2083 stetit
1258 2027 1337 2083 ibi
1374 2029 1617 2083 sabbato
1638 2024 1836 2096 (April.

180 2123 287 2189 17).
316 2124 573 2190 Vespere
599 2120 793 2173 autem
821 2117 995 2181 facto,
1018 2116 1294 2172 dominus
1314 2116 1461 2171 villae
1490 2116 1751 2170 divinum
1774 2113 1842 2145 ³⁷³

178 2209 355 2265 heroa
375 2208 445 2241 ³⁷³
465 2205 850 2261 Adalbcrtum
884 2205 1217 2261 transduxit
1260 2205 1319 2260 in
1350 2205 1571 2259 villam.
1597 2203 1843 2274 Congre-

179 2302 280 2372 gat
329 2314 397 2353 se
447 2294 709 2366 undique
756 2292 955 2348 inhers
1003 2292 1236 2365 vulgus,
1268 2298 1325 2350 et
1372 2294 1511 2366 quid
1542 2294 1609 2327 ³⁷⁸
1639 2294 1710 2348 de
1742 2292 1839 2347 illo

179 2388 324 2443 foret
378 2389 620 2441 acturus
659 2384 749 2451 ³⁷⁵,
783 2382 1102 2438 furibunda
1138 2384 1206 2417 ³⁷⁸
1251 2400 1389 2438 voce
1419 2384 1485 2417 ³⁷⁷
1525 2386 1583 2438 et
1632 2381 1840 2438 canino

185 2476 337 2532 rictu
366 2476 724 2547 exspectant.
750 2475 912 2527 Tunc
952 2477 1192 2528 sanctus
1227 2473 1599 2540 Adalbcrtus,
1625 2471 1757 2543 quis
1784 2475 1841 2526 et

188 2566 343 2622 unde
378 2566 553 2632 esset,
585 2561 673 2616 vel
706 2561 779 2616 ob
812 2577 989 2632 quam
1029 2577 1269 2616 causam
1310 2561 1448 2616 illuc
1477 2562 1719 2629 veniret,
1750 2560 1839 2615 in-

190 2656 544 2725 terrogatus,
578 2649 720 2706 talia
771 2653 1007 2705 econtra
1052 2648 1181 2704 miti
1211 2650 1277 2685 ³⁷⁸
1308 2667 1444 2705 voce
1493 2650 1792 2721 respondit
1825 2665 1837 2703 :

177 2743 310 2799 Sum
368 2741 659 2797 nativitate
708 2738 932 2793 Sclavus
958 2738 1025 2773 ³⁷⁸
1065 2740 1287 2794 nomine
1347 2738 1659 2793 Adalbcrtus
1711 2754 1841 2809 pro-

182 2833 422 2905 fessione
446 2828 766 2893 monachus,
795 2826 987 2883 ordine
1017 2826 1288 2899 quondam
1328 2829 1628 2899 episcOpus,
1662 2828 1841 2898 ofﬁcio

183 2938 331 2977 nunc
380 2926 555 2975 vester
599 2917 873 2989 apostolus
901 2915 989 2971 ³⁸⁸.
1035 2915 1210 2971 Causa
1262 2918 1437 2972 nostri
1493 2917 1709 2972 itineris
1764 2922 1841 2971 est

183 3018 356 3066 vestra
385 3007 562 3078 salus,
584 3014 645 3061 ut
668 3006 1035 3075 relinquentes
1062 3006 1363 3061 simulacra
1392 3005 1560 3060 surda
1588 3013 1639 3061 et
1666 3011 1835 3072 muta,

181 3098 488 3171 agnoscatis
548 3095 854 3151 Creatorem
911 3102 1167 3161 vestrum,
1225 3096 1321 3167 qui
1365 3096 1533 3163 solus,
1592 3102 1643 3150 et
1685 3102 1842 3149 extra

183 3205 339 3262 quem
367 3187 514 3243 alter
539 3186 671 3240 deus
719 3200 830 3239 non
858 3192 966 3252 est;
997 3191 1049 3239 et
1094 3191 1152 3239 ut
1198 3184 1466 3240 crethnites
1512 3186 1572 3239 in
1618 3185 1839 3239 nomine

1941 614 2145 664 serunt
2175 612 2433 683 quinque
2466 613 2589 668 dies
2618 613 2675 667 in
2709 613 2962 685 quodam
2992 612 3117 665 vico
3148 611 3282 682 (60).

2009 698 2099 752 29.
2134 700 2262 755 Haec
2292 701 2433 756 dum
2466 701 2523 755 in
2555 701 2653 756 illa
2685 706 2848 774 parte
2878 704 3185 773 geruntur,
3215 715 3346 754 ecce
3377 700 3436 754 in
3469 713 3591 755 meo

1942 787 2216 856 nasterio,
2249 788 2347 844 ubi
2382 788 2475 844 ille
2509 788 2640 845 talis
2672 790 2930 844 nutritus
2959 788 3167 855 fuerat,
3194 786 3427 842 cuidam
3459 802 3591 841 con-

1940 892 2105 931 verso
2152 877 2360 933 Joanni
2395 879 2714 950 Canapario
2736 879 2802 912 ³⁸⁷
2836 877 2975 933 talia
3022 877 3307 933 Dominus
3354 892 3457 947 per
3501 873 3589 928 vi-

1944 981 2073 1020 sum
2102 968 2374 1020 ostendit.
2394 968 2432 1021 E
2452 984 2683 1021 summo
2701 967 2842 1021 emlo
2860 967 3014 1021 velut
3030 966 3291 1021 volancia
3311 966 3588 1020 deorsum

1943 1055 2182 1108 veniunt
2213 1073 2399 1127 usque
2442 1058 2509 1111 ad
2565 1061 2778 1112 terram
2812 1058 2925 1111 duo
2957 1057 3021 1089 ⁸⁸⁸
3062 1054 3426 1119 linteamina,
3458 1052 3593 1108 alba

1919 1143 2097 1196 sicut
2134 1143 2227 1197 nix
2258 1149 2313 1198 et
2346 1147 2565 1200 munda
2598 1147 2818 1216 absque
2850 1145 3007 1199 omni
3048 1145 3217 1199 sorde
3248 1148 3305 1199 et
3336 1140 3588 1197 macula.

1944 1233 2129 1285 Ambo
2180 1250 2287 1287 sua
2334 1234 2551 1288 honera
2587 1236 2674 1298 ³⁸⁵³,
2712 1234 2975 1304 singulos
3028 1233 3262 1303 quidem
3313 1231 3485 1298 viros,
3520 1231 3591 1285 de

1948 1325 2101 1375 terra
2134 1321 2357 1387 levant;
2393 1324 2564 1377 ambo
2618 1322 2952 1377 felicissimo
2983 1322 3049 1356 ⁸⁸0
3080 1338 3256 1376 cursu
3303 1321 3489 1374 nubes
3537 1322 3594 1373 et

1947 1426 2123 1463 aurea
2166 1412 2371 1480 sydera
2420 1415 2791 1465 transnatant
2821 1412 2906 1464 δίη.
2941 1411 3125 1466 Unius
3177 1425 3387 1464 nomen
3435 1411 3595 1462 extra

1945 1496 2220 1569 ipsum”!
2238 1501 2335 1569 qui
2362 1499 2480 1555 hzec
2499 1500 2640 1554 vidit
2660 1502 2982 1555 admodum
3006 1497 3346 1571 paucissimi
3371 1497 3594 1567 sciunt;

1947 1586 2095 1641 alter
2119 1588 2186 1620 ³⁸³
2216 1604 2348 1641 vero
2396 1594 2539 1655 erat,
2578 1594 2642 1643 ut
2692 1589 2883 1643 adhuc
2916 1588 3088 1643 hodie
3141 1587 3265 1658 ipse
3294 1586 3362 1621 39‘
3391 1584 3595 1640 memi-

1946 1674 2051 1741 nit,
2085 1676 2298 1731 domus
2345 1676 2714 1744 Adalbcrtus,
2750 1678 2840 1731 cui
2895 1675 3173 1749 angelcus
3211 1677 3278 1710 ³⁸⁸
3329 1672 3598 1730 minister

1938 1765 2064 1834 jam
2099 1765 2348 1821 ccnlestis
2382 1783 2596 1821 mensae
2637 1766 2897 1821 convivia
2938 1764 3298 1837 prmparavit.
3332 1764 3403 1817 At
3432 1764 3595 1833 pater

1945 1852 2111 1909 Nilus
2144 1854 2406 1926 ignotum
2434 1859 2523 1909 est
2543 1854 2681 1926 quid
2704 1856 2773 1909 de
2820 1869 2885 1909 eo
2906 1853 3154 1919 videret;
3188 1852 3288 1908 sed
3321 1850 3592 1906 dulcibus

1948 1942 2180 2013 scriptis
2232 1943 2481 1997 eundem
2529 1943 2719 1997 virum
2767 1944 2833 1977 39°
2880 1942 2961 1997 ita
3008 1940 3372 2012 alloquitur:
3417 1938 3590 2002 Scias,

1946 2029 2260 2086 dulcissime
2288 2033 2393 2101 ﬁli,
2427 2035 2559 2104 quip
2584 2034 2792 2086 amicus
2834 2039 3015 2086 noster
3044 2029 3360 2085 Adalbcrtus
3400 2026 3590 2082 ambu-

1950 2121 2025 2175 lat
2055 2138 2177 2175 cum
2208 2122 2419 2192 Spiritu
2448 2129 2651 2186 sancto,
2684 2129 2735 2176 et
2766 2121 3073 2175 beatissimo
3118 2119 3227 2189 ﬁne
3268 2124 3594 2189 praesentem

1949 2212 2115 2265 vitam
2145 2212 2249 2265 erit
2270 2212 2681 2265 terminaturus.
2712 2210 2852 2265 Item
2888 2208 3051 2263 fratri
3084 2205 3431 2272 Gaudentio,
3467 2221 3593 2277 qua:

1949 2315 2120 2372 opere
2150 2301 2216 2334 ³⁸⁷
2243 2300 2440 2354 futura
2470 2302 2656 2367 erant,
2686 2302 2973 2354 nocturna
3004 2296 3171 2368 quies
3192 2296 3257 2331 ³⁸⁸
3281 2293 3452 2349 textis
3479 2309 3598 2349 am-

1950 2389 2200 2462 bagibus
2232 2389 2396 2444 dixit.
2431 2389 2881 2460 Expergefactus
2926 2403 3082 2458 ergo,
3119 2385 3167 2440 si
3196 2384 3366 2440 vellet
3394 2382 3596 2438 audire

1950 2479 2246 2534 somnium
2268 2480 2336 2512 39°
2364 2494 2564 2545 suum,
2596 2478 2917 2549 interrogat
2954 2475 3230 2531 dilectum
3284 2477 3511 2545 patrem
3532 2473 3598 2507 ⁴⁰⁰

1951 2567 2274 2640 Respondit
2303 2570 2498 2622 autem
2529 2566 2653 2637 ipse
2688 2582 2700 2620 :
2734 2566 2849 2631 Dic,
2882 2567 2934 2619 si
2973 2563 3105 2637 quid
3148 2563 3329 2618 habes.
3354 2593 3422 2602 —
3456 2560 3596 2626 Vidi,

1948 2656 2175 2728 inquid,
2230 2658 2287 2710 in
2329 2655 2504 2710 medio
2550 2655 2745 2709 altaris
2802 2654 3026 2708 calicem
3072 2668 3323 2718 aureum,
3358 2658 3409 2705 et
3453 2649 3601 2705 hunc

1947 2748 2074 2800 vino
2101 2745 2496 2816 semiplenam;
2525 2751 2699 2798 custos
2737 2758 2860 2797 vero
2889 2743 2999 2814 ejas
3031 2755 3188 2796 nemo
3226 2747 3359 2795 erat.
3392 2738 3470 2794 Me
3500 2739 3599 2793 ίιαρ

1948 2850 2050 2906 que
2092 2834 2297 2888 volente
2343 2832 2522 2887 bibere
2566 2847 2798 2897 merum,
2831 2831 3080 2902 opposuit
3120 2844 3177 2883 se
3218 2827 3364 2882 mihi
3391 2826 3453 2861 ⁴⁰¹
3485 2826 3595 2881 mi-

1945 2925 2118 2978 nister
2146 2923 2360 2988 altaris,
2394 2928 2445 2976 et
2471 2919 2770 2974 audacibus
2814 2920 2950 2973 meis
2977 2917 3158 2989 emptis
3188 2916 3334 2971 velut
3360 2913 3596 2988 quadam

1947 3014 2241 3083 imperiosa
2287 3011 2606 3065 auctoritate
2651 3007 3007 3073 contradixit,
3051 3006 3181 3078 quia
3217 3005 3284 3039 ⁴⁰²
3312 3019 3409 3059 nec
3456 3002 3600 3059 mihi

1945 3118 2044 3157 nec
2072 3102 2245 3156 alicui
2274 3100 2557 3155 hominum
2589 3098 2728 3152 hanc
2757 3098 3036 3152 licentiam
3060 3095 3188 3149 dare
3217 3094 3389 3159 vellet,
3410 3108 3509 3164 pro
3538 3107 3598 3148 ea

1948 3191 2089 3263 quod
2118 3191 2219 3245 tibi
2269 3191 2329 3244 in
2372 3190 2672 3243 crastinum
2717 3202 2816 3258 pro
2867 3187 3083 3240 mistica
3129 3185 3417 3255 refectione
3464 3184 3603 3253 foret

181 3254 295 3351 ejus
325 3279 499 3333 vitam
530 3273 794 3346 habeatis)
824 3282 874 3330 σι
913 3275 972 3329 in
1003 3275 1165 3329 αἰνίίε
1212 3274 1738 3329 ἰηιηανεϐδείὺίὶίὺιιδ
1768 3274 1832 3307 ³⁸¹
1866 3254 1909 3321 C
1945 3254 2241 3335 servatum.
2266 3278 2395 3332 Hzec
2428 3294 2493 3331 eo
2522 3254 2818 3347 loquente,
2843 3273 2989 3347 fugit
3011 3290 3257 3328 somnus
3287 3273 3358 3328 ab
3391 3270 3597 3340 oculis,

182 3368 477 3422 caelestium
517 3363 846 3436 gaudiorum
887 3365 1126 3434 praemia
1169 3366 1446 3435 percipere
1489 3366 1833 3420 mereamini.

184 3455 311 3510 Haec
352 3457 597 3510 sanctus
644 3450 1014 3508 Adalbcrtus.
1059 3450 1147 3507 Illi
1199 3457 1395 3506 autem
1436 3452 1563 3524 jam
1614 3454 1839 3508 dudum

184 3545 564 3617 indignantes
605 3546 664 3597 et
706 3558 838 3596 cum
880 3540 1132 3596 clamore
1171 3540 1548 3612 blasphemia:
1569 3543 1637 3576 ³⁸³
1666 3543 1842 3597 verba

182 3635 464 3689 adversus
486 3649 619 3687 eum
645 3630 1100 3703 proclamantes,
1115 3634 1364 3685 mortem
1383 3630 1493 3686 sibi
1512 3631 1835 3687 minantur.

178 3722 247 3778 Et
267 3724 337 3757 ³⁸³
367 3720 651 3792 extimplo
691 3724 907 3775 terram
942 3718 1168 3774 baculis
1208 3719 1618 3791 percutientes,
1653 3720 1838 3776 fustes

180 3812 353 3884 capiti
379 3811 510 3881 ejus
534 3812 861 3881 apponunt,
874 3812 931 3862 et
959 3807 1301 3862 infrendunt
1324 3808 1447 3863 dire
1468 3808 1745 3864 dentibus
1778 3809 1837 3864 in

179 3916 313 3957 eum
367 3916 382 3953 :
436 3898 692 3969 Magnum
745 3898 819 3952 sit
868 3896 987 3965 tibi,
1030 3894 1326 3967 inquiunt,
1374 3897 1516 3969 quod
1563 3898 1840 3970 hucusque

178 3991 408 4061 impune
437 3989 655 4053 venisti,
690 3993 741 4042 et
783 3988 927 4041 sicut
966 3986 1107 4041 celer
1136 3985 1340 4041 reditus
1388 4003 1537 4058 spem
1586 3990 1726 4055 vitae,
1762 3991 1839 4044 ita

181 4077 279 4132 tibi
322 4090 520 4148 parvae
564 4089 738 4130 morae
789 4075 936 4129 necis
984 4073 1223 4145 dampna
1267 4074 1544 4130 creabant.
1578 4077 1741 4132 Nobis
1788 4087 1840 4133 et

180 4173 284 4222 toto
314 4166 385 4200 3‘“
415 4164 547 4220 huic
594 4178 780 4234 regno,
810 4165 965 4235 cujus
995 4178 1092 4219 nos
1120 4164 1304 4233 fauces
1354 4181 1562 4231 sumus,
1598 4182 1835 4221 commu-

180 4256 269 4309 nis
299 4254 392 4309 lex
422 4254 659 4324 imperat
706 4259 759 4307 et
804 4268 947 4306 unus
977 4250 1106 4307 ordo
1156 4251 1373 4308 vivendi
1384 4274 1402 4319 ,-
1433 4270 1523 4309 vos
1568 4270 1708 4321 vero,
1742 4258 1838 4328 qui

179 4343 306 4398 estis
337 4343 571 4397 alterius
600 4349 651 4395 et
680 4341 877 4410 ignota:
907 4340 1058 4409 legis,
1087 4341 1201 4395 nisi
1220 4340 1319 4395 hac
1348 4350 1498 4397 nocte
1526 4342 1833 4413 discedatis,

182 4432 243 4486 in
299 4430 606 4487 crastinum
664 4428 1110 4500 decapitabimini
1160 4430 1247 4483 ⁸⁸⁸.
1302 4429 1438 4486 Insa
1482 4447 1615 4487 vero
1672 4439 1838 4491 nocte

1949 3374 2006 3424 et
2036 3371 2282 3438 occupat
2313 3364 2631 3421 tremencia
2661 3364 2929 3419 membra
2958 3367 3157 3433 torpor
3184 3360 3411 3432 ingens.
3435 3360 3596 3427 Deus,

1950 3457 2162 3528 inquit,
2199 3456 2304 3526 ﬁli,
2352 3461 2631 3525 prosperet
2676 3453 2821 3506 hunc
2868 3453 3088 3506 visum!
3134 3450 3344 3503 Fallaci
3386 3448 3598 3503 somnio

1946 3548 2221 3601 neminem
2250 3543 2467 3597 credere
2489 3549 2710 3613 oportet.

2018 3636 2107 3689 30.
2158 3633 2289 3689 Jam
2348 3634 2693 3701 exsurgente
2742 3630 2808 3661 ⁸⁸⁸
2839 3644 3129 3699 purpureo
3161 3626 3283 3693 die,
3339 3628 3594 3697 cmptum

1947 3724 2057 3779 iter
2083 3726 2265 3795 agunt
2294 3720 2489 3791 (April.
2512 3720 2624 3785 23),
2643 3722 2701 3771 et
2730 3715 2985 3771 Davitico
3011 3714 3267 3770 carmine
3296 3713 3450 3769 viam
3483 3713 3596 3769 sibi

1948 3810 2287 3868 adbreviant
2302 3809 2369 3842 ‘0‘
2386 3812 2442 3863 et
2458 3806 2647 3861 dulcis
2662 3805 2790 3859 vita:
2808 3803 3088 3876 gaudium
3110 3802 3388 3857 continuo
3405 3800 3598 3873 appel-

1945 3898 2400 3957 lautChristum.
2418 3897 2555 3951 Inde
2573 3892 2910 3950 mcmora‘”
2928 3897 2984 3947 et
3002 3890 3143 3947 feria
3159 3889 3345 3947 lustra
3361 3889 3597 3962 loquen-

1945 3995 2053 4057 tes,
2089 3987 2209 4043 sole
2240 3986 2589 4042 ascendente
2629 3984 2700 4038 ad
2742 3980 3067 4050 meridiem,
3100 3977 3453 4051 campestria
3482 3977 3594 4049 (61)

1945 4079 2073 4135 loca
2090 4078 2382 4133 adierunt.
2404 4074 2487 4130 lbi
2506 4075 2680 4129 fratre
2694 4071 3017 4128 Gaudentio
3039 4069 3285 4125 missam
3308 4068 3596 4125 celebran-

1946 4173 2022 4236 te,
2056 4172 2297 4223 sanctus
2336 4164 2430 4220 ille
2481 4162 2805 4218 monachus
2856 4158 3329 4224 communicavit,
3363 4161 3421 4214 et
3468 4160 3598 4229 post

1947 4273 2173 4313 sacram
2228 4252 2704 4309 communionem
2761 4266 2864 4321 pro
2923 4247 3247 4304 alleviando
3288 4248 3353 4282 ⁸⁸⁸
3402 4246 3597 4301 labore

1947 4345 2173 4400 itineris
2218 4340 2541 4415 pauxillum
2588 4338 2815 4395 obsonii
2850 4336 3091 4408 accepit.
3126 4336 3196 4390 Et
3243 4335 3397 4391 dicto
3426 4350 3609 4390 versu-

1945 4438 2002 4491 et
2031 4430 2300 4505 sequenti
2334 4428 2582 4502 psalmo,
2615 4426 2803 4498 surgit
2840 4425 2910 4479 de
2948 4422 3249 4496 gramineo
3280 4420 3516 4492 cespite,
3540 4425 3598 4476 et

1540 4556 1785 4613 VARI/E
1825 4556 2243 4616 LECTIONES.

249 4654 320 4730 35f
349 4653 672 4730 intravit__1_.
699 4724 713 4730 _
751 4652 817 4686 ³⁸⁸
857 4651 1256 4730 adeuntes_2._
1299 4653 1365 4688 ³⁸⁷
1399 4653 1635 4730 ᾃάθαδ-ιὼ2.
1713 4656 2010 4730 mareth
2064 4657 2113 4730 1.
2172 4653 2257 4730 -369
2288 4651 2385 4730 pia
2435 4665 2503 4730 ea:
2551 4647 2753 4730 corrui
2789 4645 3003 4730 divan5.
3028 4642 3147 4730 "37°
3177 4659 3257 4730 φ.
3309 4641 3507 4730 ejus

181 4725 251 4810 ⁸⁷⁸
279 4724 509 4810 ἀςθδῑβ.
549 4724 968 4810 ..ῗτξίίοωριιξη
993 4726 1050 4810 2,
1222 4723 1371 4807 deest
1390 4728 1444 4779 2.
1523 4724 1592 4760 '7‘
1621 4743 1678 4798 q.
1715 4714 1935 4810 primas
1964 4729 2035 4783 de
2076 4725 2230 4795 4a,b.
2288 4714 2372 4758 ’⁸⁷⁵
2403 4725 2670 4810 αοξξληιτυηξ
2702 4721 2756 4772 2.
2797 4717 2900 4810 ,³⁷⁸
2932 4714 3425 4810 ἷυνὶὺυξξάειρονν.
3452 4714 3597 4769 furi-

182 4796 385 4851 bundo
420 4796 471 4849 1.

182 4865 613 4972 (ppostolicus).
719 4866 784 4901 ⁸⁸¹
818 4865 1141 4921 inmarcess

283 4939 460 4972 ηιηοοη
496 4954 579 4972 η...
637 4937 696 4972 γι
742 4936 1053 4972 nummum.
1082 4955 1144 4972 τι,

280 4939 460 5010 glossa
491 4954 597 4992 sec.
630 4937 715 5010 XI.
740 4936 1378 5010 gibafdadeiwerthath
1413 4940 1462 4993 1.

548 4795 614 4829 ³⁷⁷
646 4794 790 4850 deest
819 4796 869 4849 1.
900 4798 956 4849 2.
989 4796 1044 4850 5.
1120 4796 1187 4830 ³⁷⁸
1219 4795 1375 4851 mitti
1423 4813 1566 4851 corr.
1612 4794 1739 4854 miti
1774 4801 1825 4854 1.

719 4866 784 4901 ⁸⁸¹
818 4865 1225 4921 inmarcessib.
1261 4868 1310 4921 1.

1900 4800 1970 4834 ³⁷⁸
2000 4797 2285 4853 bohcmus
2314 4797 2400 4848 2c.

1414 4868 1483 4902 ³⁸³
1512 4867 1858 4936 blasphema
1904 4874 1958 4925 2.
2008 4871 2097 4936 3a,
2143 4885 2193 4922 c.
2247 4867 2334 4930 lia,
2378 4865 2436 4919 b.
2468 4864 2523 4917 5.

1539 4940 1606 4973 ³⁸⁸
1634 4928 1779 4996 deest
1810 4943 1861 4996 1.
1894 4928 2155 4996 navicula
2175 4942 2229 4991 2.
2253 4928 2342 4991 3a.
2417 4936 2483 4968 ³⁸⁷
2513 4935 2689 5004 glossa
2722 4930 3009 5004 sadulerie
3038 4930 3088 5004 1.
3112 4928 3488 5004 campanario
3508 4930 3596 4983 3ο.

2477 4792 2546 4825 ³⁸0
2575 4790 2757 4862 aptus
2796 4789 2819 4842 1
2872 4803 3043 4862 manu
3088 4786 3206 4840 alia
3250 4786 3594 4862 inscripta}.

2628 4856 2695 4896 ⁸⁸³
2724 4859 2867 4915 deest
2896 4862 2948 4915 2.
2979 4858 3070 4924 3a,
3102 4873 3152 4911 c.
3256 4856 3326 4890 ⁸⁸⁸
3366 4857 3472 4911 toti
3505 4858 3597 4911 3a.

181 5010 235 5063 5.
280 4999 382 5043 ⁷³⁸⁸
413 5008 558 5064 deest
586 5010 635 5062 1.
671 4999 805 5084 ἕλιξίΔ
840 5009 909 5042 ³⁸⁸
941 5010 1019 5084 ita
1047 5009 1135 5063 lia.
1169 5008 1454 5084 lrerasum
1482 5012 1527 5064 1.
1553 5012 1756 5084 reliqui
1786 5029 1981 5067 onera.
2057 5012 2125 5045 ³⁸0
2156 5012 2235 5084 ita
2266 5009 2315 5061 1.
2339 5008 2427 5084 3_a_,
2453 4999 2618 5084 eflia,
2642 5004 2698 5084 b.
2720 5004 2777 5057 5.
2800 4999 3166 5084 velocissimo
3186 4999 3263 5053 2.7
3316 4999 3380 5033 ³⁸⁷
3412 5003 3602 5082 trans-

183 5084 326 5134 eunt
363 5084 421 5133 2.
446 5083 757 5135 transnant
776 5080 866 5146 3a,
894 5095 944 5133 c.
971 5080 1063 5134 41).

182 5160 394 5206 statuas
421 5157 439 5206 !
540 5152 609 5185 ³⁸³
637 5150 785 5205 alter
816 5167 983 5231 usque
1011 5151 1360 5275 praeparavit
1385 5152 1580 5208 desunt
1610 5155 1659 5208 1.
1692 5156 1747 5208 5.

184 5221 249 5257 ⁸⁸⁷
281 5239 464 5275 onera
491 5225 547 5275 2.
579 5222 635 5275 5.
711 5223 777 5256 ³⁸⁸
808 5239 975 5275 eules
1049 5263 1061 5275 .
1162 5224 1205 5257 99
1235 5240 1530 5275 sommum
1561 5228 1614 5275 2.
1647 5225 1737 5275 3a.

184 5221 249 5257 ⁸⁸⁷
281 5239 464 5293 opera
491 5225 547 5276 2.
579 5222 635 5277 5.
711 5223 777 5256 ³⁸⁸
808 5221 975 5293 quies
1011 5221 1061 5275 1.
1137 5221 1171 5257 ³⁷

183 5294 251 5329 ⁴⁰⁴
281 5293 412 5348 abr.
448 5294 497 5347 1.
574 5293 641 5327 “’5
674 5309 735 5348 εει
770 5309 842 5348 ne
874 5308 1040 5348 mora
1067 5295 1117 5348 1.

1167 5080 1293 5134 ³⁸⁸1.
1318 5081 1639 5136 onicrotem
1668 5072 2004 5138 ‘admodum
2038 5084 2107 5136 4a
2155 5082 2263 5135 V0.1:
2291 5077 2445 5132 valde
2488 5075 2744 5137 modesta,
2776 5075 2826 5127 si
2868 5072 3168 5128 Iohannem
3207 5087 3270 5125 ea
3317 5072 3601 5142 scripsisse

1851 5156 1918 5189 ³9⁸
1947 5154 2090 5208 deest
2117 5154 2188 5206 3a
2214 5151 2306 5204 34b.
2407 5151 2476 5180 ³⁸⁵
2506 5164 2605 5217 ang

1163 5224 1205 5257 99
1235 5240 1530 5279 sommum
1561 5228 1614 5278 2.
1647 5225 1737 5279 3a.
1814 5227 1882 5260 ⁵⁰⁰
1910 5225 2147 5280 fratrem
2175 5224 2228 5276 5.
2307 5220 2367 5253 ⁴⁰¹
2400 5218 2544 5274 deest
2572 5222 2626 5273 2.

1195 5296 1261 5329 ⁴⁰⁶
1292 5294 1421 5351 aleu
1450 5311 1592 5351 corr.
1626 5294 1780 5352 alleu
1813 5298 1863 5351 1.

2971 5144 3038 5177 ³⁸⁸
3069 5160 3122 5196 ν.
3149 5142 3470 5213 johannem
3504 5143 3597 5196 11b.

3096 5214 3163 5248 ’⁸⁸³
3193 5230 3391 5285 exurg.
3418 5215 3469 5269 1.
3504 5213 3595 5267 lib.

2407 5148 2476 5180 aut;
2506 5145 2748 5216 angelus
2780 5148 2870 5198 3&1.

2704 5217 2770 5249 ⁴⁰²
2801 5215 2901 5287 qui
2929 5216 3018 5269 3a.

594 5450 623 5479 ο
1778 5418 2012 5477 NOTAE.

254 5516 369 5589 (58)
402 5516 616 5642 Preqel,
666 5521 732 5571 ut
774 5516 1025 5571 videtur.
1073 5516 1157 5572 Cf.
1192 5516 1275 5573 Cl.
1307 5517 1498 5589 Voigt,
1534 5517 1838 5575 Geschichte

254 5603 485 5642 'eussens
546 5629 560 5642 .
595 5603 652 5642 n.
681 5589 789 5642 266
817 5604 948 5642 suo.

183 5590 485 5668 “esse”
506 5589 560 5668 .1:
594 5603 661 5668 P-.
681 5589 789 5668 ?66
817 5604 948 5668 sqq-

258 5660 374 5733 (59)
410 5657 473 5715 In
504 5657 827 5728 Safnbiam,
863 5657 1037 5716 hodie
1065 5659 1348 5716 Samland.

2020 5518 2134 5589 (60)
2161 5518 2202 5572 E
2235 5512 2664 5589 regione_urbis
2695 5511 2903 5567 Pillau.
3269 5577 3278 5586 _
3305 5576 3319 5589 τ
3425 5574 3475 5589 υ
3513 5572 3525 5585 ,

2017 5574 2132 5656 (61)
2188 5574 2405 5646 Neriius
2465 5587 2814 5643 Pruzzorum
2875 5598 3157 5649 sacrum;
3227 5576 3356 5631 vide
3425 5574 3595 5645 Voigt

1946 5675 2005 5731 p.
2031 5661 2156 5716 660.
