3900 6366
119 431 253 502 Ἑ89
1635 431 1805 495 ΜΙίῐὲ

1984 433 2064 494 Α.
3432 433 3554 498 890

797 849 1318 939 MIRACULA
1380 846 1733 936 SANGTI
1797 846 2365 936 ADALBERTI
2430 848 2913 936 MARTIRIS

218 1266 267 1320 1.
303 1264 438 1320 Post
467 1269 718 1318 mortem
749 1279 882 1317 vero
911 1279 1023 1316 non
1058 1262 1369 1316 defuerunt
1412 1259 1607 1314 divina
1659 1276 1794 1331 pro-
1827 1258 1879 1325 Α
1912 1275 2136 1311 necnon
2173 1262 2229 1311 et
2260 1256 2422 1310 locus
2456 1257 2510 1311 in
2564 1259 2890 1313 reverencia
2937 1259 3281 1326 habebatur,
3319 1260 3553 1335 illicquc

147 1353 304 1427 digia
334 1352 392 1407 in
429 1351 734 1407 miraculis
763 1352 946 1406 eciam
999 1351 1148 1404 inter
1189 1354 1416 1420 gentes.
1452 1348 1597 1403 Nam
1650 1347 1797 1418 digi-

148 1443 242 1496 tus
274 1438 384 1511 (05)
417 1439 546 1510 ejus
598 1438 657 1492 in
687 1455 903 1510 aquam
934 1436 1210 1492 decidens
1257 1441 1314 1492 et
1346 1454 1379 1491 a
1410 1435 1567 1508 pisce
1603 1436 1797 1506 ipsum

125 1521 407 1601 ’rapiento
439 1527 860 1593 devoratus,de
890 1529 1086 1581 ventre
1117 1526 1245 1596 ejus
1278 1526 1349 1580 ad
1384 1526 1571 1579 instar
1599 1525 1802 1579 arden-

146 1615 221 1672 tis
239 1615 478 1671 candele
501 1615 652 1670 inter
669 1616 884 1670 ﬂuctus
905 1614 1135 1670 cunctis
1152 1613 1481 1668 videntibus
1501 1612 1796 1668 rutilabat.

149 1705 268 1772 Quo
300 1703 590 1760 miraculo
621 1703 855 1759 attoniti
901 1705 992 1738 “3‘
1034 1703 1377 1775 piscatores,
1412 1701 1574 1757 omni
1605 1702 1799 1756 studio

149 1809 280 1850 eum
330 1807 540 1865 capere
589 1791 910 1865 cupientes,
964 1807 1334 1864 quocumque
1377 1808 1437 1846 sc
1495 1789 1803 1846 diverteret

151 1882 568 1958 sequebantur.
604 1883 716 1938 Nec
751 1899 933 1948 mora,
959 1882 1180 1954 piscem
1213 1881 1454 1953 capiunt
1484 1883 1540 1934 et
1569 1897 1802 1936 excuceo

127 1966 280 2028 'raut
309 1976 366 2027 et
395 1989 469 2027 ex
497 1970 819 2026 ventriculo
851 1970 1040 2043 ipsius
1071 1987 1306 2026 sacrum
1330 1969 1580 2043 digitum
1613 1969 1800 2024 sancti

152 2060 466 2134 pontiﬁcis,
501 2060 902 2116 ﬂammantem
935 2061 994 2116 in
1025 2059 1284 2116 ardentis
1315 2059 1553 2114 candelc
1595 2059 1801 2114 simili-

152 2150 372 2216 tudine,
405 2152 803 2205 extraxerunt.

217 2242 273 2294 2.
305 2238 476 2294 Circa
506 2237 662 2294 idem
694 2242 928 2310 tempus
962 2238 1250 2294 Prutcnus
1300 2237 1540 2310 quidam
1592 2236 1805 2292 nobilis

153 2345 219 2384 ex
249 2326 590 2384 I’omeranis
613 2327 1006 2398 quorumdam
1037 2343 1214 2381 causa
1247 2327 1619 2398 negociorum
1649 2325 1807 2380 venit

155 2417 210 2472 iu
241 2415 547 2472 Sambiam
570 2415 1036 2483 terram,scilicet
1056 2417 1115 2472 in
1149 2416 1382 2472 Pruscic
1402 2416 1666 2488 partibus
1685 2432 1808 2486 spc-

156 2505 358 2561 cialem
391 2507 484 2573 "9,
521 2503 580 2560 iu
614 2521 732 2577 qua
762 2506 834 2560 ab
869 2505 1074 2560 incolis
1107 2506 1315 2560 beatus
1365 2509 1588 2577 martyr
1634 2503 1805 2558 Adal-

154 2593 350 2649 bertus
384 2592 736 2667 martyrium
769 2594 1170 2660 consumavit;
1205 2593 1304 2649 ubi
1337 2610 1470 2648 cum
1503 2610 1537 2648 a
1569 2591 1807 2647 dicenti-

156 2683 263 2740 bus
285 2683 679 2757 cognovisset,
707 2683 861 2756 quod
893 2681 1128 2754 ignotus
1152 2681 1592 2753 quidam.cujns
1615 2680 1809 2752 loque-

155 2770 210 2826 la
239 2773 309 2828 ab
341 2771 427 2828 cis
458 2789 575 2827 non
608 2769 1224 2844 iutelligebatur,apud
1242 2769 1402 2842 ipsos
1435 2769 1810 2824 fueratinter-

159 2859 358 2930 fcctus,
405 2879 477 2917 ex
524 2859 822 2932 proposito
871 2859 1258 2931 cognoscendi
1306 2859 1669 2926 defunctum,
1704 2875 1808 2913 nec

157 2949 398 3005 dubium
431 2948 576 3022 quin
609 2948 820 3021 spiritu
854 2948 955 3003 Dei
978 2946 1470 3020 agenlc,pcrvenit
1497 2948 1568 3002 ad
1590 2947 1806 3004 locum.

157 3037 469 3110 cheriens
503 3036 682 3110 igitur
709 3041 887 3108 caput
915 3041 1208 3103 sanctum,
1229 3035 1454 3090 audivit
1483 3035 1539 3090 id
1564 3034 1721 3108 loqui
1749 3053 1809 3091 se

159 3139 221 3181 oc
249 3127 440 3183 dicere
471 3125 583 3181 sibi
621 3143 634 3181 :
671 3126 820 3182 Tolle
849 3141 936 3180 me
973 3125 1227 3197 (leferque
1256 3141 1342 3180 me
1391 3127 1450 3180 in
1499 3126 1804 3193 Poloniam,

159 3216 215 3270 in
235 3217 511 3272 civitatem
541 3232 643 3288 que
675 3215 881 3270 Guesen
912 3223 1150 3281 vocatur,
1183 3217 1310 3270 etsi
1349 3215 1484 3269 illuc
1527 3217 1594 3249 ⁸³0
1641 3233 1810 3287 usque

159 3305 352 3360 munde
401 3314 452 3360 te
497 3315 821 3361 conservans
867 3312 956 3359 'me
983 3303 1265 3370 detuleris,
1299 3312 1606 3359 reverenter
1633 3307 1809 3375 gloria

156 3400 207 3456 et
231 3393 449 3450 diviciis
483 3401 542 3449 tu
571 3401 622 3448 et
638 3393 842 3465 posteri
855 3393 939 3448 tui
955 3394 1013 3446 in
1027 3401 1350 3464 perpetuum
1368 3392 1812 3449 sublimabimini

159 3495 316 3553 super
340 3499 530 3539 omnes
564 3484 661 3554 qui
690 3481 940 3537 habitant
967 3483 1027 3536 in
1057 3481 1167 3536 hiis
1197 3483 1378 3538 terris.
1420 3482 1484 3536 Si
1531 3499 1654 3537 vero
1689 3483 1807 3554 pol-

162 3569 326 3627 lueris
356 3574 510 3628 viam
541 3579 712 3634 tuam,
745 3571 1030 3642 generacio
1059 3579 1153 3625 tua
1183 3571 1375 3626 ultima
1419 3587 1529 3626 non
1563 3572 1811 3642 proﬁciet

159 3661 212 3715 in
244 3663 440 3717 melius
473 3676 573 3715 nec
600 3659 865 3716 decrescet
886 3660 945 3714 in
967 3659 1224 3726 deterius,
1247 3657 1340 3714 sed
1359 3659 1623 3714 mediocri
1652 3659 1809 3714 modo

155 3765 422 3822 compares
454 3749 625 3805 vestri
641 3748 921 3804 similibus
947 3750 1265 3820 persistetis.
1287 3747 1411 3803 lliis
1443 3748 1807 3820 stupefactus

152 3836 316 3894 homo
348 3837 592 3912 gentilis
615 3837 753 3892 tulit
783 3836 949 3903 illud,
987 3854 1393 3909 reponeusque
1427 3838 1486 3892 in
1517 3855 1805 3910 vase,pro-

149 3923 327 3981 fectus
357 3931 449 3982 est
480 3939 687 3981 versus
718 3923 1019 3980 Polouiam
1052 3925 1320 3980 tendens.
1346 3924 1491 3980 Cum
1523 3931 1718 3981 autem
1741 3925 1800 3983 in

133 4015 356 4070 'tcrram
408 4031 583 4070 suam
633 4029 811 4086 prope
865 4031 900 4068 a
948 4014 1120 4069 domo
1154 4013 1389 4086 propria
1420 4015 1800 4086 pervenisset,
1831 3987 1876 4056 (ἶ

150 4101 296 4174 cepit
325 4103 603 4177 cogitatio
636 4101 870 4175 pulsare
921 4103 1187 4158 animum
1237 4103 1366 4174 ejus
1417 4104 1487 4158 de
1537 4104 1802 4161 videndis

147 4191 337 4261 pueris
367 4193 502 4249 suis
528 4196 586 4246 et
609 4190 908 4259 uxoribus,
943 4207 1091 4262 quas
1123 4191 1272 4246 duas
1303 4191 1574 4247 habebat.
1598 4192 1804 4250 Victus

129 4275 486 4351 ’hujusmodi
519 4279 703 4353 igitur
719 4279 1228 4352 ail‘ectione,caput
1258 4281 1654 4336 venerandum
1668 4299 1803 4339 cum

131 4355 275 4424 'Vase
304 4366 363 4424 in
396 4369 658 4442 quadam
689 4363 942 4425 coneava
959 4383 1179 4440 quercu
1211 4369 1803 4438 recondens,domum

139 4454 217 4510 'ad
247 4468 384 4514 suos
415 4456 673 4531 perrexit
701 4473 838 4512 cum
867 4457 1168 4513 voluntate
1198 4473 1375 4530 quam
1403 4457 1586 4514 cicius
1609 4476 1800 4516 rever-

159 4532 636 4602 teudi."Ma'ndati
669 4545 921 4618 denique
951 4549 1354 4619 trausgressor
1385 4547 1800 4616 eﬂ'ectus,cum

150 4632 372 4692 rediens
403 4639 584 4708 caput
613 4649 848 4690 sacrum
880 4634 1224 4706 requireret,
1259 4635 1319 4689 in
1349 4634 1477 4692 loco
1523 4637 1622 4692 ubi
1655 4637 1799 4695 illud

129 4717 480 4794 'reposuerat
511 4739 627 4779 non
659 4721 913 4792 invenit;
943 4722 1221 4796 coguacio
1241 4739 1374 4780 vero
1406 4724 1667 4782 hominis
1701 4745 1800 4784 su-

149 4812 414 4882 pradicti,
447 4815 514 4868 ut
543 4811 729 4868 eciam
759 4811 871 4884 ipsi
901 4813 998 4886 qui
1031 4828 1099 4868 ex
1129 4826 1198 4869 ea
1243 4817 1382 4869 sunt
1430 4816 1797 4886 profitentur,

148 4915 338 4957 rerum
358 4901 778 4975 temporalium
796 4919 1074 4959 successu
1104 4909 1292 4975 usque
1309 4902 1483 4960 hodie
1511 4905 1570 4960 in
1595 4907 1800 4964 eodem

129 4985 295 5064 fstat'u
325 4994 652 5063 permanet,
686 4989 841 5046 sieut
884 5007 989 5063 per
1018 4989 1167 5047 illud
1201 4989 1463 5047 divinum
1495 4994 1800 5052 oraculum

137 5068 366 5136 dudum
398 5079 594 5135 fuerat
623 5077 1011 5138 declaratum.
1047 5080 1110 5136 In
1157 5079 1286 5137 loco
1318 5085 1538 5150 autem,
1572 5082 1632 5140 in
1683 5102 1800 5157 quo

149 5171 315 5238 caput
344 5168 622 5242 martyris
652 5169 890 5242 gentilis
920 5173 1280 5242 reposuerat,
1312 5169 1501 5226 extitit
1529 5170 1670 5228 olim
1701 5189 1799 5228 ec-

1911 1345 2064 1400 facta
2093 1345 2337 1418 pulchra
2373 1345 2655 1400 miracula
2687 1347 3038 1402 referuntur.

1979 1437 2032 1489 3.
2070 1434 2306 1505 Legitur
2337 1434 2541 1500 eciam,
2567 1436 2720 1506 quod
2755 1436 2810 1490 in
2846 1435 3096 1508 Ungaria
3127 1437 3422 1494 Christum
3437 1457 3559 1512 prc-

1910 1525 2130 1579 dicaret
2180 1525 2386 1580 beatus
2432 1523 2818 1592 Adalbertus;
2867 1525 3124 1598 primum
3172 1527 3409 1599 quidem
3458 1545 3560 1600 per

1912 1613 2160 1668 nuncios
2193 1631 2351 1679 suos,
2379 1613 2586 1668 deinde
2619 1631 2720 1685 per
2753 1632 2813 1669 se
2843 1614 3059 1687 ipsum,
3081 1620 3137 1670 et
3167 1614 3562 1673 innumerabi-

1910 1699 2024 1756 lem
2045 1701 2328 1774 populum
2349 1701 2522 1756 verbo
2540 1701 3151 1776 prcdicacionisatque
3171 1703 3374 1762 multis
3390 1706 3558 1763 mira-

1910 1789 2060 1846 culis
2091 1791 2163 1846 ad
2198 1790 2373 1845 ﬁdem
2406 1795 2785 1846 converteret.
2819 1791 3044 1847 Accidit
3080 1810 3216 1848 eum
3261 1795 3558 1866 pervenire

1911 1881 1981 1934 ad
2016 1878 2230 1945 locum,
2266 1878 2365 1933 ubi
2401 1879 2566 1934 sedes
2598 1885 2655 1934 et
2688 1879 3028 1953 principalis
3060 1882 3240 1938 totius
3281 1883 3555 1956 regionis.

1909 1968 2048 2024 Erat
2079 1973 2274 2023 autem
2296 1967 2373 2023 ibi
2398 1967 2634 2040 ydolum
2655 1970 2948 2040 quoddam
2969 1970 3191 2026 celebre
3213 1989 3314 2045 pre
3331 1973 3556 2042 ceteris,

1912 2075 1978 2112 ex
2000 2074 2115 2128 quo
2137 2058 2417 2112 demones
2441 2057 2774 2129 frequenter
2791 2059 2927 2114 dare
2951 2060 3260 2116 manifeste
3283 2079 3562 2134 responsa

1914 2145 2332 2202 solebant.llac
2364 2145 2545 2217 igitur
2575 2163 2752 2202 causa
2783 2149 2951 2204 turbe
2973 2149 3294 2205 vicinarum
3329 2151 3560 2208 urbium

1915 2236 1984 2290 ad
2018 2234 2197 2306 hujus
2229 2235 2309 2290 rei
2341 2235 2739 2306 spectaculum
2772 2236 3008 2291 statutis
3026 2239 3390 2312 temporibus
3422 2239 3565 2296 illud

1915 2325 2224 2379 adorature
2247 2325 2684 2380 conveniebant.
2697 2325 2948 2380 Maxima
2969 2325 3166 2399 itaque
3188 2328 3566 2386 multitudine

1917 2412 2116 2486 populi
2145 2413 2381 2485 ydolum
2409 2413 2852 2482 circumstante,
2887 2418 3128 2472 sanctus
3159 2417 3434 2489 pontifex,
3454 2419 3567 2476 ﬂdo

1917 2503 2104 2572 fortis,
2140 2507 2382 2574 paratus
2414 2519 2516 2574 pro
2549 2502 2781 2558 Christo
2811 2504 3038 2559 tradere
3071 2505 3130 2560 in
3172 2510 3417 2564 mortem
3449 2508 3568 2564 ani-

1918 2607 2075 2645 mam
2105 2608 2295 2656 suam,
2316 2591 2592 2646 audacter
2619 2591 2883 2658 accessit,
2905 2596 2962 2647 et
2990 2593 3324 2651 videntibus
3341 2595 3568 2652 cunctis

1916 2680 2039 2734 face
2065 2696 2308 2734 accensa
2342 2679 2396 2734 in
2423 2684 2739 2752 conspectu
2769 2682 3166 2737 sarccrdotum
3191 2683 3568 2755 ydoli,omui-

1915 2769 2026 2824 bus
2075 2767 2287 2823 virtute
2337 2768 2436 2823 Dei
2491 2770 2886 2826 consternatis
2935 2774 3110 2843 atque
3159 2773 3559 2844 stupentibus,

1917 2862 2078 2914 tante
2108 2856 2473 2912 auctoritatis
2505 2857 3081 2916 constauciamnullo
3100 2861 3561 2931 contradicente,

1917 2947 2061 3002 illud
2096 2947 2328 3020 penitus
2359 2946 2769 3002 concremavit.

1990 3038 2041 3091 4.
2079 3036 2457 3091 Postmodum
2488 3053 2622 3092 vero
2655 3053 2788 3092 cum
2823 3038 3031 3112 pagani
3064 3038 3310 3110 proximi
3334 3041 3568 3100 Polonie

1919 3125 2388 3198 predicacioncm
2429 3125 2557 3196 ejus
2609 3126 2863 3199 recipere
2913 3127 3152 3197 nollent,
3187 3129 3347 3185 adire
3391 3130 3575 3188 voluit

1921 3214 2291 3288 mctropolim
2327 3213 2701 3282 Polonorum,
2728 3232 2840 3286 que
2861 3215 3088 3271 Gucscn
3111 3217 3458 3290 appellatur,
3479 3221 3572 3277 de-

1919 3303 2190 3373 vcnitque
2207 3302 2264 3356 in
2281 3303 2580 3374 quandam
2601 3300 2940 3370 villam,ubi
2969 3304 3041 3358 de
3071 3303 3162 3360 via
3183 3307 3255 3361 ad
3279 3306 3570 3364 civitatem

1918 3391 2256 3462 prmdictam
2291 3391 2644 3462 requirebat.
2679 3392 2791 3447 Sed
2826 3391 3094 3448 homines
3126 3392 3235 3449 loci
3267 3396 3572 3454 audientes

1917 3479 2178 3551 linguam
2214 3480 2341 3550 ejus
2374 3497 2405 3534 a
2437 3497 2546 3535 sua
2575 3478 2896 3551 plurimum
2930 3481 3264 3552 dessonare,
3291 3484 3573 3556 aspicien-

1917 3571 2121 3640 tcsque
2162 3567 2430 3622 habitum
2481 3567 2688 3640 ipsius,
2722 3567 2946 3625 scilicet
2992 3571 3422 3644 monachalcm,
3453 3573 3566 3628 sibi

1916 3655 2155 3712 omnino
2178 3655 2645 3722 invisum,risum
2671 3661 3195 3726 commoverunt,et
3213 3658 3471 3732 loquenti
3495 3663 3566 3717 ad

1916 3762 2013 3802 eos
2064 3763 2130 3800 ac
2180 3744 2565 3818 interroganti
2625 3745 2696 3800 de
2743 3744 2948 3802 itinere
2999 3764 3112 3802 non
3170 3749 3570 3821 dignabantur

1917 3834 2286 3906 respondere.
2320 3835 2485 3889 Tunc
2541 3838 2782 3889 sanctus
2824 3833 2923 3889 Dei
2957 3835 3166 3908 spiritu
3201 3837 3430 3910 plenus,
3466 3840 3568 3912 qui

1917 3940 2022 3996 per
2051 3923 2248 3996 ipsum
2278 3923 2448 3995 signa
2477 3927 2535 3978 et
2565 3922 2832 3996 prodigia
2880 3923 3148 3993 faciebat,
3183 3925 3266 3981 ait
3313 3927 3384 3982 ad
3436 3927 3568 3984 illos

1915 4013 2066 4085 Quia
2109 4028 2208 4084 pro
2257 4012 2458 4067 honore
2507 4012 2604 4066 Dei
2655 4012 2806 4084 loqui
2852 4028 2959 4068 non
3009 4014 3196 4082 vultis,
3227 4015 3297 4070 ad
3335 4017 3571 4089 gloriam

1913 4103 2028 4174 ejus
2067 4103 2128 4157 in
2175 4103 2399 4157 nomine
2444 4102 2618 4173 ipsius
2656 4100 2824 4174 jubeo
2855 4108 2916 4156 ut
2945 4104 3186 4158 tumulis.
3221 4103 3338 4160 Hoc
3389 4105 3567 4174 dicto,

1913 4189 2051 4246 inde
2083 4189 2249 4256 abiit,
2281 4193 2339 4244 et
2368 4193 2522 4244 recte.
2555 4187 2708 4244 viam
2751 4189 2982 4246 Christo
3028 4191 3276 4248 ducente
3325 4193 3566 4250 invenit.

1915 4279 2086 4351 lmpii
2116 4279 2201 4334 illi
2234 4296 2368 4335 mox
2396 4278 2544 4334 muti
2575 4277 2784 4346 ell'eeti,
2805 4280 3028 4351 pertriti
3061 4295 3128 4336 ac
3160 4283 3491 4339 conturbati
3512 4284 3570 4339 in

1913 4385 1980 4424 eo
2011 4369 2167 4441 thd
2199 4369 2488 4424 acciderat
2514 4366 2682 4438 ipsis,
2716 4367 2774 4421 iu
2807 4366 3004 4423 dolore
3033 4372 3207 4442 atque
3249 4371 3569 4443 gemitibus

1915 4459 1997 4513 sic
2027 4457 2362 4514 manebant.
2397 4454 2559 4512 Ultra
2589 4455 2661 4510 ad
2694 4453 2868 4510 aliam
2904 4455 3102 4511 villam
3146 4458 3327 4526 venit,
3359 4463 3416 4514 et
3462 4477 3566 4532 pro

1909 4547 2003 4602 via
2033 4545 2358 4618 inquirens,
2385 4541 2660 4600 similiter
2687 4546 2745 4598 et
2775 4544 3141 4617 contemptui
3185 4545 3424 4602 habitus
3453 4552 3564 4615 est,

1913 4637 2190 4710 ipsosque
2223 4633 2396 4688 sicuti
2418 4631 2642 4704 primos
2667 4631 2871 4687 eodem
2893 4629 3166 4688 multavit
3187 4633 3569 4708 supplicio,ut

1887 4730 2060 4797 'quos
2093 4721 2420 4779 consimilis
2459 4719 2629 4794 culpo
2679 4725 2876 4776 reatus
2921 4720 3218 4795 obligabat
3264 4739 3368 4796 pro
3417 4741 3568 4798 pena

1912 4815 2086 4886 digne
2136 4810 2584 4882 constringeret,
2611 4808 2671 4864 in
2721 4809 3152 4883 utrisque‘uou
3204 4811 3419 4884 injuric
3463 4831 3568 4871 sue

1909 4903 2228 4959 vindictam
2263 4899 2412 4956 mira
2443 4904 2774 4972 expectans,
2829 4899 2931 4956 sed
2965 4899 3023 4954 in
3057 4899 3267 4972 spiritu
3313 4901 3566 4960 levitatis

1910 4991 2278 5050 occasionem
2303 4987 2512 5044 salutis
2535 5004 2736 5044 eorum
2759 4991 2817 5043 et
2837 4988 3084 5062 gloriam
3106 4988 3326 5047 christo
3349 4990 3564 5047 Christi

1911 5097 2182 5156 querens.
2217 5077 2437 5134 Deinde
2466 5077 2538 5134 ad
2572 5076 2812 5133 terciam
2845 5076 3042 5133 villam
3075 5077 3194 5134 Deo
3227 5079 3374 5136 duce
3399 5081 3565 5137 deve-

1910 5173 2100 5237 niens,
2137 5170 2207 5225 de
2237 5168 2445 5224 itinere
2475 5165 2813 5223 sciscitatus
2845 5171 2956 5238 est,
2989 5184 3057 5224 ac
3086 5167 3285 5224 villani
3317 5169 3566 5244 benigne

148 5252 321 5312 Clesia'
343 5255 406 5313 in
430 5257 659 5314 honore
689 5258 876 5332 ipsius
907 5259 1184 5331 martyris
1215 5263 1637 5328 consecrata,et
1666 5261 1796 5334 ipsa
1815 5245 1871 5316 ’1)
1892 5256 2516 5334 ’τθεροηιιριὶῐοε,νίαῐιι
2543 5255 2652 5312 sibi
2684 5255 2990 5314 humiliter
3019 5259 3569 5326 ostenderunt.Qui,

1494 5357 1738 5417 VARUS
1777 5357 2202 5420 LECTIONES.

209 5451 298 5487 διν
329 5451 564 5510 attoniti
597 5470 640 5510 ε,
723 5456 792 5490 ⁸³9
822 5453 1070 5528 spialem
1099 5471 1146 5509 ε.
1225 5457 1294 5490 ⁸³0
1321 5454 1466 5511 illud
1497 5473 1545 5510 ιτ.

210 5648 324 5717 (65)
353 5648 438 5722 Cf.
469 5635 656 5722 libros
687 5651 758 5706 de
788 5649 920 5706 Vita
951 5651 1008 5708 S.
1037 5650 1332 5706 Adalberti
1365 5652 1522 5722 apud
1564 5557 1984 5712 Dobug'ollll‘io.
2018 5651 2184 5719 Boh.,
2221 5651 2290 5717 II,
2327 5667 2384 5722 p.
2418 5651 2509 5717 56,
2562 5651 2652 5716 59,
2709 5656 2766 5704 et
2814 5649 3024 5707 Chron.
3079 5647 3368 5706 Bohcmiae
3419 5662 3550 5703 saec.

147 5731 259 5788 Juv,
287 5719 444 5793 apud
473 5719 758 5779 Mencken
791 5723 892 5781 SS.
927 5724 1061 5780 Sax.
1095 5723 1192 5789 ΙΙΙ,
1229 5740 1286 5795 p.
1324 5719 1481 5778 1647.
