3900 6390
335 376 450 442 891

1369 375 1433 442 S.
1481 375 1932 441 ADALBERTI
1974 373 2250 441 EPISGO
2291 374 2727 442 PRAGENSIS

3640 372 3756 438 892

334 511 449 570 bus
477 509 706 586 gracias
737 526 937 586 agens,
970 514 1170 569 exacto
1203 509 1407 568 itinere
1437 510 1612 585 longo
1642 510 1800 568 brevi
1835 515 1988 567 tem-
2014 511 2072 580 Α
2103 510 2409 585 gracieDei
2428 529 2531 585 per
2545 513 2784 568 beatum
2803 509 3186 568 Adalbertum
3200 508 3553 583 praedicante
3576 507 3755 566 multa

337 620 476 676 pore
505 601 711 675 angelo
743 601 896 656 bono
918 600 1529 673 comitante,pervenit
1559 618 1746 674 usque
1767 601 1997 656 Gnoson

335 689 810 762 urbem,plenam
830 688 1066 761 populo,
1088 691 1558 762 potentissimum
1583 707 1649 744 ac
1674 691 1985 744 famosam.

333 779 622 834 Continuo
654 779 726 833 ad
759 778 949 833 forum
975 795 1244 851 pergens,
1267 777 1632 834 multitudini
1659 797 1772 852 quo
1795 779 1998 834 aderat

331 867 634 924 Christum
661 868 1025 923 conﬁdenter
1072 867 1353 940 prodieat,
1389 868 1615 940 promia
1642 869 1758 924 vito
1789 873 1990 924 oterne

329 957 651 1013 annunciat
679 957 1013 1028 ‘3‘,Dcoque
1045 961 1390 1028 cooperante
1411 961 1469 1012 et
1486 973 1754 1012 sermone
1787 957 1994 1012 conﬁr-

329 1051 549 1114 mante,
597 1046 980 1118 sequentibus
1035 1045 1222 1117 signis
1272 1045 1544 1118 plurimis
1593 1050 1649 1100 et
1705 1045 1977 1112 diversis,

329 1135 568 1191 Christo
594 1135 837 1191 domino
871 1135 926 1189 in
939 1134 1166 1189 numeri
1190 1134 1754 1190 crcdi¢;lerunt.Unde
1777 1136 1996 1189 factum

329 1227 438 1291 est,
475 1228 541 1277 ut
591 1223 750 1278 fama
799 1223 929 1293 ejus
978 1223 1150 1277 modo
1201 1239 1304 1294 per
1334 1221 1666 1277 universam
1699 1222 1995 1294 regionem

327 1328 676 1384 percurrens
727 1311 797 1365 ad
853 1310 983 1365 illos
1036 1312 1104 1344 ⁴³²
1138 1311 1516 1384 pertingeret,
1561 1329 1708 1374 quos
1757 1315 1996 1367 sanctus

327 1399 525 1472 prcsul
559 1399 616 1455 in
649 1399 886 1454 nomine
918 1399 1134 1455 Christi
1169 1401 1399 1455 dudum
1452 1418 1592 1456 voce
1647 1399 1992 1472 privaverat,

325 1505 445 1544 non
479 1487 710 1554 auditu,
746 1488 946 1560 sicque
973 1487 1358 1559 persisterant
1388 1488 1548 1544 nullo
1597 1505 1839 1560 prorsus
1890 1507 1992 1544 va-

324 1576 514 1634 lentes
547 1575 816 1633 subsidio
850 1577 1113 1631 relevari.
1150 1577 1338 1650 Igitur
1383 1579 1455 1633 ad
1500 1579 1692 1632 virum
1741 1578 1840 1633 Dei
1891 1595 1994 1650 spe

323 1666 520 1740 gracie
541 1666 728 1738 ipsius
760 1664 1105 1720 inveniendo
1129 1665 1488 1722 unanimiter
1505 1666 1980 1739 proﬁciscuntur,

322 1754 735 1828 reperiuntquo
757 1753 955 1826 ipsum
981 1753 1166 1810 multo
1186 1754 1400 1828 populo
1421 1756 1857 1828 praedicantem.
1877 1755 1982 1811 Re-

323 1848 744 1916 cognoscontes
775 1847 973 1898 autem
1005 1859 1162 1910 eum,
1197 1859 1394 1898 coram
1446 1843 1574 1915 ipsa
1607 1843 1986 1898 multitudine

323 1932 572 2006 pedibus
589 1931 712 1989 suis
737 1931 1328 2006 provoluti,suspiriis
1359 1949 1426 1986 ac
1439 1933 1673 1988 ﬂetibus
1690 1932 1984 2004 variisque

321 2021 644 2094 gemitibus
676 2020 876 2077 delicti
907 2021 999 2076 sui
1051 2021 1285 2076 veniam
1335 2020 1735 2092 postulabant.
1771 2022 1888 2077 Hoc
1919 2021 1986 2056 “’3

320 2109 526 2167 videns
557 2109 766 2165 beatus
810 2109 1188 2179 Adalbertus,
1217 2109 1478 2166 obmisso
1529 2109 1764 2166 interim
1813 2127 1986 2182 opere

325 2195 790 2270 praedicacionis,
825 2197 918 2252 cui
952 2200 1072 2253 toto
1123 2196 1431 2254 conanimo
1480 2197 1812 2267 insistebat,
1847 2216 1984 2254 con-

318 2303 524 2342 versus
553 2285 626 2342 ad
659 2284 811 2354 illos,
845 2288 911 2340 ut
941 2285 1140 2340 animo
1174 2283 1531 2342 mitissimus
1577 2291 1720 2356 erat,
1755 2287 1988 2360 placide

320 2373 643 2448 alloquitur
671 2391 792 2440 eos,
823 2373 1026 2430 dicens
1059 2391 1072 2428 :
1105 2373 1249 2442 Seio,
1282 2377 1503 2446 fratres,
1535 2379 1667 2445 scio,
1705 2378 1802 2448 qui
1825 2379 1980 2433 estis.

323 2464 502 2531 Video,
535 2463 675 2536 quod
701 2479 902 2519 manus
934 2464 1165 2518 Domini
1213 2466 1390 2536 tetigit
1435 2481 1524 2521 ros
1574 2466 1830 2538 vobisque
1881 2468 1986 2522 tri-

321 2553 439 2610 buit
457 2553 808 2620 intellectum,
829 2559 891 2608 ut
919 2561 1200 2624 peccatum
1240 2561 1477 2610 vestrum
1507 2563 1880 2626 cognoscentes
1916 2555 1988 2610 ad

318 2644 490 2699 Deum
518 2642 932 2714 approximetis,
966 2643 1064 2714 qui
1109 2651 1272 2698 sanat
1299 2645 1560 2700 contritas
1591 2643 1768 2710 corde,
1800 2661 1865 2700 ac
1889 2660 1991 2718 per

321 2732 421 2789 hoc
476 2733 658 2804 ipsum
721 2729 1134 2786 misericordem
1185 2732 1378 2802 Deum,
1431 2735 1590 2806 cujus
1649 2750 1744 2805 ego
1799 2751 1988 2790 servus

323 2838 470 2889 sum,
500 2819 762 2876 denuntio
789 2820 861 2854 ‘3‘
897 2835 1076 2876 errori
1125 2829 1300 2877 vestro
1349 2821 1750 2893 indulgentiam
1789 2826 1991 2896 presti-

322 2913 474 2968 tisse.
508 2911 735 2982 Propter
763 2909 904 2982 quod
933 2926 1125 2964 servus
1155 2911 1272 2982 ejus
1303 2912 1364 2966 in
1401 2913 1622 2967 nomine
1668 2914 1846 2984 ipsius
1893 2914 1994 2969 Dei

317 3007 370 3055 et
414 2999 642 3054 Domini
693 2998 871 3053 nostri
911 2997 1041 3052 Iesu
1093 2995 1300 3053 Christi
1347 2999 1608 3054 creatoris
1670 3001 1827 3054 omni
1878 2999 1988 3054 lin-

315 3105 444 3161 guw
491 3088 560 3122 ‘3‘
607 3087 853 3158 ofﬁcium
898 3084 1088 3141 reddo.
1127 3085 1250 3140 Hiis
1300 3086 1475 3142 dictis
1505 3091 1564 3142 et
1595 3087 1763 3159 signo
1797 3087 1990 3144 crucis

317 3193 504 3248 super
525 3191 625 3230 eos
649 3173 1141 3240 facto,conl‘estim
1165 3172 1432 3228 solutum
1457 3173 1756 3228 vinculum
1775 3174 1991 3246 lingua:

2015 1886 2063 1952 B

2107 599 2394 656 miracula
2425 601 2692 669 faciente,
2727 601 2902 657 fidem
2936 599 3318 657 christianum
3373 603 3495 655 tota
3525 598 3757 656 Polonia

2107 687 2450 760 suscepit,ot
2469 689 2714 746 fundata
2741 695 2832 746 est
2847 689 3025 745 veluti
3059 705 3160 761 per
3182 705 3366 744 unum
3391 689 3461 744 de
3480 687 3757 761 apostolis

2108 795 2286 850 super
2315 777 2630 850 apostolico
2661 779 2793 834 ﬁdei
2817 779 3050 834 ﬁrmam
3082 781 3332 850 petram,
3351 778 3759 850 prefatumque

2106 871 2344 940 tempus
2373 883 2440 922 ac
2471 868 2714 923 modum
2747 865 3110 923 abstinoneio
3140 869 3275 922 ante
3305 865 3528 938 pascha
3544 882 3650 938 pro
3682 883 3761 921 re-

2107 955 2367 1011 verentia
2398 957 2584 1011 sancti
2611 955 2908 1011 Adalborti
2940 959 3238 1028 gratentor
3286 959 3342 1010 et
3373 953 3760 1010 communiter

2107 1045 2559 1100 custodiendum
2586 1048 2918 1117 acceptans,
2956 1042 3244 1116 plurimos
3293 1060 3480 1098 annos
3525 1042 3758 1098 circiter

2105 1135 2214 1188 2-30
2244 1133 2724 1206 irrol‘ragabilitor
2751 1132 3100 1199 observavit,
3140 1133 3323 1188 donec
3357 1131 3586 1204 legatus
3631 1131 3757 1203 qui-

2107 1221 2244 1276 dam
2269 1221 2425 1276 sedis
2457 1221 2774 1293 apostolico
2805 1238 3016 1294 magne
3047 1219 3433 1287 auctoritatis,
3469 1220 3676 1276 nolens
3697 1221 3760 1254 ‘3‘

2107 1314 2338 1382 gentem
2373 1309 2722 1366 Polonorum
2753 1310 2986 1366 diucius
3015 1309 3146 1365 aliis
3179 1308 3449 1365 ﬁdelibus
3471 1309 3528 1364 in
3561 1310 3758 1365 obser-

2105 1399 2343 1454 vacione
2364 1399 2635 1455 annualis
2653 1399 2866 1470 jejunii
2893 1399 3012 1454 fore
3031 1397 3406 1465 dissimilem,
3429 1414 3607 1470 super
3623 1415 3757 1470 prte-

2106 1486 2222 1542 fato
2255 1491 2472 1543 statuto
2505 1487 2659 1544 circa
2685 1504 2907 1544 annum
2935 1489 3007 1523 “0
3037 1487 3267 1543 Domini
3305 1487 3458 1554 1247,
3495 1485 3755 1542 auctori-

2103 1578 2222 1630 tate
2251 1575 2572 1648 apostolica
2593 1575 2971 1648 dispensavit.

2173 1665 2228 1718 5.
2261 1664 2458 1720 Eciam
2491 1665 2901 1738 legitur,quod
2933 1663 3133 1720 volens
3164 1665 3371 1720 beatus
3400 1662 3758 1720 Adalbertus

2105 1751 2356 1808 transire
2387 1754 2458 1809 ad
2491 1759 2675 1809 terras
2709 1753 2854 1810 alias
2883 1751 3509 1826 paganorum,socium
3540 1751 3758 1808 laboris

2103 1846 2160 1896 et
2189 1841 2415 1898 itineris
2447 1842 2537 1898 sui
2569 1843 2758 1898 virum
2792 1849 3065 1899 sanctum
3097 1843 3333 1899 nomine
3354 1842 3756 1899 Gaudencium

2092 1928 2152 1984 in
2184 1929 2414 1986 Gnesen
2447 1948 2551 2004 pro
2583 1949 2645 1988 se
2683 1931 3194 2005 archiepiscopum
3244 1931 3576 1999 constituit,
3624 1947 3756 2002 per-

2095 2018 2425 2092 duetusquo
2456 2019 2516 2074 in
2550 2019 2954 2076 Pomeraniam
3003 2038 3038 2075 a
3068 2020 3215 2075 duce
3245 2024 3394 2076 torre
3425 2017 3750 2074 honoriﬁco

2093 2112 2390 2179 exceptus.
2425 2109 2688 2164 Eundem
2721 2108 2938 2182 quippe
2978 2107 3304 2181 principem
3347 2108 3474 2180 jam
3517 2108 3749 2180 pridem

2095 2201 2336 2253 sanctus
2365 2196 2719 2253 Adalbertus
2767 2198 2827 2253 in
2880 2197 3120 2254 Polonia
3165 2197 3579 2269 baptizavcrat,
3612 2212 3750 2252 cum

2095 2285 2236 2342 illuc
2262 2287 2327 2321 “¹
2359 2285 2692 2342 advenisset
2728 2302 2834 2358 pro
2884 2285 3008 2342 ﬁlia
3049 2285 3216 2342 ducis
3270 2283 3528 2354 Polonie,
3559 2285 3752 2358 ipsam

2095 2373 2206 2432 sibi
2238 2375 2548 2448 postulans
2579 2375 2639 2430 in
2671 2391 2942 2444 uxorem;
2977 2392 3156 2448 quam
3188 2373 3273 2430 illi
3305 2375 3533 2431 tradere
3564 2373 3757 2431 noluit

2095 2469 2412 2537 antequam
2441 2464 2520 2520 ibi
2553 2465 2624 2520 ab
2667 2465 3077 2537 compontiﬁce
3107 2463 3420 2520 Adalberto
3466 2463 3750 2537 baptismi

2095 2553 2437 2612 lavachrum
2465 2553 2841 2627 percepisset.
2878 2553 3128 2610 Proinde
3159 2555 3437 2610 convocat
3479 2553 3602 2608 dux
3651 2553 3755 2608 Po-

2097 2642 2356 2700 meranie
2386 2642 2672 2716 populum
2704 2659 2902 2712 suum,
2933 2647 3000 2699 ut
3029 2659 3064 2699 a
3093 2647 3294 2700 sancto
3341 2641 3615 2716 episcopo
3649 2659 3757 2698 au-

2098 2733 2265 2790 diant
2294 2733 2539 2788 verbum
2563 2731 3012 2788 Dei.Audientcs
3043 2731 3224 2805 igitur
3250 2731 3579 2788 Pomeranii
3600 2730 3755 2804 quod

2098 2821 2448 2895 prodicarct,
2482 2820 2624 2893 quia
2652 2819 2734 2875 dii
2769 2837 2972 2876 eorum
3022 2837 3172 2892 quos
3202 2818 3492 2889 colebant,
3526 2819 3609 2874 dii
3641 2836 3756 2876 non

2099 2913 2298 2966 essent
2328 2909 2429 2964 sed
2463 2909 2766 2976 demones,
2785 2924 2892 2963 nec
2921 2907 3145 2980 aliquid
3182 2912 3448 2981 prostare
3471 2908 3608 2964 boni
3634 2926 3759 2982 pos-

2100 3005 2250 3068 sent,
2282 2999 2655 3054 vehementer
2684 2997 2974 3069 indignati
3008 3002 3150 3053 sunt
3181 3003 3386 3054 contra
3433 3015 3571 3054 eum
3603 2997 3756 3054 blas-

2099 3088 2466 3160 phemantes,
2499 3085 2970 3157 conveniuntque
2996 3084 3055 3140 in
3085 3103 3272 3141 unum
3313 3087 3414 3159 qui
3459 3087 3616 3144 inter
3665 3103 3759 3142 eos

2102 3174 2520 3248 prudenciores
2553 3173 2996 3244 reputabuntur,
3029 3189 3166 3228 eum
3198 3191 3377 3245 super
3406 3175 3606 3232 verbis
3640 3174 3760 3232 suis

317 3265 614 3338 ipsorum,
665 3266 723 3318 et
772 3261 1001 3317 cunctis
1043 3260 1420 3332 stupentibus
1468 3267 1748 3333 ceperunt
1794 3262 1975 3334 loqui,
2007 3254 2050 3320 C
2090 3264 2438 3336 redarguere
2469 3264 2887 3333 attemptantcs
2919 3262 3007 3314 δι’.
3039 3261 3152 3318 Sed
3193 3265 3398 3318 sancto
3428 3264 3754 3321 Adalberto

319 3352 739 3424 Christumque
760 3367 960 3406 verum
983 3367 1112 3406 esse
1134 3350 1308 3405 deum
1331 3350 1563 3422 magnis
1583 3351 1822 3407 vocibus
1844 3369 1974 3407 con-

320 3442 594 3498 clamare.
622 3439 905 3512 Baptismi
935 3438 1116 3512 igitur
1147 3437 1405 3510 graciam
1439 3439 1700 3511 accipere
1731 3439 1974 3512 cupien-

319 3535 428 3599 tes,
444 3529 609 3602 prius
627 3530 798 3589 verbo
822 3528 952 3584 ﬁdei
976 3533 1218 3600 precatu
1241 3527 1506 3598 ipsorum
1534 3528 1832 3584 instruens
1853 3547 1978 3597 eos,

321 3619 456 3676 fecit
481 3636 549 3674 ex
580 3635 734 3690 aqua
765 3621 822 3674 et
850 3615 1060 3689 spiritu
1094 3615 1420 3688 regenerari
1453 3617 1540 3670 ‘36.
1577 3617 1638 3671 In
1673 3618 1785 3672 ﬁde
1816 3618 1979 3673 deni-

319 3727 433 3782 que
449 3705 800 3774 conﬁrmati,
816 3705 1090 3762 sanctissi
1100 3723 1192 3760 mo
1211 3705 1468 3777 pontiﬁci
1490 3704 1760 3762 alacriter
1777 3724 1981 3764 omnes

319 3798 380 3853 in
451 3812 766 3853 commune
833 3793 1193 3867 supplicant,
1257 3793 1568 3850 dicentes:
1629 3795 1984 3851 Sanctita'em

320 3895 493 3951 tuam,
525 3885 735 3956 famulo
761 3885 1146 3957 omnipotentis
1176 3883 1294 3952 Dei,
1326 3886 1668 3940 unanimiter
1717 3885 1984 3958 implora-

319 3993 463 4044 mus,
492 3983 553 4031 ut
593 3990 696 4048 pro
749 3975 1066 4046 iniquitate,
1102 3989 1268 4044 quam
1306 3972 1527 4045 quidem
1557 3975 1621 4008 ‘37
1653 3991 1774 4030 ceca
1802 3991 1866 4030 ac
1891 3977 1982 4046 fu-

323 4067 472 4122 riosa
499 4071 676 4120 men-te
704 4063 760 4117 in
793 4069 844 4117 te
871 4062 1269 4126 commisimus,
1301 4062 1505 4134 aliquit
1531 4080 1795 4134 mugnum
1830 4065 1986 4120 nobis

324 4155 382 4209 in
413 4151 843 4222 satisfactionem
872 4149 1121 4220 imponas
1149 4147 1221 4204 ad
1265 4152 1590 4205 memoriam
1625 4159 1983 4222 posterorum.

321 4241 410 4297 Ad
455 4255 604 4312 quos
641 4238 850 4293 beatus
897 4233 1158 4308 praesul:
1212 4235 1399 4292 Laudo
1444 4253 1556 4304 vos,
1607 4238 1821 4310 inquit,
1852 4241 1982 4312 filii,

325 4327 465 4402 quod
493 4326 594 4382 sub
641 4339 815 4380 manu
840 4323 938 4380 Dei
985 4323 1085 4396 pia
1114 4321 1404 4380 devoeione
1452 4323 1861 4383 humiliamini.
1895 4327 1987 4383 Ve-

322 4423 632 4472 rumtamen
659 4413 962 4468 certissime
996 4410 1096 4466 hoc
1121 4411 1328 4476 scitote,
1361 4413 1494 4483 quia
1543 4411 1678 4466 illuc
1721 4420 1773 4468 et
1815 4421 1991 4470 cetera

317 4511 538 4578 peccata
568 4509 747 4558 vestra
777 4501 966 4558 omnia
997 4499 1144 4556 vobis
1173 4501 1235 4555 in
1261 4499 1552 4570 baptimate
1581 4508 1711 4555 sunt
1737 4501 1988 4570 dimissa,

323 4591 692 4651 tantummodo
746 4593 948 4646 mentis
1014 4590 1372 4662 vigikmciam
1427 4590 1738 4657 observetis,
1796 4609 1866 4649 ne
1919 4593 1990 4649 ad
2020 4619 2067 4684 Ι)

318 4685 563 4755 pristina
589 4681 740 4736 mata
766 4695 864 4735 seu
906 4679 1023 4733 alia
1053 4685 1380 4734 revertentes
1407 4687 1716 4750 perceptam
1742 4683 1989 4751 graeiam

331 4771 618 4826 amittatis.
672 4767 936 4838 Cumque
987 4765 1177 4838 magis
1226 4782 1294 4821 ac
1342 4765 1534 4839 magis
1582 4767 1872 4826 instarent
1899 4772 1986 4840 ‘33,

320 4857 529 4916 statuit
557 4855 735 4922 eis,ut
767 4859 902 4910 ante
925 4853 1446 4926 quadragesimum
1465 4871 1500 4908 a
1521 4859 1982 4930 septuagesima,

336 4947 502 5019 prius
529 4961 706 5016 quam
739 4941 836 4998 alii
861 4943 1179 4998 Christiani
1191 4943 1490 5016 jejunium
1508 4944 1986 5021 inchoarentﬁpsi

335 5037 406 5092 ab
437 5053 541 5090 esu
571 5031 838 5088 carnium
871 5049 1059 5104 usque
1100 5032 1173 5086 ad
1223 5033 1380 5088 diem
1429 5033 1691 5089 cinerum
1729 5037 1986 5094 abstine-

326 5127 470 5179 rent.
507 5121 669 5188 Quod
704 5127 1041 5193 precoptum
1074 5121 1274 5176 devote
1326 5122 1738 5195 suscipientes,
1775 5126 1834 5182 in
1873 5128 1989 5185 vita

326 5228 436 5269 sua
468 5208 718 5264 ﬁdeliter
745 5209 1152 5264 custodierunt
1181 5227 1247 5265 ac
1277 5209 1602 5281 posteritati
1655 5230 1760 5269 suo
1786 5215 1984 5272 obser-

326 5299 587 5356 vandum
616 5295 783 5367 quasi
803 5297 939 5368 jure
968 5296 1319 5354 hereditario
1351 5297 1741 5356 tradiderunt.
1763 5303 1984 5376 Spiritu

2080 3353 2258 3409 verba
2285 3352 2398 3407 vite
2441 3350 2672 3423 plenius
2721 3353 3130 3422 prosequente,
3185 3368 3248 3407 se
3295 3350 3356 3406 in
3404 3352 3754 3426 deceptione

2083 3439 2342 3498 devictos
2368 3441 2743 3506 conﬁtentur,
2769 3455 2874 3494 nec
2900 3443 3099 3495 tamen
3121 3457 3156 3496 a
3185 3439 3348 3495 cultu
3380 3447 3672 3499 consueto
3697 3460 3758 3498 ac

2086 3528 2296 3604 primis
2327 3527 2750 3583 tradicionibus
2782 3544 2844 3582 so
2874 3527 3022 3583 velle
3060 3529 3328 3584 recedere
3371 3527 3746 3602 pollicentur.

2087 3619 2482 3676 Ammirautes
2505 3617 2685 3690 igitur
2703 3615 2872 3672 valde
2890 3634 3070 3689 super
3091 3618 3415 3690 prudencia
3435 3622 3492 3674 et
3513 3635 3757 3692 respon-

2090 3709 2174 3764 sis
2195 3709 2324 3780 ejus
2346 3710 2404 3762 et
2422 3703 2738 3762 venerabili
2759 3721 3008 3777 persone
3029 3705 3221 3779 ipsius
3242 3706 3573 3762 revorencia
3601 3707 3754 3764 illoc-

2093 3797 2135 3853 ti
2167 3798 2254 3866 “3,
2275 3797 2592 3868 ipsumque
2617 3811 2794 3867 super
2805 3811 3181 3852 communem
3201 3800 3420 3852 statum
3441 3795 3754 3853 hominum

2093 3903 2221 3943 esse
2253 3883 2464 3957 aliquit
2493 3883 2868 3952 arbitrantes,
2902 3885 3200 3956 petebant,
3224 3889 3290 3941 ut
3318 3901 3454 3940 cum
3479 3883 3618 3942 aliis
3642 3885 3754 3942 diis

2095 3991 2298 4032 eorum
2329 3975 2400 4030 ab
2433 3973 2580 4046 ipsis
2611 3989 2672 4029 se
2702 3973 3065 4045 permitteret
3096 3974 3350 4032 adorari.
3374 3977 3496 4041 Quo
3524 3973 3752 4040 audito,

2093 4065 2184 4120 vir
2213 4063 2314 4119 Dei
2348 4061 2599 4118 nimium
2632 4063 3015 4120 contristatus
3047 4079 3114 4118 ac
3143 4066 3305 4119 tanto
3337 4063 3518 4118 errori
3548 4079 3754 4118 eorum

2096 4151 2434 4219 condolcns,
2491 4151 2746 4224 graviter
2803 4151 3112 4224 ingemuit,
3177 4150 3453 4208 lacrimas
3519 4167 3752 4224 quoque

2097 4240 2352 4298 ubertim
2383 4241 2746 4312 profundens
2776 4241 2864 4308 Μ,
2889 4239 2975 4296 sic
3003 4239 3090 4297 eis
3120 4241 3471 4314 respondet:
3504 4241 3624 4296 Heu
3651 4241 3756 4297 mi-

2095 4333 2246 4387 seri!
2282 4346 2447 4402 quam
2477 4331 2588 4386 ccci
2628 4330 2756 4386 estis
2803 4336 2857 4386 et
2903 4345 3070 4401 quam
3113 4328 3337 4401 perditi,
3381 4335 3754 4402 quantumque

2093 4419 2373 4492 plorandi,
2428 4420 2524 4491 qui
2571 4435 2680 4475 non
2727 4418 2907 4474 solum
2955 4418 3275 4475 demonibus
3323 4419 3602 4490 pessimis,
3663 4417 3752 4474 sed

2097 4511 2271 4564 eciam
2301 4508 2516 4564 homini
2555 4508 2779 4563 mortali
2805 4506 3060 4564 deitatem
3095 4508 3262 4564 vultis
3307 4506 3622 4575 ascribere;
3654 4522 3753 4580 qus

2099 4599 2214 4653 nisi
2241 4598 2348 4653 soli
2378 4601 2486 4652 Deo
2517 4596 2694 4652 inesse
2716 4603 2907 4668 potest,
2937 4599 3036 4670 qui
3062 4604 3259 4654 cuncta
3287 4597 3510 4652 ereavit.

2165 4686 2221 4740 6.
2256 4684 2398 4741 Inde
2429 4684 2728 4740 Prusciam
2752 4701 2914 4742 mare
2942 4683 3543 4757 transiens,adjunxit
3559 4701 3623 4740 se
3639 4683 3754 4741 cui-

2098 4775 2235 4830 dam
2268 4773 2542 4840 Pruteno,
2573 4773 2675 4845 qui
2709 4772 3043 4830 Polonicam
3075 4773 3341 4847 linguam
3373 4771 3554 4841 novit,
3579 4788 3750 4845 quem

2098 4863 2170 4918 ad
2204 4862 2378 4916 ﬁdem
2409 4860 2523 4918 cito
2554 4861 2856 4918 convertit.
2888 4862 2994 4928 Qui
3025 4861 3289 4934 hospicio
3334 4861 3574 4917 beatum
3605 4878 3748 4934 pon—

2095 4951 2314 5006 tiﬁcem
2343 4947 2659 5021 excipiens,
2711 4949 2826 5021 ipsi
2877 4953 3232 5006 revertenter
3281 4950 3660 5021 sequebatur,
3696 4951 3750 5003 ot

2097 5041 2168 5096 de
2203 5039 2478 5094 mandato
2511 5039 2662 5110 ejus,
2691 5038 3095 5094 Christianum
3129 5055 3192 5094 se
3222 5055 3350 5094 esse
3395 5038 3467 5092 ad
3519 5041 3749 5110 tempus

2096 5131 2169 5186 ab
2201 5129 2333 5184 aliis
2364 5127 2716 5184 occultabat.

2163 5220 2220 5274 7.
2255 5217 2494 5291 Legitur
2521 5221 2580 5272 et
2609 5219 2696 5285 “5,
2731 5217 2888 5288 quod
2928 5215 3274 5272 imminente
3322 5214 3598 5287 passione
3647 5232 3749 5270 sua

2097 5324 2234 5364 cum
2264 5308 2510 5362 missam
2543 5303 2864 5362 celebraret
2891 5305 3100 5361 beatus
3127 5302 3502 5372 Adalbertus,
3527 5301 3744 5376 indigni

1666 5415 1927 5489 .VARL‘E
1968 5422 2366 5480 LECTIONES
2379 5462 2392 5478 .

401 5510 465 5544 ‘3'
499 5508 821 5566 annunciat
847 5526 893 5564 c.
972 5511 1039 5544 ⁸³³
1070 5509 1108 5564 i.
1141 5528 1288 5582 quos
1321 5528 1377 5582 p.
1413 5527 1469 5582 q.
1503 5527 1550 5566 c.

368 5581 404 5637 d
437 5598 484 5637 c.
560 5582 626 5616 ⁸³⁸
657 5582 905 5638 instaret
935 5598 978 5636 c.
1058 5582 1124 5615 ⁵³³
1155 5581 1354 5638 volens
1385 5598 1433 5636 c.

356 5652 644 5711 undantes
673 5669 720 5708 c.
798 5654 864 5688 “5
893 5657 951 5709 et
979 5652 1132 5728 quod
1165 5658 1294 5711 etc.

1509 5583 1578 5618 διο
1609 5601 1795 5642 annos
1823 5606 1869 5644 c.

1628 5513 1694 5546 ⁴³³
1720 5512 1815 5570 hic
1848 5534 1892 5574 e.
1917 5524 1942 5574 ?
2024 5523 2093 5558 ‘3‘
2121 5519 2436 5576 denuntcio
2466 5535 2512 5574 ε.

1948 5593 2014 5628 ⁸⁵³
2049 5591 2193 5650 illud
2220 5610 2266 5648 c.

3085 5517 3152 5589 Ψ
3185 5515 3512 5589 regenerati
3532 5531 3590 5589 7c.
3685 5516 3743 5548 ‘37

2611 5519 2678 5552 ‘35
2709 5516 2913 5589 lingua
2941 5534 2988 5574 e.
3085 5517 3152 5552 ⁸³⁸
3185 5516 3511 5589 regenerati
3540 5531 3590 5570 c.
3685 5516 3741 5548 λετ

2611 5593 2838 5661 ptantcs
2870 5606 2916 5645 e.
2996 5591 3062 5625 “3
3093 5586 3326 5661 illegitti
3359 5604 3404 5644 ο.
3501 5588 3571 5622 διδ
3621 5604 3741 5660 pro-

2345 5593 2412 5626 ⁴⁴²
2443 5593 2838 5662 atemptantcs
2870 5606 2916 5645 e.
