3900 6372
129 379 245 463 393v

134 509 339 588 pagani
370 509 482 569 hoc
504 510 793 585 videntes,
814 507 970 568 inter
991 524 1053 566 se
1086 506 1371 565 clamores
1394 507 1791 564 excitaverunt
1820 511 1873 577 Α

132 603 383 658 dicentes
418 617 431 655 :
465 603 598 657 Ecce
627 601 718 657 hic
763 600 834 656 ad
882 616 982 655 nos
1030 602 1252 654 veniens
1304 599 1708 653 incantariones
1739 605 1789 652 et

131 691 393 762 maleﬁcia
446 707 550 746 sua
598 689 669 745 ad
724 688 1122 745 malcdu'endos
1171 704 1269 743 nos
1316 696 1367 743 ct
1403 687 1788 743 morbidandos

132 787 351 836 exercet.
386 780 588 835 Eamus
632 780 804 850 igitur
850 785 901 833 et
944 794 1043 849 pro
1082 778 1467 832 conservanria
1529 784 1717 831 nostra
1745 783 1797 831 et

132 871 300 942 patrie
317 870 494 924 salute
525 868 835 924 occidamus
867 884 1012 922 cum.
1047 866 1193 921 Cum
1247 869 1442 920 autem
1494 864 1663 919 velud
1701 865 1791 919 in-

138 957 259 1015 sani
298 958 579 1013 adversus
629 962 903 1012 sanctum
955 960 1338 1011 sacrosancta
1388 954 1649 1009 inisteria
1697 971 1799 1027 per

144 1050 404 1119 agentem
438 1046 505 1080 “6
537 1048 974 1109 concurrerent,
1011 1061 1166 1098 unus
1199 1060 1266 1097 ex
1300 1043 1445 1114 ipsis
1479 1042 1799 1113 respiciens

140 1140 267 1207 post
297 1139 530 1207 tergum
562 1133 707 1189 vidit
735 1134 1088 1188 immensam
1128 1132 1427 1187 flammam
1479 1131 1650 1203 ignis,
1688 1149 1801 1204 que

142 1228 317 1281 totam
375 1223 577 1278 villam
638 1224 980 1277 comburere
1032 1222 1356 1289 videbatur,
1393 1225 1449 1275 et
1478 1221 1802 1277 vociferans

143 1314 366 1370 fortiter
400 1311 584 1370 sociis
616 1312 867 1379 indicat;
903 1315 1139 1383 propter
1168 1310 1322 1383 quod
1371 1327 1575 1365 omnes
1622 1326 1800 1381 quam

143 1402 410 1459 celeriter
442 1404 833 1458 revertuntur.
859 1400 1049 1455 Nichil
1080 1400 1275 1471 itaque
1307 1399 1544 1471 dampni
1580 1400 1687 1455 sibi
1715 1417 1804 1454 ac-

148 1491 361 1546 cidisse
388 1494 830 1564 cognoscentes,
864 1491 966 1545 sed
994 1489 1257 1545 videntes
1287 1489 1427 1560 quia
1458 1488 1614 1543 illusi
1640 1491 1800 1557 sunt,

145 1580 405 1653 amplius
440 1597 618 1653 quam
654 1583 825 1635 antea
846 1579 1105 1633 furentes
1127 1579 1197 1633 ad
1223 1579 1468 1633 invicem
1492 1578 1804 1649 loqueban-

149 1675 245 1725 tur
276 1686 290 1724 :
325 1670 692 1725 Fantasticum
736 1669 847 1739 fuit
893 1667 1033 1741 quod
1078 1670 1414 1739 aspeximus,
1448 1675 1498 1722 et
1526 1683 1595 1722 ac
1625 1668 1681 1721 vi
1713 1668 1800 1721 in-

147 1758 483 1814 rautarionis
523 1758 640 1831 eius
689 1756 797 1812 tate
842 1755 982 1828 quod
1024 1756 1282 1827 apparuit
1326 1755 1501 1810 nobis.
1536 1754 1804 1809 Secundo

145 1847 330 1919 igitur
357 1849 560 1901 contra
603 1846 874 1901 sanctum
925 1844 1027 1900 Dei
1077 1843 1351 1899 atrociter
1399 1846 1795 1910 accurrerunt,
1829 1886 1878 1952 Β

138 1935 437 2007 similique
485 1934 709 1990 visione
755 1938 819 1989 ut
869 1933 1036 2006 prius
1085 1933 1462 2005 expavefacti,
1496 1931 1555 1987 in
1598 1932 1796 1986 villam

136 2041 312 2080 cursu
331 2040 578 2096 propero
598 2022 928 2089 redeuntes,
945 2021 1153 2077 domos
1174 2039 1311 2076 suas
1336 2020 1534 2076 illesas
1557 2020 1797 2076 omnino

134 2130 269 2170 cum
291 2113 573 2169 omnibus
595 2128 709 2184 que
730 2111 1028 2167 habebant
1045 2110 1584 2183 reperierunt,quas
1610 2111 1799 2165 incen-

137 2203 231 2258 dio
282 2202 522 2275 penitus
572 2204 918 2273 putaverant
966 2200 1209 2271 perisse.
1245 2199 1288 2254 Ο
1334 2200 1484 2254 mira
1532 2198 1801 2271 poteneia

135 2290 270 2347 Dei!
305 2292 350 2346 Ο
383 2288 789 2346 inscrutabilis
838 2288 1087 2344 altitudo
1137 2288 1433 2359 sapiencie
1464 2293 1520 2343 et
1552 2288 1800 2343 scieneie

137 2380 285 2451 ejus,
319 2396 437 2452 que
464 2378 723 2434 suaviter
753 2377 1073 2449 disponens
1105 2378 1321 2445 omnia,
1358 2376 1503 2432 illud
1536 2376 1798 2431 divinum

144 2485 213 2525 ac
241 2468 457 2524 celeste
489 2470 929 2523 sacramentum
962 2465 1286 2521 ludibrium
1319 2466 1683 2532 cstimantes,
1718 2465 1802 2521 sic

140 2557 253 2614 levi
286 2557 546 2613 ludibrio
577 2555 815 2624 delusit,
850 2560 918 2611 ut
946 2554 1247 2611 delusores
1279 2555 1521 2628 maligni
1565 2571 1667 2627 per
1697 2555 1804 2609 hoc

138 2646 354 2720 corripi
389 2650 445 2702 et
476 2645 766 2701 sacrificia
795 2649 998 2701 sancta
1027 2660 1162 2700 cum
1196 2644 1570 2699 sanctissimo
1609 2643 1799 2716 ponti-

137 2736 244 2791 fice
273 2734 598 2792 assistente
628 2733 955 2789 conservari
991 2732 1215 2788 illibata
1244 2733 1522 2789 valerent.

204 2826 260 2880 8.
294 2823 549 2895 Legitur
586 2822 795 2890 eciam,
831 2822 984 2894 quod
1040 2827 1216 2894 caput
1264 2822 1453 2894 ipsius
1502 2822 1799 2877 abscisum

132 2930 314 2985 super
344 2928 634 2969 cacumen
664 2910 913 2979 arboris,
947 2911 1059 2966 sub
1093 2928 1210 2983 qua
1251 2911 1495 2967 missam
1546 2910 1800 2966 celebra-

131 3007 322 3070 verat,
359 3002 817 3074 suspenderunt,
852 3004 999 3056 etut
1027 3000 1485 3073 circumquaque
1517 3000 1588 3055 ab
1621 2999 1805 3055 omni-

130 3090 245 3146 bus
279 3108 317 3145 a
349 3089 524 3161 longe
554 3088 735 3143 videri
782 3086 1122 3161 iniquorum
1171 3087 1533 3143 exultacione
1582 3092 1798 3161 posset,

128 3181 320 3235 totam
375 3176 573 3234 trunci
634 3180 858 3249 partem
918 3177 1243 3249 proximam
1301 3177 1501 3232 vertici
1551 3178 1802 3232 desectis

127 3268 315 3324 ramis
380 3266 642 3323 totalitcr
698 3267 1085 3321 nudaverant.
1119 3266 1382 3339 Cumque
1437 3283 1649 3337 corpus
1700 3284 1796 3321 sa-
1828 3254 1872 3321 α

127 3373 295 3413 crum
330 3354 714 3412 membratim
748 3352 1107 3426 discerptum
1141 3354 1255 3409 huc
1288 3355 1541 3426 illucque
1572 3356 1796 3428 disper-

125 3445 386 3514 dissent,
424 3444 638 3516 hospes
664 3443 852 3516 ipsius
898 3461 1001 3516 per
1046 3442 1321 3516 angelum
1368 3444 1467 3499 Dei
1519 3444 1801 3498 divinitus

125 3536 507 3592 ammonitus
521 3534 587 3569 “7
604 3538 715 3600 est,
741 3537 808 3588 ut
830 3534 1094 3589 membra
1120 3533 1204 3587 sic
1235 3533 1546 3605 diligenter
1574 3533 1798 3606 collige-

123 3629 553 3698 ret,quatenus
584 3622 663 3677 nil
688 3624 760 3678 de
781 3621 929 3695 ipsis
952 3621 1239 3694 deperiret
1256 3626 1313 3676 et
1330 3626 1526 3677 mente
1547 3623 1803 3677 recondi-

121 3717 184 3771 ta
210 3712 699 3770 reverentissime
729 3713 1200 3767 conservaretAt
1229 3710 1327 3766 ille
1354 3711 1548 3767 celesti
1580 3711 1803 3768 visione

122 3802 450 3872 obediens,
470 3801 530 3856 in
556 3801 767 3857 timore
790 3806 993 3856 sancto
1017 3800 1278 3856 studiose
1300 3800 1616 3873 peragebat
1646 3802 1800 3872 quod

121 3892 238 3948 sibi
271 3893 474 3948 fuerat
504 3890 882 3963 imperatum.
917 3889 1377 3961 Verumptamen
1419 3906 1554 3944 cum
1585 3890 1651 3925 “3
1682 3889 1800 3946 sin-

116 3981 264 4055 gula
298 3982 535 4037 frustra
584 3978 825 4035 solerter
864 3977 1277 4035 coherentibus
1327 3978 1572 4034 artubus
1618 3979 1802 4051 adap-

116 4074 298 4139 taret,
317 4070 511 4125 unius
530 4084 742 4124 manus
763 4068 966 4124 deesse
988 4066 1099 4123 sibi
1123 4067 1373 4140 digitum
1396 4067 1799 4140 deprehendit,

114 4175 299 4233 quem
314 4157 576 4232 quidam
591 4173 660 4212 ex
673 4156 913 4230 perﬁdis
927 4156 1226 4212 abscisum
1241 4160 1479 4228 propter
1490 4156 1799 4226 annulum,

109 4249 430 4304 abstracto
464 4245 689 4314 eum,in
722 4245 965 4302 ﬂumine
998 4246 1322 4319 projecerat
1340 4245 1578 4301 “"Hunc
1605 4245 1804 4318 itaque

107 4335 424 4393 sollicitus
458 4334 732 4407 pluribus
765 4333 973 4391 diebus
1002 4334 1140 4390 hinc
1172 4334 1307 4390 inde
1348 4334 1711 4406 perquirens,
1746 4339 1804 4390 et

105 4424 243 4482 loca
292 4440 548 4499 queque
591 4427 991 4496 perscrutans,
1026 4422 1271 4479 minime
1319 4423 1676 4496 reperiebat;
1710 4424 1803 4481 die

107 4518 320 4571 autem
357 4513 628 4587 quedam
659 4529 806 4569 uxor
836 4512 964 4584 ejus
999 4513 1213 4568 mirata
1233 4529 1411 4585 super
1430 4512 1540 4567 hoc
1564 4513 1804 4569 interro-

104 4603 275 4677 gavit
304 4618 488 4669 eum,
514 4601 798 4673 quidnam
822 4601 987 4669 foret,
1014 4601 1171 4673 quod
1195 4605 1315 4689 tam
1338 4599 1546 4656 anxius
1568 4605 1798 4657 tantum
1836 4624 1879 4689 D

107 4692 443 4764 queritans
480 4689 773 4746 circuiret.
808 4689 915 4756 Qui
944 4690 1135 4762 primo
1167 4688 1288 4745 ullo
1327 4690 1501 4744 modo
1550 4689 1804 4746 revelare

103 4781 310 4837 noluit
340 4781 444 4846 ‘50,
484 4780 584 4834 sed
619 4778 857 4834 tandem
883 4777 1073 4834 victus
1095 4777 1250 4833 tedio
1273 4794 1341 4833 ex
1360 4777 1802 4850 improbitate‘51

103 4869 425 4943 conjugis,
466 4871 761 4924 secretum
789 4867 901 4923 sibi
934 4866 1258 4940 propalavit
1279 4886 1292 4935 ;
1316 4884 1428 4939 que
1450 4885 1584 4922 mox
1604 4872 1805 4940 utpote

99 4958 385 5015 inﬁdelis
420 4954 641 5011 vicinis
670 4955 945 5028 prodidit,
962 4954 1215 5028 qualiter
1235 4956 1390 5027 apud
1413 4956 1603 5011 virum
1627 4974 1803 5011 suum

100 5066 275 5104 sacre
295 5044 530 5102 exuvie
546 5045 613 5078 ⁸⁵³
629 5044 868 5099 collecte
890 5051 1067 5117 atque
1098 5044 1393 5099 recondito
1425 5045 1800 5101 haberentur.

96 5138 295 5210 Cujus
332 5131 717 5209 prodicionis
749 5133 890 5205 quia
915 5133 1005 5188 vir
1051 5138 1256 5189 auctor
1306 5134 1515 5199 fuerat,
1548 5132 1705 5188 illico
1737 5150 1802 5190 os

92 5228 233 5298 ejus
269 5227 364 5281 ita
401 5224 718 5279 inversum
750 5227 840 5278 est
890 5226 1282 5289 monstruose,
1317 5224 1382 5276 ut
1426 5221 1519 5276 vix
1567 5238 1801 5279 sumere

92 5315 308 5372 cibum
346 5317 413 5369 et
444 5310 1028 5383 potum,nullatenus
1060 5309 1217 5382 loqui
1242 5310 1680 5383 posset.Pagani
1705 5328 1803 5366 au-

1650 375 2081 439 MIRACULA.

3433 382 3548 445 894

1904 513 2041 577 tem,
2076 526 2143 565 ex
2164 508 2389 581 judicio
2420 509 2478 566 in
2509 507 2698 566 virum
2732 507 2953 584 impetu
2987 509 3157 580 facto,
3194 512 3396 569 multis
3418 531 3552 572 eum

1899 598 2234 654 verberibus
2266 600 2549 668 afficiunt,
2574 619 2640 657 ac
2672 600 2730 656 in
2760 601 2996 656 vincula
3026 604 3355 674 conjectum
3377 604 3554 662 variis

1902 688 1995 743 alii
2008 689 2173 760 igunt
2194 688 2517 761 suppliciis,
2535 694 2597 744 ut
2610 695 2844 746 sanctas
2859 690 3134 764 reliquias
3144 692 3229 747 eis
3243 697 3550 749 monstret.

1903 777 2162 848 Denique
2195 777 2531 849 relinquens
2573 780 2917 834 mandatum
2965 780 3091 848 Dei,
3122 781 3436 837 derelictus
3465 786 3555 838 est

1904 866 1977 919 ab
2007 883 2107 933 eo;
2141 871 2199 921 et
2231 867 2484 921 traditus
2506 867 2723 938 injuste
2746 868 3017 939 potestati
3042 869 3556 941 impiorum,satis—

1908 954 2042 1009 fecit
2073 954 2335 1026 ipsorum
2382 955 2689 1011 voluntati.
2724 958 3063 1012 Traduntur
3112 964 3306 1013 tamen
3354 964 3557 1016 sancta

1910 1045 2173 1097 nmnbra
2204 1045 2519 1115 prophanis
2552 1045 2823 1100 manibus
2855 1048 3243 1118 asportanda;
3278 1066 3389 1120 que
3420 1066 3555 1105 cum

1909 1133 2298 1204 disposieione
2330 1152 2583 1205 superna
2614 1140 2938 1189 reverenter
2970 1136 3077 1207 ipsi
3105 1138 3335 1191 barbari
3360 1143 3555 1193 custo-

1911 1222 2165 1288 dierunt,
2200 1222 2281 1275 vel
2315 1222 2449 1293 quia
2481 1222 2527 1276 si
2560 1224 2665 1277 hoc
2702 1242 2810 1277 non
2839 1226 3092 1279 facerent
3116 1226 3338 1298 flagello
3362 1227 3558 1283 divino

1912 1311 2135 1383 percuti
2162 1311 2684 1377 l'ormidabant,aut
2700 1311 2837 1383 quia
2860 1312 3205 1369 Christianis
3227 1332 3296 1370 ea
3314 1317 3559 1371 vendere

1912 1399 2267 1471 cogitabant.
2300 1399 2385 1454 Illi
2420 1416 2550 1455 vero
2583 1401 2681 1471 qui
2706 1400 2954 1473 digitum
2978 1402 3159 1456 sancti
3185 1404 3478 1474 pontificis
3504 1405 3562 1460 in

1914 1487 2091 1560 piscis
2123 1492 2321 1543 ventre
2361 1493 2765 1559 reperuerunt,
2801 1496 3183 1563 properanter
3210 1493 3295 1559 ηδ,
3332 1498 3395 1547 ut
3424 1492 3562 1566 legi-

1914 1582 2029 1644 tur,
2066 1576 2216 1643 illos,
2252 1577 2407 1649 apud
2440 1594 2587 1649 quos
2618 1579 2949 1633 veneranda
2972 1581 3237 1636 membra
3252 1597 3378 1636 esse
3402 1599 3565 1637 nove-

1913 1671 2066 1732 rant,
2101 1667 2392 1733 adierunt,
2429 1683 2750 1738 omnesque
2782 1667 2969 1723 sancti
3002 1668 3263 1740 corporis
3310 1669 3563 1743 digitum

1914 1754 2135 1810 lumine
2157 1755 2353 1811 eelesti
2382 1756 2754 1829 conspiciunt
2774 1757 3100 1826 radiare,ad
3123 1760 3277 1831 quod
3302 1764 3566 1832 spectan-

1918 1845 2058 1899 dum
2091 1843 2440 1899 miraculum
2464 1848 2585 1899 tota
2605 1844 2742 1899 villa
2763 1846 3064 1901 conﬂuens
3085 1850 3142 1902 et
3161 1851 3562 1919 stupens,cor—

1908 1951 2020 2006 pus
2052 1934 2287 1988 beatum
2319 1936 2481 1988 tanto
2512 1931 2895 1989 clariﬁcatum
2925 1934 3190 2009 prodigio
3214 1936 3561 2010 mdeinceps

1909 2021 2175 2094 ampliori
2226 2022 2552 2077 revereneia
2600 2024 3048 2078 confirmabant.
3084 2023 3257 2079 Porro
3307 2024 3556 2082 scientes

1910 2110 2143 2165 Pruteni
2178 2110 2455 2182 reliquias
2486 2111 2760 2183 martyris
2791 2111 3027 2184 gloriosi
3072 2111 3320 2186 principi
3371 2113 3557 2171 chris-

1909 2200 2241 2255 tianissimo
2275 2200 2408 2254 duci
2442 2198 2675 2255 Polonie
2707 2217 2920 2273 magno
2952 2200 3214 2257 Boleslao
3266 2203 3562 2274 preciosas

1911 2289 2175 2356 existere,
2210 2290 2454 2343 mittunt
2484 2289 2555 2343 ad
2588 2304 2722 2344 eum
2756 2290 3037 2345 nunccios
3070 2290 3326 2347 dicentes
3359 2309 3370 2346 :
3404 2292 3567 2347 Νουα-

1910 2380 2009 2444 ris,
2046 2379 2209 2432 illum
2248 2377 2410 2433 deum
2455 2385 2629 2445 tuum,
2664 2394 2822 2450 quem
2853 2380 3245 2451 inter/coimus,
3278 2380 3423 2452 apud
3465 2397 3565 2436 nos

1908 2484 2040 2523 esse.
2073 2467 2136 2521 Si
2166 2468 2245 2521 vis
2292 2484 2549 2537 magnam
2596 2468 2751 2523 nobis
2798 2468 2930 2523 dare
2969 2471 3288 2540 pecuniam,
3327 2472 3569 2542 prompti

1909 2573 2100 2611 sumus
2131 2558 2499 2612 transmittere
2534 2556 2695 2611 illum
2720 2557 2842 2612 tibi.
2863 2558 3124 2613 Audiens
3146 2558 3255 2614 hoc
3277 2559 3568 2615 nobilissi-

1912 2662 2045 2715 mus
2071 2645 2361 2717 princeps,
2394 2645 2631 2717 gavisus
2653 2651 2743 2701 est
2765 2647 2979 2719 gaudio
3002 2652 3299 2719 magne,et
3326 2648 3566 2705 mittens

1912 2734 2172 2807 precium
2203 2734 2590 2805 postulatum,
2615 2734 2872 2806 suscepit
2900 2752 3034 2790 cum
3066 2736 3445 2792 veneracione
3464 2739 3562 2793 de-

1910 2823 2032 2877 bita
2062 2840 2274 2894 corpus
2307 2840 2560 2878 sacrum.
2597 2824 2803 2878 Fertur
2832 2824 3050 2879 factum
3083 2825 3351 2881 mirabile
3370 2826 3429 2880 in
3448 2827 3563 2882 vir-

1912 2916 2035 2967 tute
2066 2910 2187 2978 Dei,
2223 2911 2360 2983 quia
2384 2929 2596 2983 corpus
2645 2910 2812 2979 illud,
2847 2914 3001 2983 quod
3053 2914 3337 2987 templum
3390 2920 3565 2988 atque

1911 3017 2196 3071 organum
2225 3000 2478 3072 Spiritus
2510 3000 2698 3055 sancti
2721 3001 3007 3069 extiterat,
3033 3019 3100 3056 ex
3122 3007 3288 3074 pacto
3309 3021 3563 3077 pagano-

1912 3106 2042 3144 rum
2075 3090 2146 3143 de
2177 3088 2423 3161 pecunia
2472 3089 2843 3161 reponderari
2893 3090 3132 3146 deberet
3161 3107 3175 3145 :
3211 3093 3470 3163 positum
3506 3093 3564 3148 in

1912 3182 2148 3244 statera,
2180 3177 2542 3233 levissimum
2579 3179 2797 3233 factum
2831 3180 3098 3250 est,quod
3131 3180 3567 3251 quasitﬁnichil

1911 3267 2150 3323 omnino
2182 3267 2371 3323 indice
2403 3285 2555 3340 equa
2585 3268 2750 3323 lance
2773 3269 3101 3340 appendere
3122 3270 3564 3327 videatur.Cum

1912 3358 2237 3413 deferretur
2264 3359 2330 3391 ‘56
2361 3358 2431 3411 ad
2467 3357 2776 3413 cenobium
2810 3359 2964 3431 quod
2999 3359 3232 3414 Gnesna
3263 3377 3568 3433 nuncupa-

1914 3452 2012 3502 tur
2040 3448 2323 3519 pervenit,
2356 3447 2553 3519 ibiqne
2586 3448 2656 3502 de
2687 3463 2932 3501 assensu
2963 3447 3205 3517 predicti
3241 3448 3407 3504 ducis
3430 3467 3564 3504 cum

1912 3553 2171 3608 congrua
2200 3536 2575 3590 veneracione
2604 3540 2695 3589 est
2724 3535 2998 3606 primitus
3029 3536 3399 3591 collocatum.
3433 3540 3563 3594 Cre-

1912 3626 2318 3680 brescentibus
2349 3623 2532 3697 igitur
2550 3628 2607 3679 et
2624 3623 2793 3695 longe
2825 3623 3055 3695 lateque
3084 3623 3566 3681 circumsonanti-

1912 3714 2023 3768 bus
2045 3715 2109 3748 ‘5"
2132 3712 2369 3786 gloriosi
2402 3711 2695 3783 pontiﬁcis
2716 3711 3019 3784 signorum
3041 3712 3445 3783 preconiis,vir
3465 3713 3564 3769 ille

1912 3802 2013 3874 qui
2042 3802 2256 3873 hospes
2287 3801 2345 3855 in
2378 3799 2617 3855 Pruscia
2646 3801 2853 3866 fuerat,
2879 3799 2971 3854 cui
3005 3804 3203 3855 reatus
3226 3818 3374 3857 suus
3394 3820 3460 3857 os
3482 3802 3566 3858 in-

1911 3893 2179 3955 torserat,
2210 3889 2281 3943 ad
2315 3884 2606 3960 prefatum
2639 3887 3062 3943 monasterium
3095 3905 3229 3944 eum
3255 3889 3565 3947 devocione

1910 3979 2089 4047 venit,
2113 3982 2170 4034 et
2199 3978 2347 4033 fusis
2380 3977 2653 4049 precibus
2685 3994 2819 4033 cum
2850 3976 3112 4034 lacrimis
3134 3977 3192 4033 in
3215 3978 3410 4035 animo
3434 3997 3566 4037 con-

1912 4066 2048 4121 trito
2079 4066 2151 4121 ad
2184 4069 2455 4120 sanctum
2485 4064 2866 4120 Adalbertum
2899 4064 3175 4121 continuo
3209 4084 3318 4121 usu
3351 4084 3568 4124 sermo-

1914 4156 2005 4212 nis
2036 4155 2148 4211 sibi
2170 4155 2466 4211 reddendo
2498 4154 2839 4227 plenissime
2870 4159 2959 4211 est
2987 4159 3248 4225 curatus,
3273 4160 3330 4211 et
3356 4157 3567 4213 contir-

1912 4249 2109 4301 matus
2141 4244 2199 4299 in
2232 4244 2403 4311 bono,
2439 4261 2627 4315 usque
2658 4243 2717 4299 in
2749 4244 2925 4299 finem
2956 4244 3071 4300 vite
3103 4261 3207 4300 sue
3240 4245 3356 4303 Deo
3386 4249 3443 4301 et
3471 4245 3588 4301 ho»

1913 4333 2049 4406 spiti
2082 4351 2188 4389 suo
2230 4338 2430 4389 sancto
2480 4333 2721 4404 martyri
2769 4333 2828 4387 in
2879 4337 3084 4388 saneta
3131 4335 3568 4390 conversatione

1913 4422 2171 4479 serviens
2202 4420 2526 4494 permansit
2555 4420 2795 4475 ibidem.
2824 4421 2960 4475 Post
2981 4420 3412 4493 aliquantulum
3433 4438 3566 4477 vero

1912 4511 2196 4585 temporis
2227 4514 2350 4567 orto
2383 4508 2533 4565 bello
2563 4508 2717 4565 inter
2742 4518 3005 4582 paganos
3034 4509 3317 4565 ﬁnitimos
3333 4509 3564 4565 etPolo-

1912 4604 2315 4668 nos,metuens
2336 4598 2606 4671 princeps
2626 4602 3007 4666 memoratus,
3024 4615 3096 4653 ne
3115 4599 3259 4653 forte
3281 4597 3475 4670 aliquo
3493 4600 3565 4655 si-

1915 4691 2100 4747 nistro
2132 4688 2418 4744 bellorum
2452 4691 2662 4742 eventu
2695 4690 2926 4742 tantum
2960 4687 3303 4743 thesaurum
3326 4688 3567 4759 perdere

1913 4783 2130 4854 posset,
2157 4795 2353 4833 sacras
2376 4775 2655 4849 reliquias
2677 4794 2811 4832 cum
2833 4775 3054 4849 ingenti
3076 4776 3263 4849 gloria
3282 4795 3382 4833 vm
3403 4778 3567 4835 Ydus

1912 4867 2255 4934 Novembris
2286 4866 2344 4921 in
2378 4866 2604 4922 Gnesen
2635 4865 2958 4934 transtulit,
2974 4866 3071 4921 ubi
3093 4866 3399 4938 peripsius
3421 4885 3570 4924 mar-

1912 4958 2057 5031 tyris
2086 4954 2320 5030 gloriosi
2358 4954 2569 5009 merita
2599 4953 2891 5009 mirabilia
2923 4954 3108 5009 multa
3137 4955 3288 5010 fiunt
3316 4957 3403 5010 ‘58.

1983 5047 2036 5101 9.
2071 5045 2331 5116 Denique
2363 5044 2494 5098 Otto
2526 5043 2858 5114 imperator,
2889 5043 2991 5114 qui
3024 5042 3258 5097 beatum
3290 5044 3566 5100 Adalber-

1912 5138 2038 5189 tum
2053 5134 2112 5187 in
2133 5132 2251 5187 vita
2271 5141 2379 5185 sua
2402 5133 2819 5201 preceptorem,
2839 5128 2897 5183 in
2914 5129 3445 5201 justiticationibns
3468 5133 3567 5188 Dei

1868 5266 1873 5271 _
1911 5221 2261 5278 familiarem
2293 5223 2468 5290 atque
2501 5217 2977 5274 amantissimum
3010 5218 3316 5289 habuerat,
3352 5221 3411 5276 in
3443 5239 3570 5294 gra-

1908 5329 2038 5368 vem
2061 5308 2451 5383 egritudinem
2475 5308 2656 5363 Rome
2677 5307 2934 5363 existens
2956 5306 3192 5377 decidit,
3207 5312 3266 5365 et
3286 5326 3389 5382 spe
3409 5309 3566 5366 salu-

1502 5434 1745 5492 VARI/E
1784 5437 2206 5496 LECTIONES.

166 5542 239 5577 “5
274 5537 759 5597 concurrentem
803 5553 850 5591 c.
927 5535 995 5569 “7
1041 5534 1338 5591 amonitas
1381 5551 1428 5590 c.
1503 5534 1571 5568 ⁸⁸⁸
1617 5534 1779 5591 deest.
1815 5554 1844 5593 ε

92 5612 164 5741 ῗ²
197 5610 441 5669 eximie
477 5623 539 5662 c.
617 5607 683 5641 ⁸⁵³
713 5609 1101 5680 properantur
1145 5623 1192 5661 ε.
1226 5606 1253 5660 ?
1327 5608 1394 5641 ⁵⁵⁸
1430 5605 1704 5678 prodigiti
1752 5624 1796 5665 ο.

118 5686 286 5742 uerit
316 5699 373 5739 ο.

118 5699 286 5744 uerit
316 5699 352 5739 0
359 5724 373 5737 .

1876 5608 1944 5644 ⁸⁵⁸
1973 5607 2114 5680 quia
2160 5622 2207 5659 ε.

1914 5535 1983 5572 ⁴⁴⁹
2036 5535 2349 5607 projiccrat
2395 5548 2443 5607 c_.
2486 5532 2587 5607 “5°
2622 5531 2805 5588 voluit
2851 5548 2898 5607 c.

2976 5532 3039 5566 ιω
3073 5530 3563 5603 importunitate?

2285 5604 2352 5637 ⁸⁵⁵
2405 5602 2695 5659 deferetur
2743 5621 2789 5659 ο.

2867 5604 2933 5638 “7
2977 5601 3319 5661 circumdon
3366 5619 3413 5657 ε.
3493 5601 3557 5635 ‘53
