3900 6362
377 395 496 463 895

1368 391 1436 454 S.
1481 388 1928 453 ADALBERTI
1971 387 2327 452 EPISCOPI
2372 389 2809 455 PRAGENSIS

3681 391 3802 457 896

377 531 456 590 tis
484 531 849 590 medicorum
885 531 950 565 ‘59
973 529 1100 601 jam
1133 524 1374 584 omnino
1405 525 1596 581 fuerat
1617 522 1954 580 destitutus.
1979 523 2040 578 In
2071 527 2125 594 Α
2154 523 2225 580 de
2256 541 2546 581 consensu
2578 525 2910 599 principum
2951 523 3323 599 presencium
3373 524 3569 600 ipsum
3623 542 3815 600 regem

377 621 654 678 extremis
686 619 868 692 igitur
898 618 1148 691 positus,
1181 615 1479 688 apostolos
1509 613 1772 685 aliosque
1803 616 2040 670 sanctos

375 714 652 782 patronos
683 707 854 764 Urbis
886 724 988 779 pro
1018 706 1138 761 vita
1165 703 1565 760 conservanda
1581 701 1930 774 suppliciter
1952 701 2038 756 in-

371 799 637 853 vocabat.
672 797 783 852 Sed
817 813 950 852 cum
984 793 1145 850 nullo
1176 795 1242 828 “5°
1274 794 1446 848 modo
1479 791 1588 846 sibi
1644 792 1846 846 adesse
1897 808 2026 845 sen-

376 873 513 941 tiret
541 884 848 954 auxilium,
881 885 952 940 ad
987 884 1078 939 sui
1111 882 1188 956 pii
1221 884 1282 918 ⁴⁶¹
1317 881 1500 954 patris
1550 879 1701 936 beati
1733 879 2029 935 Adalberti

375 991 438 1031 se
469 973 761 1029 conventit
792 973 1182 1045 patrocinium
1207 971 1592 1043 ﬂagitandum
1612 971 1884 1040 “*ﬂcujus
1908 968 2030 1041 plu-

379 1065 530 1120 rima
562 1063 822 1135 preclara
853 1061 1141 1118 miracula
1172 1066 1540 1134 cognoverat,
1572 1064 1772 1114 votum
1804 1076 2036 1124 vovens,

377 1155 531 1228 quod
563 1153 612 1209 si
645 1171 780 1209 cum
808 1152 1102 1220 liberaret,
1133 1151 1318 1224 ipsius
1342 1150 1508 1206 vellet
1533 1149 1737 1204 limina
1765 1149 1818 1204 in
1845 1166 2040 1222 perso-

375 1263 452 1301 na
481 1243 717 1318 propria
743 1242 999 1298 visitare.
1036 1242 1180 1297 Mira
1213 1259 1324 1308 res,
1362 1240 1499 1312 quia
1539 1239 1827 1294 mirabilis
1876 1239 2034 1293 Deus

371 1335 435 1390 in
468 1334 688 1390 sanctis
718 1332 866 1389 suis.
889 1331 997 1385 Vix
1028 1331 1203 1386 verba
1224 1330 1474 1396 finierat,
1495 1334 1552 1384 et
1568 1346 1699 1384 cccc
1722 1326 1916 1383 subito
1942 1343 2032 1398 pe-

371 1425 536 1479 nitus
568 1440 749 1478 sanus
780 1422 970 1476 factus
991 1423 1080 1475 est
1099 1419 1329 1474 cunctis
1351 1417 2025 1490 stupentibus,surgens-

375 1529 490 1584 que
520 1512 577 1566 in
603 1513 901 1566 momento
925 1525 1134 1582 papam
1161 1507 1325 1572 adiit,
1343 1505 1692 1562 miraculum
1719 1522 1951 1576 quoque
1973 1521 2038 1558 ac

377 1605 580 1657 votum
613 1599 726 1672 ipsi
754 1616 822 1655 ex
853 1599 1056 1653 ordine
1089 1596 1378 1670 patefecit.
1413 1595 1521 1664 Qui
1568 1595 1804 1668 gavisus
1843 1598 1954 1660 est,
1986 1591 2043 1648 et

378 1688 721 1754 Dominum,
758 1684 857 1758 qui
891 1689 1128 1740 sanctos
1159 1701 1300 1740 suos
1334 1683 1416 1738 ita
1445 1683 1752 1755 gloriﬁcat,
1787 1681 1845 1736 in
1869 1681 2040 1736 beato

365 1775 691 1833 ‘Adalberto
717 1774 971 1847 glorioso
999 1789 1109 1828 suo
1140 1777 1396 1844 martyre
1429 1770 1896 1827 benedixit.Cum
1928 1769 2040 1851 (66)

369 1865 558 1938 igitur
587 1864 784 1920 dictus
803 1862 1122 1934 imperator
1141 1862 1272 1918 Otto
1296 1861 1514 1916 tercius
1537 1877 1638 1931 pro
1660 1858 1885 1932 expleto
1907 1861 2039 1912 voto
2055 1914 2070 1932 ε

367 1955 434 2010 in
469 1953 768 2010 Poloniam
801 1950 1152 2018 advenisset,
1183 1955 1462 2022 exceptus
1485 1950 1646 2004 estin
1673 1947 2047 2021 magniﬁcen-

372 2045 464 2100 cia
493 2048 548 2098 et
569 2041 757 2116 gloria
787 2057 1002 2114 magna
1022 2057 1056 2096 a
1076 2044 1298 2113 pretato
1321 2040 1468 2094 duce
1494 2038 1727 2094 Polonie
1752 2037 2039 2103 Boleslao,

371 2132 714 2202 Stravitque
745 2131 795 2185 ei
829 2129 982 2185 viam
1015 2128 1310 2202 publicam
1343 2128 1415 2184 de
1447 2127 1774 2182 baldekinis
1805 2130 1862 2182 et
1881 2143 2036 2182 sam-

371 2218 534 2276 mitis
573 2217 1264 2292 diversisquelprcciosis
1318 2215 1521 2271 sericis
1570 2215 1932 2272 ornamentis
1963 2215 2034 2270 ad

369 2310 488 2365 'duo
519 2324 736 2381 magna
766 2305 1020 2361 miliaria
1049 2322 1236 2377 usque
1257 2305 1313 2359 in
1332 2305 1561 2360 Gnesen
1581 2305 1638 2358 in
1659 2303 1940 2375 templum
1959 2305 2032 2359 ad

369 2397 642 2454 tumbam
671 2393 860 2451 sancti
875 2392 1175 2450 Adalberti
1211 2393 1432 2448 Vidcns
1453 2397 1650 2448 autem
1675 2393 2034 2449 christianis-

371 2487 560 2543 simus
593 2488 883 2557 augustus
913 2483 1068 2538 circa
1099 2483 1374 2538 eumdem
1405 2483 1613 2538 ducem
1642 2487 1870 2538 tantam
1893 2483 2034 2537 divi-

365 2574 598 2631 ‘ciarum
649 2571 1020 2645 opulenciam
1075 2571 1590 2644 frequenciamque
1639 2576 1697 2626 et
1741 2570 2030 2626 excellen-

370 2663 524 2720 ciam
556 2661 696 2735 regii
722 2664 1040 2734 apparatus
1059 2660 1115 2715 in
1140 2659 1672 2728 ministeriis,eibis
1693 2664 1751 2716 et
1770 2661 2027 2732 potibus,

367 2751 527 2809 vasis
558 2751 752 2808 aureis
782 2767 849 2806 ac
880 2749 1174 2823 argenteis
1205 2749 1454 2822 aliisque
1487 2749 1935 2817 muniﬁcenciis,
1970 2766 2032 2804 se

367 2854 604 2916 quoque
634 2841 707 2897 ab
739 2856 806 2896 eo
837 2843 957 2895 tam
1001 2839 1182 2913 regali
1237 2856 1416 2911 supra
1464 2839 1707 2894 modum
1757 2839 2033 2895 decencia

367 2935 713 3004 susceptura
746 2935 803 2985 et
836 2932 1221 3001 pertractum,
1244 2928 1390 2988 dixit
1414 2929 1483 2984 ad
1509 2929 1802 3000 principes
1825 2928 1924 2999 qui
1949 2943 2034 2982 se-

369 3035 507 3076 cum
536 3023 704 3074 erant
736 3035 749 3072 :
778 3017 947 3089 Magis
993 3017 1142 3073 decet
1189 3017 1352 3072 talem
1393 3019 1703 3090 principem
1743 3034 1857 3072 esse
1904 3033 2030 3072 con-

370 3115 570 3164 sortem
603 3108 827 3178 imperii
855 3123 1019 3178 quam
1038 3106 1357 3176 subjectum.
1386 3106 1868 3176 Sumptoque(67)
1893 3105 2029 3177 ἀγει-

2157 613 2393 670 Polonia
2423 615 2739 671 coronavit.
2776 615 2871 672 Sic
2902 615 3099 689 itaque
3133 615 3438 672 occasione
3486 616 3815 672 veneracio-

2152 703 2245 758 nis
2275 703 2427 758 beati
2453 703 2753 760 Adalberti
2784 704 3032 776 gloriam
3067 704 3231 778 regni
3265 705 3527 777 primum
3581 705 3818 762 Polonia

2151 791 2360 863 adepta
2389 797 2497 862 est,
2529 799 2930 866 ceperuntque
2963 792 3259 866 principes
3289 795 3421 865 ejus
3451 797 3666 850 cxtunc
3704 812 3814 850 non

2151 897 2280 935 esse
2301 881 2551 952 subjecti
2586 882 2826 954 regibus
2859 883 3281 937 Romanorum.
3317 883 3432 938 Iste
3465 883 3578 953 (68)
3594 901 3694 938 rex
3717 884 3814 938 Po-

2151 969 2444 1036 lonorum,
2479 971 2676 1025 dictus
2707 971 3056 1026 victoriosus
3085 975 3143 1026 ct
3175 969 3308 1048 pius
3340 970 3815 1037 Boleslaus,dila-

2149 1059 2293 1113 tavit
2326 1059 2606 1114 terminos
2639 1061 2799 1133 regni
2823 1066 2880 1115 et
2901 1060 3118 1114 famam
3151 1059 3593 1115 celeberrimam
3621 1062 3815 1134 gentis

2151 1165 2274 1213 sue,
2302 1166 2334 1203 a
2367 1149 2632 1204 Danubio
2665 1149 2982 1221 siquidem,
3009 1166 3223 1222 magno
3247 1149 3489 1205 {lumine
3511 1150 3678 1223 regni
3707 1150 3816 1206 Un-

2150 1237 2326 1310 garie,
2350 1254 2538 1310 usque
2561 1239 2632 1293 ad
2657 1237 3127 1305 Salam,lluvium
3152 1238 3582 1310 Saxonie,apud
3606 1238 3813 1306 Hallis,

2149 1332 2206 1382 et
2239 1346 2270 1383 a
2306 1327 2490 1393 Kiwe,
2527 1346 2638 1400 que
2697 1333 2786 1384 est
2846 1328 3023 1384 Rusio
3084 1327 3444 1400 metmpolis,
3502 1345 3696 1400 usque
3747 1329 3814 1384 ad

2151 1421 2382 1472 montes
2413 1417 2732 1484 Kurinthie,
2768 1417 3134 1490 principatus
3162 1417 3292 1489 ejus
3315 1417 3650 1472 dominium
3686 1423 3815 1472 ten-

2137 1506 2419 1561 ‘debatur.
2446 1506 3020 1578 lluic(69)successit
3040 1505 3198 1561 ﬁlius
3221 1506 3350 1579 ejus
3371 1506 3501 1577 ejus
3525 1506 3726 1562 Mcsco
3760 1506 3816 1561 in

2151 1611 2414 1667 regnum.
2429 1596 2563 1651 Post
2593 1612 2768 1668 quem
2799 1597 2868 1630 ⁴⁰³
2899 1594 3058 1652 ﬁlius
3089 1595 3218 1668 ejus
3258 1594 3589 1652 Kazmirius
3621 1612 3697 1650 ex
3721 1612 3816 1651 so-

2151 1699 2277 1738 rore
2309 1683 2421 1754 (70)
2445 1683 2674 1740 Ottonis
2695 1683 3066 1756 imperatoris
3091 1684 3333 1755 predicti
3358 1684 3816 1756 cognominatus

2153 1771 2399 1827 Karolus
2429 1772 2646 1828 tercius
2679 1773 2962 1845 regnavit,
2998 1777 3055 1828 et
3085 1777 3216 1844 post
3245 1772 3403 1828 hunc
3435 1777 3692 1845 quartus
3725 1789 3818 1831 re-

2151 1877 2333 1933 gnum
2367 1863 2557 1917 tenuit
2589 1862 2745 1917 ﬁlius
2777 1863 2906 1932 ejus
2932 1861 3232 1917 Boleslaus
3253 1863 3446 1918 dictus
3466 1861 3814 1930 Bellicosus,

2151 1951 2254 2005 sed
2287 1950 2796 2019 sceleratissimus,
2822 1950 2921 2022 qui
2954 1955 3225 2007 sanctum
3259 1949 3621 2007 Stanislaum
3642 1967 3817 2008 vene-

2151 2040 2394 2096 rabilem
2444 2039 2656 2108 virum,
2709 2040 3052 2114 episc0pum
3101 2039 3544 2096 Cracoviensem
3576 2042 3670 2112 ‘5‘,
3709 2057 3811 2112 pro

2153 2145 2218 2184 eo
2252 2129 2406 2201 quod
2440 2129 2637 2201 ipsum
2671 2146 2774 2201 pro
2807 2129 3219 2201 iniquitatibus
3252 2129 3376 2185 suis
3399 2136 3701 2201 argueret,
3733 2129 3817 2184 in-

2149 2217 2406 2284 terfecit;
2436 2216 2494 2272 in
2527 2235 2644 2290 quo
2675 2217 2887 2274 defecit
2909 2235 3155 2290 regnum
3179 2223 3237 2276 et
3259 2235 3444 2291 usque
3467 2218 3538 2274 ad
3562 2235 3812 2292 presens

2142 2310 2376 2379 tempus
2407 2306 2680 2379 deinceps
2714 2324 2812 2362 rex
2843 2306 2902 2362 in
2935 2306 3173 2363 Polonia
3201 2324 3317 2363 non
3348 2308 3622 2364 surrexit.
3640 2308 3816 2364 Dedit

2138 2411 2275 2468 ergo
2310 2395 2368 2450 in
2403 2397 2628 2468 profata
2659 2396 3044 2452 coronacione
3065 2396 3198 2452 Otto
3221 2395 3540 2468 imperator
3561 2396 3689 2470 regi
3715 2397 3814 2452 Bo-

2138 2483 2319 2540 leslao
2343 2502 2447 2556 pro
2472 2484 2723 2557 insignis
2745 2484 3043 2557 regalibus
3065 2484 3329 2540 lanceam
3353 2485 3506 2540 beati
3540 2485 3813 2541 Mauricii

2137 2578 2196 2629 et
2226 2589 2409 2629 unum
2441 2590 2510 2628 ex
2541 2572 2721 2630 clavis
2753 2573 3254 2646 Domini,ﬁlioque
3275 2574 3404 2645 ejus
3428 2573 3692 2630 Mezconi
3717 2591 3805 2631 so-

2140 2679 2328 2718 rorem
2363 2678 2535 2718 suam
2584 2661 2896 2734 despondit
2944 2663 3004 2718 in
3054 2678 3315 2718 uxorem.
3351 2659 3656 2718 Boleslaus
3689 2663 3801 2732 (71)

2139 2756 2334 2806 autem
2367 2768 2465 2806 rex
2497 2751 2648 2806 inter
2679 2750 2936 2822 plurima
2963 2749 3303 2806 excellentia
3320 2752 3388 2786 ⁵⁸⁵
3410 2765 3666 2806 munera
3688 2751 3814 2806 bra-

2138 2841 2338 2896 chium
2371 2840 2558 2895 sancti
2591 2839 2890 2896 Adalberti
2941 2841 3124 2896 cesari
3174 2839 3538 2897 clarisssimo
3587 2838 3807 2897 obtulit

2137 2930 2294 3001 quod
2327 2928 2422 2984 illc
2455 2945 2632 3000 super
2661 2928 2862 2982 omnia
2893 2929 3044 2984 dena
3074 2928 3414 3000 gratissime
3454 2927 3810 3002 acceptaﬁt,

2137 3021 2194 3072 et
2223 3017 2488 3088 gaudens
2522 3015 2592 3070 ad
2635 3015 2872 3086 propria
2921 3019 3010 3070 est
3056 3017 3576 3090 reversus,gratias
3635 3032 3810 3091 agens

2137 3104 2406 3171 Domino,
2442 3104 2612 3174 cujus
2665 3119 2912 3174 regnum
2963 3107 3233 3160 cternum
3275 3111 3366 3161 cst
3396 3112 3456 3162 et
3487 3107 3807 3180 imperium

368 3197 601 3252 domate
631 3176 702 3250 de
735 3176 922 3264 capite
952 3211 1079 3261 suo,
1111 3191 1393 3264 imposuit
1422 3209 1600 3264 super
1619 3196 1794 3264 caput
1816 3176 2022 3264 ipsius,
2059 3176 2102 3243 C
2141 3209 2319 3265 super
2348 3209 2552 3248 omnes
2582 3192 2642 3247 in
2673 3191 2871 3248 secula
2895 3192 3246 3249 seculorum.
3267 3195 3478 3250 Amen.

1717 3289 1979 3345 VARL/‘E
2019 3289 2438 3347 LECTIONES.

438 3391 508 3426 ‘5’
537 3390 618 3445 bis
647 3390 911 3461 scriptum
939 3405 986 3442 c.
1065 3389 1133 3424 διο
1164 3386 1283 3443 ullo
1315 3404 1359 3443 c.
1437 3389 1500 3422 ⁴⁶¹
1536 3385 1647 3459 piis
1677 3403 1706 3442 ε
1779 3389 1846 3421 ‘5'
1879 3387 2292 3461 flagittandum
2313 3405 2361 3443 c.
2440 3389 2507 3422 ⁴⁶³
2541 3405 2718 3460 quam
2754 3406 2784 3444 ο
2855 3389 2925 3425 ⁸⁸⁸
2946 3388 3391 3446 draconicnsem
3425 3407 3472 3446 ο.
3552 3392 3628 3428 ιδδ
3648 3408 3799 3451 exce-

369 3461 578 3520 lencia.

441 3631 553 3704 (66)
582 3631 664 3704 De
695 3629 1186 3704 sequentibuscf.
1213 3627 1450 3704 Martini
1483 3627 2022 3704 Ga.lli__Chro_nicon,

371 3698 593 3760 Ge'da'ni
628 3698 916 3774 17749't'ol,
952 3719 1007 3774 p7.
1162 3703 1253 3768 61,
1279 3698 1380 3754 ubi
1408 3699 1528 3755 haec
1552 3700 1608 3754 in
1633 3699 1780 3754 libre
1804 3700 1873 3754 de
1901 3717 2026 3770 pas-

373 3775 536 3832 sione
563 3773 859 3830 Adalberti
889 3773 1003 3832 legi
1035 3773 1332 3828 dicuntur.

377 3815 1003 3973 :‘Zéjj'iii'f'iﬁiéinwé’f
1029 3815 1397 3902 ἕίᾶιῖἰὲὶἱὶῖὀι
1424 3841 1596 3914 Voigt
1645 3842 1793 3898 llist.
1829 3842 2026 3899 Pruss.

409 3959 670 4060 itaSi“.
719 3986 1044 4060 Boguphali
1092 3987 1304 4043 Chron.
1341 3987 1399 4041 in
1450 3985 1895 4058 Sommersberg
1925 3985 2027 4041 SS.

372 4058 546 4117 Siles.
580 4059 652 4125 ll,
685 4076 742 4132 p.
772 4058 862 4114 25.

2135 3702 2226 3765 68,
2258 3703 2316 3754 et
2347 3701 2546 3772 Bogup

1976 3530 2192 3587 NOTAE

2205 3629 2439 3730 (6921130
2469 3629 2852 3730 sequentibus
3002 3629 3236 3686 Martini
3284 3628 3433 3687 Galli
3484 3631 3713 3689 Chron.
3747 3648 3799 3704 p.

2213 3741 2226 3765 ,
2258 3703 2316 3754 et
2347 3699 2754 3772 Boguphalum
2785 3718 2840 3774 p.
2876 3703 2968 3756 25.
3748 3699 3765 3704 ”

2209 3771 2322 3842 (70)
2355 3773 2434 3827 Ex
2478 3772 2745 3840 lticheza,
2782 3771 2904 3828 tilia
2953 3772 3256 3829 Mathildis
3307 3771 3526 3828 sororis
3577 3773 3806 3831 Ottonis

2141 3841 2440 4058 :11(:é)0f.
2496 3915 2730 3970 Martini
2781 3913 2932 3972 Galli
2981 3913 3114 3973 Chr.
3150 3931 3206 3986 p.
3239 3917 3330 3982 61,
3367 3920 3426 3972 et
3471 3915 3798 3990 Boguphal.

1245 4385 1862 4491 SANGTI
1949 4387 2932 4492 ADALBER-TI

1706 4557 2030 4614 EPISCOPI
2070 4557 2470 4617 PRAGENSIS

756 4745 1248 4858 HOMILIA
1317 4745 1432 4854 IN
1504 4745 1958 4856 NATALE
2017 4743 2120 4860 'S.
2179 4747 2583 4858 ALEXII
2649 4743 3419 4862 CONFESSORIS

1465 4971 1654 5044 (Apud
1697 4969 1960 5028 Bolland.
1999 4969 2142 5026 Julii
2170 4974 2314 5027 tom.
2349 4971 2444 5042 IV,
2480 4989 2536 5044 p.
2565 4973 2722 5040 257.)

1873 5129 2273 5145 ——-———-——-—.——

1799 5268 2395 5358 MONITU‘M.

457 5471 752 5546 Habemus
782 5471 1140 5546 ecgraphum
1171 5489 1241 5546 ex
1270 5475 1548 5546 tomotut
1578 5473 1866 5546 signatur,
1903 5473 2006 5529 109
2037 5490 2149 5530 ms.
2183 5473 2553 5530 bibliothecas
2573 5471 2944 5546 "Casinensis,
2977 5469 3035 5526 in
3075 5467 3313 5546 litteris,
3337 5471 3412 5546 ut
3457 5465 3794 5546 ascribunt,

383 5537 880 5616 Longobardieis,"
893 5537 1030 5616 cum
1059 5544 1171 5616 hoc
1203 5543 1372 5598 titulo
1407 5537 1517 5598 {In
1543 5537 1730 5616 natale
1757 5537 1935 5602 sancti
1966 5547 2148 5604 Alexii
2177 5546 2521 5616 confessoris.
2559 5545 2732 5600 Lectio
2761 5543 2816 5598 S.
2849 5541 3135 5615 Evangelii
3151 5537 3795 5616 secundum-Mettium");

388 5615 450 5670 In
479 5602 576 5671 illo
605 5602 1014 5690 tempcre'dixit
1037 5615 1234 5690 §i1non
1258 5617 1450 5670 Petrus
1481 5615 1813 5690 odiosum;
1846 5602 2094 5683 Domine,
2127 5634 2246 5672 ecce
2271 5602 2373 5690 itas
2413 5617 2739 5690 reliquimus
2788 5602 3077 5676 omniafet
3110 5614 3288 5690 secuti
3338 5625 3532 5690 sumus
3563 5617 3652 5690 te;
3681 5602 3796 5690 quid

385 5703 510 5758 ergo
542 5688 649 5743 erit
678 5682 854 5755 riobis,
883 5693 991 5744 etc.
1025 5688 1267 5745 Homilia
1295 5687 1626 5744 venerabilis
1657 5687 1934 5746 Adelberti
1979 5682 2238 5762 episcopi.
2269 5682 2541 5745 llomilia'
2571 5685 2694 5743 haec
2741 5702 2897 5742 nunc
2944 5685 3264 5743 cxcudetur
3323 5682 3518 5754 magis
3555 5682 3798 5758 propter
