3900 6360
137 422 246 482 897

1144 420 1476 484 HOMILIA
1520 423 1621 482 DE
1665 420 1951 519 ALEXIQ
1996 421 2527 484 CONFESSOHE.

3425 427 3543 488 898

135 582 530 664 antiquitatem
563 596 742 664 qpam
766 582 1331 664 proptqpmeritum',
1357 599 1496 664 [eum
1532 581 1678 664 nihil
1715 582 1843 636 novi
1879 580 1950 664 de
1980 586 2320 664 sanctonos
2343 583 2566 664 doceat,
2603 583 2870 638 rescissis
2894 584 2984 650 iis,
3013 600 3139 655 qum
3161 583 3220 664 in
3253 584 3542 664 principio

135 652 327 710 scribit
355 657 564 724 auctor,
587 653 658 706 de
690 652 926 724 prmniio
959 652 1190 708 illorum
1221 654 1320 724 qui
1353 653 1652 707 Christum
1687 657 2016 724 sequuntur
2044 652 2101 707 in
2126 653 2456 708 voluntaria

1221 671 1320 778 qui
1353 671 1652 707 unrnsrum
1687 671 2016 724 sequuntur
2044 671 2101 707 in
2126 671 2456 708 vouuuaria
2491 671 3119 776 paupertate,qureque
3151 671 3221 709 aa
3255 671 3541 711 asceticos

1210 724 1246 778 lt
1271 723 1477 798 eminit
1507 725 1577 778 de
1607 741 1676 778 ea
1711 724 1996 798 Baronius
2025 725 2095 778 ad
2141 742 2360 778 annum
2412 726 2492 779 lt)t
2525 727 2569 784 Ι.
2606 743 2746 780 num
2797 728 2880 790 19,
2917 726 3196 798 additque
3246 727 3435 797 ipsam
3484 727 3541 780 in

136 724 325 806 potius.
346 723 865 806 quamhhistorieos
898 731 1184 806 spectant.

2529 660 2851 724 aupertate,
2871 672 3119 726 qua:un
3151 655 3221 709 ad
3255 655 3541 711 asceticos

133 794 492 852 ecclesia’SS.
529 794 805 849 Bonifacii
837 799 894 849 et
921 794 1099 850 Alexii
1135 796 1328 849 Rmnre
1359 796 1597 860 dictam,
1633 796 1790 866 quod
1823 795 2027 866 repetit
2062 814 2216 849 anno
2254 799 2408 863 1004,
2435 815 2598 851 num.
2632 800 2684 852 8.
2721 799 2788 852 Et
2817 814 2950 852 vero
2984 794 3202 852 dictam
3229 794 3409 853 fuisse
3431 798 3543 853 isto

136 868 272 934 loco,
303 866 598 938 colligitur
626 883 694 921 ex
724 866 916 920 verbis
948 868 1163 938 quibus
1195 868 1408 921 atl‘atur
1440 872 1644 921 auctor
1679 867 1735 920 in
1767 867 1879 921 line
1911 866 2206 922 auditores
2240 886 2400 922 suos.

501 1109 862 1180 llOMlLlA
921 1111 991 1179 S.
1050 1109 1528 1180 ADALBEllTl
1583 1109 1952 1180 EPlSCOPl
2005 1110 2478 1179 PRACENSIS
2532 1109 2636 1178 AC
2696 1111 3160 1182 ltlAll'l‘YltlS.

209 1299 220 1312 .
243 1299 288 1312 ..
311 1299 324 1313 .
347 1301 356 1312 .
381 1300 427 1313 ..
463 1258 652 1327 Huius
676 1258 754 1312 rei
787 1263 843 1313 et
874 1258 932 1312 in
967 1259 1154 1324 nobis,
1187 1260 1390 1312 fratres
1421 1258 1778 1324 charissiuii,
1811 1270 1863 1336 Α
1899 1259 2142 1311 Romani
2185 1258 2379 1328 populi
2413 1265 2652 1330 arrepta
2695 1277 2823 1312 esse
2872 1260 3182 1314 diceretur.
3219 1259 3411 1330 Magni
3462 1263 3544 1312 et~

136 1363 278 1418 smpe
307 1347 640 1418 exemplum
660 1347 1200 1418 sumpsimus,cum
1226 1347 1438 1400 alicubi
1467 1364 1567 1419 pro
1593 1364 1786 1401 rerum

136 1435 472 1491 necessitate
525 1434 942 1508 digredientes,
963 1439 1175 1490 cuncta
1211 1435 1380 1491 nobis
1413 1435 1792 1490 monasterio-

135 1540 259 1579 rum
290 1522 630 1580 habitacula
659 1523 831 1596 quasi
871 1524 1109 1596 propria
1155 1530 1352 1596 patere
1385 1524 1786 1595 cognovimus.

135 1613 374 1668 Cunctos
392 1611 450 1667 in
473 1616 742 1668 nostrum
759 1611 1110 1684 obsequium
1129 1613 1532 1667 sincerissima
1545 1612 1794 1668 devotio-

135 1717 201 1756 ne
221 1718 430 1774 pronos
459 1701 894 1774 aspeximus,et
917 1701 1170 1756 maxime
1199 1701 1256 1756 in
1293 1701 1472 1756 beatae
1496 1700 1788 1756 memoria:

135 1794 290 1863 patre
307 1795 507 1846 nostro
525 1791 922 1862 Alexio,cujus
945 1789 1118 1846 hodie
1143 1791 1531 1845 venerandam
1565 1806 1792 1845 assum-

141 1879 354 1952 ptionis
381 1880 541 1936 diem
575 1879 774 1935 debita
821 1879 1192 1935 solemnitate
1231 1879 1564 1947 recolimus,
1601 1885 1788 1934 totum

133 1966 392 2024 lectionis
415 1968 600 2041 hujus
622 1974 882 2024 tenorem
905 1968 1173 2024 videmus
1198 1968 1622 2040 perfectissime
1665 1985 1790 2024 esse

135 2056 508 2130 completum.
545 2055 848 2113 Derelictis
897 2056 1054 2112 enim
1107 2059 1384 2112 omnibus
1423 2063 1659 2111 secutus
1704 2062 1794 2112 est

134 2145 450 2214 Christum,
487 2146 723 2218 quando
759 2147 974 2218 spretis
1005 2147 1302 2212 omnibus,
1338 2153 1497 2217 patre
1527 2145 1794 2201 videlicet

135 2238 188 2290 et
214 2240 418 2302 matre,
439 2252 548 2291 nec
582 2252 696 2290 non
720 2252 938 2306 sponsa
968 2251 1106 2290 cum
1138 2235 1357 2290 carnali
1389 2251 1586 2290 amore
1619 2240 1790 2306 atque

135 2324 310 2380 servis
349 2329 408 2380 et
460 2323 692 2380 ancillis
735 2324 1124 2396 universaque
1156 2323 1512 2389 substantia,
1548 2324 1792 2378 marinis

136 2411 406 2468 fluctibus
466 2412 650 2468 nimio
700 2429 836 2468 cum
886 2412 1082 2468 labore
1141 2412 1457 2484 superatis,
1519 2413 1789 2468 Edcstam

136 2500 305 2572 Syria:
337 2502 578 2557 tandem
614 2503 875 2574 pervenit
931 2502 1004 2556 ad
1057 2503 1291 2568 urbem;
1327 2502 1426 2556 ubi
1477 2503 1789 2572 perfectam

135 2589 354 2645 vivendi
414 2607 687 2645 normam
747 2589 920 2661 longo
972 2607 1083 2644 usu
1133 2589 1360 2657 didicit,
1406 2597 1462 2645 et
1517 2591 1790 2660 despecto

136 2680 370 2748 mundo,
403 2679 644 2750 injuriis
673 2679 1143 2752 opprobriisque,
1173 2681 1324 2734 fame
1355 2685 1411 2734 et
1442 2679 1788 2749 siti,frigore

135 2770 299 2839 atque
329 2767 617 2835 nuditate,
653 2767 1004 2823 mortiﬁcato
1036 2784 1276 2840 corpore
1306 2767 1600 2823 Chrisium
1653 2767 1788 2822 totis

133 2855 435 2912 desideriis
464 2857 842 2928 sequebatur.

197 2944 428 3000 Sciebat
458 2944 618 3000 enim
654 2945 850 3016 ipsum
901 2946 959 3001 in
1011 2945 1322 3017 Evangelio
1367 2945 1584 3000 dixisse
1617 2961 1630 2998 :
1665 2943 1789 3000 Nisi

133 3031 258 3103 quis
277 3033 705 3089 renuntiaverit
725 3035 1004 3089 omnibus
1026 3052 1154 3106 qua:
1178 3033 1529 3106 possidet,et
1553 3038 1788 3088 secutus

133 3136 219 3176 me
251 3121 450 3190 fuerit,
467 3139 584 3178 non
609 3127 801 3194 potest
821 3139 989 3178 meus
1011 3141 1139 3178 esse
1161 3122 1510 3196 discipulus.
1527 3123 1790 3194 Cumque

133 3207 248 3266 haec
279 3211 600 3267 Dominicze
644 3216 932 3284 praecepta
961 3211 1240 3267 diuturno
1281 3216 1540 3284 tempore
1572 3211 1788 3265 ibidem

137 3305 576 3372 exsequeretur,
593 3300 790 3354 divina
811 3317 946 3355 voce
979 3301 1388 3356 manifestatur
1408 3299 1749 3355 hominibus
1773 3317 1786 3355 :

135 3403 216 3454 ac,
250 3405 321 3444 ne
351 3407 518 3444 vana:
549 3387 745 3461 gloria:
778 3389 1102 3444 incurreret
1130 3388 1385 3460 culpam,
1421 3389 1554 3443 inde
1597 3389 1792 3444 absce-

136 3475 265 3530 dere
297 3476 626 3549 disposuit;
662 3494 728 3531 ac
760 3478 842 3532 sic
875 3477 1016 3532 dum
1049 3478 1341 3532 Tharsum
1382 3494 1559 3532 causa
1606 3477 1794 3532 occul-

133 3565 289 3620 tandi
340 3566 818 3638 proﬁcisceretur
874 3566 990 3621 Deo
1037 3565 1285 3633 volente,
1317 3567 1370 3620 vi
1423 3567 1494 3621 ad
1540 3566 1794 3638 patriam

127 3667 392 3710 reversus
431 3658 545 3710 est.
580 3653 846 3724 Cumque
879 3671 912 3709 a
944 3659 1108 3726 patre
1140 3671 1244 3727 pro
1293 3671 1545 3726 paupere
1593 3670 1790 3710 susce-

126 3745 262 3812 ptus
291 3748 474 3811 esset,
509 3747 576 3798 ut
607 3743 878 3809 audistis,
913 3744 970 3798 in
1002 3745 1176 3799 domo
1211 3743 1444 3816 propria
1466 3748 1528 3798 ut
1545 3744 1794 3816 peregri-

128 3845 238 3884 nus
268 3832 573 3888 manebat.
607 3831 652 3888 Ο
685 3839 906 3904 quanta
935 3833 1263 3888 constantia
1294 3837 1630 3904 quantaque
1663 3833 1792 3904 ejus

124 3916 234 3974 fuit
262 3919 584 3992 patientia!
619 3921 762 3986 Quis
811 3922 968 3976 enim
1016 3937 1253 3976 narrare
1293 3921 1508 3992 poterit
1539 3925 1790 3992 quantas

1897 1347 2053 1400 enim
2091 1348 2278 1400 nieriti
2312 1353 2420 1412 est,
2459 1349 2664 1401 fratres
2699 1347 2833 1411 mei,
2858 1347 3155 1402 hominem
3206 1347 3307 1400 Dei
3355 1347 3552 1401 divina

1897 1453 2034 1489 voce
2067 1435 2663 1508 appellari,quoniam
2688 1452 2822 1490 cum
2848 1435 3139 1507 propheta:
3161 1435 3264 1490 lilii
3295 1434 3552 1491 hominis

1899 1529 1955 1580 et
1986 1542 2100 1580 non
2132 1524 2403 1580 homines
2448 1524 2546 1579 Dei
2572 1525 2643 1580 ab
2681 1526 2884 1580 eodem
2919 1523 3165 1580 Domino
3197 1527 3336 1579 sunt
3353 1521 3551 1596 appel-

1898 1611 2035 1680 lati;
2070 1613 2179 1668 iste
2226 1613 2396 1684 quasi
2447 1613 2701 1684 quodam
2752 1611 3054 1684 privilegio
3105 1612 3282 1668 homo
3330 1611 3432 1668 Dei
3466 1615 3556 1668 est

1899 1702 2258 1758 nominatus.
2289 1703 2451 1758 Sicut
2483 1702 2605 1774 ipse
2627 1700 2913 1773 singulari
2935 1719 3051 1772 pra:
3075 1701 3298 1756 caeteris
3317 1700 3553 1756 dimica-

1897 1792 1978 1846 vit
2007 1791 2344 1857 certamine,
2379 1791 2461 1846 ita
2492 1790 2729 1862 speciali
2757 1788 3038 1845 vocabulo
3069 1808 3102 1845 a
3134 1789 3381 1846 Domino
3431 1805 3552 1845 me-

1899 1879 2016 1934 ruit
2048 1880 2394 1951 nuncupari.

1970 1969 2113 2024 Cum
2138 1969 2294 2023 enim
2323 1969 2586 2024 carnales
2618 1969 2854 2041 nuptias
2875 1985 3072 2024 amore
3093 1967 3288 2023 divino
3329 1967 3552 2022 inﬂam-

1899 2063 2094 2113 matus
2123 2057 2494 2129 contempsit,
2515 2056 2815 2112 Dominico
2845 2057 3058 2112 meruit
3086 2056 3346 2111 thalamo
3375 2072 3553 2127 copu-

1898 2146 2004 2200 lari
2061 2152 2238 2217 atque
2293 2147 2441 2201 inter
2488 2146 2588 2201 illa
2639 2147 3015 2201 innocentum
3057 2145 3294 2218 agmina
3321 2147 3553 2216 Agnum

1902 2237 2205 2306 sequentia
2239 2236 2670 2301 connumerari,
2707 2235 2806 2306 qui
2838 2238 3078 2289 cantant
3107 2233 3402 2288 canticum
3453 2249 3554 2288 no-

1898 2341 2036 2378 tum
2070 2330 2202 2378 ante
2236 2325 2434 2379 sedem
2461 2323 2558 2378 Dei
2585 2328 2640 2378 et
2668 2323 2838 2394 Agni.
2864 2322 2930 2377 lli
2955 2327 3096 2376 sunt
3120 2322 3276 2376 enim
3301 2323 3555 2394 quicum

1902 2414 2252 2468 mulieribus
2299 2431 2411 2467 non
2465 2417 2604 2466 sunt
2659 2410 3020 2483 coinquinati
3056 2427 3068 2465 :
3103 2411 3358 2481 virgines
3401 2410 3556 2466 enim

1902 2507 2060 2569 sunt,
2095 2507 2151 2555 et
2182 2507 2512 2572 sequuntur
2532 2504 2763 2573 Agnum
2788 2516 3143 2572 quocunque
3171 2499 3323 2554 ierit.
3351 2499 3555 2554 Merito

1906 2591 2080 2645 homo
2111 2591 2228 2656 dei,
2256 2590 2314 2644 id
2349 2596 2438 2645 est
2469 2589 2754 2661 templum
2788 2589 2912 2654 Dei,
2937 2588 3151 2660 hospes
3193 2588 3426 2655 Christi,
3462 2588 3560 2648 ha-

1896 2680 2219 2736 bitaculum
2253 2679 2511 2752 Spiritus
2541 2679 2725 2734 sancti
2756 2679 2996 2734 effectus
3027 2683 3136 2732 est.
3171 2677 3311 2733 Jure
3359 2677 3556 2733 dictus

1895 2775 1985 2826 est
2017 2788 2118 2842 pro
2152 2771 2334 2824 Roma
2365 2769 2585 2824 orando
2617 2768 2899 2835 exaudiri,
2920 2767 3019 2840 qui
3041 2767 3098 2821 in
3133 2767 3319 2822 Roma
3349 2766 3554 2839 singu-

1895 2858 2078 2914 larem
2127 2857 2355 2913 studuit
2402 2858 2617 2913 ducere
2661 2857 2876 2923 vitam;
2910 2859 2968 2911 et
3001 2857 3148 2911 bene
3197 2854 3249 2911 ei
3290 2855 3556 2928 eongrait

1898 2965 2089 3003 sermo
2121 2947 2481 3012 Dominicus,
2503 2945 2607 3018 qui
2637 2945 2780 3000 dicit
2812 2948 2836 3001 ἒ
2866 2943 2972 3010 Qui
2997 2943 3287 2998 dimiserit
3313 2959 3553 2998 uxorem

1897 3041 1998 3092 aut
2025 3036 2173 3091 ﬁlios
2204 3041 2438 3108 propter
2467 3052 2679 3090 nomen
2704 3032 3279 3104 meum,centuplum
3305 3031 3555 3104 accipiet

1898 3131 1956 3180 et
1983 3127 2162 3180 vitam
2196 3131 2471 3179 aeternam
2500 3123 2846 3196 possidebit.

1971 3215 2132 3280 Quod
2181 3213 2337 3268 cnim
2376 3230 2480 3285 pro
2512 3211 2742 3267 Christo
2789 3210 3038 3278 dimisit,
3073 3209 3183 3264 hoc
3209 3207 3555 3281 centuplum

1899 3303 2153 3376 accepit;
2187 3303 2326 3374 quia
2351 3301 2630 3356 nimirum
2660 3299 2932 3372 centuplo
2957 3300 3154 3370 majus
3174 3299 3224 3353 ci
3259 3298 3370 3353 fuit
3393 3298 3558 3353 meri-

1900 3399 2028 3448 tum
2059 3391 2346 3448 castitatis
2391 3391 2542 3446 inter
2591 3391 2960 3445 continentes
3010 3393 3249 3460 propter
3299 3387 3556 3442 fructum

1900 3481 2163 3554 spiritus,
2198 3497 2376 3552 quam
2409 3479 2561 3534 inter
2592 3479 2959 3534 lascivientes
2994 3476 3292 3548 quondam
3322 3479 3560 3547 propter

1900 3569 2256 3626 desiderium
2289 3568 2482 3624 carnis
2517 3584 2530 3622 :
2566 3567 2717 3622 filios
2740 3567 2892 3622 inter
2909 3583 3058 3637 quos
3080 3562 3392 3620 carnaliter
3416 3567 3556 3618 tunc

1900 3659 2114 3714 habere
2145 3657 2428 3728 despexit,
2459 3672 2616 3711 nunc
2648 3653 2991 3726 centuplum
3041 3651 3300 3722 accipere
3341 3651 3556 3706 meruit

1901 3745 2218 3819 spiritales.
2252 3745 2632 3800 Centenarius
2680 3743 2898 3815 quippe
2949 3757 3252 3807 numerus,
3289 3743 3355 3794 ut
3402 3756 3555 3811 smpe

1903 3837 2124 3892 dictum
2185 3840 2292 3903 est,
2327 3832 2740 3906 perfectionem
2773 3832 3019 3904 figurate
3050 3829 3377 3884 denuntiat.
3438 3828 3556 3884 Nos

1903 3941 2155 3996 namque
2187 3923 2320 3978 licet
2351 3938 2457 3977 nec
2487 3919 2638 3977 servi
2677 3918 2957 3994 appellari
2988 3918 3170 3992 digni,
3203 3917 3307 3972 filii
3356 3921 3554 3984 tamen

122 4009 500 4076 tentationes,
536 4012 860 4080 quantosve
919 4010 1133 4065 ﬂuctus
1178 4009 1235 4064 in
1270 4010 1359 4064 sui
1403 4007 1790 4066 sacratissimi
1819 4008 1862 4075 C
1899 4015 2028 4084 ejus
2045 4030 2282 4079 sumus;
2308 4012 2447 4084 quia
2470 4010 2655 4066 nosin
2677 4008 2829 4066 hanc
2849 4025 3015 4064 suam
3041 4007 3282 4062 domum
3304 4008 3418 4077 (72)
3441 4005 3556 4063 sub

123 4096 374 4166 pectoris
407 4113 626 4154 arcano
661 4097 967 4169 pertulerit
989 4099 1132 4154 dum
1172 4103 1403 4170 patrem
1429 4115 1532 4170 pro
1553 4115 1616 4154 se
1637 4102 1797 4154 tanto

122 4197 368 4240 maerore
430 4184 589 4242 affici
650 4185 1037 4258 conspiceret,
1076 4187 1252 4242 sciret
1309 4186 1486 4242 etiam
1543 4192 1792 4243 matrem

124 4277 290 4329 nocte
327 4273 544 4348 dieque
561 4275 620 4330 in
654 4275 793 4331 ﬂetu
825 4278 882 4330 et
907 4274 1128 4348 gemitu
1155 4275 1515 4348 perdurare?
1545 4275 1797 4341 Videbat

124 4359 369 4436 insuper
395 4380 598 4424 servos
627 4364 894 4436 proprios
924 4364 1152 4422 deliciis
1185 4364 1486 4422 abundare
1512 4365 1796 4421 vestibus-

123 4463 234 4520 que
264 4451 547 4522 pretiosis
576 4451 816 4508 indutos
863 4451 1154 4522 incedere,
1188 4458 1248 4510 et
1279 4469 1341 4508 se
1387 4453 1459 4508 ab
1513 4454 1792 4511 omnibus

119 4539 486 4613 contemptui
545 4539 747 4596 haberi
785 4557 798 4596 :
833 4540 1121 4597 tolerabat
1169 4543 1241 4597 ad
1300 4542 1421 4596 hzec
1479 4542 1791 4615 opprobria

121 4625 543 4701 irrisionesque
579 4635 879 4697 eorum,et
910 4630 1078 4702 quasi
1100 4631 1229 4702 jam
1255 4635 1522 4688 mortuus
1554 4631 1784 4701 saeculo,

117 4713 239 4771 solo
271 4722 508 4774 tantum
542 4718 756 4790 spiritu
780 4719 1010 4776 Christo
1041 4721 1288 4776 vivebat.

184 4803 334 4861 Nam
368 4807 673 4879 quomodo
721 4806 848 4880 ipse
893 4808 1088 4864 adhuc
1136 4806 1330 4881 fragili
1387 4808 1788 4866 circumdatus

117 4905 356 4964 corpore
407 4894 532 4950 haec
586 4899 672 4952 tot
716 4896 1092 4953 incommoda
1141 4899 1354 4954 sutiere
1401 4897 1635 4966 valeret,
1671 4898 1786 4960 nisi

117 4979 310 5038 divino
331 5000 538 5040 amore
562 4985 691 5058 ejus
714 5002 812 5040 cor
845 4985 1007 5042 intus
1039 5003 1354 5042 accensum
1377 4986 1642 5043 arderet?
1673 4988 1786 5044 Sed

115 5064 226 5127 ista
255 5072 467 5128 omnia
495 5073 694 5130 divina
723 5075 1052 5146 agebantur
1079 5076 1393 5148 prudentia
1425 5080 1488 5130 ut
1516 5077 1567 5132 ei
1599 5093 1787 5134 accre-

115 5165 303 5214 sceret
350 5159 566 5232 gloria,
599 5168 660 5218 et
703 5181 811 5220 nos
859 5164 1128 5238 exemplo
1177 5165 1474 5237 patientiae
1523 5164 1682 5222 iliius
1711 5167 1783 5222 ad

113 5245 318 5304 eadem
351 5251 638 5307 sectanda
683 5252 1022 5310 instrueret.
1047 5253 1231 5310 Nosse
1260 5253 1476 5309 etenim
1519 5254 1786 5312 convenit

1903 4102 2224 4159 monastica
2259 4100 2620 4174 professione
2650 4099 2782 4172 pius
2813 4097 2968 4172 apud
3001 4097 3186 4154 Deum
3235 4096 3558 4154 intecessor

1902 4191 2294 4265 congregavit.
2320 4189 2439 4246 Nos
2467 4205 2678 4246 sumus
2707 4189 2836 4261 ejus
2866 4185 2971 4242 filii
3004 4203 3152 4259 quos
3173 4184 3418 4241 diversis
3437 4199 3558 4239 car-

1901 4279 2112 4337 naliter
2141 4279 2331 4336 editos
2352 4277 2698 4352 parentibus
2719 4277 2778 4332 in
2804 4292 2982 4332 unam
3005 4278 3221 4331 sancta:
3243 4271 3553 4348 professio-

1901 4370 1994 4426 nis
2016 4369 2305 4424 famitiam
2329 4365 2671 4439 spiritaliter
2700 4382 2816 4420 non
2849 4368 3040 4420 cessat
3061 4363 3411 4418 coadunare.
3435 4360 3554 4417 Nos

1899 4475 2110 4514 sumus
2158 4455 2263 4512 ﬁlii
2322 4457 2471 4526 ejus,
2505 4454 2553 4509 si
2603 4452 2713 4508 iter
2755 4451 3038 4507 virtutum
3084 4451 3213 4522 ejus
3263 4448 3552 4506 imitando

1896 4551 2196 4611 tenemus;
2231 4545 2280 4599 si
2314 4561 2428 4598 non
2471 4559 2504 4598 a
2533 4539 2814 4613 patientia
2842 4555 3018 4610 quam
3064 4537 3125 4592 in
3174 4553 3237 4591 se
3266 4535 3546 4604 ostendit,

1898 4635 2180 4709 torpendo
2209 4631 2594 4689 deﬂectimus.

1968 4724 2130 4780 Unde
2164 4738 2398 4778 necesse
2428 4719 2762 4785 est,fratres
2791 4715 3145 4783 charissimi,
3167 4718 3234 4768 ut
3262 4718 3551 4787 tanquam

1895 4814 2032 4871 boni
2065 4813 2167 4868 filii
2201 4817 2258 4868 et
2284 4815 2444 4866 tanto
2477 4811 2713 4881 parente
2744 4802 3208 4878 digni,exempla
3229 4801 3390 4859 illius
3413 4820 3548 4860 san-

1897 4901 2171 4960 ctissimae
2203 4899 2328 4954 vita:
2355 4897 2519 4968 sequi
2547 4911 2842 4950 curemus.
2895 4893 3018 4948 Non
3072 4909 3177 4946 nos
3226 4907 3260 4946 a
3287 4888 3552 4962 vestigiis

1895 4991 2041 5048 tanti
2077 4988 2260 5062 patris
2293 4985 2608 5058 sequendis
2637 4983 2758 5038 ulla
2787 4982 2995 5038 anima:
3026 4980 3112 5036 vel
3147 4980 3339 5036 carnis
3365 4979 3552 5035 illece-

1895 5082 2001 5136 bra
2031 5081 2275 5143 revocet,
2310 5079 2599 5147 quatenus
2631 5076 2688 5128 ct
2725 5070 2836 5143 ipsi
2869 5071 2968 5143 qui
2990 5068 3256 5126 carnales
3305 5069 3550 5126 allectus

1894 5166 2408 5236 substantiamque
2454 5162 2803 5234 reliquimus
2835 5165 3157 5226 terrenam;
3191 5157 3291 5230 qui
3339 5173 3550 5214 uxores

1893 5259 2106 5314 ducere
2137 5273 2203 5311 ac
2233 5252 2388 5310 filios
2419 5250 2732 5308 carnaliter
2762 5265 3066 5322 procreare
3104 5245 3379 5322 angelicae
3411 5262 3549 5302 con-

115 5331 549 5432 traternitatem
568 5345 1146 5416 vestram,quantam
1167 5341 1414 5416 gloriam
1437 5359 1540 5414 per
1557 5341 1782 5414 patien-
1813 5377 1860 5441 D
1893 5343 2240 5403 versationis
2274 5357 2473 5398 amore
2505 5338 2921 5404 fastidivimus,
2942 5355 2976 5393 a
3007 5354 3142 5410 rege
3186 5334 3406 5392 cmlesti
3434 5335 3548 5389 vir-

113 5419 252 5480 tiam
284 5425 451 5498 apud
485 5428 674 5504 Deum
695 5430 1118 5503 promeruisset
1141 5435 1206 5486 ut
1225 5431 1422 5486 divina
1450 5447 1586 5486 voce
1607 5431 1784 5488 homo

114 5510 212 5568 Dei
241 5513 324 5570 sit
363 5515 701 5588 appellatus
731 5525 792 5576 et
819 5520 950 5593 ejus
981 5519 1165 5576 oratio
1213 5536 1317 5591 pro
1358 5519 1571 5576 scelere
1603 5521 1784 5579 totius

1891 5440 2088 5492 tutum
2113 5429 2508 5506 spiritualium
2533 5427 2741 5484 merito
2761 5427 2892 5482 etin
2915 5426 3186 5500 prmsenti
3206 5423 3549 5496 centuplum

1893 5525 2154 5596 accipere
2185 5523 2256 5576 de
2286 5519 2561 5576 societate
2591 5521 2954 5584 sanctorum,
2987 5519 3045 5572 et
3071 5515 3133 5572 in
3161 5511 3374 5571 saeculo
3416 5525 3547 5566 ven-

189 5638 310 5726 (72)
343 5637 501 5726 Hinc
524 5642 719 5726 colligi
751 5645 982 5702 videtur
1011 5643 1317 5702 homiliam
1349 5645 1521 5702 istam
1551 5645 1768 5706 dictam
1819 5668 1852 5708 a
1881 5651 1942 5708 S.
1975 5649 2294 5707 Adalberto
2349 5645 2546 5702 Romae
2577 5641 2636 5699 in
2669 5640 3024 5699 monasterio
3057 5643 3157 5695 aut
3187 5633 3402 5706 templo
3435 5631 3540 5694 SS.

125 5638 511 5772 sese
