3900 6384
310 402 425 466 9οἿ

1639 396 2012 464 GREGORII
2052 396 2108 462 ν
2150 401 2403 465 ΡΑΡΛΞ.

3623 404 3754 465 908

310 538 528 597 niatur.
562 538 662 592 Sin
695 541 891 593 autem
923 552 1037 592 non
1070 534 1187 605 ille,
1220 538 1320 591 sed
1353 537 1769 594 Malmundarii
1803 551 1963 608 repe-
1994 534 2053 604 Α
2082 534 2391 609 religiosus
2425 537 2646 595 electus
2667 536 3003 606 fuerit,sine
3029 535 3291 611 qualibet
3313 538 3747 606 controversia,

309 626 497 682 riatur
518 626 751 696 utrique
784 624 911 680 loca
928 625 1440 696 praefieiendus,ab
1472 642 1537 681 eo
1571 626 1767 698 potius
1790 641 1968 698 quam

309 715 383 770 ab
413 713 667 770 externis
686 718 1030 784 assumptus
1051 714 1563 769 intromittaturSi
1589 714 1724 785 quis
1746 720 1967 779 autem,

311 803 466 874 quod
496 818 609 855 non
644 806 937 871 optamus,
967 802 1190 857 nefario
1224 818 1373 857 ausu
1405 803 1846 875 prmsumpserit
1876 802 1969 857 his

310 908 435 962 quae
460 908 496 947 a
515 891 685 947 nobis
708 892 779 946 ad
804 891 1041 946 laudem
1065 891 1166 947 Dei
1192 910 1295 964 pro
1319 893 1775 964 stabilitatejam
1795 892 1969 947 dicto-

309 997 441 1035 rum
465 980 961 1035 monasteriorum
986 984 1210 1037 statuta
1236 985 1375 1036 sunt
1396 982 1708 1055 refragare,
1731 986 1833 1036 aut
1850 981 1970 1035 haec

309 1067 370 1123 in
390 1085 689 1141 quoquam
712 1068 1065 1141 transgredi,
1081 1069 1231 1123 sciat
1253 1087 1313 1124 se
1332 1069 1704 1125 anathemate
1723 1070 1967 1125 innoda-

311 1162 462 1226 tum,
479 1161 655 1230 atque
675 1175 811 1213 cum
831 1156 1067 1213 diabolo
1088 1162 1144 1213 et
1165 1159 1294 1229 ejus
1318 1158 1701 1214 atrocissimis
1716 1158 1968 1230 pompis,

312 1250 487 1318 atque
502 1246 656 1302 Juda
674 1245 955 1301 traditore
980 1246 1213 1301 Domini
1242 1246 1425 1301 nostri
1452 1247 1592 1303 Jesu
1617 1246 1833 1302 Christi
1854 1252 1969 1301 tar-

311 1334 728 1390 tariincendiis
753 1335 1272 1390 concremandum.
1298 1337 1370 1389 At
1384 1352 1516 1390 vero
1548 1336 1595 1391 si
1627 1336 1721 1407 pio
1753 1334 1971 1389 intuitu

313 1424 652 1478 observator
667 1428 725 1477 et
741 1427 940 1479 custos
961 1422 1169 1479 ductor
1186 1422 1383 1490 fuerit,
1401 1422 1581 1495 hujus
1600 1424 1782 1480 nostri
1799 1440 1972 1495 apos-

312 1510 907 1579 tolioiconstituti,ad
934 1510 1162 1567 cultum
1193 1511 1296 1567 Dei
1328 1512 1712 1584 respicientis,
1744 1511 1971 1568 miseri-

313 1599 571 1657 cordiam
591 1616 623 1655 a
642 1600 1020 1655 misericorde
1040 1600 1156 1656 Deo
1175 1606 1376 1657 nostro
1410 1600 1815 1673 multipliciter
1835 1618 1971 1657 con-

313 1694 614 1762 sequatur,
641 1692 696 1744 et
728 1690 907 1745 beatas
939 1689 1069 1744 vita:
1102 1706 1409 1761 possessor
1439 1690 1590 1745 effici
1623 1694 1933 1745 mereatur.

385 1779 678 1851 Scriptum
712 1794 821 1849 per.
847 1794 1089 1833 manum
1123 1777 1366 1835 Joannis
1417 1778 1626 1835 notarii
1660 1779 1970 1852 regionarii

2079 640 2150 678 ne
2180 624 2594 699 prolengitudo
2626 626 2854 683 itineris
2883 626 3056 694 obsit,
3091 644 3124 682 a
3158 625 3366 682 vicinis
3415 625 3749 700 episcopis,

2079 711 2232 779 sicut
2261 730 2389 769 mos
2419 714 2661 778 exstitit,
2694 714 3108 770 ordinetur.Et
3138 715 3209 782 si,
3235 715 3392 786 quod
3425 714 3604 784 absit,
3629 714 3749 771 ali-

2078 818 2194 873 quo
2236 800 2411 857 livore
2444 802 2640 857 infecti
2690 807 2866 875 atque
2894 803 3114 858 invidia
3146 802 3455 857 ordinandi
3491 802 3754 859 distule-

2079 890 2218 957 rint,
2244 890 2352 945 bac
2385 890 2623 946 licentia
2655 892 2772 946 sive
2816 891 3104 964 privilegii
3142 892 3277 963 jure
3328 890 3603 960 revocati,
3640 910 3758 964 per

2078 978 2511 1035 institutionem
2553 979 2705 1035 hanc
2762 980 3144 1051 apostolicam
3204 997 3338 1035 cum
3398 981 3755 1036 testimonio

2079 1067 2308 1122 abbatis
2338 1067 2428 1122 sui
2459 1072 2516 1122 et
2546 1066 2777 1123 clericis
2809 1068 3064 1141 propriis
3099 1085 3306 1123 eorum
3341 1069 3621 1125 manibus
3646 1071 3755 1126 de-

2079 1160 2304 1210 cretum
2338 1155 2446 1211 hoc
2478 1156 2879 1229 subscriptum
2914 1156 3237 1212 ferentibus
3283 1157 3410 1219 sine
3457 1157 3757 1213 dilatione

2080 1244 2383 1300 ordinetur
2404 1261 2506 1317 pro
2539 1246 2985 1313 consuetudine,
3006 1251 3071 1302 ut
3102 1245 3302 1301 lumen
3336 1247 3491 1318 quod
3515 1246 3754 1302 ibidem

2081 1331 2366 1388 hactenus
2387 1336 2548 1388 tanto
2580 1338 2841 1405 tempore
2858 1350 2960 1405 per
2989 1333 3245 1405 episcopi
3265 1333 3754 1405 praedicationem

2080 1419 2433 1490 claruit,illis
2459 1422 2825 1493 temporibus
2857 1439 2972 1478 non
2996 1421 3321 1478 minoretur
3351 1423 3598 1479 omnino
3619 1429 3757 1493 aut,

2082 1509 2236 1580 quod
2268 1509 2431 1566 nefas
2474 1516 2582 1578 est,
2617 1511 3044 1583 exstinguatur.
3078 1511 3276 1582 Neque
3326 1511 3755 1584 episcoporum

2081 1597 2568 1670 metropolitanus
2592 1599 2662 1654 de
2692 1599 2929 1672 praafato
2959 1599 3667 1663 venerabilimonasterio
3693 1603 3753 1658 in

2080 1684 2309 1742 cellulis
2338 1686 2603 1758 ejusdem
2635 1686 2911 1756 ecclesia,
2945 1687 3064 1744 sive
3096 1688 3302 1755 titulis,
3333 1705 3436 1744 seu
3463 1690 3756 1746 oratoriis

2082 1775 2288 1830 ditioni
2302 1775 2489 1847 ipsius
2503 1775 2971 1844 constitutis,aut
2988 1776 3385 1833 ordinationes
3404 1778 3757 1847 facere,sive

312 1866 710 1922 atramentarii
746 1870 958 1921 sanctae
992 1867 1265 1922 Romanis
1299 1866 1748 1935 Ecclesiaa,anno
1779 1867 1970 1923 Domi-
1999 1902 2047 1968 B
2084 1880 2186 1935 pro
2219 1863 2478 1919 chrisma
2508 1864 2869 1921 conficiendo
2899 1867 3094 1920 venire
3138 1872 3312 1938 atque
3356 1867 3752 1940 exquisitam,

312 1957 455 2011 nicas
486 1954 910 2011 incarnationis
939 1955 1066 2022 996,
1095 1955 1413 2012 indictione
1445 1972 1738 2022 ix,menso
1769 1956 1969 2025 Junio,

314 2045 407 2100 die
437 2060 498 2100 ιι.
534 2044 685 2100 Bene
717 2043 918 2100 valete.

1099 2151 1190 2207 IV.

314 2255 584 2295 GREGORII
615 2256 682 2294 ΡΑ
698 2256 784 2295 ΡίΕ
821 2257 855 2295 ν
889 2256 1072 2295 BULLA
1102 2256 1212 2296 PRO
1244 2257 1606 2298 MONASTERIO
1647 2260 1694 2297 S.
1732 2258 1969 2298 MARTINI

967 2328 1314 2368 TURONENSI.

961 2401 1148 2468 (Anno
1178 2400 1331 2469 996.)

529 2488 715 2560 (Apud
751 2487 1002 2554 Mabill.,
1034 2493 1115 2545 De
1144 2506 1204 2545 re
1227 2488 1479 2562 diplom,
1516 2507 1571 2563 p.
1605 2491 1755 2561 669.)

387 2576 721 2633 Gnaeomus
749 2577 1086 2649 episcOpus,
1119 2594 1322 2634 servus
1362 2595 1662 2636 servorum
1694 2579 1814 2647 Dei,
1847 2596 1968 2634 om-

316 2665 492 2721 nibus
522 2665 802 2721 fratribus
833 2666 892 2720 in
926 2669 1279 2723 monasterio
1299 2668 1485 2724 sancti
1518 2668 1751 2724 Martini
1783 2670 1972 2723 viven-

316 2753 494 2823 tibus,
530 2754 741 2809 OTTONI
794 2755 1017 2811 scilicet
1061 2757 1280 2812 decano
1326 2757 1524 2814 eximii
1575 2758 1770 2831 gregis
1817 2758 1970 2813 beati

315 2842 554 2898 Martini
586 2844 817 2914 patroni
851 2845 1056 2900 nostri.

386 2931 647 2987 Innotuit
680 2933 825 2989 satis
866 2934 1122 3006 profecto
1142 2933 1315 3008 digne
1339 2936 1581 2992 auribus
1599 2936 1817 2992 nostris
1835 2952 1973 3007 qua-

310 3012 446 3076 liter
475 3019 629 3076 idem
661 3038 800 3094 grex
821 3040 979 3078 nunc
1001 3040 1189 3095 usque
1210 3025 1454 3097 degerit,
1473 3030 1650 3096 atque
1671 3024 1973 3096 privilegia

312 3114 437 3163 tam
467 3108 686 3180 regalia
718 3126 897 3181 quam
930 3128 1353 3182 praacessorum
1386 3116 1719 3168 nostrorum
1768 3113 1970 3168 domni

311 3197 593 3252 Adeodati
627 3204 803 3268 atque
833 3197 1054 3254 Nicolai
1086 3199 1379 3269 habuerit,
1406 3205 1492 3269 ut,
1527 3202 1783 3273 seposita
1816 3206 1972 3274 pote-

314 3288 468 3340 state
494 3284 810 3357 episcopali
842 3287 1143 3342 Turonieae
1174 3289 1359 3355 urbis,
1380 3290 1665 3362 quidquid
1700 3290 1758 3345 in
1790 3308 1970 3363 supra
1999 3274 2042 3341 (ἶ

314 3375 435 3429 fato
465 3388 638 3446 grege
670 3374 1103 3447 disponendum
1154 3384 1297 3445 erat,
1332 3377 1451 3435 sive
1501 3380 1819 3453 regendum
1870 3385 1970 3436 aut

315 3461 749 3535 corrigendum,
782 3464 965 3520 abbas
996 3466 1262 3535 ejusdem
1313 3467 1651 3524 monasterii
1695 3485 1829 3524 cum
1862 3486 1967 3525 suo

312 3552 878 3623 praepositomecnon
911 3554 1129 3611 decano
1161 3557 1504 3629 casterisque
1534 3557 1968 3629 probatissimis

306 3639 468 3708 viris,
485 3641 594 3696 sub
617 3642 983 3699 tuatenuerit
1005 3642 1242 3700 ditione.
1259 3646 1343 3701 Ob
1366 3644 1473 3701 hoc
1496 3647 1842 3719 pergrandis
1860 3664 1966 3703 nos

309 3729 659 3802 constringit
690 3730 1107 3787 sollicitudinis
1130 3750 1269 3789 cura
1300 3751 1544 3806 quaeque
1575 3736 1646 3790 ad
1680 3736 1965 3791 stabilita-

309 3823 427 3873 tem
460 3820 749 3890 pertinere
781 3820 1209 3893 dignoscuntur
1229 3822 1489 3879 locorum
1522 3826 1791 3880 ordinare
1809 3825 1969 3880 nobi-

305 3906 475 3962 lium.
509 3907 643 3964 Ideo
678 3910 1003 3966 secundum
1036 3915 1350 3983 antequam
1373 3913 1860 3969 consuetudinem
1892 3914 1966 3968 ei-

307 3995 441 4050 dem
469 3997 784 4052 venerabili
804 3997 927 4053 loco
945 3999 1278 4071 apostolicae
1308 4001 1698 4057 institutionis
1717 4019 1965 4058 censura

307 4083 642 4140 confirmari
694 4102 728 4140 a
775 4085 944 4142 nobis
993 4087 1272 4159 deposcit,
1325 4094 1618 4160 quatenus
1662 4090 1964 4165 privilegia

307 4188 434 4242 quas
466 4188 499 4227 a
530 4173 1061 4244 preedecessoribus
1093 4176 1312 4232 nostris
1343 4183 1558 4234 sanctae
1608 4180 1959 4236 recordatio-

307 4260 646 4327 nis,domno
677 4260 901 4318 scilicet
928 4263 1223 4319 Adeodato
1257 4270 1433 4337 atque
1463 4266 1698 4323 Nicolao
1731 4267 1962 4324 firmata

305 4366 435 4406 esse
479 4355 772 4419 constant,
808 4350 866 4406 in
919 4351 1030 4409 isto
1082 4363 1343 4426 tempore
1391 4360 1594 4411 nostra
1642 4356 1961 4428 apostolica

303 4437 492 4494 eidem
549 4438 674 4496 loco
734 4441 1080 4497 auctoritate
1140 4442 1379 4499 demum
1448 4445 1952 4504 confirmarentur.

301 4527 521 4584 Idcirco
569 4530 780 4585 vestris
828 4535 1157 4586 annuentes
1199 4531 1368 4600 votis,
1423 4531 1795 4604 praelatorum
1847 4534 1956 4601 Pa-

2080 1956 2387 2023 agere,aut
2417 1953 2787 2026 distringere,
2806 1952 2894 2010 vel
2930 1955 3002 2010 ad
3034 1970 3095 2010 se
3128 1955 3499 2027 presbyteros
3525 1973 3756 2013 convo-

2080 2058 2230 2109 care,
2247 2058 2353 2098 nec
2386 2041 2543 2098 ullus
2560 2043 2870 2115 episcopus
2903 2042 3109 2099 altaria
3131 2060 3332 2099 eorum
3355 2042 3752 2102 ecclesiarum

2081 2130 2206 2186 sine
2238 2147 2441 2187 eorum
2473 2131 2718 2187 consilio
2738 2132 2988 2187 vendere
3010 2133 3456 2203 praesumat,sed
3469 2150 3575 2206 per
3590 2134 3754 2190 hanc

2081 2219 2488 2276 auctoritatem
2519 2219 2806 2292 privilegii
2832 2220 3015 2276 nostri
3046 2220 3358 2293 episcopus
3380 2237 3449 2276 ex
3488 2222 3621 2295 ipso
3657 2239 3755 2278 ve-

2082 2308 2329 2364 nerabili
2360 2309 2717 2365 monasterio
2747 2307 3025 2365 canonice
3056 2326 3259 2365 curam
3299 2308 3656 2382 pastoralem
3688 2315 3753 2367 et

2082 2396 2537 2463 sollicitudinem
2562 2396 2873 2476 ministerii
2903 2396 2995 2454 sui
3030 2398 3089 2453 in
3127 2397 3385 2470 praelatis
3417 2398 3756 2471 adjacenti-

2082 2485 2215 2554 bus,
2229 2486 2318 2542 vel
2332 2488 2463 2559 subj
2473 2487 2786 2543 icientibus
2800 2485 3118 2542 nominatis
3138 2484 3571 2543 venerabilibus
3593 2486 3747 2543 locis

2082 2572 2313 2632 habeat.
2331 2576 2401 2631 Et
2418 2592 2780 2648 quaecunque
2790 2575 3158 2631 emendanda
3169 2580 3226 2630 et
3241 2574 3750 2647 corrigendasuut

2082 2681 2217 2720 cum
2249 2682 2540 2721 consensu
2574 2665 2805 2722 abbatis
2836 2664 2928 2720 sui
2971 2666 3253 2721 canonica
3283 2664 3655 2722 institutione
3681 2672 3744 2723 et

2082 2755 2409 2810 secundum
2442 2753 2706 2809 ordinem
2731 2757 2943 2809 cuncta
2962 2754 3289 2827 peragat.Si
3307 2771 3441 2810 vero
3464 2754 3743 2827 quaelibet

2082 2843 2376 2899 discordia
2406 2843 2559 2898 inter
2600 2842 2824 2898 vicinos
2873 2843 3197 2915 episcopos,
3235 2859 3339 2898 seu
3386 2842 3738 2916 episc0pum

2082 2933 2411 3004 praefatum,
2446 2932 2600 3004 quod
2634 2949 2749 2987 non
2792 2936 3087 3005 optamus,
3121 2937 3247 2987 orta
3302 2932 3497 3001 fuerit,
3534 2932 3743 2988 nullus

2081 3022 2294 3078 audeat
2324 3021 2534 3077 abbate
2564 3020 2808 3077 minime
2839 3026 3130 3077 annuente
3180 3020 3396 3093 saepius
3444 3020 3740 3078 nominati

2035 3137 2047 3145 -
2082 3111 2421 3167 monasterii
2454 3111 2793 3182 episcopum
2828 3110 3177 3183 distringere
3224 3109 3311 3166 vel
3362 3110 3423 3166 in
3474 3109 3743 3183 qualibet

2071 3199 2340 3269 judicare
2370 3203 2554 3271 parte.
2575 3199 2737 3265 Quod
2769 3200 2819 3254 si
2849 3200 3031 3255 abbas
3053 3200 3182 3270 ejus
3212 3199 3553 3255 monasterii
3572 3198 3740 3256 nullo

2081 3288 2253 3343 modo
2283 3286 2531 3343 valuerit
2551 3286 2703 3342 inter
2721 3303 2820 3342 eos
2838 3285 3188 3342 sententiam
3206 3286 3741 3355 delimare,nostris

2079 3376 2416 3449 apostolicis
2428 3375 2697 3432 eveniant
2707 3375 3012 3431 obtutibus
3025 3374 3335 3431 concordia
3351 3374 3739 3431 reformandi.

2079 3465 2263 3537 Igitur
2294 3464 2506 3538 regalis
2537 3464 2951 3520 munificentia:
2983 3462 3743 3535 edicto,simulquevotiset

2078 3554 2351 3625 precibus
2382 3558 2466 3610 tot
2498 3553 2760 3609 fidelium
2787 3553 3097 3609 annuendo
3128 3553 3531 3619 statuimus,et
3554 3551 3741 3624 hujus

2078 3647 2292 3698 sancta:
2325 3642 2654 3715 apostolica:
2686 3642 2845 3699 sedis
2868 3643 3099 3699 decreto
3129 3642 3438 3698 firmamus
3460 3647 3545 3712 ut,
3581 3642 3740 3699 sicut

2078 3731 2256 3803 hujus
2287 3731 2557 3804 prazcepti
2589 3730 2771 3787 series
2802 3731 3078 3798 continet,
3113 3731 3196 3786 ita
3216 3732 3514 3800 decamus,
3540 3748 3737 3787 sacer-

2076 3821 2243 3877 dotes
2276 3825 2378 3876 aut
2408 3819 2600 3876 clerus
2622 3821 2892 3893 ejusdem
2917 3820 3254 3877 monasterii
3276 3837 3369 3876 res
3388 3836 3596 3877 omnes
3617 3821 3736 3877 sibi

2075 3926 2318 3966 munere
2349 3909 2506 3981 regio
2537 3926 2846 3968 concessas
2880 3926 3015 3965 cum
3065 3909 3441 3965 universitate
3482 3927 3733 3966 suorum

2076 3997 2557 4071 appendiciorum
2577 4004 2855 4072 perpetuo
2875 3998 3215 4071 possideant
3231 3996 3631 4071 integerrime,
3652 3999 3736 4055 ita

2074 4093 2139 4142 ut
2170 4086 2392 4143 nullius
2422 4088 2727 4159 potestatis
2748 4088 2837 4143 vir
2859 4086 3184 4160 quidquam
3206 4084 3411 4142 exinde
3429 4087 3501 4141 de
3522 4103 3731 4143 eorum

2073 4176 2334 4233 dominio
2364 4176 2453 4233 vel
2484 4178 2856 4250 possessione
2889 4181 3207 4249 praesumat
3236 4177 3483 4246 auferre,
3518 4176 3578 4231 in
3612 4194 3731 4250 quo

2072 4264 2486 4321 misericordiae
2521 4284 2639 4322 suae
2667 4266 3015 4323 beneﬁcium
3044 4265 3202 4339 regia
3228 4264 3485 4338 dignitas
3522 4266 3729 4321 fratri-

2070 4355 2203 4422 bus,
2218 4355 2278 4411 in
2292 4357 2494 4412 eodem
2511 4356 2774 4412 cmnobio
2787 4356 2939 4413 beati
2956 4355 3191 4411 Martini
3206 4355 3599 4423 morantibus,
3618 4354 3732 4413 lab

2068 4442 2178 4515 giri
2193 4444 2503 4517 disposuit.
2521 4446 2854 4502 Statuentes
2869 4444 3187 4518 apostolica
3199 4460 3447 4500 censura
3458 4445 3571 4501 sub
3588 4447 3730 4501 divi-

2068 4532 2126 4586 ni
2133 4532 2345 4603 judicii
2359 4533 2772 4599 obtestatione,
2789 4536 2844 4588 et
2857 4531 3250 4588 anathematis
3264 4531 3727 4603 interpositioni-

297 4622 455 4672 trum
475 4618 915 4674 institutionum
936 4620 1169 4675 decreta
1194 4637 1436 4693 prorsus
1455 4621 1790 4693 apostolicis
1810 4624 1959 4679 infu-
1986 4643 2034 4708 Ι)
2068 4622 2280 4687 bus,ut
2294 4620 2493 4677 nullus
2507 4639 2769 4694 unquam
2785 4628 3123 4678 nostrorum
3146 4637 3557 4677 successorum
3579 4638 3726 4693 pon-

297 4703 372 4759 lis
403 4706 1040 4780 sancimus,simulque
1070 4710 1273 4764 eadem
1307 4711 1654 4767 roboramus
1686 4711 1956 4783 apostoli-

298 4808 426 4847 cam
476 4797 775 4866 sequendo
834 4815 1124 4853 normam.
1182 4800 1549 4871 Quapropter
1607 4802 1953 4857 auctoritate

298 4880 453 4935 beati
486 4882 635 4937 Petri
670 4877 1067 4955 apostolorum
1101 4886 1383 4959 principis
1414 4887 1952 4956 fulti,decernimus

298 4968 562 5024 condicto
595 4976 952 5030 monasterio
984 4980 1175 5030 vestro
1207 4980 1529 5031 statuentes
1561 4993 1801 5048 prorsus
1823 4995 1951 5035 om-

298 5056 395 5110 nia
424 5073 551 5127 quae
585 5076 770 5129 usque
801 5078 955 5117 nunc
986 5067 1149 5129 sunt,
1182 5068 1237 5119 et
1269 5069 1332 5119 ut
1371 5064 1544 5120 liceat
1581 5066 1799 5122 ibidem
1849 5067 1951 5123 ha-

298 5144 431 5199 bere
462 5146 801 5217 episcopum
833 5149 986 5204 sicut
1021 5167 1054 5204 a
1086 5152 1295 5221 priscis
1322 5154 1685 5224 temporibus
1705 5156 1835 5223 fuit,
1852 5173 1955 5228 per

296 5232 467 5302 cujus
499 5234 967 5303 praadicationem
1004 5238 1275 5307 populus,
1302 5240 1467 5319 quia
1495 5242 1740 5299 diversis
1772 5245 1952 5317 regio-

296 5320 472 5375 nibus
521 5321 726 5376 devota
776 5329 971 5377 mente
1020 5327 1280 5395 quotidie
1330 5329 1402 5384 ad
1435 5336 1639 5386 sancta
1684 5333 1948 5403 ejusdem

295 5409 646 5464 confessoris
676 5408 892 5465 Christi
927 5415 1260 5468 monasterii
1287 5415 1493 5471 limina
1523 5420 1836 5492 concurrit,
1869 5438 1951 5477 re-

295 5497 489 5552 media
520 5496 802 5568 percipiat
829 5515 864 5552 a
893 5499 1161 5555 Creatore
1203 5503 1562 5561 animarum.
1593 5509 1662 5563 Et
1713 5512 1947 5581 quando

293 5582 600 5654 episcopus
631 5582 817 5638 sancti
848 5582 1199 5654 praafatiloci
1217 5588 1287 5641 de
1314 5590 1423 5646 hoc
1442 5593 1652 5648 smculo
1671 5596 1949 5669 migrave-

292 5669 461 5747 ιιίιθθι
490 5671 639 5730 alius
672 5671 745 5727 ab
778 5671 986 5745 abbate
1013 5687 1238 5730 necnon
1268 5679 1473 5733 eadem
1498 5688 1947 5759 congregatione

2065 4710 2314 4778 tiﬁcum,
2330 4715 2431 4766 aut
2443 4710 2707 4782 qualibet
2720 4710 3002 4783 dignitate
3014 4710 3296 4783 praeditus
3308 4714 3600 4782 potestate
3611 4755 3624 4777 ,
3636 4709 3726 4767 vel

2064 4798 2179 4855 alia
2202 4815 2567 4870 quaecunque
2592 4817 2806 4872 magna
2827 4816 3122 4872 parvaque
3144 4815 3394 4872 persona
3405 4804 3727 4870 praesumat

2063 4891 2266 4943 contra
2291 4887 2401 4943 hoc
2432 4892 2699 4944 nostrum
2731 4888 3117 4961 apostolicum
3153 4886 3439 4961 privilegii
3467 4903 3726 4960 praecep-

2062 4980 2189 5032 tum
2221 4994 2411 5050 agere.
2430 4978 2630 5034 Potius
2653 4983 2851 5034 autem
2876 4977 3288 5033 firmissimum
3313 4982 3487 5048 atque
3510 4977 3727 5034 stabile

2062 5083 2197 5122 eum
2228 5069 2277 5139 ej
2291 5085 2357 5123 us
2378 5067 2744 5140 temporibus
2765 5067 3135 5125 decernimus
3156 5065 3645 5138 permanendum.
3661 5066 3726 5122 Si

2063 5153 2194 5225 quis
2226 5158 2423 5210 autem
2456 5154 2717 5225 quolibet
2742 5154 3197 5227 tempore,quod
3229 5152 3571 5208 nullomodo
3592 5170 3723 5208 cre-

2064 5243 2281 5312 dimus,
2297 5243 2477 5315 hujus
2502 5245 2803 5300 decretum
2827 5242 3111 5317 privilegii
3133 5241 3455 5314 apostolica
3474 5242 3726 5297 auctori-

2060 5335 2176 5388 tate
2203 5333 2505 5388 ﬁrmatum
2538 5333 2597 5389 in
2629 5338 2772 5403 toto,
2806 5333 2894 5390 vel
2925 5333 2986 5388 in
3017 5336 3182 5406 parte
3210 5337 3502 5387 temerare
3533 5335 3721 5387 tenta-

2057 5422 2356 5488 verit,suzc
2387 5422 2864 5500 pra:_sumptionis
2885 5422 3066 5495 digna
3085 5418 3498 5476 emendatione
3520 5419 3721 5476 minus

2059 5510 2327 5577 correxit,
2381 5512 2529 5567 sciat
2594 5527 2657 5566 se
2706 5511 3054 5568 auctoritate
3110 5508 3336 5566 domini
3396 5508 3511 5563 mei
3562 5508 3720 5564 beati

2056 5599 2468 5670 Apostolorum
2501 5599 2784 5671 principis
2838 5599 2988 5656 Petri
3036 5595 3431 5654 anathematis
3482 5595 3719 5653 vinculo

2057 5704 2185 5746 esse
2218 5688 2566 5746 innodatum
2598 5693 2655 5747 et
2685 5706 2718 5748 a
2750 5689 3051 5771 regnO'Dei
3083 5687 3558 5767 alienum,atque
3580 5702 3719 5748 cum
