3900 6358
120 452 241 515 909

1307 449 1709 511 ΕΡΙΒΤΟΙΑΕ
1755 446 1855 507 E'l‘
1902 447 2366 510 PRIVILEGIA.

3426 457 3546 517 910

124 584 361 642 diabolo
385 589 440 640 et
463 584 593 656 ejus
621 582 1003 639 atrocissimis
1032 583 1260 655 pompis
1287 587 1498 638 interno
1532 582 1782 637 incendii
1811 583 1868 649 Α
1896 581 2269 637 ecclesiarum
2306 583 2558 639 cultores
2602 585 2983 658 comperiant,
3019 590 3195 659 atque
3225 589 3446 658 fideles,
3484 608 3549 646 eo

125 672 420 746 supplicio
452 673 822 746 deputatum,
856 677 915 728 et
947 677 1236 744 perpetua:
1286 670 1791 727 condemnationis

125 760 626 818 summissum.At
653 777 786 815 vero
819 760 918 833 qui
950 762 1287 816 observator
1306 766 1362 815 et
1392 766 1591 815 custos
1612 760 1791 831 hujus

124 850 310 907 nostri
343 847 651 921 apostolici
694 848 980 921 privilegii
1029 850 1334 915 exstiterit,
1368 850 1792 904 benedictionis

122 940 373 1014 gratiam
404 938 702 1009 vitamque
734 943 1013 992 aeternam
1046 956 1079 993 a
1110 938 1657 992 misericordissimo
1690 938 1792 991 Do-

124 1030 285 1083 mino
318 1028 436 1083 Deo
472 1033 671 1081 nostro
703 1027 983 1097 consequi
1020 1033 1334 1080 mereatur.

193 1117 494 1188 Scriptum
520 1132 622 1187 per
643 1133 856 1170 manus
881 1115 1028 1170 Petri
1052 1116 1263 1169 notarii
1291 1121 1345 1169 et
1362 1115 1647 1169 scriniarii
1665 1133 1794 1169 san-

124 1212 225 1261 cta:
250 1208 526 1261 Romamn
552 1203 841 1271 Ecclesiae,
868 1204 927 1257 in
954 1222 1155 1259 mense
1179 1204 1508 1275 Septembri
1542 1210 1598 1258 et
1634 1204 1790 1257 indi-

123 1295 315 1350 ctione
345 1293 599 1349 decima.

195 1383 412 1439 Datum
454 1399 518 1437 ιιι
550 1381 677 1435 Kal.
712 1382 979 1437 Octobris
1014 1398 1117 1453 per
1148 1398 1360 1438 manus
1389 1381 1635 1436 Joannis
1664 1380 1790 1452 cpi-

123 1472 282 1545 scopi
302 1475 360 1526 et
383 1469 813 1526 bibliothecarii
845 1476 1060 1526 sancta:
1093 1470 1249 1525 sedis
1279 1470 1789 1542 apostolicze,anno

125 1560 303 1618 donni
333 1558 598 1633 Gregorii
630 1558 696 1624 V,
730 1576 894 1632 papae
942 1558 1152 1631 primo,
1186 1558 1514 1630 imperante
1573 1559 1787 1613 domno

122 1650 291 1706 tertio
323 1649 556 1715 Ottone,
593 1663 627 1704 a
656 1647 771 1703 Deo
821 1652 1119 1716 coronato,
1151 1664 1364 1720 magno
1416 1648 1784 1718 imperatam,

125 1755 274 1795 anno
306 1737 518 1810 primo.
921 1807 966 1860 ν

381 1913 670 1954 BCCLESLE
707 1913 758 1953 Β.
802 1912 1078 1951 PROSPERI
1118 1912 1519 1952 CONSECRATIO.

128 1998 167 2051 Α
221 1997 479 2068 Gregorio
529 1996 566 2051 V
618 2011 765 2068 anno
814 1993 919 2047 997
975 1996 1139 2064 facta,
1193 1997 1346 2068 cujus
1402 1996 1792 2064 muniﬁcentia

193 2067 550 2124 monumento
577 2067 813 2139 appositi
841 2076 969 2120 sunt
988 2068 1191 2137 parieti
1224 2067 1468 2121 et'clcsim
1516 2074 1793 2137 sequentes

193 2156 406 2197 versus.

189 2227 378 2301 (Apud
414 2225 671 2299 Ughelli,
704 2226 864 2282 Italia
894 2242 1071 2293 sacra,
1106 2230 1251 2280 tom.
1287 2225 1360 2293 ll,
1397 2242 1530 2298 pag.
1562 2226 1717 2292 270.)

126 2318 309 2374 Teuzo
341 2320 695 2390 praesentem
728 2314 991 2370 fundavit
1022 2316 1335 2387 episcopus
1366 2316 1570 2383 aedem,

187 2407 271 2462 Ad
301 2407 490 2462 decus
519 2408 576 2460 et
604 2405 793 2460 sancti
825 2403 1083 2459 instituit
1114 2404 1403 2476 Prosperi.

124 2495 300 2567 Cujus
329 2496 403 2551 ad
444 2494 595 2550 hanc
626 2510 858 2565 semper
902 2494 1232 2549 veneranda
1279 2493 1583 2549 transtulit
1629 2509 1783 2560 ossa,

186 2583 329 2640 Cum
357 2599 520 2656 papa
548 2581 756 2654 quinto
785 2582 1023 2638 nomine
1054 2582 1353 2655 Gregorio,

126 2672 288 2729 Forte
316 2671 697 2729 Ticinensem
728 2670 828 2743 qui
861 2674 1001 2726 tunc
1034 2672 1311 2743 pergebat
1344 2671 1416 2725 ad
1450 2672 1675 2737 urbem,

189 2761 430 2818 Consilii
464 2760 619 2816 sacri
649 2776 891 2815 causam
925 2759 1235 2815 habiturus
1267 2759 1367 2813 ibi.

134 2849 589 2907 Pontiﬁcem..;..
621 2847 924 2921 multaque
956 2848 1131 2903 turba
1160 2854 1380 2914 secuta,

194 2938 462 3012 Suscepit
491 2938 682 2993 Teuzo
714 2952 863 3009 quos
893 2940 1059 3009 pater
1088 2935 1343 3009 hospitio
1370 2955 1383 3004 ;

130 3027 368 3084 Venerat
395 3026 648 3084 antistes
671 3026 876 3098 junior
905 3029 960 3081 et
992 3025 1117 3097 ipse
1146 3027 1398 3081 Joannes

193 3119 335 3175 Sede
367 3115 691 3181 Ravennali
723 3116 925 3171 dexter
949 3115 1217 3170 abiturus
1250 3115 1352 3170 ibi.

131 3209 263 3262 Cum
294 3207 517 3280 quibus
549 3222 583 3260 a
614 3204 769 3259 dicto
800 3203 992 3275 primo
1025 3204 1292 3258 Teuzone
1324 3207 1583 3275 rogatus,

196 3297 309 3352 Hoc
342 3313 448 3370 per
480 3312 543 3350 se
572 3293 859 3366 templum
894 3292 1148 3347 reddidit
1178 3294 1302 3365 ipse
1329 3310 1584 3348 sacrum.

132 3385 233 3441 'l‘ot
260 3385 438 3443 simul
473 3401 539 3440 ac
572 3382 753 3439 tantis
784 3383 997 3437 domus
1030 3387 1261 3437 sacrata
1294 3381 1575 3454 patronis,

195 3474 412 3548 Corpus
444 3478 538 3529 est
568 3471 833 3545 positum
862 3469 977 3539 hic,
1006 3470 1252 3542 Prosper
1281 3470 1452 3537 alme,
1489 3475 1680 3525 tuum.

131 3561 267 3620 Cum
298 3582 413 3637 quo
446 3562 683 3617 Venerii
716 3560 894 3616 simul
923 3577 1062 3615 ossa
1093 3559 1281 3614 levata
1311 3559 1485 3627 beati,

197 3653 379 3726 Hujus
411 3653 478 3708 in
508 3650 766 3706 ecclesia:
798 3648 1033 3704 condita
1064 3652 1202 3703 sunt
1233 3648 1430 3703 latere.

133 3739 272 3798 Sunt
301 3742 450 3808 haec,
483 3741 663 3795 dante
693 3738 830 3806 Deo,
856 3738 999 3792 dum
1030 3736 1239 3791 tertius
1271 3736 1517 3808 imperat
1547 3735 1714 3801 Otho,

192 3832 377 3903 Atque
408 3827 810 3887 Kalendarum
841 3826 996 3882 facta
1025 3842 1174 3881 nova
1203 3826 1328 3896 (leg.
1348 3825 1520 3896 nono)
1558 3822 1785 3879 Februi.

133 4020 393 4064 αηιοοιιιι
438 4022 603 4063 PAPE
639 4022 674 4061 ν
713 4017 1091 4061 Ριὶῐνιιεοιωί
1134 4018 1243 4057 Ρῐιο
1282 4018 1544 4057 ECCLESIA
1584 4016 1789 4056 Μνημ-

876 4090 1040 4129 ΝΑΤΒ.

770 4146 960 4215 (Anno
995 4145 1148 4215 997.)

139 4234 519 4310 (Coquelines,
555 4236 774 4291 Butler.
811 4235 1069 4306 privileg.
1102 4234 1273 4305 ampl.
1307 4234 1523 4290 Collect.
1560 4232 1600 4300 Ι,
1628 4231 1791 4303 292.)

203 4325 537 4384 Gamonws
568 4325 902 4397 episcopus,
930 4339 1130 4378 servus
1162 4337 1457 4377 servorum
1492 4320 1614 4388 Dei,
1645 4336 1794 4375 reve~

141 4416 484 4472 rendissimo
515 4419 573 4470 et
605 4413 980 4471 sanctissimo
1012 4411 1288 4466 confratri
1340 4415 1540 4464 nostro
1583 4410 1792 4465 JOANNI

140 4502 569 4577 archiepiscopo
627 4506 841 4557 sancta:
903 4500 1258 4555 Ravennatis
1285 4498 1571 4563 Ecclesize,
1607 4501 1663 4552 et
1693 4514 1795 4570 per

139 4592 391 4649 eamdem
426 4597 696 4648 sanctam
728 4591 1124 4645 Ravennatem
1153 4586 1472 4642 Ecclesium
1506 4587 1634 4656 ejus
1661 4602 1791 4640 suc-

140 4681 462 4738 cessoribus
494 4676 951 4750 archiepiscopis
976 4676 1034 4729 in
1066 4680 1432 4747 perpetuum.

202 4769 488 4833 Quoniam
502 4766 768 4824 omnium
792 4769 1132 4822 sanctorum
1146 4764 1244 4819 Dei
1260 4762 1791 4819 ecclesiasticorum

142 4858 317 4913 status
348 4876 382 4914 a
412 4860 722 4915 beatorum
758 4853 1154 4927 apostolorum
1189 4852 1471 4924 principis
1504 4851 1653 4906 Petri
1683 4852 1791 4906 do-

142 4943 333 5004 ctrinis
364 4945 724 5020 provehitur,
760 4948 818 4998 et
849 4943 921 4997 ad
949 4942 1078 5012 ejus
1124 4940 1399 4995 fulcimen
1434 4939 1632 5012 lapsze,
1666 4957 1790 5012 qua:

142 5039 293 5102 sunt,
323 5034 738 5101 resolidantur,
775 5034 1003 5104 oportet
1033 5030 1243 5085 merito
1274 5033 1537 5084 sanctam
1572 5030 1791 5083 Raven-

143 5125 325 5178 natem
367 5122 679 5180 ecclesiam
732 5120 1182 5176 minorationem
1217 5136 1334 5173 sua:
1366 5118 1680 5173 diwceseos
1710 5118 1793 5173 fa-

143 5207 401 5280 cientem,
418 5228 664 5268 suarum
682 5210 1037 5283 dignitatum
1056 5207 1222 5279 copia
1239 5212 1556 5271 carentem,
1571 5206 1650 5260 ita
1681 5207 1795 5261 cito

145 5298 386 5368 restitui,
425 5305 492 5357 ut
523 5316 734 5355 nomen
763 5298 941 5353 etiam
974 5296 1361 5367 metropolcos
1393 5312 1506 5349 non
1540 5295 1790 5351 amittat.

145 5381 561 5457 Cognoscentes
584 5388 788 5460 igituri
797 5403 965 5460 psam
981 5386 1040 5440 in
1055 5385 1212 5441 omni
1224 5386 1332 5439 bus
1347 5389 1797 5454 cassatam,con-

146 5473 291 5529 venit
320 5478 390 5533 ad
425 5479 555 5550 ejus
588 5475 959 5533 relevationis
988 5478 1210 5529 statum
1242 5471 1662 5529 auxiliatricem
1687 5490 1795 5528 no-

149 5563 323 5619 stram
376 5566 673 5639 porrigere
730 5566 1051 5629 dexteram,
1086 5567 1376 5634 quatenus
1434 5561 1586 5616 beati
1646 5561 1797 5617 Petri

148 5652 381 5719 apostoli
420 5654 580 5711 fonte
621 5658 841 5727 potata,
865 5652 1100 5708 Christo
1129 5653 1395 5723 juvante,
1431 5651 1557 5706 suis
1587 5651 1796 5707 reinte-

149 5742 336 5810 gretur
361 5741 705 5802 honoribus.
738 5743 808 5801 Et
837 5741 967 5799 ideo
1007 5740 1275 5799 omnium
1317 5743 1663 5798 sanctarum
1696 5741 1799 5799 Dei

1900 672 2053 743 quod
2070 674 2321 727 Joannes
2336 672 2807 745 archiepiscopus
2821 675 3087 745 ejusdem
3102 681 3315 733 sancta)
3335 678 3553 735 Raven-

1900 759 2052 814 natis
2075 760 2329 816 ecclesize
2352 763 2647 831 suggessit
2678 763 3007 835 apostolica:
3038 763 3290 821 almitati
3318 771 3551 836 nostras,

1900 853 2189 919 quatenus
2211 850 2357 903 conti
2369 867 2661 905 rmaremu
2686 850 2735 906 ei
2759 857 3065 925 praecepta,
3085 870 3211 925 qua)
3235 858 3375 910 sunt
3396 855 3554 911 edita

1901 934 1956 989 in
1982 938 2222 1007 prmdita
2246 943 2447 992 sancta
2482 939 2799 993 Ravennati
2829 940 3093 1009 ecclesia,
3117 945 3172 996 et
3203 942 3253 997 ei
3287 944 3359 997 ab
3391 948 3552 999 ante-

1900 1026 2230 1080 cessoribus
2255 1026 2468 1081 nostris
2488 1028 3554 1101 pontiticibus,suispraedecessoribus

1901 1114 2173 1184 largitata
2203 1120 2362 1185 sunt,
2393 1121 2566 1186 atque
2598 1132 2894 1172 concessa.
2927 1119 3108 1189 Cujus
3139 1119 3431 1191 precibus,
3465 1120 3553 1175 di-

1898 1202 2032 1255 vino
2055 1220 2269 1269 amore,
2306 1204 2575 1275 beatique
2615 1205 2967 1275 Apollinaris
2998 1207 3288 1279 pontiﬁcis
3312 1214 3367 1263 et
3397 1226 3552 1265 man-

1900 1292 2045 1363 tyris
2066 1291 2282 1345 Christi
2306 1294 2919 1361 succensi,amabilius
2951 1296 3211 1351 inclinati
3242 1299 3551 1354 conﬁrma-

1900 1396 2035 1435 mus
2066 1379 2141 1444 ei,
2163 1397 2227 1435 ac
2262 1380 2597 1436 stabilimus
2629 1382 2689 1436 in
2721 1384 3328 1456 perpetuum,absque
3357 1384 3556 1456 aliqua

1897 1469 2313 1534 diminutione,
2376 1471 2704 1525 secundum
2758 1470 3014 1542 priscam
3072 1472 3556 1529 consuetudinem

1898 1558 2185 1630 praedicta:
2217 1562 2431 1613 sanctis
2480 1558 2836 1615 Ravennatis
2884 1559 3165 1617 ecclesia.
3200 1562 3562 1635 Quapropter

1896 1647 2318 1702 confirmamus
2341 1647 2470 1718 jam
2505 1647 2611 1702 tibi
2637 1647 2849 1703 Joanni
2880 1648 3324 1723 archiepiscopo
3343 1650 3559 1708 Raven-

1894 1735 2035 1804 nati,
2059 1740 2117 1791 et
2144 1752 2249 1808 per
2278 1740 2332 1791 te
2365 1737 2425 1791 in
2455 1736 2791 1808 praadictam
2815 1736 3125 1794 ecclesiam
3156 1738 3556 1795 Ravennatem

1895 1824 2013 1880 tuis
2037 1824 2484 1881 successoribus
2516 1824 2572 1879 in
2606 1829 2953 1897 perpetuum
2979 1844 2992 1895 ;
3025 1826 3225 1900 itaque
3255 1827 3560 1884 conﬁrma-

1822 1950 1869 2016 Β
1900 1931 2032 1970 mus
2054 1918 2229 1986 atque
2258 1915 2705 1970 corroboramus
2739 1916 3160 1973 monasterium
3183 1917 3244 1973 in
3274 1916 3557 1973 honorem

1903 2004 2055 2059 beati
2082 2003 2279 2058 Hilarii
2312 2006 2715 2058 constructum
2749 2002 2808 2058 in
2830 2004 3120 2061 territorio
3144 2006 3295 2078 quod
3316 2010 3559 2061 vocatur

1903 2092 2163 2150 Galicata
2187 2108 2320 2146 cum
2346 2092 2523 2146 certis
2546 2093 2823 2148 afﬁnibus
2847 2092 2969 2148 suis
2992 2094 3196 2161 situm,
3216 2110 3350 2150 cum
3381 2094 3556 2150 rebus

1900 2180 2167 2236 videlicet
2192 2180 2488 2248 omnibus,
2514 2185 2571 2236 et
2600 2182 2875 2238 omnibus
2906 2182 3030 2237 suis
3052 2182 3311 2254 juribus,
3337 2187 3393 2237 et
3421 2198 3558 2240 cum

1900 2270 2059 2325 omni
2075 2269 2342 2340 judiciali
2388 2275 2674 2341 potestate
2708 2287 2834 2342 quis
2866 2277 2956 2328 est
2985 2270 3312 2328 exhibenda
3332 2272 3391 2327 in
3414 2288 3559 2343 pra-

1899 2358 2101 2430 scripti
2154 2356 2431 2414 territorii
2495 2358 2721 2425 incolis,
2771 2360 3059 2428 videlicet,
3091 2360 3163 2415 ab
3213 2376 3329 2416 uno
3382 2359 3562 2417 latere

1898 2446 2160 2519 praedicti
2192 2447 2471 2502 territorii
2509 2447 2798 2516 Gollicati,
2825 2450 3018 2507 Massa
3050 2448 3283 2517 Balneo,
3319 2466 3443 2521 quae
3475 2453 3564 2505 est

1890 2538 2048 2608 juris
2096 2535 2283 2591 sancti
2343 2536 2517 2605 Petri,
2552 2542 2608 2592 et
2639 2538 2950 2596 comitatus
2984 2539 3307 2608 Bobiensia,
3344 2540 3418 2595 ab
3446 2540 3561 2597 alio

1896 2626 2076 2681 latere
2097 2626 2246 2697 juga
2272 2623 2508 2696 Alpium
2541 2625 2675 2682 finis
2706 2627 2952 2696 Tusciae,
2986 2644 3021 2683 a
3049 2627 3222 2683 tertio
3247 2627 3430 2683 latere
3461 2644 3559 2685 co-

1896 2715 2141 2769 mitatus
2182 2713 2568 2785 Populiensis,
2612 2721 2785 2786 atque
2826 2734 2861 2772 a
2891 2720 3099 2789 quarto
3126 2715 3305 2772 latere
3334 2717 3562 2789 Fagen-

1893 2803 2033 2859 tella
2054 2807 2433 2874 percurrente
2454 2809 2512 2857 et
2541 2803 2715 2859 ﬂuvio
2748 2805 2989 2875 Rap.....
3021 2807 3312 2876 quatenus
3333 2808 3399 2859 tu
3430 2804 3557 2877 ipse

1892 2892 2150 2948 Joannes
2173 2889 2647 2962 archiepiscopus
2668 2892 2872 2963 tuique
2885 2908 3253 2949 successores
3272 2892 3331 2948 in
3355 2909 3555 2965 perpe-

1892 2985 2061 3037 tuum
2111 2979 2375 3033 habeatis
2423 2982 2889 3050 potestatem.....
2925 2980 3080 3037 idem
3122 2981 3549 3037 monasterium

1894 3070 2081 3125 sancti
2105 3067 2323 3124 Hilarii.
2412 3110 2422 3121 .
2438 3084 2572 3123 cum
2596 3068 2917 3140 supradicti
2937 3069 3214 3125 territorii
3236 3072 3547 3141 potestate,

1892 3164 1949 3214 et
1969 3156 2207 3231 publica
2238 3157 2558 3224 functione,
2582 3161 2757 3229 prout
2785 3157 2950 3214 vobis
2982 3157 3194 3214 melius
3224 3160 3552 3218 secundum

1894 3249 2165 3320 quod.....
2200 3246 2521 3303 Ordinandi
2573 3250 2630 3301 et
2680 3246 3052 3318 disponendi,
3083 3252 3287 3304 nostra
3329 3252 3558 3305 nostro-

1902 3354 2151 3408 rumque
2176 3335 2441 3391 omnium
2466 3352 2876 3392 successorum
2897 3340 3121 3393 remota
3145 3336 3558 3393 contradictio-

1900 3443 1993 3481 ne.
2013 3427 2257 3498 Insuper
2268 3424 2444 3480 etiam
2459 3424 2839 3480 concedimus
2856 3429 3032 3497 atque
3047 3425 3489 3493 conﬁrmamus,
3505 3429 3565 3481 et

1901 3515 2347 3570 corroboramus
2368 3511 2495 3578 tibi,
2519 3516 2575 3566 et
2591 3528 2694 3583 per
2722 3517 2776 3567 te
2808 3512 2865 3568 in
2898 3513 3237 3584 praedictam
3265 3512 3563 3569 Ravenna-

1898 3609 2125 3658 tensem
2158 3600 2484 3666 ecclesiam,
2518 3600 2754 3671 tuisque
2786 3601 3228 3656 successoribus
3259 3600 3318 3655 in
3352 3616 3557 3674 perpe-

1899 3690 2532 3759 tuum,Massam,qua:
2563 3693 2803 3743 vocatur
2834 3687 3101 3757 Fiscalia,
3122 3705 3257 3745 cum
3288 3689 3448 3744 omni
3470 3690 3566 3761 ju-

1898 3780 2097 3838 diciali
2130 3782 2415 3850 potestate
2444 3781 2501 3832 et
2533 3775 2769 3849 publica
2793 3777 3111 3846 functione,
3146 3781 3204 3834 et
3222 3793 3357 3834 cum
3388 3778 3564 3835 certis

1900 3869 2179 3929 afﬁnibus
2203 3865 2429 3933 suis,ab
2453 3881 2571 3921 uno
2604 3864 2829 3921 scilicet
2860 3863 3038 3921 latere
3067 3864 3560 3924 Ariell.....trans—

1897 3975 2086 4025 verso,
2119 3972 2245 4029 quae
2275 3958 2633 4009 vocatur.....
2664 3971 2678 4022 ;
2708 3953 2781 4009 ab
2830 3952 2944 4010 alio
2997 3952 3179 4011 latere
3226 3953 3560 4013 Deonorum

1900 4048 2337 4123 percurrentem
2367 4042 2427 4099 in
2461 4043 2683 4099 Padum
2702 4060 2715 4111 ;
2734 4060 2766 4099 a
2787 4042 2957 4100 tertio
2975 4040 3158 4100 latere
3188 4043 3411 4100 Padum
3437 4059 3562 4117 per-

1900 4140 2233 4193 currentem
2287 4148 2474 4206 usque
2525 4133 2597 4188 ad
2629 4131 2942 4189 dimidium
2974 4131 3162 4202 fundi,
3192 4132 3293 4206 qui
3324 4136 3563 4191 vocatur

1902 4229 2102 4295 Latus,
2164 4230 2341 4296 atque
2400 4240 2435 4279 a
2494 4226 2707 4295 quarto
2764 4221 3062 4278 latere.....
3123 4225 3561 4294 percurrentem

1901 4332 2089 4389 usque
2120 4315 2194 4370 ad
2226 4313 2473 4369 fundum
2508 4312 2608 4383 qui
2649 4316 2890 4367 vocatur
2918 4309 3270 4367 Ustuladum
3297 4327 3311 4378 ;
3344 4310 3561 4368 conﬁr-

1902 4421 2137 4462 mamus
2168 4418 2400 4475 quoque
2431 4416 2667 4456 omnem
2704 4399 3086 4472 judiciariam
3117 4401 3467 4471 potestatem
3499 4398 3561 4454 in

1900 4494 2028 4551 loco
2059 4497 2116 4548 et
2146 4491 2333 4563 plebe,
2368 4506 2493 4561 qua:
2540 4492 2783 4543 vocatur
2831 4504 3014 4543 cornu
3072 4485 3385 4542 cervinum‘
3423 4500 3559 4544 cum

1903 4583 2078 4640 certis
2099 4579 2377 4636 afﬁnibus
2400 4576 2546 4644 suis,
2580 4576 2707 4644 tibi,
2733 4580 2789 4631 et
2819 4592 2923 4646 per
2954 4579 3011 4630 te
3044 4573 3104 4629 in
3135 4572 3402 4629 eamdem
3425 4588 3561 4629 san-

1819 4686 1867 4750 D
1900 4680 2053 4735 ctam
2096 4670 2492 4726 Ravennatem
2543 4664 2851 4720 ecclesiam
2884 4664 3004 4719 tuis
3037 4661 3476 4720 successoribus
3500 4661 3562 4719 in

1903 4764 2275 4838 perpetuum.
2307 4754 2554 4824 Insuper
2584 4752 3007 4807 confirmamus
3039 4754 3096 4806 et
3115 4750 3562 4806 corroboramus

1900 4853 2007 4910 tibi
2061 4843 2272 4903 Joanni
2331 4840 2771 4911 archiepiscopo
2830 4838 3190 4896 monasteria
3221 4840 3337 4896 duo
3370 4839 3567 4912 posita

1900 4943 2058 4998 intra
2086 4935 2379 4992 civitatem
2428 4927 2882 4996 Ariminensem,
2918 4945 3103 4984 unum
3155 4928 3469 4985 fundatum
3502 4929 3562 4985 in

1902 5032 2183 5087 honorem
2216 5019 2402 5077 sancti
2432 5018 2668 5073 Thomze
2700 5016 2969 5088 apostoli,
3011 5016 3259 5074 alterum
3290 5019 3349 5074 in
3380 5016 3563 5075 hono-

1905 5136 2026 5174 rem
2050 5117 2261 5173 sancta:
2290 5107 2625 5180 Euphemia)
2651 5105 2947 5178 martyris,
2978 5123 3115 5163 cum
3138 5107 3301 5163 omni
3328 5107 3567 5180 integri-

1904 5212 2024 5263 tate
2067 5218 2269 5259 eorum
2319 5203 2439 5252 tam
2488 5195 2646 5250 intra
2701 5194 2972 5251 eamdem
3030 5195 3351 5266 civitatem,
3385 5211 3565 5268 quam

1903 5294 2180 5351 extra..’...
2214 5304 2343 5361 quae
2400 5286 2601 5341 eadem
2662 5283 3020 5340 monasteria
3076 5301 3181 5358 per
3232 5284 3566 5341 donationis

1905 5383 2179 5456 paginam
2218 5382 2412 5433 vestra
2434 5373 2681 5431 ecclesia
2703 5378 2899 5429 tenere
2920 5372 3266 5430 videtur.....
3299 5374 3566 5446 ejusdem

1905 5471 2161 5529 ecclesia:
2184 5467 2429 5523 diacono
2453 5462 2685 5519 Martini
2708 5462 2897 5531 ducis,
2933 5462 3377 5535 etHengleradte
3394 5460 3567 5517 comi-

1906 5561 2180 5616 tissae.....
2207 5560 2263 5611 et
2285 5552 2575 5627 praecipue
2610 5552 3033 5624 imperatorum
3066 5554 3184 5607 tam
3217 5550 3419 5607 eadem
3448 5563 3567 5603 mo-

1908 5646 2166 5705 nasteria
2187 5661 2365 5717 quam
2388 5648 2445 5697 et
2469 5641 2582 5698 alia
2612 5640 2739 5697 loca
2767 5642 2836 5697 de
2859 5642 2994 5713 jure
3024 5637 3281 5712 praedicti
3313 5633 3562 5703 diaconi,

1911 5738 2101 5805 eidem
2135 5737 2348 5794 sancte:
2379 5736 2579 5792 vestrae
2611 5730 2867 5792 ecclesia:
2900 5728 3244 5788 conﬁrmata
3273 5724 3333 5781 in
3365 5737 3566 5803 perpef
