3900 6394
388 407 511 472 941

1731 403 2102 468 GREGORII
2144 403 2195 466 ν
2238 403 2486 463 PAPIE.

3723 404 3838 461 912

396 547 840 616 tuum,necnon
858 559 1061 599 omnes
1091 543 1413 598 residentes
1445 545 1501 596 et
1531 539 1768 596 colonos
1800 539 2050 612 praefatae
2081 537 2137 605 Α
2164 537 2419 592 incendii
2470 535 2755 608 supplicio
2803 536 2880 591 sit
2924 538 3264 608 deputatus.
3300 536 3554 607 Insuper
3595 536 3751 591 sciat
3780 552 3839 589 se

397 632 753 689 Ravennatis
794 631 1072 700 ecclesiaz,
1106 636 1227 687 tam
1287 631 1345 685 in
1407 629 1691 685 comitatu
1750 626 2056 683 lladriensi

397 736 576 792 quam
608 719 667 776 in
701 720 1068 777 Ferrariense
1097 724 1155 776 et
1185 718 1560 775 Comaelense
1604 720 2055 784 commorantes,

396 810 463 863 ut
491 808 789 866 immunes
819 826 853 865 a
883 808 1047 865 bulla
1078 807 1335 881 publica,
1368 811 1423 863 et
1483 807 1723 880 angaria
1782 810 2061 861 maneant

399 896 736 966 functione;
772 898 874 954 sed
915 898 1141 971 jugiter
1188 897 1316 968 tibi,
1352 897 1587 968 tuisque
1619 896 2060 952 successoribus

399 985 921 1060 archiprwsulibus
934 987 992 1043 in
1007 991 1359 1060 perpetuum
1374 1002 1610 1042 omnem
1626 986 1650 1040 Γ
1650 985 1984 1040 unctionem
2005 989 2062 1040 et

398 1076 703 1148 angariam
739 1075 992 1148 exigant,
1028 1080 1085 1132 et
1107 1076 1261 1147 quod
1294 1076 1379 1132 eis
1411 1076 1482 1131 ab
1518 1075 1813 1130 actoribus
1848 1078 2060 1129 sanctae

401 1163 757 1221 Ravennatis
778 1163 1032 1221 ecclesiae
1066 1165 1244 1220 fuerit
1274 1165 1631 1236 injunetum,
1652 1180 1853 1219 verum
1887 1163 2062 1218 etiam

399 1253 778 1309 concedimus
810 1258 867 1309 et
897 1254 1321 1310 conﬁrmamus
1341 1254 1576 1309 vobis...
1601 1257 1804 1325 gentes
1827 1256 1881 1307 et
1914 1268 2065 1307 com-

400 1346 700 1399 morantes
722 1342 782 1398 in
804 1348 1113 1399 castro.....
1139 1347 1206 1399 ut
1240 1341 1465 1398 nullam
1499 1340 1797 1414 publicam
1821 1341 2066 1396 functio-

401 1448 537 1488 nem
559 1431 735 1488 faciat
764 1436 1003 1505 excepto
1034 1433 1219 1500 vobis,
1252 1432 1579 1504 vestrisque
1602 1430 2062 1499 successoribus,

401 1537 472 1578 ea
508 1519 778 1577 videlicet
809 1521 1034 1578 ratione
1062 1522 1314 1595 praeﬁxa,
1350 1526 1417 1576 ut
1448 1520 1648 1576 nullus
1679 1521 1815 1589 dux,
1848 1536 2063 1589 comes,

396 1610 748 1680 vicecomes,
783 1609 1166 1666 castaldo.....
1199 1626 1417 1681 magna
1469 1626 1761 1682 parvaque
1818 1626 2070 1682 persona

400 1698 659 1773 praefatis
690 1697 933 1768 colonis,
958 1703 1015 1756 et
1045 1698 1443 1755 residentibus
1478 1698 1736 1771 aliquam
1770 1698 2068 1771 publicam

400 1787 761 1844 functionem
780 1792 883 1844 aut
908 1787 1283 1862 angariam...
1317 1792 1419 1844 aut
1441 1786 1697 1860 exigant.
1732 1788 1841 1844 Sed
1874 1787 2067 1844 securi

401 1877 654 1951 etquieti
677 1877 737 1933 in
763 1875 1040 1933 omnibus
1063 1878 1173 1933 sub
1195 1881 1389 1934 vestra
1412 1877 1660 1933 tuitione
1685 1881 1741 1932 et
1759 1879 2064 1950 potestate,

401 1971 468 2022 ut
484 1966 831 2039 praedictum
853 1965 1244 2033 est,existant.
1262 1965 1452 2024 Simul
1475 1965 1651 2022 etiam
1671 1965 1972 2022 sancimus
2001 1971 2066 2022 ut

401 2059 606 2112 sancta
617 2054 925 2113 Ravennae
937 2054 1183 2112 ecclesia
1196 2073 1329 2112 cum
1346 2056 1469 2113 suis
1483 2055 1763 2127 subjectis
1781 2055 2062 2124 ecclesiis,

402 2144 557 2201 sicut
586 2144 929 2201 beatissima
958 2144 1241 2213 Romana,
1278 2145 1371 2201 cui
1402 2145 1519 2201 Deo
1551 2150 1786 2201 auctore
1814 2144 2065 2201 deservi-

403 2231 967 2302 mus,Eeclesia,nisi
990 2250 1092 2307 per
1104 2238 1341 2290 centum
1355 2233 1647 2291 curricula
1660 2251 1950 2290 annorum
1976 2251 2066 2291 res

403 2320 593 2393 ipsius
628 2320 1014 2378 excludantur
1054 2322 1414 2380 nullatenus.
1448 2323 1727 2379 Praeterea
1755 2342 1788 2379 a
1818 2323 2063 2379 ﬂumine

403 2409 674 2466 Punctari
691 2427 826 2467 cum
843 2411 1336 2485 PaludeArgentae
1353 2418 1407 2469 et
1420 2412 1695 2470 omnibus
1717 2413 2065 2485 pertinenti-

402 2498 1553 2574 bus,piscariis,terris,aucupationibus,
1568 2503 2069 2569 venationibus,u-

403 2592 643 2660 trasquc
656 2588 813 2661 rlpas
826 2606 961 2646 cum
976 2592 1204 2646 cunctis
1220 2591 1482 2646 aediﬁciis
1505 2590 1562 2645 in
1577 2592 1852 2663 praadieto
1868 2592 2066 2646 flumi-

403 2694 475 2733 ne
488 2676 637 2746 sitis,
670 2695 858 2750 usque
880 2679 952 2734 ad
976 2683 1211 2751 portum
1236 2680 1416 2735 maris
1443 2696 1547 2735 nec
1564 2697 1676 2735 non
1693 2685 1927 2752 portum
1954 2680 2065 2734 Vn-

400 2764 573 2836 lanae,
602 2784 790 2839 usque
812 2768 885 2823 ad
917 2767 1111 2824 locum
1136 2768 1235 2841 qui
1268 2767 1488 2823 dicitur
1518 2769 1739 2837 Cervia,
1773 2786 1907 2825 cum
1940 2786 2064 2826 om-

399 2854 577 2913 nibus
592 2854 888 2913 littoribus
907 2857 2065 2930 suis,silvis,qualibusqueinstrumentis

398 2942 481 2999 ibi
504 2944 778 3013 conditis,
802 2946 987 3014 vobis,
1013 2947 1342 3019 vestrisque
1372 2947 1814 3004 successoribus
1844 2948 1904 3002 in
1936 2966 2064 3021 per-

401 3036 648 3105 petuum
685 3033 1127 3090 conﬁrmamus.
1165 3034 1278 3091 Res
1307 3035 1482 3091 etiam
1514 3053 1717 3092 omnes
1748 3036 2068 3109 lapides,et

400 3124 597 3194 petras
619 3125 739 3177 tam
779 3140 962 3196 supra
999 3128 1238 3191 terram,
1289 3142 1465 3196 quam
1494 3126 1605 3181 sub
1637 3129 1872 3193 terram,
1906 3131 2067 3181 extra

398 3227 549 3283 opus
576 3209 637 3266 in
660 3210 915 3284 publicis
950 3212 1211 3268 aediﬁciis
1236 3212 1478 3284 positas,
1508 3217 1709 3270 vestra:
1744 3214 2064 3270 Ravennati

2168 626 2633 698 compositurum
2651 624 2777 681 auri
2795 625 2975 681 obrizi
2994 624 3094 680 lib.
3114 630 3456 682 xxxsanctzc
3481 626 3839 680 Ravennate:

2167 715 2445 771 ecclesim.
2476 717 2550 770 At
2596 732 2753 782 vero,
2783 716 2882 786 qui
2942 715 3038 786 pio
3095 714 3316 770 intuitu
3378 716 3736 771 observator
3787 715 3845 767 in

2170 806 2445 860 omnibus
2464 803 3114 871 exstiterit,custodiens
3135 804 3316 875 hujus
3337 804 3527 859 nostri
3553 804 3845 877 privilegii

2171 894 2509 960 constituta,
2543 894 2615 948 ad
2647 892 2872 948 cultum
2896 893 2996 948 Dei
3032 892 3376 965 respiciens,
3411 893 3848 949 benedictionis

2171 984 2421 1058 gratiam
2452 982 3005 1039 misericordissimo
3038 982 3285 1037 Domino
3319 983 3437 1038 Deo
3468 986 3686 1038 nostro
3711 983 3851 1037 mul-

2173 1073 2453 1146 tipliciter
2483 1077 2539 1129 ct
2568 1072 2697 1127 vitae
2726 1077 2953 1127 mternze
2977 1070 3271 1145 particeps
3296 1072 3419 1127 ﬁeri
3445 1077 3776 1137 mereatur,
3802 1084 3853 1128 et

2173 1179 2307 1217 cum
2340 1162 2563 1217 sanctis
2595 1161 2872 1217 omnibus
2905 1160 3162 1217 sociatus
3194 1167 3565 1234 permaneat.

2247 1252 2542 1323 Scriptum
2577 1268 2679 1323 per
2708 1268 2950 1306 manum
2985 1250 3135 1305 Petri
3170 1251 3483 1323 regionarii
3518 1251 3774 1319 notarii,
3802 1260 3857 1307 et

2175 1342 2464 1397 scriniarii
2486 1346 2700 1396 sancta:
2720 1340 3299 1407 RomanmEcclesize,
3315 1340 3375 1395 in
3395 1358 3607 1397 mense
3633 1342 3853 1397 Janua-

2177 1432 2262 1487 rio
2296 1435 2353 1485 et
2382 1430 2440 1486 in
2474 1430 2793 1486 indictione
2824 1449 2859 1485 x
2892 1432 2987 1502 (3).
3023 1430 3174 1485 Bene
3203 1430 3407 1486 valete.

2247 1520 2459 1575 Datum
2491 1537 2526 1575 v
2556 1518 2797 1575 Kalend.
2836 1519 3135 1574 Februarii
3185 1536 3287 1592 per
3337 1537 3558 1576 manus
3606 1521 3855 1577 Joannis

2177 1608 2433 1683 episcopi
2454 1607 2643 1664 sancti
2661 1607 3013 1664 Albanensis
3035 1606 3384 1675 ccclesim,et
3415 1608 3857 1666 bibfiothecarii

2178 1702 2392 1755 sancta:
2441 1696 2772 1770 apostolicze
2823 1697 3003 1763 sedis,
3038 1714 3191 1753 anno
3236 1698 3628 1771 pontiﬁcatus
3662 1700 3858 1755 domni

2178 1786 2439 1860 Gregorii
2488 1804 2650 1860 papae
2702 1787 2915 1859 primo,
2948 1786 3179 1859 imperii
3226 1793 3425 1843 autem
3456 1788 3678 1844 domni
3712 1792 3856 1844 tertii

2178 1876 2405 1932 Ottonis
2435 1875 2812 1948 imperatoris
2853 1877 3109 1948 augusti,
3145 1894 3298 1933 anno
3329 1877 3525 1950 primo
3558 1878 3625 1933 in
3662 1895 3857 1935 mense

2176 1966 2475 2022 Januario.
3398 1990 3401 1995 ·

2945 2073 3066 2130 V11.

2262 2179 2531 2218 GREGORII
2573 2181 2732 2220 PAPA:
2770 2180 2806 2218 V
2846 2179 3225 2219 PRIVILEGIUM
3269 2180 3513 2220 IIA'I'I'ONI
3542 2181 3771 2223 ΛΒΒΑΤΙ

2667 2251 2946 2291 PULDENSI
2985 2251 3343 2291 CONCESSUM.

2822 2325 3009 2392 (Anno
3039 2325 3192 2392 907.)

2428 2412 2703 2481 (Dronke,
2740 2411 2865 2468 Cod.
2899 2412 3124 2485 diplom.
3157 2413 3315 2468 Fuld.
3350 2430 3407 2485 p.
3440 2414 3597 2486 340.)

2249 2502 2587 2557 GREGORIUS
2617 2500 2950 2574 episcopus,
2983 2518 3185 2558 servus
3214 2520 3516 2558 servorum
3548 2504 3678 2559 Dei.

2249 2590 2527 2645 Omnium
2560 2589 2825 2645 ﬁdelium
2853 2590 3232 2662 praesentium
3252 2591 3523 2648 videlicet
3538 2610 3609 2648 ac
3628 2594 3852 2647 futuro-

2177 2695 2308 2732 rum
2339 2678 2558 2733 notitiaa
2593 2683 2792 2750 pateat
2823 2678 3075 2751 qualiter
3095 2696 3199 2752 per
3227 2680 3505 2736 meritum
3537 2682 3847 2755 dignitatis

2176 2766 2428 2822 Harmar
2478 2767 2788 2824 Fuldensis
2832 2768 3100 2823 Ecclesiae
3154 2769 3350 2825 abbati
3399 2773 3741 2827 venerando
3786 2773 3843 2826 id

2176 2856 2332 2927 quod
2354 2855 2540 2911 nostri
2573 2856 2960 2912 antecessoris
2990 2856 3175 2929 pietas
3205 2859 3495 2915 concessit
3516 2865 3725 2916 nostra
3752 2862 3847 2915 de-

2172 2945 2326 3001 votio
2351 2963 2467 3001 non
2491 2945 2815 3017 denegavit.
2835 2947 3085 3018 Ideoque
3103 2947 3241 3019 quia
3261 2948 3579 3019 postulavit
3608 2967 3641 3004 a
3675 2951 3844 3005 nobis

2175 3032 2420 3106 dignum
2445 3034 2722 3091 duximus
2752 3038 2818 3090 ut
2847 3035 3111 3106 ejusdem
3143 3035 3252 3091 loci
3283 3037 3635 3108 supradicta:
3657 3039 3838 3095 eccle-

2175 3121 2275 3177 siae
2295 3122 2610 3178 venerabili
2643 3124 3032 3179 antecessoris
3061 3124 3243 3181 nostri
3274 3128 3608 3182 renovando
3631 3130 3839 3185 conﬁr-

2175 3228 2473 3268 maremus
2512 3229 2880 3268 concessum.
2913 3212 3277 3270 Venerabilis
3306 3215 3465 3270 enim
3497 3222 3839 3273 antecessor

397 3298 654 3356 ecclesia:
692 3299 1003 3373 largimur,
1039 3306 1215 3373 prout
1241 3319 1344 3358 vos
1375 3302 1665 3375 vestrique
1697 3321 2066 3361 successores
2175 3305 2377 3356 noster
2397 3300 2565 3357 illum
2588 3301 2991 3374 supradictum
3016 3302 3287 3358 abbatem
3317 3304 3512 3359 Romae
3535 3322 3838 3363 consecra-

397 3388 471 3445 ad
489 3388 754 3461 ejusdem
780 3389 1039 3446 ecclesiae
1063 3390 1376 3447 utilitatem
1400 3392 1769 3465 praeviderint
1790 3410 2063 3450 exercen-

397 3476 524 3546 das,
555 3481 613 3535 et
642 3479 996 3551 operandas.
1033 3479 1297 3552 Denique
1329 3481 1727 3550 concedimus,
1761 3486 1818 3538 et
1848 3483 2063 3539 conﬁr-

396 3582 631 3623 mamus
664 3570 734 3624 ut
766 3568 837 3624 ab
871 3567 1067 3641 aliquo
1111 3570 1412 3626 sacerdote
1463 3571 1748 3626 Ravenna:
1795 3572 2058 3644 degente,

396 3659 498 3713 aut
517 3672 587 3712 ex
607 3655 837 3713 familia
860 3658 1127 3729 ejusdem
1160 3664 1374 3714 sancta:
1410 3659 1763 3716 Ravennatis
1783 3660 2058 3730 ecclesiae,

396 3761 501 3817 per
520 3748 704 3802 totam
739 3745 1034 3802 IEmiliam
1067 3751 1240 3820 atque
1275 3748 1638 3821 Pentapolim
1666 3748 1897 3805 nullum
1921 3750 2060 3806 telo-

397 3826 780 3912 neum,atque
802 3835 1307 3908 portaticum,sive
1330 3836 1749 3909 silliquaticum
1773 3838 2057 3912 exigatur,

395 3925 500 3980 aut
527 3908 838 3996 exposcere
868 3930 1278 3997 praesumatur.
1320 3908 1677 3996 Statuentes,
1715 3908 1895 4000 atque
1929 3946 2058 4002 pro-

397 4009 734 4083 mulgantes
773 4028 970 4068 coram
1012 4014 1149 4081 Deo,
1185 4019 1241 4069 et
1265 4015 1509 4071 terribili
1533 4017 1661 4086 ejus
1701 4017 1896 4073 futuro
1927 4035 2058 4073 exa-

395 4098 596 4156 mine..
610 4116 732 4172 .per
752 4099 934 4173 hujus
955 4102 1140 4157 nostri
1166 4102 1465 4175 apostolici
1483 4104 1768 4177 privilegii
1782 4107 2057 4179 paginam

396 4186 719 4269 sancimus,
770 4192 828 4245 et
885 4189 1039 4246 beati
1106 4190 1257 4247 Petri
1315 4193 1714 4263 apostolorum
1776 4195 2059 4269 principis

397 4266 746 4333 auctoritate
768 4277 1143 4335 decernimus
1171 4298 1183 4347 ;
1208 4285 1329 4336 tam
1351 4281 1680 4353 apostolica:
1714 4285 1871 4341 sedis
1892 4266 2056 4342 obte-

358 4373 375 4379 “
394 4368 627 4423 stamur
657 4365 888 4425 futuros
906 4369 1237 4441 pontiﬁces,
1263 4387 1557 4452 quamque
1581 4372 1680 4443 qui
1704 4373 2055 4430 ecclesiasti-

395 4472 495 4513 cas
526 4455 857 4513 functiones
909 4458 1393 4528 ministraverint,
1425 4459 1513 4516 vel
1572 4462 1750 4516 etiam
1809 4480 2055 4537 magnas

392 4561 719 4619 parvasque
740 4563 1043 4618 personas,
1079 4551 1135 4603 et
1193 4548 1491 4621 quispiam
1540 4551 1948 4623 cujuscunque
1981 4552 2058 4609 sit

2172 3388 2255 3444 vit
2285 3390 2455 3462 eique
2487 3390 2693 3445 debita:
2734 3391 3120 3462 subjectionis
3141 3392 3354 3465 jugnm
3388 3394 3670 3450 subeunti
3702 3414 3835 3451 con-

2174 3477 2350 3534 cessit
2370 3496 2505 3535 cum
2537 3478 2853 3536 dalmatica
2873 3485 2930 3535 et
2950 3479 3233 3536 sandaliis
3264 3482 3508 3538 missam
3541 3482 3836 3541 celebrate

2171 3568 2255 3623 Ad
2280 3569 2434 3640 quod
2459 3568 2724 3624 animum
2747 3570 3205 3641 vertentes,quia
3225 3570 3541 3642 specialius
3562 3572 3703 3629 aliis
3715 3576 3835 3631 suis

2173 3657 2578 3713 consimilibus
2623 3663 2834 3714 nostra:
2882 3659 3155 3714 Romana:
3187 3659 3455 3715 Ecclesia:
3487 3662 3830 3732 famulatur,

2172 3745 2484 3818 specialius
2517 3747 2780 3819 digniore
2808 3764 3049 3803 munere
3080 3748 3396 3824 condonari
3439 3751 3829 3808 decrevimus.

2171 3837 2359 3901 Quare
2393 3835 2519 3891 sine
2551 3837 2710 3891 omni
2744 3837 3201 3892 contradictione
3249 3844 3453 3894 nostra
3481 3841 3830 3897 auctoritate

2169 3924 2492 3995 apostolica
2522 3924 2920 3992 concedimus,
2946 3930 3012 3981 ut
3029 3943 3162 3981 cum
3182 3926 3499 3983 dalmatica
3528 3934 3588 3985 et
3618 3932 3829 3986 sanda-

2168 4011 2264 4069 liis
2282 4013 2523 4069 missam
2544 4013 2795 4070 celebret
2818 4014 3037 4086 talique
3057 4014 3298 4089 pignore
3322 4020 3534 4073 nostra:
3554 4018 3828 4075 Romana

2168 4101 2435 4158 Ecclesia:
2452 4103 2828 4174 .subjectione
2858 4104 3264 4175 praesignetur.

2240 4190 2534 4264 Scriptum
2583 4208 2687 4264 per
2736 4209 2946 4248 manus
2993 4192 3143 4249 Petri
3184 4195 3494 4267 regionarii
3530 4198 3747 4253 notarii
3778 4204 3829 4254 et

2167 4280 2457 4336 scriniarii
2478 4284 2693 4336 sancta:
2714 4281 2989 4337 Romamn
3027 4280 3294 4337 Ecclesia:
3326 4300 3480 4339 anno
3511 4283 3824 4341 Dominica:

2166 4369 2587 4424 incarnationis
2612 4369 3057 4442 nongentesimo
3090 4372 3519 4443 (nonagesimo)
3552 4376 3821 4445 septimo,

2165 4475 2366 4513 mense
2399 4457 2734 4526 Februario,
2770 4457 3088 4515 indictione
3137 4458 3383 4515 decima.
3418 4460 3571 4516 Bene
3620 4463 3823 4518 valete.

2235 4547 2448 4603 Datum
2469 4564 2548 4602 vn
2581 4546 2718 4602 Idus
2743 4548 2907 4602 Febr.
2933 4565 3036 4620 per
3057 4564 3270 4603 manus
3292 4549 3539 4604 Joannis
3567 4552 3822 4623 episcopi

393 4633 701 4726 dignitatis
716 4636 1336 4726 praaditadeomnibus
1359 4655 1539 4711 supra
1559 4639 1732 4695 dictis
1755 4640 2051 4714 capitulis,
2085 4660 2133 4726 Ι)
2166 4640 2378 4726 sanctae
2398 4634 2747 4726 Albanensis
2778 4635 3049 4692 Ecclesia:
3081 4642 3137 4692 et
3158 4636 3587 4694 bibliothecarii
3612 4647 3822 4696 sancta:

393 4738 523 4796 quae
542 4738 577 4778 a
597 4723 765 4780 nobis
789 4741 1069 4781 concessa
1108 4730 1267 4796 sunt,
1296 4726 1385 4782 vel
1418 4728 1782 4798 conﬁrmata,
1817 4747 2052 4804 quoquo

393 4811 567 4868 modo
587 4810 887 4870 licentiam
910 4814 1165 4871 habeant
1187 4833 1339 4889 saepe
1361 4816 1662 4873 nominata
1679 4817 1825 4890 loca,
1840 4818 1900 4875 in
1932 4838 2050 4877 uno

392 4898 669 4968 adunata,
703 4905 878 4974 atque
933 4903 1266 4975 specialiter
1320 4905 1649 4978 apostolica:
1697 4910 2048 4967 exarationis

390 4985 607 5061 pagina
650 4990 987 5061 conjuncta,
1022 4992 1379 5067 disjungere,
1412 4995 1500 5050 vel
1561 5013 1677 5051 uno
1738 4999 1809 5053 ab
1868 4999 2047 5057 altero

391 5073 666 5133 alienare.
692 5077 752 5134 Si
777 5078 909 5151 quis
932 5080 1173 5149 interea,
1197 5084 1353 5154 quod
1377 5101 1493 5139 non
1516 5085 1831 5157 credimus,
1866 5093 2046 5146 teme-

389 5164 544 5221 rario
567 5182 736 5234 ausu,
771 5173 975 5225 contra
996 5186 1064 5225 ea
1086 5187 1213 5243 quae
1236 5172 1310 5227 ab
1332 5172 1440 5228 hac
1474 5178 1675 5230 nostra
1704 5178 2048 5235 auctoritate

388 5253 483 5326 pie
495 5253 807 5311 etﬁrmiter
825 5274 930 5328 per
948 5256 1057 5314 hoc
1080 5264 1347 5316 nostrum
1371 5261 1743 5335 privilegium
1763 5266 2050 5338 disposita

387 5343 826 5400 suntcontraire
846 5347 1280 5415 tentaverit,aut
1296 5350 1354 5405 in
1375 5367 1671 5422 quoquam
1692 5356 2042 5427 transgredi,

387 5430 537 5488 sciat
557 5448 619 5489 se
640 5433 983 5489 auctoritate
1002 5434 1155 5491 beati
1182 5436 1332 5493 Petri
1366 5438 1614 5510 apostoli
1654 5442 2045 5502 anathematis

384 5520 617 5579 vinculo
649 5520 1022 5593 innodatum,
1056 5529 1113 5581 et
1143 5542 1276 5581 cum
1309 5526 1464 5583 Juda
1516 5527 1796 5585 traditore
1844 5534 2043 5590 aeterni

461 5625 538 5700 (3)
559 5627 640 5683 Ex
655 5630 874 5704 statuto
892 5646 926 5687 a
942 5630 1110 5704 nobis
1141 5630 1403 5704 Gregorii
1432 5631 1723 5702 pontiﬁcis
1744 5635 2043 5699 electionis

387 5712 505 5781 non
532 5714 666 5781 vero
695 5717 772 5759 ιι.
805 5701 957 5762 Bene
986 5702 1143 5762 enim
1170 5701 1519 5762 conveniunt
1548 5705 1763 5767 omnia.

2163 4725 2491 4797 apostolica:
2523 4725 2699 4782 sedis.

2914 4817 3062 4873 VIII.

2159 4922 2426 4961 EPISTOLA
2464 4922 2733 4961 GREGORII
2771 4923 2928 4962 ΡΛΡιῈ
2952 4922 3079 4963 νΛο
3117 4923 3377 4962 ΟΤΤΟΝΕΜ
3408 4923 3819 4966 ΙΜΡΕΠΛΤΟΙΙΕΜ

2803 4997 2988 5066 (Anno
3023 4996 3177 5064 097.)

2354 5085 2540 5156 (Apud
2575 5084 2862 5151 Miramm,
2906 5084 3038 5157 Opp.
3069 5084 3299 5157 diplom.
3337 5085 3433 5154 ΙΙΙ,
3465 5088 3625 5157 563.)

2230 5173 2565 5230 Gnsoonws
2592 5174 2924 5246 episcopus,
2962 5191 3162 5230 servus
3193 5190 3494 5229 servorum
3528 5176 3654 5243 Dei,
3692 5178 3818 5233 dile-

2158 5261 2422 5318 ctissimo
2472 5261 2590 5318 ﬁlio
2644 5263 2855 5320 Orrom
2900 5264 3299 5320 Romanorum
3330 5262 3674 5336 imperatori
3706 5270 3814 5322 Au-

2154 5357 2445 5423 gusto.....

2224 5441 2478 5513 [Equum
2510 5438 2690 5512 igitur
2709 5445 2765 5497 et
2789 5441 3035 5514 dignum
3058 5441 3460 5513 judicavimus
3494 5442 3810 5514 impcrialis

2152 5527 2433 5586 honorem
2464 5530 2769 5601 regiminis
2796 5534 2854 5586 et
2882 5534 3233 5602 potestatem
3266 5529 3592 5603 apostolica
3612 5537 3807 5586 aucto-

2153 5644 2244 5701 die
2288 5648 2517 5702 constat
2575 5643 2891 5720 legendum
2939 5663 3068 5704 esse
3117 5645 3321 5703 indict.
3355 5663 3391 5701 κ
3420 5651 3599 5721 prout
3637 5647 3802 5720 jacet,
