3900 6354
54 422 172 484 913

1245 414 1652 477 EPISTOLfE
1695 413 1796 475 ET
1839 413 2312 477 PRIVILEGIA.

3368 379 3487 470 9n

47 555 227 611 ritate
259 555 506 626 paterno
539 547 783 616 ﬁrmari,
804 549 947 606 etde
974 550 1134 605 omni
1167 549 1320 604 bona
1348 549 1646 604 voluntate
1674 553 1730 603 ct
1761 547 1814 614 Α
1841 548 2223 619 sanguineam
2257 562 2426 603 suam
2460 549 2664 603 contra
2695 541 3164 602 interdictionem
3206 542 3500 618 apostoli-

46 642 355 700 beneﬁciis
386 640 616 697 cunctis
669 640 740 695 a'.)
795 639 1170 712 imperatoria
1217 643 1503 711 potestate
1553 654 1716 692 sacro

48 731 186 787 huic
220 731 349 786 loco
381 731 678 786 concessis
709 730 918 802 dignas
951 731 1066 784 Deo
1097 730 1316 800 gratias
1349 730 1506 783 dare.
1531 731 1717 800 Atque

50 821 178 876 ideo
215 820 357 892 quia
387 819 652 892 postulas
683 836 716 874 a
749 819 919 873 nobis
945 819 1198 890 qualiter
1228 817 1419 872 locum
1443 821 1499 872 et
1519 817 1718 872 Eccle-

52 911 197 964 siam
231 907 589 980 Aquisgrani
621 907 837 980 palatio
869 907 1038 962 bonis
1071 923 1138 960 ex
1176 912 1366 961 vestra
1414 905 1718 960 devotione

51 999 393 1054 inchoatum
437 997 766 1069 principiis,
801 1001 1001 1051 nostra
1053 996 1456 1050 muniﬁcentia
1504 997 1718 1050 conﬁr-

59 1104 360 1142 maremus
392 1091 450 1142 et
481 1085 848 1141 auctoritate.

121 1176 190 1230 Et
220 1179 280 1230 ut
317 1175 499 1230 etiam
531 1175 676 1230 bene
711 1174 986 1228 inchoata
1036 1172 1322 1246 principia
1369 1189 1435 1227 eo
1481 1172 1719 1227 meliore

61 1265 172 1318 ﬁne
232 1268 567 1328 uterentur,
619 1262 967 1334 supradicta:
1020 1261 1288 1316 Ecclesia)
1345 1262 1721 1317 concedimus

57 1352 404 1408 clericorum
437 1351 949 1423 congregationem
981 1349 1400 1405 catholicorum
1443 1349 1719 1404 sublimi-

56 1443 298 1496 miter...
333 1445 395 1496 et
445 1445 512 1495 ut
561 1439 906 1511 regulariter
954 1439 1150 1492 vivant
1211 1439 1714 1493 commendamus.

58 1531 302 1602 Insuper
332 1528 514 1584 etiam
549 1527 870 1582 statuimus
903 1545 968 1582 ac
1001 1545 1102 1600 per
1124 1527 1307 1582 nostri
1332 1527 1602 1600 praecepti
1626 1545 1721 1599 pa-

59 1619 280 1689 ginam,
310 1622 369 1673 et
401 1617 460 1672 in
493 1617 840 1672 convulsum
893 1617 1258 1672 decrevimus
1301 1615 1358 1670 in
1411 1617 1721 1688 smpedicta

59 1705 319 1762 Ecclesia
339 1710 566 1778 septem
601 1705 930 1762 cardinales
961 1705 1322 1770 diaconos,et
1352 1705 1720 1777 presbyteros

61 1795 389 1851 cardinales
423 1798 670 1866 septem,
697 1793 834 1849 huic
865 1793 1132 1849 Ecclesire
1155 1794 1213 1848 in
1235 1810 1438 1848 eorum
1462 1793 1719 1848 ministe-

61 1885 142 1940 rio
171 1883 486 1952 deservire,
521 1900 591 1938 ea
619 1883 890 1938 videlicet
923 1884 1167 1947 ratione,
1193 1888 1257 1938 ut
1277 1883 1496 1937 nullius
1529 1882 1720 1955 digni-
1752 1915 1800 1980 Β

64 1973 195 2029 tatis
224 1989 481 2046 persona
525 1989 702 2044 super
755 1988 987 2026 sacrum
1039 1971 1222 2026 altare
1272 1972 1371 2027 Dei
1421 1971 1722 2043 genitricis

66 2061 252 2118 Maria:
283 2061 510 2117 ibidem
537 2061 925 2116 constitutum
962 2060 1205 2115 missam
1240 2059 1724 2133 celebret,pr;eter

71 2149 370 2222 prmdictos
393 2155 622 2223 septem
655 2149 982 2205 cardinales
1015 2149 1385 2221 presbyteros
1419 2155 1476 2204 ct
1506 2150 1725 2205 archic-

69 2241 366 2312 piscopum
404 2239 587 2310 hujus
619 2237 728 2293 loci
774 2243 830 2292 et
878 2237 1219 2310 episcopum
1271 2238 1575 2294 Leodiensi
1623 2240 1722 2311 qui

72 2327 288 2384 diaecesi
319 2327 620 2400 przesidet.
656 2327 724 2382 Et
753 2326 861 2381 hoc
894 2326 1266 2382 anathemate
1315 2326 1558 2382 firmiter
1597 2344 1722 2384 cor-

73 2416 436 2483 roboramus,
473 2421 581 2472 eto.

138 2505 346 2561 Datum
376 2521 480 2562 an.
513 2505 640 2571 997,
677 2519 877 2560 mense
913 2504 1232 2571 Februarii,
1270 2505 1588 2561 indictione
1619 2506 1724 2560 (le--

73 2593 403 2661 cima,scxto
437 2594 576 2650 Idus
609 2593 928 2660 Februarii,
953 2611 1056 2666 per
1081 2611 1322 2649 manum
1343 2594 1588 2649 Joannis
1611 2594 1725 2666 cpi-

75 2684 221 2757 scopi
254 2682 530 2740 Ecclesize
563 2688 778 2738 sancta:
825 2683 1176 2739 Albanensis
1208 2688 1264 2737 et
1295 2683 1722 2738 bibliothecarii

75 2777 276 2828 sancto:
308 2772 476 2828 sedis
505 2771 860 2844 apostoliczn,
895 2789 1047 2828 anno
1080 2773 1456 2845 pontiﬁcatus
1507 2773 1723 2844 Grego-

76 2860 138 2915 rii
165 2861 211 2914 V
241 2878 412 2935 papa:
451 2860 663 2934 primo,
699 2861 860 2932 regni
914 2860 1082 2916 tertio
1132 2860 1360 2916 Ottonis
1411 2861 1719 2932 imperato-

81 2949 152 3004 ris
178 2951 273 3021 (4).

851 3055 937 3112 IX.

83 3175 333 3220 (ΗΠ-260311
374 3179 543 3220 ΡΑΡᾸΞ
579 3180 616 3218 ν
655 3178 921 3217 EPISTOLA
961 3179 1031 3217 AD
1070 3179 1441 3220 \VILLEGISUM
1487 3181 1723 3220 Αιιοηιε-

525 3249 815 3289 PISCOPUM
856 3250 1014 3289 MOGU
1024 3251 1267 3290 NTINUM.

712 3343 899 3410 (Anno
930 3340 1082 3408 997.)

293 3447 488 3522 (Apud
521 3447 702 3502 Pertz.
737 3447 972 3503 Monum.
1005 3448 1181 3503 Germ.
1215 3449 1311 3504 III.
1345 3449 1498 3518 694.)

146 3569 386 3627 Gnaeos"
402 3587 501 3638 us,
537 3587 738 3626 servus
761 3587 1058 3626 servorum
1081 3571 1202 3637 Dei,
1219 3571 1426 3627 dilecto
1449 3573 1726 3629 confratri

86 3656 390 3714 Wiusciso
407 3657 855 3730 archiepisc0po
874 3663 930 3713 et
949 3659 1163 3713 vicario
1187 3663 1386 3715 nostro
1405 3659 1653 3716 salutem
1671 3667 1728 3718 et

87 3745 454 3816 apostolicam
482 3745 968 3802 benedictionem.

147 3833 379 3890 Decreta
407 3834 573 3891 enim
606 3834 810 3906 synodi
847 3835 1167 3906 Papiensis,
1203 3836 1418 3908 quibus
1459 3853 1563 3910 ego
1596 3837 1730 3894 licet

90 3920 350 3995 indignus
382 3923 712 3995 subscripsi
743 3928 800 3979 et
830 3941 949 3979 una
975 3941 1206 3980 mecum
1253 3925 1728 4001 archiepiscopus

91 4008 376 4069 Ravennas
390 4029 498 4068 nec
511 4029 628 4069 non
642 4012 1117 4086 archiepiscOpus
1131 4014 1256 4068 Med
1266 4013 1492 4070 iolanen
1501 4017 1581 4071 sis
1595 4034 1728 4073 cum

92 4095 208 4155 aliis
237 4101 654 4167 confratribus,
689 4118 906 4173 qumso,
941 4102 1137 4158 ducite
1168 4103 1241 4157 ad
1275 4105 1641 4172 memoriam,
1676 4111 1733 4162 et

93 4191 150 4240 ut
166 4187 281 4244 haec
310 4191 382 4246 ad
416 4190 744 4264 profectum
766 4190 1003 4246 veniant
1029 4190 1228 4246 auxilii
1253 4209 1488 4265 Operam
1514 4193 1732 4268 impen-

93 4273 217 4331 dite.

157 4365 202 4419 1.
233 4365 456 4424 Placuit
489 4372 704 4422 sanctae
737 4370 956 4441 synodo
981 4375 1046 4424 ut
1071 4385 1276 4426 omnes
1301 4371 1558 4443 episcopi
1583 4373 1732 4428 occi-

94 4451 356 4525 dentales,
393 4455 497 4530 qui
533 4456 590 4511 in
633 4457 995 4529 depositione
1043 4459 1261 4514 Arnolﬁ
1311 4459 1733 4536 archiepiscopi

94 4540 313 4599 fuerunt
327 4551 384 4601 et
401 4544 580 4602 certis
595 4545 851 4602 induciis
866 4548 1054 4604 vocati
1079 4549 1420 4622 Papiensem
1445 4553 1734 4624 synodum

96 4639 425 4701 spreverunt
456 4639 517 4690 et
546 4633 1020 4692 inconvenientes
1051 4653 1259 4694 causas
1289 4639 1360 4694 ad
1384 4640 1740 4698 confunden-
1769 4654 1816 4718 ι)

97 4718 220 4774 dam
249 4725 542 4796 synodum
575 4741 678 4797 per
708 4725 973 4782 laicalem
1006 4744 1316 4800 personam
1349 4729 1738 4800 miserunt,ab

97 4808 337 4884 episcopi
367 4813 564 4870 ofﬁcio
586 4816 1341 4888 suspendantur.Ade1bero
1369 4818 1736 4878 Lodunensis

95 4897 409 4984 episcopus,
445 4903 551 4976 qui
583 4905 762 4960 etiam
795 4905 1314 4978 metropolitanum
1339 4925 1514 4964 suum
1538 4927 1741 4984 appre-

98 4981 284 5042 hendit
309 4994 365 5046 et
395 4990 661 5050 tradidit.
695 4993 768 5049 ab
795 4994 1053 5068 episcopi
1085 4994 1277 5050 ofﬁcio
1318 4981 1735 5070 suspendatur.

95 5072 440 5135 Auctoritate
492 5079 634 5136 Julii
686 5099 848 5154 papae
909 5083 1203 5139 sancitum
1259 5089 1368 5152 est,
1409 5085 1510 5157 qui
1561 5087 1737 5144 etiam

100 5162 395 5222 orientales
425 5169 731 5242 episcopos
753 5172 824 5226 ad
846 5173 1136 5245 synodum
1157 5173 1353 5230 venire
1374 5180 1736 5246 spernentes,

101 5248 466 5323 depositionis
499 5276 627 5314 reos
649 5260 970 5331 judicavit;
1006 5261 1138 5318 illos
1163 5280 1299 5318 vero
1349 5264 1569 5336 absque
1601 5283 1738 5338 apo-

102 5339 289 5398 stolica
317 5347 666 5404 auctoritate
697 5349 994 5422 depositas
1024 5349 1369 5408 innocentes
1419 5369 1737 5410 remanere.

161 5431 212 5483 2.
242 5431 549 5491 Decretum
582 5443 671 5494 est
699 5439 874 5495 etiam
910 5445 975 5496 ut
1007 5458 1104 5496 rex
1137 5441 1447 5510 Robcrtus,
1483 5442 1580 5514 qui
1613 5459 1744 5498 con~

164 5556 236 5639 (fi)
267 5557 478 5639 _Simi_le_
501 5562 872 5637 privilegium
905 5566 965 5620 in
997 5565 1245 5622 ecclesia
1294 5567 1746 5639 metropolitano.

105 5620 438 5710 Foloniensi,
464 5620 523 5688 in
556 5629 674 5710 qua
691 5620 744 5710 ςῗ
740 5655 910 5692 nemo
939 5643 1149 5710 praeter
1169 5642 1393 5710 septem
1417 5620 1745 5697 cardinales

107 5699 458 5771 presbyteros
491 5699 672 5778 possit
714 5699 1272 5781 divinis‘niysterii's
1323 5713 1570 5782 operari.
1605 5736 1624 5760 ιι
1663 5713 1747 5769 Ita

1829 652 1958 691 cam
1991 638 2048 690 in
2079 636 2419 708 conjugium
2445 635 2710 702 duxit,ad
2738 634 3201 690 satisfactionem
3227 649 3502 690 convoce-

1827 729 1926 779 tur
1955 743 2090 779 cum
2124 721 2414 797 episcopis
2449 725 2543 780 his
2576 721 3060 796 nuptiisincestis
3080 721 3500 778 consentienti-

1828 812 1958 868 bus.
1995 814 2052 869 Si
2086 819 2281 869 autem
2316 813 2637 878 renuerint,
2671 812 3084 868 communione
3126 809 3447 883 priventur.

1897 903 1951 956 3.
1985 904 2128 958 Item
2178 908 2380 958 sancta
2437 903 2696 975 synodus
2756 901 3002 964 sancivit
3049 904 3115 954 ut
3153 897 3485 972 Neapolita-

1829 1007 1940 1045 nus
1989 991 2241 1058 invasor,
2275 991 2374 1063 qui
2438 989 2597 1046 illius
2659 989 2769 1046 loci
2831 987 3338 1061 archiepiscopum
3383 1005 3486 1062 ap-

1829 1080 2185 1152 prehendere
2216 1081 2347 1134 iecit
2379 1084 2433 1134 et
2465 1097 2526 1134 sc
2560 1080 2618 1133 in
2651 1079 2926 1134 eumdem
2959 1077 3153 1132 locum
3176 1094 3278 1150 per
3298 1077 3490 1135 Simo-
3579 1078 3590 1088 ’

1830 1170 2061 1222 niacam
2113 1168 2379 1223 hzercsim
2432 1167 2710 1224 constitui
2763 1167 2920 1234 fecit,
2971 1167 3086 1222 nisi
3137 1166 3482 1234 satisfaciat,

1837 1257 2382 1312 anathematizetur.

1902 1348 1952 1400 4.
1979 1347 2295 1401 Constituit
2318 1348 2491 1402 etiam
2519 1350 2582 1401 ut
2606 1346 2652 1401 si
2673 1347 2805 1418 quis
2829 1347 3483 1419 episcopus,presbyter,

1829 1440 1932 1492 aut
1963 1435 2265 1500 diaconus,
2301 1440 2402 1490 aut
2432 1435 2697 1502 clericus,
2727 1451 2878 1508 papa
2901 1433 3195 1490 incolume
3227 1437 3284 1490 et
3311 1451 3376 1490 eo
3399 1435 3487 1490 in-

1830 1523 2121 1593 consulto,
2154 1530 2255 1578 aut
2288 1524 2782 1596 subscriptionem
2818 1540 2920 1596 pro
2953 1524 3214 1579 Romano
3253 1523 3490 1596 pontiﬁ-

1830 1617 1962 1668 catu
1997 1613 2386 1680 commodare,
2421 1617 2524 1668 aut
2569 1611 2946 1684 pictationem
2998 1611 3358 1685 promittere,
3388 1615 3492 1667 aut

1831 1706 2268 1757 sacramentum
2301 1701 2557 1774 praebere
2587 1699 2915 1768 tentaverit,
2937 1704 3038 1756 aut
3063 1700 3300 1772 aliquod
3331 1705 3488 1758 certe

1829 1791 2175 1862 suffragium
2230 1789 2528 1863 pollicitus
2580 1788 2774 1856 fuerit,
2811 1788 2923 1845 loci
2973 1789 3065 1845 sui
3115 1789 3398 1862 dignitate
3428 1793 3489 1845 et

1831 1879 2097 1935 omnium
2131 1879 2394 1934 ﬁdelium
2426 1877 2839 1934 communione
2872 1877 3134 1950 privetur
3161 1882 3221 1933 et
3249 1877 3487 1934 anathe-

1833 1967 2106 2022 matizetu
2116 1985 2162 2022 r.
2182 1967 2450 2040 Synodus
2473 1965 2808 2038 Symmachi
2833 1982 2994 2038 papa:
3010 1983 3022 2020 :
3039 1966 3282 2024 Decrevit
3297 1973 3485 2024 sancta

1831 2057 2072 2127 synodus
2103 2064 2165 2112 ut
2191 2073 2348 2112 nemo
2377 2057 2555 2111 sancti
2579 2055 2818 2127 Spiritus
2864 2055 3067 2111 donum
3091 2054 3319 2112 vendere
3343 2071 3488 2128 prm-

1831 2153 2028 2212 sumat,
2063 2153 2160 2200 aut
2181 2161 2281 2217 pro
2319 2145 2558 2217 alicujus
2605 2145 2861 2217 episcopi,
2889 2143 3211 2217 presbyteri,
3243 2143 3484 2213 diaconi,

1836 2235 1916 2289 vel
1945 2235 2181 2306 alicujus
2219 2233 2430 2289 ordinis
2473 2234 2872 2288 consecratione
2897 2235 3189 2304 pecuniam
3222 2235 3484 2306 accipere,

1832 2331 1886 2380 et
1913 2326 2010 2397 qui
2038 2323 2148 2392 dat,
2181 2332 2231 2379 et
2259 2325 2354 2396 qui
2382 2325 2598 2395 accipit,
2631 2329 2682 2378 et
2701 2323 2798 2394 qui
2827 2321 3092 2378 mediator
3133 2329 3229 2390 est,
3261 2323 3488 2380 ancllae-

1833 2429 1925 2468 ma
1953 2416 2046 2468 sit.
3064 2421 3074 2432 ‘

1904 2503 1958 2557 5.
1997 2501 2221 2557 Placuit
2253 2501 2429 2556 etiam
2467 2501 2744 2556 omnibus
2776 2505 2842 2555 ut
2872 2499 3224 2556 Gisilharius
3255 2501 3333 2570 (5)
3362 2501 3490 2575 epi-

1836 2607 2069 2664 scopus,
2108 2591 2205 2663 qui
2242 2595 2444 2646 contra
2475 2605 2727 2646 canones
2759 2589 2957 2644 sedem
2989 2606 3157 2645 suam
3185 2590 3412 2647 dimisit
3433 2595 3492 2646 et

1835 2678 2010 2734 aliam
2046 2679 2276 2745 invasit,
2309 2677 2368 2732 in
2401 2676 2602 2732 Natale
2625 2676 2856 2732 Domini
2880 2677 3123 2732 Romam
3147 2679 3486 2747 vocatus,ad
3543 2671 3552 2682 ’

1835 2767 2318 2822 satisfaciendum
2351 2766 2577 2833 veniat;
2613 2765 2768 2838 quod
2793 2765 2841 2820 si
2866 2765 3147 2834 renuerit,
3168 2782 3202 2821 a
3223 2767 3488 2823 sacerdo-

1832 2854 1934 2910 tali
1967 2855 2157 2910 ofﬁcio
2193 2855 2629 2928 suspendatur.‘

1901 2946 1956 3000 6.
1991 2945 2205 3000 Notum
2235 2943 2400 2999 vobis
2431 2943 2609 2999 etiam
2641 2942 3187 3015 facimus,qualiter
3210 2961 3313 3017 per
3333 2959 3486 3001 com-

1833 3047 2073 3089 munem
2119 3048 2473 3088 consensum
2521 3031 2790 3100 fratrum,
2823 3031 3223 3088 Crescentium
3272 3037 3488 3091 sanctis

1834 3123 2108 3179 Romanze
2159 3121 2429 3178 Ecclesiae
2485 3120 2812 3176 invasorem
2863 3125 2920 3175 et
2969 3121 3427 3194 deprzedatorem
3456 3139 3494 3180 a

1835 3212 2056 3286 gremio
2091 3216 2302 3268 sancta
2334 3209 2604 3267 Ecclesia:
2635 3214 2694 3266 et
2725 3209 2992 3266 omnium
3037 3209 3300 3267 ﬁdelium
3331 3229 3490 3269 com-

1835 3301 2114 3357 munione
2145 3299 2601 3374 segregavimus,
2629 3302 2686 3354 et
2707 3301 2774 3354 ut
2793 3297 3208 3372 unusquisque
3227 3303 3488 3358 vestrum

1835 3390 1896 3446 in
1915 3407 2020 3446 suo
2043 3390 2383 3462 episcopatu
2405 3387 2542 3444 huic
2565 3387 2716 3443 facto
2739 3403 3047 3444 assensum
3082 3388 3338 3461 praebeat
3359 3388 3494 3446 cha-

1836 3479 2065 3534 ritative
2096 3493 2394 3550 rogamus.

1907 3603 2026 3674 Ego
2057 3599 2371 3671 Gregorius
2392 3603 2606 3654 sancta:
2629 3599 2929 3654 catholicae
2951 3601 3008 3654 et
3029 3597 3362 3670 apostolica:
3386 3599 3496 3659 Ro.

1838 3708 2023 3746 mante
2055 3687 2322 3745 Ecclesia:
2353 3685 2564 3760 pracsul
2597 3685 2944 3759 subscripsi.

1909 3797 2027 3868 Ego
2057 3796 2313 3852 Joannes
2344 3797 2559 3850 sancta:
2593 3791 2946 3848 Ravennatis
2972 3791 3242 3850 Ecclesia!
3295 3795 3494 3851 archi-

1839 3885 2150 3959 episcopus
2181 3881 2525 3954 subscripsi.

1912 3989 2236 4046 Landult‘us
2268 3992 2480 4044 sancire
2511 3985 2969 4042 Mediolanensis
3000 3985 3268 4044 Ecclesia:
3299 3989 3496 4046 archi-

1842 4079 2156 4154 episcopus
2188 4076 2534 4148 subscripsi.

1911 4185 2085 4240 Wido
2119 4181 2420 4257 Papiensis
2453 4181 2720 4238 Ecclesiae
2753 4182 3062 4256 episcopus
3109 4183 3455 4258 subscripsi.

1912 4284 2169 4340 Joannes
2179 4281 2244 4336 Al
2255 4281 2528 4336 bauensis
2543 4279 2808 4336 Ecclesiae
2822 4281 2911 4354 cpi
2921 4297 3133 4353 scopus
3144 4280 3493 4355 subscripsi.

1915 4378 2362 4436 Blinwarmund
2395 4382 2609 4433 sanctae
2641 4377 3031 4450 Hipponensis
3071 4377 3340 4434 Ecclesia:
3370 4379 3496 4451 epi-

1846 4487 2058 4542 scopus
2091 4465 2438 4542 subscripsi.

1917 4575 2240 4649 Sigil‘redus
2273 4577 2488 4628 sancta)
2520 4572 2854 4629 Parmensis
2883 4571 3150 4628 Ecclesiae
3183 4572 3496 4646 episcopus

1851 4663 2196 4736 subscripsi.

1920 4772 2174 4828 Joannes
2223 4767 2574 4824 Mutinensis
2619 4766 2887 4824 Ecclesiae
2937 4766 3266 4840 episcopus.
3315 4769 3502 4828 Adam

1847 4858 2228 4918 Taurinensis
2258 4857 2527 4914 Ecclesiae
2559 4857 2868 4930 episcopus
2901 4855 3248 4930 subscripsi.

1915 4966 2175 5022 Andreas
2208 4963 2534 5020 Laudensis
2565 4962 2831 5019 Ecclesiae
2876 4961 3506 5037 episcopusJoannes

1845 5053 2161 5113 Januensis
2192 5051 2460 5108 Ecclesiae
2494 5051 2824 5124 episcopus.

1918 5149 2337 5208 Constantinus
2353 5153 2567 5206 sanctae
2590 5149 2858 5206 Albensis
2880 5151 3152 5208 Ecclesiae
3173 5153 3506 5228 cpiscopus.

1919 5258 2191 5314 Albcrtus
2223 5261 2436 5313 sanctae
2472 5255 2768 5314 Brixcnsis
2799 5259 3068 5316 Ecclesia:
3101 5259 3433 5336 episcopus.

1923 5355 2280 5411 Liutit‘redus
2311 5353 2704 5410 Terdoncnsis
2734 5355 3004 5414 Ecclesiae
3035 5357 3346 5432 episcopus
3377 5359 3510 5415 sub-

1853 5462 2084 5518 SCI‘lpSl.

1855 5570 2162 5628 constituit
2194 5571 2304 5625 Leo
2338 5569 2408 5624 IX
2441 5570 2646 5640 pontif.
2683 5588 2834 5626 max.
2871 5589 3022 5627 anno
3058 5573 3212 5626 1052.

1929 5646 2004 5714 (5)
2039 5641 2538 5714 Mcrscburgcnsis
2568 5646 2622 5700 et
2652 5641 3194 5716 Magdcburgcnsis.
