3900 6366
304 370 421 433 918

1099 501 1165 560 Χ.

306 611 575 651 GREGORII
606 609 767 650 ΡΔΡΑΕ
786 609 821 648 ν
842 609 1022 649 BULLA
1054 609 1165 649 PRO
1194 609 1553 648 MONASTERIO
1586 607 1955 647 SUBLACENSI.

948 683 1134 751 (Anno
1163 682 1317 749 997.)

341 772 530 843 (Apud
562 768 865 835 Muratori,
899 770 1162 841 Antiquit.
1192 770 1312 824 Ital.
1347 776 1489 823 tom.
1526 770 1567 834 Ι,
1605 785 1718 841 pag
1770 770 1922 837 943.)

377 860 712 915 Ganeomus
746 858 1074 930 episcopus,
1111 875 1312 915 servus
1346 876 1644 913 servorum
1680 857 1960 922 Dei,reve-

305 947 641 1006 rentissimo
674 965 740 1001 ac
784 947 1245 1019 prudentissimo
1295 948 1481 1002 Pareo
1531 949 1871 1019 presbytero
1903 951 1959 1002 et

305 1038 592 1094 monacho
620 1041 797 1109 atque
829 1036 1184 1107 peritissimo
1217 1036 1414 1090 abbati
1454 1035 1801 1091 venerabilis
1833 1052 1956 1091 mo-

308 1126 545 1185 nasterii
596 1126 782 1181 sancti
828 1126 1180 1180 confessoris
1220 1142 1283 1180 ac
1336 1124 1519 1196 patris
1553 1125 1869 1193 Benedicti,
1902 1129 1960 1179 et

304 1221 520 1273 sancta:
548 1214 794 1288 virginis
826 1215 1042 1270 sororis
1073 1216 1201 1285 ejus
1222 1213 1774 1286 Scholasticagquod
1799 1214 1959 1285 poni-

301 1311 400 1363 tur
431 1306 489 1361 in
523 1304 796 1370 Sublaco,
831 1304 936 1357 tibi
967 1305 1200 1375 tuisque
1234 1302 1674 1359 successoribus
1696 1302 1956 1358 inibide-

303 1393 693 1452 servientibus
721 1392 809 1447 vel
846 1391 1278 1447 introeuntibus
1309 1392 1366 1447 in
1409 1396 1776 1463 perpetuum.

376 1484 437 1540 Si
469 1499 700 1554 semper
728 1486 868 1537 sunt
898 1481 1269 1535 concedenda
1312 1497 1437 1552 qum
1490 1481 1602 1552 piis
1651 1479 1957 1535 desideriis

304 1574 655 1645 congruunt.
690 1574 908 1642 quanto
956 1568 1327 1641 potissimum
1361 1587 1448 1634 ea,
1483 1587 1609 1641 qua:
1641 1587 1744 1641 pro
1777 1568 1955 1623 divini

305 1661 500 1717 cultus
512 1657 891 1732 praerogativa
914 1674 1041 1712 esse
1066 1661 1408 1722 noscuntur,
1427 1674 1541 1711 non
1557 1663 1696 1713 sunt
1717 1656 1956 1713 omnino

304 1749 591 1821 neganda,
626 1747 766 1819 quia
792 1750 934 1802 sunt
963 1763 997 1801 a
1028 1744 1404 1818 largitoribus
1433 1763 1545 1800 non
1592 1746 1783 1801 solum
1818 1763 1956 1818 pos-

304 1839 509 1905 cenda,
542 1836 643 1892 sed
676 1834 980 1891 charitatis
1010 1833 1179 1890 titulo
1211 1833 1411 1906 procul
1445 1835 1623 1890 dubio
1653 1834 1953 1907 exigenda.

305 1926 506 1983 Petisti
539 1941 645 1980 nos
678 1923 858 1997 igitur
880 1928 1172 1995 quatenus
1204 1924 1655 1979 concederemus
1680 1925 1800 1980 sive
1825 1941 1960 1978 con-

304 2016 677 2072 ﬁrmaremus
691 2018 802 2068 tua)
823 2011 1193 2084 religiositati
1218 2011 1618 2083 supradictum
1644 2017 1812 2067 tuum
1838 2029 1954 2068 mo-

303 2103 630 2161 nasterium
662 2100 849 2157 sancti
881 2100 1176 2155 Benedicti
1208 2105 1265 2155 et
1296 2105 1509 2156 sanctas
1560 2101 1953 2170 Scholasticze,

304 2194 459 2267 quod
490 2191 729 2265 ponitur
749 2190 808 2245 in
824 2188 1094 2256 Sublaco,
1111 2206 1244 2244 cum
1267 2189 1429 2244 cellis
1446 2194 1503 2246 et
1523 2191 1823 2260 coenobiis,
1841 2208 1958 2247 una

305 2299 441 2338 cum
472 2284 633 2336 turre
663 2282 719 2333 et
749 2281 962 2333 cuncta
991 2276 1378 2349 supellectilia
1413 2295 1636 2346 eorum,
1672 2296 1791 2334 una
1820 2296 1955 2335 cum

307 2386 507 2443 specu,
525 2368 624 2423 ubi
640 2365 1017 2423 beatissimus
1031 2366 1381 2423 Benedictus
1396 2369 1756 2423 eremiticam
1778 2369 1955 2423 vitam

306 2458 492 2525 duxit,
528 2473 663 2512 cum
695 2455 894 2511 omnia
929 2455 1079 2510 infra
1111 2472 1173 2511 se
1203 2459 1259 2511 et
1290 2457 1445 2511 circa
1471 2473 1530 2511 se
1563 2474 1697 2512 eum
1731 2457 1955 2529 criptis,

304 2554 362 2604 et
392 2547 591 2603 omnia
621 2545 867 2600 aedificia
897 2544 1158 2599 humana
1190 2562 1315 2617 quis
1342 2544 1559 2600 ibidem
1593 2563 1749 2600 nunc
1783 2552 1954 2615 sunt;

303 2652 505 2691 verum
534 2634 709 2691 etiam
741 2638 796 2688 et
825 2632 1019 2688 lacum
1052 2649 1186 2688 cum
1228 2632 1494 2704 piscariis
1542 2639 1598 2689 et
1645 2634 1958 2707 aquimolis

306 2725 451 2793 suis,
486 2724 621 2778 inde
651 2726 895 2777 exeunte
924 2738 1078 2793 aqua
1107 2721 1376 2793 palaneto
1416 2740 1551 2778 cum
1602 2724 1871 2796 piscariis
1902 2729 1961 2780 et

306 2812 623 2887 aquimolis
656 2810 802 2878 suis,
835 2811 1159 2867 deducente
1186 2810 1317 2883 ipsa
1347 2828 1499 2884 aqua
1519 2812 1577 2867 in
1600 2813 1724 2869 loco
1749 2813 1844 2886 qui
1868 2830 1960 2869 vo-

305 2907 474 2959 catur
503 2900 767 2957 Mandra.
805 2900 949 2955 Item
981 2900 1301 2971 aquimolis
1333 2905 1388 2955 et
1416 2902 1684 2972 piscariis
1724 2903 1871 2973 suis,
1903 2907 1961 2959 et

306 2990 568 3065 pervenit
597 3005 784 3062 usque
818 2989 876 3044 in
908 2987 1054 3055 loco,
1086 2989 1186 3061 qui
1236 2990 1688 3061 cognominatur
1715 2992 1787 3047 de
1821 2992 1959 3047 Fer-

306 3082 452 3145 rata,
486 3078 682 3133 omnia
714 3076 773 3131 in
807 3076 1101 3147 integrum
1129 3077 1507 3133 cohaerentes.
1541 3079 1750 3134 Nostra
1792 3096 1958 3135 nam-

305 3183 421 3240 que
452 3165 797 3222 auctoritate
816 3164 873 3218 in
886 3168 1076 3220 vestro
1090 3165 1442 3221 monasterio
1457 3166 1576 3221 sint
1588 3168 1954 3235 confirmata,

1633 367 2006 433 GREGORII
2047 367 2100 430 V
2141 368 2398 430 ΡᾹΡᾸΞ.

1989 500 2048 569 Α
2076 500 2208 571 bus,
2237 500 2428 574 plagis
2457 507 2515 559 et
2552 500 2997 575 appendicibus,
3032 500 3261 560 cultum
3307 506 3370 561 et
3416 501 3746 573 incultum,

3625 367 3749 432 916

2068 606 2320 645 vacuum
2344 594 2402 645 et
2420 590 2680 662 plenum,
2698 609 2832 646 cum
2850 592 3128 648 omnibus
3159 591 3500 665 supradicto
3533 610 3750 650 mona-

2069 678 2243 733 sterio
2273 696 2376 733 seu
2409 679 2663 734 castellis
2693 680 3043 751 generaliter
3072 686 3129 735 et
3149 682 3208 736 in
3232 682 3535 755 integrum
3561 683 3745 755 perti-

2069 767 2347 821 nentibus
2376 768 2434 820 in
2470 768 2758 823 territorio
2791 768 3101 824 Tiburtino
3129 774 3185 825 et
3216 770 3602 837 Sublaciano,
3626 771 3746 828 sic-

2072 853 2153 910 uti
2184 872 2285 927 per
2315 856 2566 911 termina
2597 857 2985 929 designantur
3016 863 3191 931 atque
3223 860 3743 915 demonstrantur.

2069 943 2387 1016 Incipiente
2416 963 2447 998 a
2480 952 2645 1016 porta
2680 947 3242 1017 lmperatoris,unde
3266 949 3462 1020 ipsum
3489 950 3743 1006 Ilumem

2070 1034 2378 1099 redundat,
2413 1034 2547 1089 dein
2600 1035 2939 1091 deveniente
2988 1036 3047 1091 in
3089 1041 3306 1104 monte,
3342 1037 3441 1110 qui
3492 1044 3747 1094 vocatur

2070 1122 2314 1176 Romani
2348 1128 2404 1176 et
2450 1128 2601 1178 recte
2651 1124 2710 1178 in
2764 1124 3250 1197 Campolongum,
3286 1132 3444 1182 recto
3496 1127 3744 1183 tramite

2071 1216 2344 1282 pergente
2377 1211 2432 1265 in
2471 1213 2690 1279 Pereto,
2728 1214 2824 1267 ubi
2859 1219 2948 1269 est
2995 1213 3241 1269 ecclesia
3289 1217 3476 1271 sancti
3530 1216 3691 1272 Petri
3726 1235 3738 1271 :

2067 1298 2203 1355 inde
2232 1299 2495 1356 veniente
2527 1301 2585 1355 in
2617 1302 2859 1370 Stafﬁle,
2887 1321 3014 1374 quae
3039 1308 3191 1359 astat
3218 1304 3275 1359 in
3298 1304 3737 1378 Camposacro:

2065 1387 2202 1443 inde
2234 1387 2343 1443 iter
2372 1390 2597 1461 agendo
2630 1394 2686 1445 et
2717 1392 2977 1463 pervenit
3011 1391 3068 1447 in
3092 1410 3225 1449 arce
3249 1394 3435 1449 sancti
3470 1395 3738 1467 Georgii,

2067 1480 2124 1530 et
2154 1475 2238 1530 sic
2270 1476 2531 1547 pervenit
2560 1477 2615 1531 in
2652 1482 2849 1534 monte
2897 1480 2969 1535 de
3002 1480 3328 1549 Flaontino,
3363 1482 3435 1537 de
3466 1482 3602 1554 ipso
3637 1483 3740 1538 de-

2066 1564 2380 1620 scendente
2411 1571 2627 1634 monte,
2663 1572 2721 1622 et
2752 1568 3013 1639 pervenit
3044 1569 3103 1624 in
3137 1585 3309 1641 aqua,
3344 1586 3471 1643 quae
3502 1577 3562 1626 et
3601 1572 3741 1627 Fer-

2067 1658 2194 1708 rata
2225 1658 2496 1721 vocatur;
2522 1660 2800 1727 sequente
2826 1657 2955 1728 ipsa
2967 1674 3120 1729 aqua
3133 1674 3319 1730 usque
3334 1659 3474 1715 dum
3499 1660 3741 1716 eveniat

2066 1742 2124 1796 in
2161 1758 2293 1797 arco
2324 1743 2394 1798 de
2422 1744 2825 1815 Aquaferrata,
2852 1749 2908 1800 et
2940 1762 3042 1817 per
3073 1746 3262 1818 ipsam
3294 1764 3513 1819 aquam
3545 1748 3741 1805 donec

2067 1847 2241 1885 suum
2274 1847 2516 1886 cursum
2548 1831 2782 1905 explicit
2818 1832 2879 1888 in
2929 1833 3173 1890 fluvium
3222 1834 3451 1891 Tiberis
3485 1852 3499 1890 :
3536 1841 3739 1894 trans-

2066 1924 2295 1975 meante
2328 1920 2454 1992 ipso
2482 1921 2676 1989 ﬂuvio,
2705 1921 3057 1979 ascendente
3087 1922 3146 1978 in
3179 1927 3399 1992 monte,
3422 1924 3527 1997 qui
3557 1942 3740 1982 voca-

2064 2013 2162 2063 tur
2192 2008 2413 2078 Crofeo,
2447 2009 2547 2081 qui
2580 2008 2852 2082 proprius
2874 2011 2945 2067 de
2968 2016 3069 2067 tuo
3090 2017 3179 2067 est
3199 2014 3738 2071 monasterio.lnde

2066 2114 2168 2169 per
2197 2114 2479 2153 cacumen
2531 2099 2843 2167 montium,
2876 2116 2978 2171 per
3025 2101 3279 2157 conchas
3330 2100 3601 2172 vallium,
3627 2120 3739 2175 per

2065 2202 2343 2242 cavernas
2366 2190 2666 2259 petrarum
2698 2187 2930 2243 devenit
2960 2187 3017 2243 in
3053 2189 3486 2263 montibus,qui
3518 2209 3739 2265 cogno-

2068 2274 2373 2330 minantur
2402 2275 2667 2345 Gemini;
2701 2276 2872 2349 etlsic
2904 2278 3354 2334 descendentem
3405 2278 3466 2335 in
3513 2281 3736 2337 Fenes-

2067 2362 2251 2432 trelle,
2285 2369 2342 2419 et
2371 2364 2507 2420 inde
2540 2364 2909 2437 perveniente
2960 2367 3019 2422 in
3070 2366 3190 2423 rivo
3234 2367 3336 2440 qui
3385 2367 3736 2426 nominatur

2067 2453 2270 2519 Trave,
2304 2457 2358 2507 et
2388 2470 2492 2525 per
2516 2454 2788 2508 eumdem
2822 2455 3011 2510 rivum
3044 2455 3496 2512 descendentem
3526 2456 3590 2512 in
3612 2457 3734 2516 alio

2068 2541 2187 2596 rivo
2229 2541 2299 2596 de
2347 2541 2506 2597 Cona
2561 2542 2661 2596 ubi
2721 2542 2938 2598 dicitur
2995 2543 3228 2611 Crucis;
3263 2544 3509 2618 ipsaque
3569 2546 3734 2604 Cena

2068 2630 2418 2685 ascendente
2447 2630 2507 2685 in
2532 2630 2725 2686 locum
2759 2632 2859 2704 qui
2907 2637 3146 2688 vocatur
3192 2633 3410 2702 Oraru;
3450 2634 3588 2691 inde
3620 2635 3731 2692 ite-

2070 2718 2240 2773 ratim
2275 2720 2629 2776 ascendente
2659 2718 2719 2774 in
2741 2721 3076 2793 monte,qui
3098 2726 3154 2777 et
3173 2721 3469 2795 Aquaviva
3488 2723 3729 2794 dicitur,

2068 2812 2222 2862 recte
2256 2807 2312 2863 in
2346 2813 2520 2880 ponte
2552 2810 2864 2879 Terraneo,
2895 2815 2955 2866 et
2985 2828 3088 2883 per
3125 2811 3323 2884 ipsum
3376 2813 3594 2869 [lumen
3626 2815 3733 2872 de-

2068 2896 2383 2952 scendente
2408 2913 2594 2969 usque
2645 2896 2705 2952 in
2755 2902 2919 2969 petra
2966 2899 3360 2971 Imperatoris,
3393 2904 3451 2957 et
3500 2902 3638 2959 inde
3668 2920 3731 2959 in

2068 2989 2269 3040 monte
2302 2985 2586 3041 Romano.
2616 2986 2833 3043 Civitas
2853 2986 3197 3061 etiam,qua3
3219 2994 3461 3045 vocatur
3478 2991 3726 3060 Carsoli,

2067 3090 2203 3128 cum
2235 3073 2499 3130 ecclesiis
2531 3079 2586 3129 et
2615 3075 2890 3132 domibus
2940 3077 3091 3132 infra
3140 3094 3202 3133 se
3250 3078 3311 3132 in
3343 3078 3645 3153 integrum
3671 3085 3731 3137 et

2068 3161 2283 3217 deforis
2316 3163 2373 3217 in
2405 3162 2652 3219 diversis
2700 3164 3022 3236 vocabulis,
3053 3165 3230 3234 villis,
3261 3166 3467 3234 vincis,
3502 3169 3724 3239 fundis,

305 3259 372 3311 ut
402 3253 565 3310 nulla
593 3270 856 3326 unquam
887 3252 1194 3307 hominum
1237 3270 1451 3325 magna
1500 3272 1794 3327 parvaque
1824 3273 1958 3328 per-
1989 3242 2032 3309 C
2072 3254 2129 3306 et
2153 3250 2467 3319 casalibus,
2502 3252 2640 3308 rivis
2688 3269 2823 3308 cum
2874 3253 3207 3326 aquimolis,
3259 3272 3394 3313 cum
3445 3258 3727 3317 omnibus

304 3361 451 3401 sona
481 3343 694 3398 audeat
725 3341 782 3396 in
816 3341 943 3413 ipsa
972 3358 1144 3413 aqua,
1175 3359 1302 3413 qua:
1334 3347 1572 3398 vocatur
1592 3344 1954 3412 Timida,seu

302 3434 363 3489 in
396 3449 567 3504 aqua,
604 3448 731 3502 qua)
762 3429 1092 3502 appellatur
1122 3431 1404 3502 Augusta,
1437 3432 1522 3487 vel
1557 3432 1614 3487 in
1647 3451 1954 3507 aqua,quae

300 3520 517 3577 dicitur
542 3518 782 3587 Bullica,
819 3535 1007 3590 neque
1036 3518 1096 3573 in
1132 3519 1491 3587 Flumicello,
1512 3538 1697 3593 neque
1721 3523 1778 3578 in
1802 3540 1958 3595 aqua

301 3611 373 3665 de
404 3606 1031 3678 Roccanellum,neque
1051 3623 1110 3661 in
1142 3622 1314 3678 aqua,
1350 3623 1479 3678 quae
1507 3609 1958 3680 cognominatur

301 3698 477 3765 Cena,
513 3712 701 3769 neque
733 3696 792 3751 in
825 3694 947 3751 ulla
978 3711 1131 3767 aqua
1162 3695 1232 3750 de
1264 3699 1384 3750 toto
1413 3696 1765 3754 Sublaciano
1791 3700 1954 3755 terri-

298 3786 467 3853 torio,
500 3785 589 3840 vel
622 3786 681 3839 in
714 3784 978 3857 quolibet
1008 3784 1078 3839 de
1109 3783 1255 3856 ipsis
1286 3783 1453 3851 locis,
1488 3786 1613 3841 sine
1662 3804 1953 3844 consensu

299 3875 529 3931 abbatis
550 3875 816 3945 ejusdem
831 3871 1168 3928 monasterii
1184 3890 1287 3945 per
1300 3872 1521 3929 nullius
1538 3881 1954 3947 argumentum

298 3964 455 4019 idem
486 3961 854 4035 aquimolum
888 3960 1176 4016 dedicare.
1209 3962 1281 4016 Et
1309 3962 1410 4033 qui
1437 3961 1544 4017 hoc
1566 3964 1958 4036 fecerit,aqui-

297 4050 523 4107 molum
555 4050 751 4122 ipsum
782 4049 841 4104 in
872 4048 1275 4120 supradictum
1314 4051 1737 4109 monasterium
1758 4070 1956 4110 occur-

298 4142 410 4207 rat,
442 4145 499 4195 et
525 4138 585 4195 in
621 4142 820 4194 nostro
852 4136 1070 4209 palatio
1101 4138 1538 4209 compositurus
1586 4141 1795 4197 existat
1826 4143 1952 4199 auri

296 4226 445 4285 cocti
475 4226 658 4283 libras
689 4226 858 4281 duas.
885 4226 1028 4281 Item
1060 4226 1481 4283 conﬁrmamus
1500 4228 1663 4285 vobis
1688 4230 1951 4288 detinen-

297 4317 439 4374 dum
472 4315 779 4373 castellum
813 4315 870 4369 in
893 4314 1584 4387 integrum,quivocatur
1606 4318 1949 4389 Sublacum,

296 4422 432 4462 cum
464 4405 740 4461 omnibus
771 4403 895 4460 suis
927 4404 1298 4477 pertinentiis
1327 4404 1412 4460 vel
1444 4406 1951 4479 adjacentiis,cum

294 4493 457 4552 omni
490 4493 702 4566 placito
724 4498 783 4550 et
811 4492 1126 4549 donatione
1158 4511 1285 4560 sua,
1303 4511 1423 4549 una
1439 4510 1572 4551 cum
1593 4495 1948 4568 glandatico,

294 4587 353 4640 et
382 4583 681 4639 herbatico
714 4600 841 4652 suo,
872 4586 1049 4655 atque
1079 4586 1292 4638 cuncta
1344 4583 1579 4674 publica
1629 4585 1946 4674 functione,
1980 4611 2026 4674 D

293 4670 468 4728 sicuti
501 4672 560 4726 in
593 4676 793 4728 nostro
824 4671 1040 4743 palatio
1072 4672 1337 4727 annatim
1370 4673 1617 4744 persolvi
1647 4673 1947 4733 solet.Seu

293 4759 713 4816 conﬁrmamus
743 4759 908 4815 vobis
942 4764 1200 4816 montem
1235 4760 1295 4815 in
1318 4761 1543 4834 integro
1557 4763 1948 4821 adcastellum

291 4846 650 4915 faciendum,
684 4848 783 4919 qui
832 4851 1071 4903 vocatur
1117 4849 1419 4921 Augusta;
1450 4855 1507 4905 et
1539 4857 1797 4908 montem
1846 4855 1948 4926 qui

292 4937 530 4991 vocatur
554 4933 845 5003 Cervaria,
876 4952 1011 4991 cum
1040 4935 1317 4993 omnibus
1348 4954 1551 4994 earum
1580 4942 1948 5012 pertinentiis

290 5023 353 5079 in
385 5023 702 5096 integrum.
736 5023 911 5080 Porro
943 5030 1000 5080 et
1032 5023 1365 5093 castellum,
1399 5028 1554 5099 quod
1586 5035 1827 5086 vocatur
1843 5033 1947 5087 Ar-

291 5110 441 5178 sule,
476 5111 773 5184 simulque
799 5117 857 5167 et
884 5113 1191 5168 castellum
1225 5115 1380 5185 quod
1419 5120 1656 5172 vocatur
1703 5120 1947 5175 Anticu-

290 5198 419 5255 lum
444 5215 457 5253 :
486 5202 947 5272 unumquodque
980 5201 1289 5257 castellum
1314 5219 1449 5257 cum
1472 5204 1946 5276 ecclesiis,cellis,

290 5286 565 5343 domibus
599 5287 751 5344 infra
784 5307 845 5345 se
876 5294 933 5345 et
964 5289 1200 5355 deforis,
1235 5289 1439 5358 vineis,
1475 5293 1664 5360 terris,
1701 5299 1945 5369 campis,

289 5375 493 5448 pratis,
516 5377 771 5447 pascuis,
799 5376 983 5447 silvis,
1009 5376 1265 5442 selectis,
1288 5377 1947 5455 GPbOPIbUS,pUmIfUPiS,

289 5463 631 5531 fructiferis,
664 5463 748 5519 vel
784 5462 1166 5518 infructil‘eris
1200 5462 1411 5517 diversi
1443 5466 1694 5533 generis,
1731 5471 1943 5541 puteis,

290 5552 571 5621 fontibus,
604 5552 765 5621 rivis,
799 5556 974 5623 atque
1021 5549 1387 5615 fluminibus,
1422 5568 1556 5606 cum
1609 5554 1941 5627 aquimolis,

287 5643 415 5697 tum
465 5640 785 5697 castanieta
804 5645 861 5694 et
882 5637 1219 5710 paludibus,
1235 5654 1368 5693 cum
1391 5641 1691 5697 montibus
1715 5651 1770 5701 et
1789 5648 1945 5703 colli-

2066 3339 2190 3394 suis
2221 3340 2592 3411 pertinentiis
2610 3345 2666 3396 et
2681 3342 3051 3413 adjacentiis,
3065 3343 3243 3399 sicuti
3262 3348 3454 3401 vestra
3475 3348 3728 3421 antiqua

2066 3427 2368 3500 privilegia
2398 3429 2719 3498 continent,
2744 3429 2827 3486 ita
2853 3430 3019 3488 vobis
3050 3431 3109 3487 in
3142 3434 3420 3489 omnibus
3449 3435 3573 3491 sint
3592 3455 3730 3493 con-

2065 3517 2315 3585 firmata,
2345 3518 2539 3589 posita
2567 3518 2719 3575 infra
2749 3524 2941 3575 castro
2974 3521 3217 3578 Reatino
3247 3527 3303 3577 et
3332 3522 3638 3594 Ciculano,
3672 3532 3730 3583 et

2065 3605 2392 3661 Marsicano
2426 3606 2739 3663 territorio.
2760 3608 3021 3681 Denique
3040 3614 3097 3664 et
3114 3611 3537 3668 conﬁrmamus
3560 3614 3725 3671 vobis

2064 3693 2373 3750 castellum
2406 3694 2463 3749 in
2497 3695 2742 3767 integro,
2759 3697 2915 3768 quod
2947 3703 3004 3753 et
3032 3698 3290 3755 Trillano
3321 3708 3724 3775 nuncupatur,

2063 3799 2182 3838 una
2211 3800 2346 3839 cum
2371 3783 2515 3839 colle
2536 3785 2607 3840 de
2631 3785 2855 3841 Ferrari
2871 3791 2929 3841 et
2945 3787 3422 3844 Monasterellum
3445 3796 3503 3845 et
3525 3792 3728 3862 Sassa,

2062 3872 2183 3927 sive
2212 3888 2341 3944 quae
2372 3873 2443 3929 ab
2465 3872 2597 3931 aliis
2618 3874 2917 3931 vocabulis
2940 3882 3525 3950 nuncupantur,cum
3547 3879 3723 3949 villis,

2063 3961 2263 4017 fundis
2295 3966 2353 4017 et
2384 3961 2701 4031 casalibus,
2735 3964 2941 4033 vineis,
2975 3970 3033 4021 et
3064 3965 3258 4036 terris,
3280 3968 3724 4041 campis.pratis

2062 4054 2120 4105 et
2150 4050 2387 4123 pascuis
2419 4055 2476 4106 et
2505 4069 2640 4107 cum
2672 4054 2952 4110 omnibus
2983 4054 3107 4110 suis
3138 4056 3534 4128 pertinentiis,
3551 4058 3723 4116 sicuti

2061 4138 2392 4195 extenditur
2421 4158 2610 4213 usque
2641 4142 2699 4197 in
2734 4142 3087 4200 Pisciscano.

2131 4229 2201 4283 Et
2230 4228 2422 4285 casale
2453 4228 2906 4304 in.integro,qui
2936 4236 3179 4289 vocatur
3208 4233 3435 4290 Ursano
3465 4240 3525 4292 et
3553 4237 3724 4294 Sam-

2060 4315 2194 4372 buci
2221 4334 2356 4372 cum
2390 4317 2638 4375 ecclesia
2670 4321 2857 4376 sancti
2891 4321 3127 4377 Thomas
3150 4322 3210 4378 in
3233 4324 3481 4380 desertis
3504 4326 3721 4398 posita,

2060 4410 2117 4461 et
2147 4410 2407 4462 montem
2443 4408 2501 4462 in
2535 4408 2851 4481 integrum,
2887 4411 2987 4482 qui
3019 4410 3349 4484 appellatur
3394 4413 3719 4485 Gurdiano,

2059 4511 2194 4550 cum
2229 4495 2426 4550 fundis
2458 4500 2513 4551 et
2544 4497 2843 4555 casalibus
2874 4500 3020 4568 suis,
3045 4505 3222 4573 atque
3244 4502 3623 4560 medietatem
3648 4505 3725 4561 de

2059 4581 2205 4651 loco,
2241 4583 2340 4655 qui
2372 4584 2589 4641 dicitur
2617 4586 2810 4655 Ylice;
2846 4593 2902 4644 et
2924 4588 3117 4645 locum
3142 4590 3242 4661 qui
3263 4596 3509 4648 vocatur
3528 4595 3726 4650 Casta-

2059 4671 2233 4740 niola,
2269 4690 2403 4728 cum
2435 4673 2619 4730 vineis
2649 4680 2707 4730 et
2740 4677 2948 4734 terreis
2977 4678 3062 4733 vel
3085 4680 3245 4734 omni
3265 4680 3648 4752 pertinentia;
3668 4689 3728 4740 et

2058 4758 2119 4814 in
2151 4759 2278 4832 ipso
2304 4763 2556 4818 confinio
2580 4764 2748 4820 adest
2772 4771 2988 4835 monte,
3009 4768 3110 4840 qui
3130 4773 3370 4825 vocatur
3391 4770 3723 4842 Buberano,

2057 4846 2118 4903 in
2148 4847 2441 4923 integrum
2472 4868 2607 4908 cum
2641 4855 2867 4910 caeteris
2900 4856 3199 4913 vocabulis
3224 4857 3345 4914 sive
3369 4859 3726 4931 pertinenti-

2057 4937 2192 4993 bus.
2208 4938 2540 5013 Iterumque
2560 4942 2737 4997 etiam
2760 4945 3184 5002 conﬁrmamus
3205 4946 3371 5003 vobis
3383 4948 3725 5022 castellum,

2057 5027 2214 5099 quod
2245 5027 2460 5084 dicitur
2489 5030 2842 5102 Ampolloni,
2865 5032 2927 5088 in
2960 5032 3257 5107 integrum
3285 5052 3421 5091 cum
3453 5036 3724 5095 ecclesiis

2057 5120 2117 5171 et
2147 5118 2423 5175 domibus
2454 5119 2607 5176 infra
2636 5137 2697 5176 se
2731 5138 2834 5193 per
2864 5123 3064 5179 omnia
3094 5128 3153 5179 et
3181 5129 3345 5180 extra
3375 5141 3440 5180 se
3470 5142 3607 5181 cum
3632 5126 3721 5182 vi-

2058 5205 2208 5273 neis,
2243 5206 2434 5273 terris,
2457 5208 2676 5275 fundis,
2703 5214 2760 5264 et
2790 5210 3505 5279 casalibus,velomnibus
3525 5213 3720 5270 eidem

2059 5294 2486 5366 pertinentibus
2518 5298 2777 5353 castello.
2817 5300 3062 5371 Insuper
3091 5300 3308 5369 locum,
3344 5301 3445 5373 qui
3477 5308 3721 5359 vocatur

2058 5382 2355 5452 Pentoma,
2379 5400 2513 5439 cum
2548 5387 2673 5441 suis
2703 5387 2979 5443 omnibus
3001 5389 3059 5443 in
3087 5389 3383 5461 integrum
3417 5390 3716 5462 pertinen-

2058 5472 2249 5539 tibus;
2281 5489 2482 5528 verum
2518 5474 2693 5530 etiam
2726 5480 2783 5531 et
2814 5476 3190 5533 medietatem
3224 5480 3296 5535 de
3342 5479 3584 5535 castello
3627 5479 3716 5535 di-

2052 5559 2286 5631 vulgato
2317 5562 2387 5617 de
2417 5568 2619 5619 sancto
2653 5565 2955 5636 Pamﬁmo,
2980 5583 3115 5622 cum
3147 5567 3457 5625 medietate
3487 5569 3558 5623 de
3590 5568 3713 5625 suis

2052 5650 2330 5717 omnibus
2360 5652 2751 5722 pertinentiis.
2782 5654 3200 5714 Verumtamen
3232 5662 3287 5711 et
3308 5655 3620 5714 castellum
3644 5658 3713 5713 de
