3900 6358
117 401 232 469 917

1292 399 1698 464 EPISTOL/E
1741 395 1844 462 ET
1883 396 2353 463 PRIVILEGIA.

3409 399 3530 468 918

119 532 429 597 Collemalo
459 534 517 592 in
549 532 866 608 integrum.
899 538 1045 590 Item
1090 538 1148 590 et
1184 533 1402 603 locum,
1434 533 1535 607 qui
1567 538 1624 590 et
1654 533 1764 590 Ro-
1795 531 1851 600 Α
1879 533 2267 606 possidere,et
2287 539 2350 592 tu
2383 533 2559 590 etiam
2583 551 2685 607 pro
2707 534 3018 592 venerabili
3041 538 3142 594 tuo
3171 532 3526 598 monasterio

119 629 275 686 mani
298 629 533 683 vocatur
563 625 623 680 in
655 624 950 697 integrum
978 641 988 678 :
1015 628 1074 680 et
1099 624 1472 680 medietatem
1501 625 1572 679 de
1603 623 1762 691 villa,

118 735 242 791 qua:
274 713 602 789 appellatur
633 714 791 786 Papi,
819 731 935 768 una
966 729 1101 768 cum
1133 713 1332 768 fundis
1358 718 1415 768 et
1445 712 1760 780 casalibus,

113 806 296 862 vineis
339 808 395 860 et
436 802 637 868 terris;
673 802 918 874 campis,
954 801 1158 874 pratis,
1191 801 1447 874 pascuis,
1482 807 1538 857 et
1579 802 1760 870 silvis,

116 893 362 960 salectis,
399 892 682 958 fontibus,
715 908 781 946 ac
813 891 972 954 rivis,
1006 908 1141 946 cum
1174 891 1509 962 aquimolis,
1540 897 1596 946 et
1628 908 1761 946 cum

111 982 383 1039 omnibus
407 996 510 1053 pro
533 978 785 1050 singulis
806 977 970 1044 locis,
997 984 1053 1033 et
1072 980 1370 1034 vocabulis
1393 980 1762 1049 generaliter,

112 1077 168 1127 et
189 1072 246 1126 in
268 1071 560 1142 integrum
588 1068 1475 1140 pertinentibus.0mniliusjam
1497 1067 1668 1122 dictis
1690 1068 1768 1122 lo-

109 1160 190 1215 cis
215 1157 507 1214 territorio
533 1157 844 1212 Tiburtino
869 1156 991 1211 sita:
1021 1161 1180 1211 sunt.
1204 1160 1272 1212 At
1305 1175 1437 1212 vero
1470 1161 1525 1212 et
1556 1158 1764 1211 contir-

111 1265 340 1304 mamus
355 1244 520 1302 vobis
533 1245 858 1316 vestrisque
875 1248 1312 1300 successoribus
1329 1246 1532 1300 cellam
1553 1250 1765 1299 sanctae

111 1337 394 1401 Barbarae,
427 1351 557 1406 quae
590 1339 679 1388 est
710 1333 862 1388 intro
905 1335 1135 1389 civitate
1165 1335 1495 1400 Tiburtina,
1531 1338 1587 1390 in
1622 1335 1764 1388 inte-

110 1441 276 1498 grum
308 1439 445 1478 cum
479 1421 755 1476 domibus
801 1426 858 1476 et
908 1422 1070 1477 Ccllis
1121 1421 1274 1476 intra
1323 1441 1384 1478 se
1435 1440 1568 1477 cum
1603 1423 1765 1493 aqui-

109 1512 276 1568 molis
325 1511 453 1567 suis
504 1511 660 1566 intro
723 1511 926 1566 eadem
977 1511 1209 1566 civitate
1249 1517 1306 1567 et
1345 1512 1580 1579 deforis,
1632 1527 1768 1567 cum

109 1600 302 1657 fundis
329 1603 387 1655 et
414 1598 741 1668 casalibus,
768 1600 955 1654 vineis
985 1605 1042 1654 et
1072 1601 1264 1666 terris,
1287 1601 1533 1672 campis,
1565 1599 1766 1678 pratis,

109 1688 346 1762 pascuis
397 1691 458 1743 et
509 1686 691 1753 silvis,
726 1703 860 1742 cum
911 1688 1071 1744 omni
1132 1705 1240 1744 sua
1290 1690 1640 1761 pertinentia
1682 1690 1766 1743 vel

110 1778 459 1850 adjacentia.
491 1777 620 1832 Sive
650 1777 826 1832 etiam
868 1782 925 1832 et
965 1778 1118 1832 infra
1155 1777 1334 1848 hujus
1377 1777 1541 1833 alma:
1574 1777 1769 1833 Rome

113 1866 533 1922 conﬁrmamus
558 1864 724 1919 vobis
747 1865 952 1919 cellam
975 1866 1160 1920 sancti
1189 1866 1436 1932 Erasmi,
1461 1883 1586 1938 quin
1615 1867 1772 1939 poni-
1799 1898 1850 1964 Β

112 1958 206 2010 tur
233 1953 293 2009 in
324 1951 485 2009 Celio
518 1958 736 2019 monte,
772 1969 908 2008 cum
942 1953 1237 2020 domibus,
1273 1953 1418 2012 cella
1447 1953 1687 2019 vinaria,
1713 1959 1770 2008 et

115 2041 304 2109 fenile,
337 2058 480 2098 cum
527 2041 715 2098 hortis
745 2047 801 2097 et
829 2043 1015 2098 vineis
1054 2043 1208 2098 circa
1238 2060 1320 2108 se,
1355 2059 1490 2098 cum
1543 2043 1767 2098 arbori-

118 2133 224 2188 bus
254 2130 570 2198 olivarum,
603 2135 658 2185 et
697 2131 930 2186 diversa
966 2147 1180 2202 genera
1219 2132 1492 2187 arborum
1528 2133 1768 2203 pomife-

119 2234 332 2286 rorum,
365 2223 424 2274 et
453 2234 593 2273 cum
625 2219 848 2273 caeteris
873 2219 1058 2273 vineis
1089 2223 1148 2274 et
1193 2219 1518 2287 casalibus;
1551 2220 1774 2275 scilicet

119 2313 371 2381 pratum,
397 2307 559 2380 quod
592 2308 832 2378 ponitur
855 2309 994 2362 foris
1019 2312 1193 2379 ponte
1213 2308 1454 2375 Salario,
1480 2310 1769 2380 et‘casale,

121 2397 270 2469 quod
301 2396 553 2468 ponitur
579 2396 858 2466 Aquario,
891 2401 947 2451 et
977 2395 1090 2451 alio
1121 2395 1334 2464 casale,
1357 2398 1510 2469 quod
1537 2403 1775 2453 vocatur

121 2485 357 2552 Quinto;
390 2489 451 2540 et
485 2484 545 2538 in
579 2483 908 2540 Albanense
941 2484 1234 2542 territorio
1266 2488 1466 2554 vineis,
1491 2506 1616 2560 quea
1649 2490 1772 2544 sita}

123 2578 255 2630 sunt
287 2590 322 2628 a
349 2574 543 2646 cripta
564 2589 692 2644 qua:
731 2579 1111 2629 vocatur......
1143 2592 1178 2629 a
1207 2575 1380 2631 Silice
1422 2575 1770 2644 Albanensc,
1814 2586 1823 2596 '

123 2667 177 2718 et
207 2662 265 2716 in
295 2661 444 2729 loco,
471 2661 574 2734 qui
619 2661 946 2733 appellatur
975 2663 1256 2731 Zinzinni,
1282 2665 1368 2719 vel
1421 2667 1479 2720 in
1529 2665 1775 2721 diversis

121 2750 258 2807 locis
278 2750 398 2806 sive
417 2749 747 2816 vocabulis,
768 2750 1124 2823 ubicumque
1151 2753 1395 2808 inveniri
1419 2753 1504 2808 vel
1536 2753 1773 2825 reperiri

123 2839 344 2912 possint
361 2855 470 2912 per
483 2838 808 2911 quamlibet
823 2840 1032 2895 seriem
1051 2840 1472 2912 scripturarum
1486 2843 1556 2898 ad
1578 2843 1772 2914 ipsum

125 2929 279 3001 pium
311 2944 378 2984 ac
397 2925 796 2983 venerabilem
830 2926 1023 2984 locum
1056 2930 1432 3001 pertinentes,
1458 2930 1570 2986 sub
1591 2931 1774 3002 juris-

127 3016 369 3074 dictione
384 3019 589 3072 vestra
605 3032 837 3088 semper
855 3017 1190 3090 persistent,
1207 3035 1240 3073 a
1261 3019 1531 3090 praesenti
1549 3019 1776 3075 decima

126 3104 458 3172 indictione,
487 3107 544 3160 et
575 3122 759 3178 usque
790 3106 850 3162 in
882 3111 1228 3178 perpetuum
1261 3107 1426 3164 vobis
1455 3108 1778 3181 vestrisque

127 3193 568 3250 successoribus
599 3193 913 3252 abbatibus
945 3213 1079 3251 cum
1119 3196 1326 3252 timore
1361 3198 1678 3269 regendum
1713 3215 1778 3254 ac

128 3282 1562 3356 regulariterdisponendum.Convenitreverentize
1575 3293 1778 3343 vestrm
1809 3259 1854 3329 Ο

129 3387 228 3427 nos
248 3371 623 3444 implorasse,
651 3378 708 3427 at
730 3374 1108 3445 saipedictum
1137 3375 1559 3431 monasterium
1593 3379 1778 3432 sancti

128 3459 413 3516 Benedicti
449 3464 511 3514 et
556 3465 770 3515 sancta:
803 3460 1175 3518 Scholastica:
1217 3464 1546 3535 apostolicm
1580 3471 1777 3520 aucto-

127 3549 306 3604 ritatis
329 3549 491 3605 serie
527 3550 961 3617 muniamus,et
983 3551 1182 3606 omnia
1209 3558 1266 3608 et
1308 3553 1660 3624 pertinentia
1681 3570 1778 3624 pe-

129 3637 285 3692 renni
309 3638 454 3709 jure
484 3637 897 3694 inviolabiliter
922 3641 1320 3712 permanenda
1341 3642 1777 3696 contirmemus.

131 3723 436 3798 PrOpterea
459 3725 592 3781 ﬂexi
616 3728 889 3798 precibus
910 3727 1027 3783 tuis
1048 3744 1150 3800 per
1173 3728 1350 3800 hujus
1377 3729 1781 3801 prmceptionis

133 3815 404 3886 paginam
438 3818 772 3870 statuentes
793 3817 1186 3885 decernimus,
1212 3823 1278 3872 ut
1305 3823 1515 3872 cuncta
1545 3817 1670 3872 loca
1691 3835 1783 3872 ur-

133 3901 280 3957 bana
306 3903 395 3960 vel
428 3902 750 3970 rusticana,
787 3904 844 3960 id
885 3911 974 3960 est
1019 3921 1267 3971 massas,
1301 3905 1543 3976 casales,
1567 3906 1655 3961 vel
1687 3923 1781 3962 ca-

134 3990 315 4060 stella,
329 3991 568 4048 diversa
597 3993 816 4063 praedia
841 3993 997 4048 culta
1025 3993 1112 4050 vel
1143 3993 1385 4062 inculta,
1411 4012 1536 4066 quae
1565 4011 1787 4066 ponun-

131 4081 224 4133 tur
252 4097 354 4151 per
371 4079 509 4136 loca
527 4083 585 4134 et
605 4079 907 4148 vocabula,
930 4098 1058 4152 quae
1079 4083 1352 4154 superius
1374 4084 1678 4155 premissa
1696 4083 1781 4139 vel

135 4167 433 4224 nominata
465 4172 629 4234 sunt,
661 4169 832 4225 sicuti
865 4187 899 4226 a
929 4169 1328 4243 pontificibus,
1363 4170 1720 4244 regibus,vel
1753 4189 1787 4227 a

135 4255 313 4312 Deum
334 4257 688 4314 timentibus
711 4259 770 4313 in
793 4261 995 4316 eodem
1015 4259 1332 4316 venerabili
1364 4261 1488 4317 leco
1511 4277 1789 4318 concessa

137 4346 394 4412 sunt,vel
416 4346 602 4402 etiam
625 4364 726 4418 per
746 4349 891 4404 alias
923 4350 1178 4406 rationes
1199 4352 1362 4422 juste
1387 4351 1529 4405 inibi
1553 4353 1791 4406 advene-

139 4439 291 4501 runt,
313 4435 471 4491 sicut
493 4437 692 4490 omnia
724 4438 1029 4510 praefatum
1052 4443 1221 4494 tuum
1255 4439 1676 4494 monasterium
1700 4440 1794 4494 de-

137 4521 310 4580 tinuit
339 4522 713 4596 temporibus
745 4532 957 4584 sancte:
990 4528 1411 4585 recordationis
1445 4527 1706 4601 Gregorii
1736 4532 1793 4583 et

1871 622 1956 678 vel
1979 640 2347 679 successores
2371 624 2455 679 tui
2485 624 2746 691 abbates,
2764 625 3101 698 possideant
3121 645 3182 683 ac
3203 629 3523 701 detineant,

1874 718 2047 785 atque
2073 712 2488 784 jurisdictione
2534 714 2590 768 in
2641 719 2990 786 perpetuum
3030 716 3290 774 fruentes
3328 721 3526 776 defen-

1873 803 2036 867 dant,
2053 806 2107 855 et
2126 802 2184 856 iu
2204 802 2514 857 utilitatem
2536 803 2798 874 ejusdem
2819 803 2897 876 pii
2922 804 3028 859 loci
3052 807 3384 876 perenniter
3400 827 3527 882 pro-

1874 889 2088 944 ﬁciant.
2109 891 2212 946 Pro
2235 908 2348 962 quo
2368 891 2543 944 etiam
2569 893 2677 945 sub
2697 891 2873 946 divini
2889 893 3094 963 judicii
3138 896 3524 956 obtestatione

1876 978 2313 1050 promulgantes
2346 979 2734 1046 decernimus,
2762 987 2824 1034 ut
2856 981 3012 1034 nulla
3041 1000 3300 1055 unquam
3333 989 3528 1058 cujus-

1876 1083 1988 1137 que
2021 1067 2265 1138 publicm
2299 1067 2630 1121 altitudinis
2661 1068 2915 1123 virorum
2954 1070 3070 1126 sive
3096 1072 3524 1143 mulierum,vel

1876 1155 2052 1210 etiam
2077 1154 2190 1209 alia
2213 1157 2638 1227 cujuscumque
2661 1157 2737 1211 sit
2761 1157 3063 1228 dignitatis
3087 1178 3299 1233 magna
3323 1180 3525 1235 parva-

1878 1259 1991 1314 que
2016 1262 2283 1315 persona,
2311 1244 2745 1315 quomodolibet
2770 1245 3240 1313 jurisdictionem
3266 1268 3528 1309 exercere

1881 1334 1937 1386 in
1962 1334 2087 1404 jam
2114 1335 2266 1387 dicto
2291 1333 2644 1388 monasterio
2666 1334 2750 1388 vel
2781 1334 2838 1388 in
2861 1335 3136 1402 castellis,
3154 1341 3386 1406 massis,
3405 1341 3528 1396 fun-

1879 1421 1990 1486 dis,
2029 1426 2086 1476 et
2116 1421 2438 1488 casalibus,
2471 1421 2705 1493 praediis
2739 1423 2911 1477 cultis
2961 1428 3018 1478 et
3065 1425 3323 1491 incultis,
3352 1428 3439 1482 vel
3473 1431 3529 1485 in

1880 1509 2070 1581 aquis,
2106 1509 2484 1575 molendinis,
2517 1514 2574 1564 et
2612 1510 2902 1581 piscariis,
2933 1511 3020 1568 vel
3061 1513 3119 1567 in
3163 1514 3359 1586 aliqua
3399 1533 3533 1588 pos-

1881 1599 2165 1664 sessione,
2202 1615 2305 1653 seu
2351 1599 2526 1653 etiam
2561 1598 2619 1653 in
2651 1598 2896 1654 diversis
2946 1601 3144 1664 rebus,
3176 1603 3533 1677 ubicumque

1881 1687 2138 1743 detinere
2167 1686 2470 1753 videmini,
2496 1703 2600 1742 nec
2641 1687 2945 1759 quidpiam
2991 1689 3197 1744 borum
3230 1709 3299 1747 ex
3328 1693 3532 1748 eodem

1879 1775 2004 1831 loco
2038 1776 2284 1841 auferre,
2322 1780 2424 1830 aut
2457 1776 2709 1846 diripere
2756 1781 3092 1846 praesumat,
3120 1795 3308 1850 neque
3349 1779 3530 1838 ullam

1882 1863 2309 1934 lmsionem,aut
2341 1865 2814 1919 contrarietatem
2857 1865 3096 1921 malitias
3129 1866 3185 1920 in
3218 1868 3347 1939 ipso
3376 1869 3530 1924 beati

1881 1953 2174 2008 Benedicti
2204 1952 2554 2008 monasterio
2592 1956 2768 2023 atque
2791 1953 3066 2008 omnibus
3107 1958 3172 2008 ut
3211 1972 3390 2027 supra
3427 1973 3530 2012 an-

1880 2042 2042 2098 nexis
2081 2043 2166 2096 eis
2207 2039 2652 2114 pertinentibus,
2678 2056 2909 2112 quoque
2948 2040 3203 2114 ingenio,
3229 2049 3331 2099 aut
3351 2061 3530 2117 argu-

1881 2135 2076 2188 mento
2101 2131 2310 2186 inferre
2334 2130 2564 2185 audeat.
2585 2129 2782 2184 Potius
2805 2133 3000 2184 autem
3016 2131 3150 2202 jure
3173 2138 3450 2204 perpetuo
3472 2136 3530 2192 in

1880 2221 2083 2276 eodem
2104 2217 2419 2274 venerabili
2461 2217 2836 2286 monasterio,
2861 2221 2926 2272 ut
2955 2221 3228 2290 superius
3271 2221 3532 2278 afﬁctum

1882 2316 1989 2376 est,
2006 2309 2290 2380 proﬁciat,
2307 2311 2363 2362 et
2385 2305 2658 2378 potestati
2684 2310 2856 2376 atque
2874 2305 3081 2361 ditioni
3107 2309 3331 2375 ture,vel
3354 2311 3537 2364 omni-

1883 2399 1994 2454 bus
2027 2395 2467 2452 successoribus
2491 2395 2609 2448 tuis
2641 2393 2955 2448 abbatibus
2986 2397 3258 2466 perennis
3300 2413 3534 2469 perma-

1883 2492 2018 2542 neat
2033 2484 2382 2558 disponendi
2397 2488 2569 2554 atque
2588 2481 2924 2554 possidendi
2945 2483 3279 2540 facultas.Si
3296 2486 3427 2556 quis
3441 2503 3538 2542 au-

1882 2581 2000 2630 tem
2015 2574 2191 2646 (quod
2213 2587 2327 2627 non
2346 2570 2956 2642 optamus)temeraric
2973 2587 3120 2626 ausu
3141 2577 3341 2627 contra
3359 2573 3536 2644 hujus

1884 2668 2097 2718 nostrae
2137 2659 2470 2732 apostolicaa
2499 2657 2903 2729 prmceptionis
2935 2659 3146 2713 seriem
3181 2660 3271 2730 pie
3303 2677 3336 2715 a
3368 2662 3536 2718 nobis

1884 2749 2313 2823 promulgatam
2341 2745 2553 2811 venire,
2578 2745 2665 2800 vel
2697 2743 2928 2816 litigare
2950 2748 3276 2816 tentaverit;
3300 2747 3447 2804 sciat
3473 2766 3536 2806 so

1884 2839 2114 2896 Domini
2149 2835 2331 2892 nostri
2365 2839 2421 2890 et
2449 2833 2844 2906 apostolorum
2876 2833 3159 2906 principis
3206 2835 3355 2892 Petri
3402 2853 3538 2894 ana-

1886 2928 2163 2984 tbematis
2184 2923 2415 2979 vinculo
2445 2921 2814 2988 innodatum,
2839 2926 3052 2976 etcum
3075 2923 3304 2980 diabolo
3327 2928 3385 2980 et
3407 2925 3536 2997 ejus

1887 3014 2271 3072 atrocissimis
2311 3011 2518 3085 pomis,
2544 3015 2720 3082 atque
2752 3026 2885 3065 cum
2924 3009 3079 3066 Juda
3115 3009 3395 3068 traditore
3424 3013 3535 3069 Do-

1887 3105 2032 3162 mini
2055 3103 2236 3160 nostri
2264 3106 2319 3156 et
2339 3099 2653 3157 Salvatoris
2674 3099 2816 3154 Jesu
2838 3097 3053 3154 Christi
3085 3098 3144 3154 in
3174 3103 3384 3156 aeterno
3403 3099 3538 3174 igne

1890 3187 2706 3259 concrcmandum,simulquc
2723 3191 2779 3242 et
2801 3185 2858 3240 in
2879 3187 3148 3260 voragine
3172 3193 3542 3260 tartareoque

1891 3285 2069 3340 chaos
2091 3284 2424 3337 demersum
2457 3293 2592 3332 curn
2625 3276 2825 3348 impiis
2857 3274 3254 3348 plectendum.
3281 3277 3387 3343 Qui
3409 3294 3542 3333 vero

1889 3374 1984 3446 pio
2001 3371 2217 3425 intuitu
2239 3368 2510 3424 custodes
2528 3373 2583 3420 et
2600 3365 2935 3420 obcdientes
2954 3368 3128 3436 atque
3144 3367 3544 3422 observatores

1889 3462 2069 3532 hujus
2102 3464 2314 3513 nostra:
2347 3454 2658 3509 salutiferae
2684 3453 3090 3524 prmceptionis
3121 3453 3426 3522 exstiterit,
3452 3455 3546 3510 be-

1890 3547 2240 3605 nedictionis
2273 3543 2522 3615 gratiam
2545 3545 2599 3594 et
2621 3539 2874 3594 caelestis
2904 3540 3304 3594 retributionis
3325 3545 3543 3597 aeterna

1890 3637 2103 3712 gaudia
2135 3653 2168 3689 a
2191 3635 2353 3704 justo
2384 3629 2589 3685 Judice
2631 3627 2876 3682 Domino
2927 3631 3124 3682 nostro
3174 3628 3454 3699 consequi
3485 3634 3542 3685 et

1888 3729 2016 3782 vita:
2048 3728 2273 3778 (eterna:
2305 3716 2595 3792 particeps
2625 3715 2776 3770 efﬁci
2808 3719 3118 3770 mereatur.

1962 3812 2256 3882 Scriptum
2290 3823 2392 3880 per
2431 3820 2671 3860 manum
2721 3803 3015 3858 Benedicti
3057 3803 3356 3860 Scriniarii
3403 3822 3544 3860 san-

1892 3909 1997 3959 cta:
2027 3901 2302 3957 Romanis
2333 3893 2622 3960 Ecclesize,
2653 3893 2712 3948 in
2743 3908 2944 3948 mense
2976 3891 3326 3964 Septembri,
3361 3893 3545 3950 Indic-

1893 3994 2048 4048 tione
2076 4007 2131 4044 x.

1968 4082 2120 4136 Bene
2149 4076 2356 4132 valete.

1968 4171 2182 4227 Datum
2218 4184 2273 4222 ιν
2301 4163 2587 4220 Kalendas
2619 4160 2760 4217 Julii
2793 4177 2894 4233 per
2927 4176 3139 4216 manus
3169 4160 3412 4217 Joannis
3434 4161 3551 4232 epi-

1899 4259 2058 4332 scopi
2093 4262 2305 4312 sanctm
2337 4249 2686 4308 Albanensis
2734 4249 3002 4305 Ecclesia:
3034 4253 3091 4304 et
3121 4248 3549 4315 bibliothecarl,

1900 4364 2148 4406 summae
2195 4351 2252 4400 et
2301 4339 2630 4414 apostolicae
2688 4338 2844 4394 sedis
2904 4354 3080 4404 anno,
3113 4338 3227 4392 Deo
3275 4337 3550 4408 propitio,

1901 4436 2278 4510 pontiﬁcatus
2311 4427 2510 4484 domni
2546 4426 2806 4498 Gregorii
2839 4425 2887 4477 V
2917 4424 3133 4480 summi
3171 4423 3466 4494 pontiﬁcis
3498 4427 3556 4478 et

1902 4520 2249 4582 universalis
2301 4534 2460 4590 papa:
2493 4515 2549 4569 in
2586 4511 2984 4569 sacratissima
3017 4512 3150 4567 sede
3198 4511 3350 4589 beati
3402 4510 3553 4566 Petri

137 4610 423 4668 Zachariae
477 4617 538 4667 et
571 4613 791 4670 Nicolai
827 4632 987 4687 papa:
1029 4617 1521 4689 praedecessorum
1560 4599 1795 4672 nostro-
1829 4627 1876 4692 ι)
1907 4611 2174 4687 apostoli,
2212 4624 2363 4664 anno
2394 4603 2603 4677 primo,
2635 4599 2954 4656 indictione
2986 4617 3020 4654 x
3051 4601 3146 4671 (6).

140 4715 288 4765 rum,
307 4701 390 4756 ita
411 4704 474 4758 et
500 4718 657 4757 nunc
675 4719 810 4758 cum
833 4719 1051 4777 magna
1071 4704 1383 4760 securitate
1401 4705 1596 4776 quiete
1613 4705 1801 4762 valeat

208 4823 281 4894 (6)
313 4823 627 4911 U‘ghellius
659 4825 808 4911 hanc
840 4829 1030 4911 ipsam
1062 4827 1288 4911 bullam
1330 4844 1446 4900 prae
1470 4829 1664 4911 .oculis
1696 4829 1799 4885 ha-

142 4891 303 4972 bens,
335 4891 904 4972 Joannemgintrusit
941 4901 1000 4954 in
1031 4891 1359 4972 catalogum
1393 4900 1799 4972 episcoporum

140 4964 565 5038 albanensium
589 4969 662 5024 ad
687 4987 909 5026 annum
931 4973 1056 5038 828,
1076 4964 1248 5026 tomd
1259 4971 1278 5026 Ι
1303 4964 1662 5026 ItalfSacrEe.
1688 4973 1801 5027 Sed

141 5033 465 5115 is_t'allitur.
489 5038 617 5115 Non
640 5041 712 5096 ad
732 5033 1078 5115 Gregorium
1109 5043 1540 5115 quartum,_sed
1564 5043 1802 5115 quidem

145 5105 216 5194 ad
235 5107 541 5187 quintum,
565 5109 770 5194 littera;
801 5105 925 5194 ista:
947 5105 1433 5194 (sitafnen‘omui
1466 5105 1803 5194 suspicione

145 5175 639 5263 falsi‘eas‘carere
670 5187 867 5254 putas)
896 5175 1640 5263 pértinent._Neque__epjm
1674 5200 1805 5240 con-

145 5249 298 5328 venit
326 5249 638 5328 indictioni
669 5249 705 5309 Ξ(
736 5249 928 5328 annus
961 5255 1188 5328 primus
1219 5249 1480 5328 Gregorii
1515 5254 1586 5310 IV
1618 5271 1802 5328 papa).

148 5317 334 5411 facile
351 5325 560 5411 “tamen
578 5339 741 5411 error
758 5326 818 5380 in
841 5317 1245 5411 a‘po'grapb'um
1268 5317 1572 5411 irrepsisse
1593 5317 1804 5411 potuit,

148 5388 336 5478 ita’ut.
348 5390 636 5478 librarius
670 5388 896 5478 legerit
919 5388 1098 5478 {pro
1121 5397 1196 5478 _V,
1222 5414 1358 5478 quae
1385 5388 1615 5478 littera}
1656 5397 1810 5452 inter

148 5475 208 5540 se
229 5460 398 5517 facile
421 5460 773 5540 commutari
799 5460 1141 5540 possuﬁt,et
1169 5460 1530 5540 aid-eamdem
1555 5467 1806 5540 formam

147 5529 264 5585 fere
316 5535 628 5592 accedunt.
670 5529 976 5594 Sed‘cum
1027 5529 1066 5594 θ’
1107 5539 1425 5594 Mabillonii
1483 5538 1808 5595 Annalibus

149 5605 323 5682 atque
353 5621 398 5682 εἰ
418 5605 707 5682 Ghronico
741 5611 1084 5682 Sublacensi
1127 5615 1355 5682 constet
1394 5626 1546 5664 anno
1575 5610 1680 5662 997
1714 5612 1810 5666 llo-

148 5675 338 5730 ruisse
359 5675 602 5736 Petrum
622 5681 1039 5738 SublaCensem
1059 5681 1328 5738 abbatem
1347 5699 1358 5746 ;
1375 5687 1430 5736 et
1455 5697 1660 5737 rursus
1674 5698 1808 5739 cum

1911 4848 1944 4885 a
1963 4823 2287 4898 Ciampjnic
2397 4815 2655 4898 Catalog.
2681 4815 3080 4898 bibliot‘hecar.
3196 4813 3263 4868 Β.
3291 4812 3356 4868 E.
3383 4815 3560 4898 atque

1911 4901 1983 4980 ab
2010 4884 2421 4980 ipso‘Ughellio
2442 4888 2500 4980 in
2525 4884 2814 4960 episcopis
2827 4885 3264 4980 ﬁlbanensixbus
3275 4884 3563 4980 certiores

1913 4957 2052 5027 facti
2081 4957 2365 5036 fuerimus
2397 4957 2599 5015 eodem
2641 4957 2794 5015 anno
2827 4957 3095 5036 ﬂoruisse
3123 4957 3562 5036 Joannemepi-

1912 5025 2155 5098 scopum
2187 5035 2596 5096 Albanensem,
2631 5035 2689 5086 et
2717 5033 2933 5085 sanctae
2976 5029 3251 5084 Romanae
3291 5025 3563 5098 Ecclesiae

1913 5097 2445 5169 bibliothecarium,
2479 5119 2572 5156 res
2613 5104 2810 5156 monet
2850 5100 3214 5156 referendam
3245 5115 3374 5154 esse
3413 5097 3568 5153 hanc

1915 5181 2136 5240 bullam
2159 5178 2231 5234 ad
2256 5173 2599 5246 Gregorium
2620 5172 2691 5246 V,_
2708 5172 2812 5246 qui
2848 5169 3456 5246 iisdcm‘temporihns
3477 5185 3568 5246 ca-

1914 5239 2184 5310 thedram
2219 5239 2778 5309 Petrivconscendit;
2813 5246 2869 5297 et
2907 5260 3011 5314 pro
3053 5239 3298 5314 Gregorii
3326 5241 3395 5296 IV
3423 5239 3567 5296 scri-

1915 5326 2173 5380 bendum
2209 5317 2466 5382 Gregorii
2489 5315 2544 5370 V.
2569 5315 2672 5369 Hic
2703 5313 3304 5368 autem’renuntiatus
3324 5314 3413 5366 est
3434 5327 3572 5382 pon-

1916 5397 2055 5452 tifex
2086 5406 2285 5448 mense
2323 5381 2482 5442 Maio
2527 5385 2664 5440 anni
2713 5385 2840 5443 996.
2872 5385 3188 5461 indictione
3219 5401 3294 5461 ix.
3327 5381 3476 5461 Ergo
3508 5381 3570 5434 in

1917 5468 2026 5522 hac
2059 5463 2220 5521 bulla
2249 5461 2396 5516 alter
2425 5475 2586 5512 error
2604 5457 2978 5524 occcurrerit,
3002 5461 3177 5528 atque
3196 5459 3284 5511 est
3313 5453 3569 5528 scriben-

1919 5541 2061 5594 dum
2109 5539 2212 5591 aut
2257 5546 2401 5586 anno
2446 5528 2701 5594 secundo,
2737 5533 2839 5584 aut
2887 5523 3183 5583 indictione
3227 5543 3302 5599 ix.
3347 5523 3570 5599 Interea

1921 5602 2402 5666 animadverteris
2435 5616 2502 5655 ea
2527 5601 2702 5655 verba
2730 5617 2743 5654 :
2779 5601 2840 5654 In
2869 5608 3052 5655 nostro
3077 5598 3280 5670 palatio
3307 5598 3566 5660 compost-

1920 5689 2077 5738 turus
2103 5679 2303 5736 existat
2332 5674 2461 5728 auri
2491 5675 2628 5728 cocti
2659 5672 2827 5727 libras
2856 5670 3011 5726 duas.
