3900 6360
347 403 465 466 919

1126 547 1218 603 XI.

415 665 683 705 GBEGORII
723 667 989 708 EPISTOLA
1020 671 1090 710 AD
1129 672 1394 712 JOANNEM
1437 672 1927 713 RAVENNATENSEM

907 742 1359 783 ARCHIEPISCOPU
1370 746 1432 783 Μ.

986 817 1172 887 (Anno
1203 818 1353 890 997.)

375 899 752 958 Placentinum
800 905 1079 962 ecclesiam
1129 911 1386 980 restituit,
1434 908 1958 980 Monte/metrumm,

1048 979 1170 1052 subj
1178 982 1288 1036 icit.

485 1061 670 1136 [Apud
720 1065 930 1135 Mansi,
967 1065 1170 1124 Concil.
1207 1073 1346 1124 tom.
1381 1069 1520 1137 XIX,
1557 1069 1666 1125 col.
1700 1069 1850 1144 208.]

412 1170 636 1229 Dilecto
683 1173 804 1230 ﬁlio
851 1175 1062 1232 Joanni
1097 1178 1155 1232 S.
1192 1176 1543 1232 Ravennatis
1593 1175 1861 1232 Ecclesia:
1905 1195 1994 1232 ar-

340 1259 711 1334 chiepiscopo
750 1265 1100 1332 venerando,
1125 1265 1363 1336 tuisque
1412 1265 1852 1321 successoribus
1903 1283 1993 1321 ar-

339 1348 728 1423 chiepiscopis
759 1351 816 1407 in
849 1358 1219 1426 perpetuum.

410 1436 628 1494 Divina:
660 1441 1150 1498 remunerationis
1182 1444 1441 1514 prtemia,
1467 1447 1522 1498 et
1553 1443 1716 1499 bonae
1749 1443 1994 1500 actionis

339 1532 553 1586 nostris
584 1529 813 1588 labores
843 1531 916 1587 ab
961 1535 1175 1588 interna
1214 1549 1395 1588 manu
1426 1538 1620 1605 optate
1652 1534 1992 1591 fructificari

338 1623 664 1691 sperantes,
689 1619 932 1694 dignum
959 1621 1236 1678 duximus
1265 1622 1425 1678 omni
1458 1622 1663 1679 divinae
1695 1624 1994 1682 servitutis

338 1708 620 1781 obsequio
651 1707 826 1764 hilari
856 1715 1054 1767 mente
1094 1710 1432 1784 impendere
1463 1712 1836 1783 famulatum,
1869 1731 1991 1770 ma-

336 1795 494 1854 xime
523 1797 585 1853 in
616 1799 1017 1856 restaurandis
1048 1799 1330 1870 ecclesiis,
1357 1819 1504 1875 quas
1526 1803 1598 1859 ab
1619 1803 1996 1860 antecessori-

338 1887 452 1943 bus
481 1887 700 1945 nostris
748 1889 821 1944 ad
873 1889 1052 1946 divini
1086 1907 1262 1948 usum
1313 1891 1532 1948 servitii
1583 1893 1807 1950 dicatos
1855 1911 1992 1950 con-
2023 1920 2072 1988 Β

337 1977 1478 2052 spsximus.Quapropterconsiderantes
1495 1981 1671 2038 etiam
1691 1981 1994 2040 universas

337 2063 591 2122 haereses
619 2065 680 2122 in
712 2071 916 2124 sancta
961 2068 1250 2126 catholica
1293 2070 1552 2128 Ecclesia
1585 2071 1997 2129 miserabiliter

337 2156 514 2223 ortas,
539 2153 747 2228 dignas
797 2157 1042 2214 resecari
1094 2159 1153 2214 S.
1190 2159 1511 2216 Ravennati
1560 2161 1850 2231 Ecclesiae,
1885 2161 1992 2218 tibi

335 2240 552 2299 Joanni
581 2243 847 2316 ejusdem
894 2245 1150 2303 ecclesiae
1190 2249 1519 2306 venerando
1567 2249 1988 2323 archiprzesuli,

335 2330 572 2404 tuisque
593 2333 1034 2392 successoribus
1053 2334 1111 2391 in
1134 2341 1506 2410 perpetuum,
1531 2343 1772 2411 paterno
1794 2357 1993 2397 amore

336 2419 742 2478 subvenimus.
776 2421 1172 2481 Placentinam
1219 2425 1526 2483 ecclesiam
1570 2427 1790 2500 injuste
1819 2428 1925 2486 tibi
1957 2447 1990 2486 a

336 2523 467 2565 meo
497 2513 866 2568 antecessore
917 2511 1197 2581 ablatam,
1232 2518 1289 2570 et
1327 2519 1531 2571 contra
1577 2532 1830 2572 canones
1879 2519 1988 2574 sub

337 2598 573 2655 nomine
603 2599 1142 2674 archiepiscopatus
1167 2602 1437 2671 locatam,
1463 2604 1566 2661 tibi
1591 2606 1828 2678 tuisque
1859 2624 1989 2662 suc-

335 2686 668 2745 cessoribus
691 2689 1010 2747 refutantes
1026 2691 1084 2746 in
1109 2696 1477 2765 perpetuum.
1494 2693 1740 2766 Insuper
1757 2696 1932 2751 etiam
1957 2713 1990 2752 a

335 2780 536 2834 nostro
558 2777 888 2850 apostolatu
917 2779 1262 2852 postulastis
1285 2787 1576 2854 quatenus
1604 2801 1708 2856 pro
1730 2784 1991 2858 omnipo-

333 2866 513 2923 tentis
544 2866 646 2924 Dei
691 2883 906 2938 amore,
943 2871 1324 2944 mercedeque
1355 2871 1564 2930 animae
1613 2879 1846 2941 nostrae,
1881 2891 1987 2930 nec

335 2971 452 3011 non
483 2958 574 3012 est
602 2973 707 3030 pro
738 2961 895 3014 statu
928 2959 1088 3031 regni
1136 2959 1357 3015 domini
1409 2960 1780 3020 invictissimi
1830 2963 1987 3020 tertii

335 3041 565 3100 Ottonis
585 3044 957 3118 imperatoris
977 3047 1244 3120 Augusti,
1269 3049 1672 3123 episcopatum
1706 3053 1984 3108 Montefe-

334 3136 636 3190 retranum
659 3150 793 3191 cum
815 3135 975 3190 omni
1003 3136 1335 3210 integritate
1357 3156 1484 3208 sua,
1509 3157 1578 3196 ex
1608 3146 1806 3196 nostro
1835 3141 1986 3196 dono

335 3221 447 3278 sub
469 3222 604 3294 jure
625 3223 684 3279 S.
701 3222 1056 3281 Ravennatis
1083 3225 1350 3282 Ecclesiae
1373 3227 1738 3297 donando,et
1762 3229 1984 3301 episco-

335 3325 478 3382 pum
499 3311 878 3368 consecrandi
903 3314 1113 3370 amodo
1133 3314 1192 3370 in
1225 3320 1396 3372 antea
1417 3316 1509 3372 cui
1531 3316 1852 3386 volueritis,
1879 3316 1982 3382 tibi
2016 3289 2060 3356 θ

333 3398 573 3472 tuisque
593 3402 1054 3472 successoribus,
1080 3407 1292 3461 nostrae
1314 3405 1645 3478 apostolicae
1668 3405 1981 3462 auctorita-

334 3489 413 3547 tis
441 3490 742 3566 privilegio
775 3491 1143 3548 muniremus
1183 3493 1243 3549 in
1283 3498 1650 3566 perpetuum.
1676 3495 1984 3568 Propterea

333 3581 455 3638 tuis
476 3581 605 3638 ﬂexi
628 3581 920 3654 precibus,
945 3581 1018 3638 ad
1035 3581 1316 3638 honorem
1339 3584 1396 3640 S.
1413 3584 1766 3641 Ravennatis
1788 3585 1980 3640 Eccle-

332 3672 454 3742 site,
477 3675 535 3728 et
567 3671 945 3728 stabilitatem
981 3671 1246 3744 ejusdem
1283 3673 1596 3730 venerandi
1629 3673 1760 3742 loci,
1791 3674 1981 3746 ipsam

323 3763 452 3836 jam
475 3763 662 3818 fatum
681 3759 1070 3818 venerabilem
1102 3760 1506 3834 episcopatum
1539 3761 1982 3820 Monteferetra—

331 3869 476 3910 num
497 3867 634 3907 cum
655 3849 815 3907 omni
833 3848 1165 3922 integritate
1189 3867 1314 3918 sua,
1342 3849 1564 3907 scilicet
1585 3851 1871 3922 ecclesiis,
1893 3868 1983 3908 ca-

329 3940 522 4017 pellis,
541 3937 1328 4011 casis,casa1ibus,curtibus,
1345 3939 1862 4010 mansis,coloniis,
1878 3942 1979 3996 ab-

327 4027 714 4098 batiis,cellis,
730 4026 1060 4095 fundis,seu
1077 4027 1484 4098 terris,vineis,
1499 4030 1704 4100 pratis,
1719 4030 1976 4102 pascuis,

327 4118 504 4176 etiam
536 4115 774 4174 famulis
807 4115 1116 4188 utriusque
1137 4133 1332 4185 sexus,
1355 4121 1413 4172 et
1437 4135 1571 4173 cum
1596 4119 1874 4176 omnibus
1905 4121 1978 4176 ad

317 4209 424 4280 jus
440 4204 624 4262 notati
641 4203 920 4278 episcopii
936 4202 1201 4277 legaliter
1214 4204 1662 4277 pertinentibus,
1678 4206 1904 4264 salvum
1922 4214 1980 4266 et

326 4297 386 4352 in
409 4294 642 4353 cunctis
661 4295 924 4368 quietum
945 4293 1262 4350 consistere
1297 4295 1408 4351 sub
1438 4295 1575 4365 jure
1614 4301 1828 4352 sanctze
1861 4299 1978 4354 Ra-

323 4385 592 4443 vennatis
613 4383 772 4441 sedis
793 4383 1059 4453 tuitione,
1097 4382 1224 4441 sine
1272 4383 1586 4456 cujuslibet
1607 4401 1978 4460 quacumque

325 4474 804 4534 contradictione.
821 4473 905 4529 Ita
919 4472 1142 4529 scilicet
1157 4473 1592 4541 confit-montes,
1608 4475 1978 4533 decernimus

323 4569 391 4621 ut
420 4564 732 4636 episcOpus
763 4560 862 4634 qui
908 4559 967 4617 in
999 4561 1202 4618 eodem
1234 4561 1528 4634 episcopio
1581 4580 1684 4646 pro
1715 4568 1977 4637 tempore

1673 413 2048 477 GREGORII
2087 413 2143 480 γ
2183 415 2437 482 ΡΑΡλΕ.

2027 547 2084 617 Α
2113 549 2360 621 sionem,
2385 553 2782 613 ecclesiastico
2814 573 2996 626 more,
3030 555 3088 614 in
3129 557 3368 632 praefato
3399 559 3756 634 episcopatu,

3646 425 3762 489 9'20

2111 641 2450 714 episcopum
2476 661 2816 702 consecrare
2835 647 3116 716 debeatis,
3134 653 3358 704 remota
3376 651 3642 706 omnium
3668 652 3762 707 ho-

2111 731 2338 786 minum
2385 735 2862 792 contradictione.
2889 737 3223 793 Slatuentcs
3262 737 3586 810 apostolica
3623 759 3760 796 cen-

2109 836 2250 875 sura
2275 823 2384 877 sub
2418 823 2596 878 divini
2615 825 2825 895 judicii
2855 825 3264 895 obtestatione,
3289 832 3346 882 ot
3369 829 3758 886 anathematis

2107 907 2519 975 interdictu,ut
2539 911 2587 966 si
2605 913 2942 986 quicunque
2961 915 3156 984 homo,
3176 916 3494 988 cujuslibet
3512 924 3762 990 potesta-

2106 997 2182 1052 tis
2202 999 2924 1075 existens,prmsumpserit
2939 1021 3084 1060 ausu
3104 1006 3413 1062 temerario
3431 1013 3637 1064 contra
3654 1008 3759 1064 hoc

2106 1087 2435 1159 apostolica!
2469 1091 2932 1148 confirmationis
2964 1093 3336 1167 privilegium
3377 1086 3566 1170 agere,
3594 1102 3699 1152 aut
3729 1115 3760 1153 a

2095 1175 2232 1246 jure
2256 1177 2314 1232 S.
2341 1179 2691 1236 Ravennatis
2715 1181 2979 1246 Ecclesiae
3005 1183 3308 1254 przefatum
3331 1185 3756 1258 episcopatum,

2104 1265 2348 1338 donum,
2366 1273 2421 1322 et
2443 1271 2940 1326 consecrationem
2968 1272 3268 1344 subripere
3291 1275 3620 1344 tentaverit,
3647 1275 3759 1330 nisi

2104 1355 2435 1426 resipuerit,
2461 1362 2518 1413 et
2539 1357 2630 1412 bis
2653 1359 2894 1415 monitis
2917 1359 3134 1417 nostris
3155 1363 3529 1433 acquievcrit,
3552 1369 3759 1420 aucto-

2104 1443 2274 1499 ritate
2295 1445 2396 1500 Dei
2419 1450 2475 1502 et
2496 1453 2695 1503 nostra
2717 1466 2832 1504 non
2856 1448 3050 1505 solum
3087 1450 3479 1507 anathematis
3503 1453 3758 1509 vinculis

2103 1531 2436 1604 innodetur,
2471 1537 2571 1592 sed
2621 1554 2654 1592 a
2706 1555 2893 1611 regno
2935 1538 3034 1595 Dei
3085 1539 3312 1596 alienus
3360 1541 3604 1610 cxistat;
3660 1542 3759 1615 qui

2104 1626 2300 1677 autem
2331 1640 2503 1680 verus
2533 1630 2733 1681 custos
2777 1632 2834 1682 et
2871 1628 3210 1706 observator
3237 1629 3544 1698 exstiterit,
3579 1632 3758 1687 bene-

2103 1709 2380 1766 dictionis
2409 1713 2659 1786 gratiam
2693 1732 2728 1770 a
2757 1714 3006 1772 Domino
3039 1715 3314 1789 consequi
3347 1721 3663 1774 mereatur.

2175 1799 2472 1872 Scriptum
2505 1819 2684 1858 manu
2718 1803 2868 1859 Petri
2901 1805 3216 1874 scriniarii,
3250 1806 3459 1862 notarii
3491 1811 3548 1863 et
3579 1807 3763 1880 regio-

2104 1888 2252 1944 narii
2283 1894 2339 1944 8.
2365 1890 2432 1946 R.
2457 1891 2519 1946 E.
2545 1891 2603 1946 in
2638 1909 2840 1948 mense
2869 1893 3047 1962 Julio,
3072 1893 3388 1951 indictione
3420 1897 3764 1968 supradicta

2103 1994 2158 2033 κ.
2193 1977 2323 2034 Dat.
2355 1979 2500 2034 Non.
2535 1979 2654 2036 Jul.
2689 1998 2792 2052 per
2839 1998 3052 2038 manus
3100 1982 3346 2040 Joannis
3395 1985 3655 2059 episcOpi
3701 1987 3761 2042 S.

2100 2061 2450 2120 Albanensis
2481 2066 2750 2124 Ecclesize
2783 2073 2840 2125 et
2885 2068 3310 2126 bibliothecarii
3343 2077 3556 2130 sanctae
3588 2089 3761 2146 apos-

2101 2151 2286 2208 tolicae
2319 2154 2495 2212 sedis.

2161 2349 2424 2388 GRECORII
2469 2351 2630 2390 I’APE
2659 2353 2695 2392 ν
2724 2352 2992 2392 EPISTOLA
3021 2353 3094 2393 AD
3124 2355 3396 2394 ABDONEM
3427 2355 3696 2397 ADAATEM

2708 2424 3020 2464 FLORIACEN
3027 2427 3138 2465 SEM
3148 2451 3159 2464 .

2741 2497 2928 2569 (Anno
2958 2497 3112 2566 997.)

2214 2563 2236 2575 '
2293 2583 2482 2656 [Apud
2515 2563 2760 2654 Mabill.,
2796 2585 2996 2641 Annal.
3029 2563 3254 2656 Bencd.,
3290 2587 3380 2656 Iv,
3419 2589 3566 2659 107.]

2171 2689 2418 2745 Domino
2452 2690 2784 2762 specialiter
2813 2691 3128 2748 venerabili
3152 2694 3376 2750 Annon:
3409 2695 3635 2763 abbati,
3665 2696 3756 2762 G.,

2099 2793 2302 2833 servus
2332 2795 2630 2834 servorum
2664 2780 2790 2846 Dei,
2823 2779 3074 2836 salutem
3103 2781 3162 2836 in
3195 2781 3446 2840 Christo.

2171 2867 2317 2932 Quia
2372 2867 2700 2923 litterarum
2747 2873 3078 2924 vestrarum
3128 2871 3380 2942 portitor
3437 2873 3761 2929 festinabat

2098 2955 2450 3026 quantocius
2471 2956 2680 3026 redire,
2706 2955 2800 3011 vix
2818 2957 3231 3029 vespertinalis
3255 2977 3540 3032 synaxeos
3567 2963 3760 3034 spatio

2098 3049 2164 3098 ut
2192 3049 2584 3100 remoraretur
2625 3043 2780 3099 valui
2813 3045 3145 3117 impetrare.
3180 3047 3343 3104 Unde
3393 3050 3759 3125 breviloquio

2097 3150 2262 3201 usus,
2295 3138 2500 3188 vestrae
2534 3149 2766 3205 semper
2803 3149 2942 3206 erga
2982 3150 3076 3189 me
3129 3151 3287 3190 novae
3339 3137 3758 3196 benevolentia

2099 3221 2320 3295 gratias
2371 3221 2575 3291 refero,
2611 3225 2834 3293 petens,
2881 3221 3034 3278 sicut
3083 3223 3432 3291 mandastis,
3467 3232 3536 3282 ut
3594 3231 3759 3286 nobis

2098 3312 2338 3368 fratrem
2372 3311 2438 3366 R.
2474 3310 3004 3382 impraesentiarum
3037 3309 3324 3384 dirigatis,
3350 3313 3451 3385 qui
3485 3317 3666 3373 nobis
3695 3319 3761 3374 de

2091 3405 2284 3458 vestra
2331 3401 2738 3473 prosperitate,
2782 3401 2854 3456 de
2906 3399 3060 3473 regis
3118 3400 3512 3474 promissione
3549 3407 3660 3478 (7),
3693 3407 3760 3462 de

2092 3491 2543 3548 Cantuariorum
2593 3488 3020 3562 archiepiscopi
3071 3488 3479 3547 incolumitate
3533 3509 3756 3551 renun-

2092 3579 2223 3648 tiet;
2251 3596 2439 3635 unum
2462 3579 2804 3650 deprecans,
2821 3584 2886 3633 ut
2907 3593 2974 3633 cx
2986 3579 3196 3635 vestris
3219 3579 3564 3636 missalibus
3588 3581 3755 3640 libris

2091 3671 2383 3740 optimum
2439 3665 2881 3735 transmittatis,
2915 3672 3230 3740 quatenus,
3284 3667 3755 3744 quotiescunque

2090 3759 2243 3815 inter
2290 3758 2609 3813 missarum
2661 3755 2948 3812 solemnia
2991 3756 3208 3822 videro,
3251 3757 3522 3828 specialis
3574 3760 3752 3816 amici

2091 3864 2316 3904 memor
2353 3845 2486 3914 sim,
2521 3861 2825 3917 nunquam
2875 3844 3148 3918 ingratus
3194 3849 3384 3901 vestro
3438 3843 3747 3904 beneficio.

2088 3938 2308 3994 Valete.

2839 4024 2986 4080 XIII.

2125 4132 2393 4174 GREGOIIII
2426 4131 2588 4171 PAPIE
2616 4131 2652 4168 V
2683 4129 3061 4170 PRIVILEGIUM
3103 4130 3212 4170 PRO
3245 4130 3484 4170 ΑΒΒΛἸἹΑ
3513 4130 3565 4170 8.
3596 4132 3711 4171 AM-

2813 4202 3024 4240 DROSII.

2731 4275 2916 4346 (Anno
2946 4273 3098 4347 997.)

2338 4365 2522 4440 [Apud
2558 4365 2770 4431 Mansi,
2793 4363 2951 4420 Cone.
2987 4367 3128 4419 tom.
3161 4362 3304 4431 XIX,
3337 4362 3491 4435 203.]

2159 4475 2475 4546 Postquam
2507 4473 2678 4528 beato
2703 4470 2888 4538 Petro,
2914 4469 3315 4543 apostolorum
3339 4469 3618 4542 principi,
3641 4469 3745 4524 Do-

2087 4565 2284 4620 minus
2307 4581 2372 4618 ac
2394 4562 2750 4632 Redemptor
2779 4564 2980 4614 noster
2999 4559 3170 4615 Jesus
3193 4557 3464 4613 Christus
3485 4573 3555 4612 ex
3576 4562 3743 4614 utero

322 4653 498 4710 fuerit
527 4669 561 4708 a
587 4656 664 4719 te,
687 4650 774 4706 vel
809 4667 842 4706 a
871 4649 990 4706 tuis
1020 4649 1458 4706 successoribus
1489 4651 1816 4720 ordinatus,
1843 4653 1968 4711 sine
1997 4657 2047 4724 D
2077 4651 2334 4727 Virginis
2367 4668 2470 4724 pro
2494 4653 2692 4706 nostra
2716 4647 3138 4721 redemptione,
3163 4651 3227 4702 ut
3248 4650 3371 4702 erat
3391 4646 3547 4702 Deus
3569 4663 3742 4702 verus

321 4741 480 4798 omni
513 4739 992 4805 contradictione,
1017 4738 1442 4808 subjectionem
1474 4739 1805 4812 impendat;
1831 4747 1887 4798 et
1907 4749 1973 4800 ut

319 4829 419 4887 alii
451 4827 827 4899 suti‘raganei,
851 4827 912 4880 in
935 4825 1211 4882 omnibus
1232 4827 1556 4883 secundum
1579 4829 1834 4886 ecclesiae
1856 4837 1969 4888 tua:

317 4918 646 4993 profectum
678 4914 972 4982 obediant,
1005 4914 1248 4988 insuper
1289 4933 1594 4990 nunquam
1628 4919 1739 4974 sub
1789 4921 1968 4977 divini

309 5005 520 5081 judicii
553 5003 941 5060 obtestatione
973 5003 1421 5062 interminantes
1459 5007 1743 5078 jubemus
1793 5015 1969 5083 atque

317 5093 690 5170 praecipimus
739 5096 805 5148 ut
852 5093 1054 5149 nullus
1085 5094 1402 5166 imperator
1429 5097 1517 5152 vel
1548 5115 1666 5164 rex,
1700 5099 1818 5154 dux
1868 5105 1969 5156 aut

317 5182 598 5249 marchio,
631 5183 701 5237 de
732 5184 968 5254 [Mactata
991 5185 1428 5240 consecratione
1458 5185 1514 5239 in
1541 5185 1738 5260 aliquo
1768 5193 1823 5243 te
1845 5193 1966 5245 tuo—

315 5291 429 5346 que
459 5287 828 5328 successores
872 5272 1079 5328 lzcdere
1129 5279 1470 5344 praesumat,
1496 5277 1597 5330 sed
1631 5293 1664 5330 a
1693 5279 1964 5349 prmsenti

313 5363 543 5426 decima
571 5361 891 5417 indictione
930 5361 989 5416 in
1033 5368 1205 5420 antea
1253 5381 1439 5436 usque
1481 5363 1540 5418 in
1591 5371 1960 5438 perpetuum,

314 5467 724 5526 quemcunque
745 5449 960 5524 eligere
981 5451 1290 5521 voluerint,
1317 5471 1420 5526 per
1445 5458 1704 5508 nostram
1733 5472 1960 5512 conces-

383 5579 461 5651 (7)
491 5575 620 5651 Haec
655 5575 914 5651 Rotberti
950 5577 1104 5651 regis
1135 5578 1447 5651 promissio
1478 5578 1627 5651 forte
1661 5582 1960 5650 spectabat

311 5647 625 5722 divortium
660 5665 692 5703 a
724 5647 1280 5722 Bertaregi‘na’ipsi
1329 5649 1512 5716 affini,
1537 5647 1724 5722 quam
1757 5658 1958 5708 contra

308 5719 732 5780 ecclesiasticas
764 5719 989 5792 regulas
1021 5719 1492 5792 desponsaverat.
1519 5719 1958 5778 Gantuariensis

2081 4747 2218 4800 ante
2240 4739 2472 4807 saecula,
2487 4756 2658 4794 verus
2682 4738 2858 4793 homo
2874 4737 2934 4792 in
2954 4737 3068 4792 line
3092 4735 3439 4792 saeculorum
3457 4752 3739 4808 apparere

2079 4833 2356 4904 dignatus
2399 4833 2508 4896 est,
2541 4827 2761 4899 ligandi
2806 4830 2982 4898 atque
3031 4824 3290 4881 solvendi
3321 4824 3380 4878 in
3413 4821 3559 4880 coelo
3591 4828 3650 4880 et
3679 4824 3737 4878 in

2078 4925 2234 4977 terra
2265 4920 2612 4991 potestatem
2642 4915 2869 4984 tribuit,
2905 4915 3080 4970 etiam
3120 4914 3340 4986 januas
3371 4911 3534 4985 regni
3568 4911 3735 4968 coale-

2079 5008 2186 5064 stis
2234 5005 2580 5062 reserandas
2618 5004 2928 5074 concessit,
2963 5019 3144 5074 supra
3189 5001 3548 5058 soliditatem
3600 5001 3734 5056 fidei

2078 5102 2345 5154 sanctam
2364 5094 2624 5150 stabilire
2643 5095 2923 5168 dignatus
2945 5097 3033 5148 est
3057 5090 3735 5158 Ecclesiam,secuudum

2077 5188 2236 5242 illius
2268 5184 2582 5241 veridicum
2615 5201 2834 5249 vocem,
2862 5181 3148 5237 dicentis:
3175 5182 3260 5236 Tu
3305 5197 3368 5236 es
3418 5179 3646 5246 Petrus,
3679 5182 3736 5233 et

2075 5295 2253 5349 super
2282 5276 2432 5330 hanc
2477 5279 2703 5346 petram
2745 5273 3044 5328 aicliﬁcabo
3085 5269 3404 5326 Ecclesiam
3437 5286 3654 5338 meam,
3679 5273 3735 5325 et

2075 5371 2252 5439 portae
2281 5363 2449 5419 inferi
2485 5379 2600 5418 non
2623 5361 3023 5434 praevalebunt
3047 5361 3328 5416 adversus
3351 5375 3480 5414 eam
3510 5375 3523 5413 :
3548 5362 3608 5412 et
3629 5357 3730 5412 tibi

2071 5457 2221 5511 dabo
2239 5453 2428 5513 claves
2452 5451 2614 5524 regni
2631 5450 2940 5518 caelorum;
2965 5454 3020 5506 et
3042 5450 3436 5522 quodcunque
3457 5447 3728 5519 ligaveris

2070 5577 2702 5652 archieliiscopus,___(l_e
2745 5577 2916 5648 cujus
2965 5573 3370 5652 incolumitate
3433 5571 3725 5652 sollicitus

2069 5657 2193 5709 erat
2220 5647 2497 5723 pontilex,
2534 5647 2781 5704 Elfricus
2814 5647 2920 5714 est,
2957 5647 3058 5718 qui
3090 5647 3238 5703 forte
3270 5652 3408 5701 tunc
3443 5647 3723 5716 temporis

2069 5726 2438 5798 aegrotaverat
2449 5762 2461 5774 .
