3900 6364
311 353 431 419 923

1639 357 2011 423 GREGORII
2055 358 2109 425 ν
2149 361 2249 423 PA
2261 361 2406 425 PJE.

3612 369 3739 432 924

312 497 482 552 catur
506 493 878 564 Cruels,cum
911 491 1187 551 omnibus
1210 491 1385 551 rebus
1414 497 1471 551 et
1490 494 1965 567 possessionibus
1992 493 2049 562 Α
2078 511 2233 568 gere,
2267 500 2324 553 et
2369 498 2429 553 in
2492 497 2829 558 exercendis
2876 498 2977 557 Dei
3027 497 3303 559 laudibus
3356 500 3447 559 sui
3496 502 3743 561 studeat

312 586 458 643 suis.
482 587 554 643 Et
575 590 640 641 ut
680 584 1000 658 paternitas
1032 584 1313 640 bonitatis
1360 588 1571 639 nostris
1617 583 1964 641 ﬁliationem

311 680 424 731 tuae
439 674 761 730 devotionis
784 690 1018 729 summo
1030 673 1241 728 affectu
1257 673 1636 728 etaffluenter
1655 674 1714 728 in
1734 673 1961 730 Christo

309 764 584 831 enutriat,
610 762 954 818 auctoritate
1002 762 1102 816 Dei
1154 762 1573 833 omnipotentis
1622 767 1679 816 et
1718 763 1776 818 S.
1813 763 1961 818 Petri

308 853 594 926 principis
623 851 1047 924 apostolorum,
1079 851 1187 905 hoc
1218 855 1417 906 nostro
1466 851 1789 924 privilegio,
1824 870 1963 924 prae-

286 947 541 1015 .ceptum
576 942 644 997 de
678 940 948 1014 Regiensi
981 940 1341 1013 episcopatu,
1371 958 1504 996 cum
1542 941 1815 996 omnibus
1847 942 1958 997 sibi

306 1031 676 1104 adjacentiis,
691 1048 725 1086 a
745 1030 1059 1090 venerabili
1082 1031 1289 1087 Ottone
1307 1032 1588 1103 Augusto,
1606 1030 1710 1085 tibi
1732 1035 1959 1103 tuaeque

302 1120 575 1177 Ecclesiae
606 1121 841 1192 tuisque
870 1120 1310 1175 successoribus
1340 1120 1711 1186 attributum,
1742 1121 1958 1175 confir-

303 1227 558 1276 mamus,
585 1209 920 1265 stabilimus
950 1214 1008 1263 et
1040 1208 1446 1264 inconvulsum
1492 1211 1957 1281 permanendum

301 1300 695 1372 praecipimus,
727 1304 793 1354 ut
840 1304 1059 1364 teneas,
1093 1299 1394 1366 defendas,
1423 1313 1612 1369 regas,
1636 1303 1694 1353 et
1734 1300 1804 1353 ad
1855 1298 1954 1353 Dei

300 1388 606 1456 honorem,
656 1392 778 1443 tam
829 1392 893 1442 tu
955 1404 1133 1459 quam
1195 1386 1281 1442 tui
1330 1402 1721 1454 successores,
1778 1387 1957 1443 libere

299 1477 1056 1534 ordinetis.Conﬁrmamus
1087 1475 1261 1531 etiam
1297 1475 1405 1530 tibi
1428 1479 1657 1547 tumque
1686 1475 1956 1532 Ecclesiae

299 1567 358 1622 in
406 1572 755 1639 perpetuum
803 1566 1093 1620 donamus
1144 1564 1462 1632 Caesenam,
1497 1581 1634 1620 cum
1678 1565 1955 1621 omnibus

296 1655 443 1712 inibi
462 1654 893 1728 pertinentibus
914 1670 927 1707 :
953 1658 1011 1708 et
1028 1657 1317 1724 potestate
1338 1652 1660 1725 apostolica
1673 1654 1955 1725 jubemus

296 1748 365 1799 ut
392 1744 463 1799 de
492 1743 710 1799 subtus
736 1746 940 1808 strata,
976 1758 1164 1813 usque
1186 1742 1257 1797 ad
1292 1758 1473 1808 mare,
1494 1740 1694 1798 nullus
1743 1743 1957 1799 audeat
1992 1796 2000 1803 .

2072 583 2290 641 laboris
2353 586 2623 643 exhibere
2680 593 2996 658 certamen,
3050 591 3124 646 ob
3188 591 3297 648 hoc
3363 593 3561 649 debita
3622 612 3733 651 nos

2073 675 2337 745 ejusdem
2370 676 2701 748 apostolicae
2758 678 3071 750 pastoralis
3116 681 3403 753 compulit
3450 681 3736 739 sollicitu-

2072 764 2230 819 dinis
2284 781 2445 832 cura,
2481 782 2728 838 quisque
2787 768 2858 823 ad
2922 768 3302 826 stabilitatem
3360 772 3592 843 piorum
3644 772 3732 829 lo-

2070 870 2272 908 eorum
2348 854 2741 927 promulgare,
2806 860 2863 911 et
2947 858 3278 929 apostolica:
3336 859 3735 919 institutionis

2069 958 2319 998 censura
2363 946 2729 999 conﬁrmare.
2783 946 2966 1017 Igitur
3013 946 3151 1019 quia
3198 948 3510 1018 postulasti
3554 968 3588 1005 τι
3632 970 3734 1007 ηο-

2068 1030 2181 1096 bis,
2215 1032 2541 1086 venerande
2594 1033 3055 1106 archiepismpe,
3088 1041 3382 1107 quatenus
3431 1038 3729 1111 integrum

2069 1118 2639 1191 archiepiscopatum
2692 1126 2905 1177 sancta:
2956 1124 3371 1180 Beneventanis
3431 1127 3727 1199 Ecclesiae,

2067 1207 2160 1262 cui
2214 1208 2328 1262 Deo
2382 1207 2609 1264 favente
2654 1226 2857 1281 preces,
2890 1211 3344 1267 concederemus
3390 1213 3517 1281 tibi,
3570 1215 3743 1271 tuis-.

2066 1312 2179 1368 que
2231 1298 2670 1353 successoribus
2720 1299 2777 1353 in
2828 1303 3196 1371 perpetuum,
3220 1318 3287 1356 ac
3337 1306 3549 1358 cuncta
3596 1321 3730 1375 quae

2067 1403 2100 1441 a
2158 1388 2582 1459 praedecessore
2633 1392 2834 1443 nostro
2897 1389 3135 1445 domino
3190 1391 3415 1447 Joanne
3472 1394 3729 1450 sanctis-

2066 1475 2218 1531 simo
2276 1493 2449 1548 papa,
2481 1482 2723 1549 precatu
2777 1477 3001 1533 domini
3059 1479 3291 1535 Ottonis
3350 1481 3729 1540 invictissimi

2065 1565 2438 1638 imperatoris
2506 1583 2609 1638 per
2668 1566 3039 1640 privilegium
3094 1585 3374 1626 concessa
3430 1576 3572 1627 sunt
3621 1576 3728 1629 tuo

2063 1654 2476 1726 praedecessori
2550 1654 2891 1727 Landolpho
2960 1655 3398 1731 archiepiscopo
3456 1661 3729 1732 ejusdem

2064 1743 2240 1808 sedis,
2304 1744 2790 1799 confirmaremus
2842 1762 2855 1799 :
2909 1744 3026 1816 piis
3084 1746 3204 1801 tuis
3267 1747 3574 1804 desideriis
3631 1751 3726 1806 fa-

296 1831 628 1888 districtum
664 1834 767 1887 aut
794 1830 1164 1886 venationem
1186 1828 1368 1885 ullam
1391 1846 1680 1899 exercere,
1705 1831 1817 1885 nisi
1858 1831 1951 1887 cui
1984 1865 2032 1931 Β
2060 1835 2280 1899 ventes,
2313 1831 2424 1887 hac
2474 1836 2675 1889 nostra
2730 1833 3080 1889 auctoritate
3138 1833 3197 1889 id
3258 1838 3411 1907 quod
3463 1855 3497 1893 a
3546 1839 3749 1898 nobis.

293 1925 356 1977 tu
371 1924 473 1976 aut
488 1920 572 1975 tui
591 1936 960 1976 successores
974 1918 1265 1991 jusserint
1284 1936 1297 1986 ;
1321 1920 1423 1975 sed
1447 1920 1669 1992 absque
1685 1919 1951 1975 omnium

293 2009 602 2066 hominum
634 2007 1062 2080 inquietudine,
1095 2007 1168 2063 ad
1196 2007 1499 2075 honorem,
1533 2013 1592 2063 et
1638 2007 1951 2063 utilitatem

292 2104 480 2164 tuam.
513 2097 859 2171 potestative
902 2097 1102 2153 omnia
1150 2096 1230 2152 ibi
1287 2096 1470 2153 facias
1517 2102 1576 2153 et
1622 2096 1947 2170 principias.

293 2187 506 2244 Omnia
541 2185 719 2242 etiam
755 2184 1059 2258 privilegia
1078 2185 1438 2256 jampridem
1460 2185 1949 2257 aprazdecessori-

293 2277 406 2333 bus
424 2275 641 2333 nostris
662 2278 775 2330 tuae
794 2273 1063 2330 Ecclesia
1082 2273 1309 2340 collata,
1326 2274 1642 2346 omniaque
1664 2279 1952 2347 praecepta

292 2370 396 2423 aut
424 2383 459 2421 a
487 2364 726 2439 regibus
756 2368 858 2419 aut
886 2364 1341 2436 imperatoribus
1373 2379 1477 2435 pro
1527 2363 1628 2418 Dei
1679 2368 1948 2436 respectu

293 2454 595 2522 attributa,
616 2453 726 2509 hoc
748 2456 946 2508 nostro
975 2452 1276 2525 privilegio
1312 2451 1371 2507 in
1409 2452 1707 2508 voluntate
1745 2452 1868 2520 Dei,
1893 2456 1951 2508 et

266 2543 640 2600 .auctoritate
684 2541 870 2597 sancti
922 2540 1094 2610 Petri,
1127 2541 1568 2609 confirmamus,
1603 2542 1947 2599 corrobora-

293 2650 428 2689 mus
460 2635 518 2688 et
546 2631 606 2687 in
637 2635 920 2687 internum
944 2629 1135 2685 valere
1166 2629 1441 2686 volumus
1461 2634 1520 2686 et
1551 2630 1945 2702 praecipimus.

292 2722 351 2778 Si
384 2721 518 2794 quis
539 2720 719 2793 igitur
738 2723 943 2776 contra
960 2718 1083 2774 haec
1105 2736 1232 2791 quae
1253 2735 1357 2790 per
1375 2718 1484 2774 hoc
1518 2723 1786 2775 nostrum
1828 2720 1918 2792 pri
1942 2758 1947 2763 η

287 2809 565 2882 vilegium
597 2808 690 2881 pie
720 2811 778 2864 et
823 2806 1072 2863 ﬁrmiter
1119 2807 1406 2879 disposita
1443 2811 1602 2874 sunt,
1635 2808 1946 2865 te‘merario

291 2916 440 2955 ausu
489 2898 573 2954 ire
619 2897 950 2965 tentaverit,
992 2895 1141 2952 sciat
1189 2911 1252 2952 se
1299 2896 1645 2952 auctoritate
1695 2899 1756 2953 B.
1791 2898 1945 2953 Petri

289 2987 573 3061 principis
586 2984 1007 3059 apostolorum,
1022 2986 1193 3057 cujus
1216 2982 1509 3041 immerito
1520 2986 1675 3041 vices
1688 2987 1941 3060 agimus,

289 3075 682 3133 anathematis
716 3074 948 3130 vinculo
970 3074 1337 3142 innodatum,
1361 3078 1578 3132 etcum
1609 3075 1840 3131 diabolo
1887 3079 1946 3130 et

287 3165 319 3221 εἰ
326 3165 443 3221 uda
462 3164 744 3219 traditore
764 3162 960 3218 {sterni
984 3162 1255 3235 supplicii
1278 3162 1941 3223 ineendio'concreman:

2050 1920 2395 1991 'exposcitur
2441 1937 2544 1991 per
2600 1920 2993 1976 interventum
3051 1922 3273 1978 domini
3327 1924 3555 1983 Ottonis
3602 1926 3726 1983 im-

2061 2007 2345 2080 peratoris
2394 2008 2625 2064 effectui
2688 2008 3118 2081 mancipamus,
3166 2013 3551 2071 concedentes
3609 2016 3722 2072 tibi

2061 2098 2296 2169 tuisque
2327 2097 2767 2153 successoribus
2799 2114 2976 2153 usum
3009 2098 3192 2170 pallii,
3229 2100 3383 2157 sicut
3430 2103 3755 2176 scriptum'

2058 2189 2167 2253 est,
2229 2185 2496 2241 retinere.
2567 2185 2916 2241 Tribuentes
2972 2187 3215 2260 insuper
3269 2194 3381 2245 tum
3442 2190 3724 2248 traternl~

2057 2275 2183 2342 tati,
2234 2274 2471 2346 tuisque
2531 2274 2975 2331 successoribus
3035 2276 3096 2331 in
3148 2278 3425 2349 praedicta
3480 2280 3722 2337 diwcesi

2059 2361 2119 2416 in
2171 2361 2314 2418 locis
2376 2364 2436 2418 in
2487 2362 2705 2434 quibus
2764 2362 2905 2418 olim
2956 2364 3195 2420 fuerunt
3249 2366 3310 2421 in
3370 2372 3725 2440 perpetuum

2057 2450 2366 2522 episcopos
2424 2467 2785 2518 consecrare,
2820 2452 2920 2523 qui
2967 2457 3169 2508 vestra:
3230 2455 3574 2527 subjaceant
3623 2457 3719 2514 di~

2057 2538 2226 2609 tieni,
2259 2538 2317 2593 id
2377 2543 2466 2595 est
2523 2538 2908 2608 Termulanaz,
2963 2540 3204 2609 Bibinsa,
3263 2544 3717 2615 Quintodecimi,

2054 2628 2276 2695 Ariaui,
2338 2627 2617 2697 Triventi,
2696 2627 2914 2694 Larini,
2986 2630 3261 2699 Lucerias,
3335 2632 3393 2687 S.
3453 2633 3718 2706 Agathe,

2055 2715 2344 2783 Abellini,
2403 2715 2622 2784 Asculi,
2690 2716 3071 2786 Vulturariaa,
3143 2719 3446 2789 Thelesiaa,
3510 2720 3716 2791 Alites,

2056 2802 2322 2859 Sessulaa.
2360 2803 2904 2877 Confirmantesque
2959 2805 3066 2861 tibi
3128 2808 3365 2880 tuisque
3412 2824 3716 2867 successo-

2053 2892 2218 2947 ribus
2266 2892 2572 2948 ecclesiam
2624 2892 2682 2947 S.
2720 2891 3022 2949 Michaelis
3066 2893 3126 2949 in
3178 2896 3376 2951 Monte
3421 2896 3715 2970 Gargano,

2051 2995 2188 3036 cum
2245 2980 2376 3053 ipsa
2431 2979 2737 3052 Sipontina
2802 2980 3069 3047 ecclesia,
3123 2987 3182 3038 et
3238 3001 3372 3041 cum
3433 2986 3711 3045 omnibus

2049 3084 2251 3124 earum
2322 3067 2730 3141 pertinentiis,
2781 3072 2840 3124 et
2907 3068 3186 3125 omnibus
3253 3074 3513 3145 praediis,
3572 3093 3710 3133 cum

2048 3156 2330 3224 ecclesiis,
2362 3155 2602 3211 familiis
2659 3156 2969 3228 utriusque
3024 3172 3220 3227 sexus,
3257 3164 3315 3214 et
3381 3164 3623 3233 massis,
3655 3169 3712 3221 et

289 3254 471 3320 dum;
504 3251 706 3323 sicque
734 3250 1247 3308 irremediabiliter
1275 3250 1706 3318 involvendum,
1737 3267 1808 3306 ne
1838 3266 1942 3305 un-
1970 3231 2013 3299 C
2052 3246 2264 3299 cuncta
2326 3259 2453 3314 quas
2518 3243 2790 3299 videntur
2846 3260 2973 3300 esse
3030 3245 3382 3317 pertinentia
3441 3250 3709 3322 ipsarum

288 3357 469 3413 quam
501 3357 536 3396 a
565 3340 811 3396 nexibus
842 3340 1236 3396 anathematis
1267 3341 1346 3396 sit
1376 3340 1938 3396 absolutus.Atvero

2048 3329 2449 3387 ecclesiarum.
2485 3332 2871 3388 Concedimus
2915 3338 3114 3390 autem
3166 3334 3433 3408 Alphano
3498 3340 3709 3399 clerico

287 3430 390 3502 qui
451 3429 789 3485 observator
834 3427 895 3484 in
943 3429 1222 3486 omnibus
1264 3429 1566 3496 exstiterit,
1601 3426 1939 3482 custodiens
2045 3421 2237 3474 Vestro
2295 3417 2492 3490 nepoti
2537 3420 2831 3492 integrum
2882 3419 3081 3493 ipsum
3131 3422 3709 3499 nrcbiepiscopatum

285 3519 466 3590 hujus
498 3518 682 3573 nostri
712 3517 1015 3589 apostolici
1049 3518 1355 3575 constituti
1404 3515 1833 3584 auctoritatem,
1864 3515 1937 3570 ad

284 3607 511 3664 cultum
541 3607 643 3663 Dei
692 3606 877 3663 nostri
925 3603 1764 3680 respicientis,benedictionis
1806 3618 1938 3676 gra-

284 3696 487 3752 tiama
515 3694 1070 3752 miserioordissimo
1119 3696 1235 3752 Deo
1283 3695 1484 3748 nostro
1534 3691 1942 3763 multipliciter

283 3788 700 3857 consequatur,
736 3788 795 3840 et
822 3784 951 3840 vitae
981 3787 1206 3840 internas
1235 3780 1527 3853 particeps
1558 3781 1867 3837 efﬁciatur.

356 3874 652 3947 Scriptum
684 3890 788 3946 per
810 3890 1023 3929 manus
1047 3869 1200 3928 Petri
1238 3870 1450 3925 notarii
1470 3875 1527 3926 et
1557 3871 1846 3927 scriniarii
1877 3872 1937 3928 S.

283 3964 557 4019 Romanas
587 3961 951 4029 Ecclesireﬁn
976 3977 1176 4017 mense
1213 3958 1419 4030 April.,
1442 3958 1651 4015 Indict.
1676 3977 1752 4015 xx.
1788 3960 1941 4017 Bene

355 4050 487 4106 lete.

280 4069 317 4107 v
356 4055 434 4107 let
474 4093 487 4106 .

318 4068 483 4196 9‘Daz.
516 4157 575 4196 ιν
613 4138 736 4196 Kal.
772 4137 929 4203 Maii,
963 4154 1067 4210 per
1114 4152 1357 4191 manum
1401 4135 1648 4192 Joannis
1680 4137 1938 4209 episcopi

283 4229 342 4286 S.
396 4228 744 4285 Albanensis
800 4225 1070 4282 Ecclesia:
1123 4228 1182 4280 et
1234 4223 1663 4281 bibliothecarii
1725 4230 1938 4280 sancta:

281 4317 611 4391 apostolica;
642 4316 819 4384 sedis,
842 4331 995 4371 anno
1026 4313 1404 4387 pontificatus
1444 4312 1645 4368 domni
1677 4313 1937 4386 Gregorii

282 4406 500 4463 summi
531 4405 831 4479 pontiﬁcis
856 4408 914 4460 et
946 4402 1296 4459 universalis
1337 4419 1521 4473 papas,
1554 4401 1613 4456 in
1665 4402 1937 4458 sacratis-

280 4494 434 4552 sima
478 4495 618 4551 sede
675 4495 737 4550 Β.
790 4492 942 4549 Petri
1000 4490 1271 4563 apostoli,
1310 4508 1464 4547 anno
1512 4508 1573 4557 ιι,
1613 4492 1938 4564 imperante

2048 3511 2181 3579 post
2228 3508 2537 3563 decessum
2592 3513 2763 3563 tuum
2824 3508 3166 3565 habendum
3239 3527 3375 3567 cum
3426 3516 3708 3574 omnibus

2049 3596 2174 3653 suis
2225 3596 2615 3668 pertinentiis,
2651 3597 2806 3652 sicut
2859 3602 3000 3653 sunt
3057 3599 3347 3669 civitates,
3380 3601 3500 3659 sive
3549 3622 3708 3678 quas-

2049 3703 2282 3758 cunque
2313 3690 2505 3741 castra
2533 3702 2807 3758 possessa
2852 3687 3080 3743 dudum
3129 3689 3202 3744 ab
3234 3693 3707 3751 antecessoribus

2051 3775 2170 3831 tuis
2217 3773 2528 3847 episcopis.
2562 3774 2865 3847 Siquidem
2926 3781 3231 3833 censentes
3281 3777 3525 3851 insuper
3566 3798 3707 3855 apo-

2050 3863 2257 3919 stolica
2304 3879 2553 3919 censura
2597 3863 2709 3919 sub
2761 3863 2941 3919 divini
2983 3864 3197 3936 judicii
3247 3867 3704 3927 obtestatione...

2049 3953 2301 4025 (Reliqua
2357 3968 2527 4024 usque
2581 3952 2652 4007 ad
2697 3954 2898 4009 calcem
2941 3952 3089 4009 haud
3138 3954 3248 4027 legi
3298 3966 3543 4027 possunt.
3592 3960 3708 4028 Quo

2048 4049 2230 4097 autem
2248 4043 2379 4115 jure
2413 4042 2603 4113 Vipera
2634 4048 2804 4097 totum
2844 4044 3118 4113 integrum
3148 4044 3395 4101 retulerit
3437 4046 3705 4120 diploma,

2050 4133 2164 4203 ipse
2214 4129 2427 4186 viderit.
2464 4132 2530 4186 In
2584 4131 2695 4202 ﬁne
2752 4130 3067 4203 diplomati:
3126 4132 3326 4204 legitur
3354 4152 3373 4188 :
3405 4136 3425 4203 )
3458 4152 3707 4195 manum

2047 4219 2281 4275 Antonii
2316 4218 2527 4274 notarii
2559 4218 2849 4295 scriniarii
2880 4224 3094 4275 sancta:
3127 4220 3401 4278 Romanis
3444 4228 3503 4279 et
3532 4242 3709 4298 apos-

2048 4307 2232 4363 tolica:
2288 4306 2557 4363 Ecclesia:
2616 4309 2676 4365 in
2737 4324 2939 4365 mense
2995 4309 3232 4382 Aprilis,
3282 4315 3340 4367 et
3384 4311 3707 4373 indictione

2049 4394 2379 4451 undecima.
2425 4438 2436 4450 .
2485 4438 2496 4449 .
2545 4438 2556 4449 .
2602 4438 2615 4450 .
2663 4438 2674 4451 .

2812 4512 2935 4568 XVI

278 4585 495 4682 90m"?
517 4582 741 4682 Οίδθτξθ
773 4599 835 4637 ¹¹¹
865 4598 899 4636 θ’
936 4581 1054 4637 Ι)θο
1103 4585 1400 4680 δοτίῖηθί⁰’
1425 4596 1654 4682 magno,
1692 4584 1750 4680 ei
1780 4597 1937 4682 pfcf'
1969 4599 2017 4665 Ι)
2047 4633 2317 4674 GREGORII
2350 4634 2511 4674 pars:
2529 4635 2567 4673 v
2593 4635 2969 4675 PRIVILEGIUM
2992 4636 3102 4675 pne
3122 4636 3483 4678 monas'rsmo
3505 4639 3708 4682 sana-1

279 4673 389 4729 tice
460 4673 831 4744 imperatore,
873 4686 1027 4727 anno
1104 4686 1165 4735 ιι,
1219 4668 1279 4724 in
1339 4685 1541 4725 mense
1606 4673 1664 4724 et
1728 4668 1933 4726 indict.

281 4761 703 4832 suprascripta.

1046 4845 1163 4902 XV.

457 4950 728 4990 ωηαοιιιι
768 4950 930 4989 ΡΛΡΕ
966 4950 1002 4989 ν
1038 4949 1305 4989 EPISTOLA
1331 4950 1404 4988 AD
1442 4950 1758 4990 ALPHANUM

591 5020 1051 5060 ΒεΝενεΝτιΝοΜ
1088 5021 1611 5061 ARCHIEPISCOPUM.

926 5092 1112 5164 (Anno
1141 5093 1294 5160 998.)

520 5181 711 5254 (Apud
742 5180 991 5254 Ughelli,
1023 5184 1189 5239 Italia
1215 5182 1404 5250 Sacra,
1440 5183 1509 5249 lI,
1543 5184 1648 5238 353
1676 5183 1693 5255 )

350 5286 688 5350 Gnscoams
730 5288 1059 5362 episcopus,
1087 5307 1289 5346 servus
1338 5305 1637 5346 servorum
1672 5289 1794 5357 Dei,
1827 5292 1935 5346 AL-

282 5392 471 5431 rumo
501 5376 885 5433 dilectissimo
911 5384 968 5433 et
1001 5379 1486 5434 reverendissimo
1517 5384 1732 5434 sanctis
1756 5381 1937 5435 Bene-

277 5467 541 5521 ventanis
563 5466 832 5521 Eeclesim
856 5466 1292 5540 archiepiscOpo
1314 5468 1374 5523 in
1397 5467 1643 5523 Domino
1662 5468 1934 5525 salutem.

350 5553 497 5609 Cum
540 5572 785 5610 summa:
838 5560 897 5611 et
935 5556 1267 5627 apostolica:
1326 5556 1631 5630 dignitatis
1680 5574 1824 5629 apex
1876 5557 1937 5613 in

278 5643 388 5700 hoc
437 5643 617 5699 divini
682 5645 979 5718 profectus
1037 5645 1222 5701 nitore
1273 5646 1652 5720 dignoscatur
1704 5647 1940 5722 praful;

2343 4706 2566 4746 GENESII
2597 4707 2657 4747 IN
2679 4706 2927 4746 DIOECESI
2960 4707 3401 4749 BISULDUNENSI.

2689 4800 2878 4867 (Anno
2908 4798 3060 4869 998.)

2046 4904 2237 4977 (Apud
2260 4902 2627 4977 Coquelines,
2650 4903 3041 4978 diplom.pont.
3059 4907 3227 4980 ampl.
3249 4907 3448 4966 Collect
3464 4909 3529 4977 .I,
3551 4910 3707 4985 296.)

2119 5021 2455 5077 Gnscoaws
2488 5021 2819 5093 episcopus,
2850 5039 3057 5079 servus
3087 5038 3386 5079 servorum
3417 5024 3541 5081 Dei.

2119 5108 2360 5165 Creditis
2391 5109 2562 5166 nobis
2593 5110 3013 5182 speculationis
3044 5110 3406 5183 impellimur
3451 5130 3614 5184 cura,
3646 5121 3708 5172 et

2046 5198 2253 5254 ardore
2284 5198 2629 5255 Christiana:
2660 5199 2980 5272 religionis,
3001 5205 3057 5254 et
3091 5200 3286 5255 studio
3308 5200 3487 5256 divini
3507 5202 3707 5261 cultus

2046 5304 2456 5359 ptrmovemur
2475 5306 2578 5360 pro
2610 5289 3031 5345 venerabilium
3057 5288 3317 5345 locorum
3342 5292 3705 5365 percogitare

2047 5378 2427 5433 stabilitatem
2458 5381 2632 5450 atque
2655 5379 2770 5433 Deo
2793 5378 3172 5434 servientium
3212 5380 3614 5449 securitatem,
3639 5386 3705 5437 ut

2047 5465 2157 5521 hoc
2187 5467 2559 5539 proveniente
2590 5467 2684 5540 pio
2716 5466 2932 5536 labore,
2958 5472 3016 5523 et
3045 5467 3254 5523 animos
3281 5468 3512 5524 Christo
3544 5470 3704 5526 dico-

2048 5562 2139 5624 tae,
2176 5575 2303 5628 qua:
2330 5575 2391 5612 se
2422 5556 2505 5611 illi
2529 5556 2738 5612 diebus
2767 5557 2895 5611 vita:
2927 5574 3130 5613 eorum
3161 5557 3564 5626 decreverunt,
3580 5575 3704 5630 per

2048 5652 2312 5702 severent
2360 5646 2814 5717 imperturbatze,
2850 5663 2955 5702 nec
3006 5663 3142 5713 non,
3177 5650 3233 5702 et
3276 5645 3376 5701 illa
3424 5652 3704 5705 maneant
