3900 6356
156 365 274 428 935

1330 361 1741 426 ΕΡΙΞΤΟΙΑΑΞ
1782 363 1884 427 ΕΤ
1926 362 2405 431 PRIVILEGIA.

3451 375 3569 440 998

155 509 445 566 ﬂnetenus
492 501 683 568 firma,
716 516 845 571 quae
889 516 922 554 a
972 494 1319 554 Christianis
1367 494 1426 552 in
1476 496 1575 553 Dei
1633 495 1806 553 laude
1834 497 1890 566 Α
1918 496 2127 554 clesias
2148 515 2283 554 eum
2306 498 2573 556 alodibus
2594 502 2652 556 et
2673 500 3127 575 proprietatibus
3148 522 3351 563 eorum
3371 507 3571 568 omnia

155 595 469 654 constituta
500 595 659 648 sunt.
682 589 868 663 Igitur
897 587 1171 643 omnibus
1201 586 1509 659 episc0pis,
1530 585 1801 654 ducibus,

154 682 614 748 marchionibus,
648 668 1215 741 comitibus,sanctm
1241 676 1339 731 Dei
1364 675 1627 730 Ecclesia)
1663 676 1794 729 tide-

149 774 303 831 libus
337 770 723 846 prmsentibus
754 766 974 823 scilicet
1005 770 1181 837 atque
1213 764 1425 819 futuris
1450 769 1651 818 notum
1676 780 1803 819 esse

147 863 440 927 volumus,
477 859 615 931 quia
658 857 908 912 dilectus
958 860 1017 909 et
1068 852 1349 925 spiritalis
1402 853 1557 907 ﬁlius
1609 858 1806 906 noster

151 951 481 1008 Bcrnardus
504 945 951 1003 Bisuldunensis
978 942 1269 1015 gloriosus
1292 959 1487 995 eomes
1511 942 1806 1011 suggessit

151 1045 348 1095 nostro
381 1034 732 1109 apostolatui
768 1035 921 1105 quod
951 1031 1276 1086 venerabile
1301 1030 1720 1085 monasterium
1746 1028 1804 1083 in

149 1129 364 1184 honore
395 1144 461 1181 ac
493 1124 727 1181 nomine
745 1123 929 1178 sancti
958 1121 1185 1177 Genesii
1208 1125 1265 1174 et
1296 1120 1479 1175 sancti
1506 1118 1804 1173 Michaelis

150 1216 482 1288 archangeli
559 1217 771 1269 nostra:
848 1209 1179 1282 apostolicae
1226 1208 1689 1263 confirmationis
1748 1210 1805 1261 et

150 1303 510 1361 auctoritatis
545 1319 704 1357 more
751 1300 1030 1356 canonico
1074 1297 1375 1369 privilegio
1411 1297 1801 1350 muniremus.

146 1395 327 1465 cuius
358 1392 701 1448 salubribus
727 1390 869 1445 moti
901 1386 1592 1461 precibus,omniumque
1614 1383 1803 1438 Eccle-

146 1483 365 1539 siarum
388 1482 487 1537 Dei
515 1485 709 1537 status
739 1478 941 1534 haberi
966 1476 1317 1542 volentes,et
1340 1473 1806 1544 uniuscujusque

147 1571 294 1629 sacri
316 1571 426 1627 loci
445 1571 547 1642 jus
570 1568 769 1641 aliquo
798 1568 973 1622 modo
1004 1565 1203 1620 violari
1247 1562 1527 1628 nolentes,
1545 1559 1806 1616 decerni~

146 1677 277 1716 mus
310 1660 491 1731 hujus
522 1654 855 1730 apostolica:
888 1653 1255 1710 auctoritatis
1279 1650 1646 1723 privilegio.a
1669 1666 1807 1720 prie.

146 1749 292 1805 senti
325 1747 641 1803 undecima
688 1744 1009 1799 indictione
1056 1741 1359 1797 sancimus
1407 1740 1480 1794 ob
1525 1738 1805 1793 honorem

146 1839 331 1910 ipsius
353 1836 509 1893 beati
534 1834 765 1891 Genesii
797 1836 855 1888 et
886 1831 1072 1888 sancti
1111 1828 1414 1886 Michaelis
1446 1825 1802 1899 archangeli,

144 1931 200 1983 et
229 1924 613 1983 stabilitatem
645 1923 912 1995 ejusdem
950 1919 1265 1976 venerandi
1301 1916 1432 1984 loci,
1454 1915 1649 1988 ipsum
1676 1916 1801 1985 jam

145 2014 325 2071 fatum
348 2012 679 2069 venerabile
701 2006 1315 2078 monasterium,quod
1341 2005 1465 2077 ipse
1491 2004 1801 2076 praedictus

145 2102 474 2161 Bernardus
505 2107 705 2158 noster
724 2100 783 2155 in
806 2100 1033 2155 Christo
1057 2094 1337 2169 spiritalis
1362 2093 1537 2159 filius,
1555 2110 1657 2164 pro
1677 2108 1800 2147 om-

145 2192 460 2264 nipotentis
492 2190 593 2247 Dei
625 2205 822 2246 amore
870 2186 1248 2257 mercedeque
1297 2182 1505 2238 animm
1559 2199 1700 2247 suae,
1731 2181 1803 2235 de

146 2299 247 2337 suo
281 2281 536 2355 proprio,
573 2296 796 2350 suoque
827 2273 1425 2341 comitatu,moderno
1459 2276 1719 2341 tempore
1741 2270 1799 2324 in

147 2374 315 2426 antea
347 2368 681 2425 construxit
710 2382 870 2422 more
902 2362 1281 2429 canonico,et
1311 2361 1420 2416 sub
1445 2360 1579 2429 jure
1611 2358 1800 2413 sancti

146 2458 295 2515 Petri
324 2458 660 2525 constituit,
694 2455 915 2512 nullius
957 2451 1198 2508 alterius
1239 2448 1493 2505 ecclesias
1536 2447 1659 2518 juri
1709 2446 1796 2501 vel

143 2548 468 2604 ditionibus
514 2546 814 2611 submisit,
842 2545 1095 2599 donante
1144 2540 1232 2594 vel
1264 2539 1319 2593 in
1356 2542 1703 2609 perpetuum
1738 2536 1795 2589 in

144 2638 375 2709 prmfato
393 2635 755 2692 monasterio
776 2632 1129 2689 concedente
1153 2630 1223 2684 de
1244 2627 1367 2683 suis
1391 2625 1640 2698 propriis
1670 2640 1798 2679 suo-

143 2743 251 2798 que
268 2726 554 2782 comitatu
575 2722 970 2779 Bisuldinensi
996 2719 1193 2785 rebus,
1217 2715 1509 2788 imprimis
1530 2712 1798 2769 videlicet

139 2814 442 2872 ecclesiam
476 2813 662 2870 sancti
686 2810 976 2867 Vincentii
1002 2825 1137 2864 cum
1159 2805 1497 2871 decimis,et
1519 2801 1795 2873 primitiis

136 2904 218 2960 vel
240 2902 558 2960 cimeteriis
579 2902 859 2973 suis,qua3
881 2902 971 2954 est
997 2914 1172 2970 prope
1190 2898 1446 2950 castrum
1464 2889 1792 2956 Bisulduni,

139 2997 194 3048 et
219 2992 530 3050 ecclesiam
563 2994 777 3047 sancta:
813 2987 1026 3052 Maria},
1062 2990 1117 3041 et
1148 2982 1335 3039 sancti
1374 2979 1617 3037 Joannis
1657 2996 1791 3034 cum

139 3083 409 3139 omnibus
420 3080 653 3147 alodiis,
670 3082 727 3133 et
746 3074 1201 3150 proprietatibus
1219 3072 1343 3128 suis
1366 3087 1489 3142 quae
1508 3072 1792 3139 estprope

140 3171 349 3226 mcenia
372 3168 769 3234 Bisulduni,et
795 3182 912 3221 una
933 3181 1067 3219 cum
1090 3162 1219 3235 ipsa
1238 3159 1589 3233 proprietate
1612 3172 1788 3229 quam

1836 1877 1883 1943 Β

1914 585 2068 643 infra
2097 587 2441 644 comitatum
2478 588 2966 648 Bisuldunensem
3010 594 3383 664 constitutas,
3417 599 3573 656 sicut
3623 658 3637 665 _

1916 674 2039 748 ipse
2069 676 2223 731 fatus
2248 678 2578 733 Bernardus
2608 696 2803 736 comes
2833 681 3208 754 donavitjam
3232 685 3351 742 fato
3373 704 3573 745 mona-

1916 764 2110 830 sterio,
2136 769 2191 820 et
2222 771 2427 821 caetera
2464 785 2589 839 quze
2630 786 2899 826 enarrare
2948 770 3189 844 longum
3232 780 3405 846 esset,
3439 794 3569 850 quas

1917 853 2136 924 ubique
2192 856 2426 911 donavit
2480 857 2563 911 vel
2616 858 2674 912 in
2718 863 2887 913 antea
2936 861 3152 917 donare
3203 869 3412 935 potest,
3448 866 3568 922 sive

1917 941 2089 1005 casis,
2126 942 2443 1009 casalibus,
2476 946 2767 1016 curtibus,
2795 949 3038 1017 mansis,
3063 951 3343 1020 ecclesiis,
3381 955 3565 1023 cellis,

1917 1027 2113 1082 fundis
2148 1049 2248 1086 seu
2281 1034 2470 1099 terris,
2505 1034 2708 1101 vineis,
2744 1054 2845 1091 seu
2879 1040 3084 1109 pratis,
3118 1045 3171 1095 et
3202 1043 3438 1113 pascuis
3480 1044 3567 1100 vel

1888 1166 1889 1169 η
1916 1118 2239 1188 pascuariis
2274 1122 2417 1185 suis,
2446 1128 2503 1177 et
2537 1139 2669 1177 cum
2703 1125 2976 1181 omnibus
3003 1129 3074 1183 ad
3097 1130 3200 1199 jus
3232 1132 3411 1187 notati
3442 1150 3570 1189 mo-

1917 1208 2153 1261 nasterii
2180 1210 2954 1280 pertinentibus,salvum,et
2972 1218 3028 1271 in
3055 1220 3283 1275 cunctis
3305 1221 3568 1293 quietum

1916 1295 2237 1349 censistere
2297 1316 2455 1353 more
2495 1302 2774 1357 canonico
2824 1304 2934 1359 sub
2985 1310 3193 1361 nostra:
3241 1310 3568 1380 apostolicae

1917 1383 2077 1438 sedis
2110 1384 2371 1456 tuitione,
2389 1388 2470 1442 ita
2492 1388 2712 1445 scilicet
2741 1392 3155 1451 eonﬁrmantes
3177 1396 3568 1469 decernimus,

1918 1475 1984 1526 ut
2007 1471 2233 1528 nullum
2267 1474 2708 1548 imperatorum,
2732 1480 2819 1535 vel
2852 1499 3079 1555 regum,
3099 1500 3288 1557 neque
3322 1486 3440 1542 ulla
3459 1488 3575 1545 alia

1918 1576 2132 1633 magna
2162 1562 2249 1617 vel
2289 1581 2468 1635 parva
2516 1583 2766 1639 persona
2815 1570 2874 1625 in
2925 1572 3166 1642 praefato
3217 1577 3571 1633 monasterio

1917 1665 2105 1740 neque
2139 1668 2239 1723 pro
2262 1653 2496 1725 placito,
2532 1672 2720 1729 neque
2766 1675 2871 1730 pro
2918 1659 3203 1731 districto,
3237 1681 3424 1738 neque
3465 1683 3572 1740 pro

1915 1737 2232 1796 homicidio
2264 1741 2344 1797 ibi
2375 1742 2635 1815 aliquam
2671 1746 2951 1804 ditionem
2975 1748 3189 1807 habere
3210 1737 3568 1825 praesumat;

1914 1828 2016 1883 sed
2051 1846 2172 1885 rem
2205 1848 2307 1903 per
2325 1832 2621 1903 judicium
2644 1840 3040 1906 causatorum,
3056 1834 3334 1898 canonice
3355 1842 3570 1915 dijudi-

1913 1921 2064 1984 cent,
2098 1922 2156 1972 et
2205 1919 2539 1987 decernant,
2584 1939 2814 1996 semper
2868 1924 2927 1979 in
2988 1924 3224 1984 illorum
3281 1930 3570 1989 consistat

1910 2004 2299 2076 voluntate,et
2320 2014 2638 2080 potestate;
2663 2010 2836 2067 liceat
2859 2030 2957 2070 eos
2979 2015 3088 2071 sub
3112 2017 3308 2089 quiete
3338 2024 3397 2075 et
3422 2037 3566 2092 pace

1909 2094 2181 2163 vivere,et
2202 2099 2526 2153 secundum
2550 2100 2891 2157 canonicam
2911 2103 3173 2177 regulam
3190 2106 3297 2162 soli
3315 2107 3564 2167 Domino

1910 2181 2025 2237 Deo
2049 2184 2281 2239 servire.
2308 2186 2479 2241 Omni
2512 2191 2772 2259 tempore
2803 2195 2942 2246 sunt
2971 2191 3272 2250 immunes
3303 2199 3359 2250 et
3388 2196 3563 2254 alieni

1909 2273 1981 2327 ab
2013 2274 2174 2329 omni
2205 2274 2443 2346 publica
2475 2277 2772 2333 functione
2791 2278 2881 2334 vel
2914 2282 3071 2353 turpi
3113 2283 3368 2352 servitio,
3387 2283 3471 2341 ita
3497 2290 3567 2342 ut

1910 2360 2110 2417 nullus
2132 2364 2345 2419 audeat
2365 2381 2463 2419 eos
2488 2365 2797 2423 molestare
2820 2373 2924 2424 aut
2951 2367 3297 2443 inquietare,
3322 2372 3437 2429 nisi
3464 2391 3565 2430 so-

1906 2449 2209 2506 lummodo
2229 2451 2638 2523 binosfsolides
2677 2457 2837 2512 omni
2871 2474 3025 2513 anno
3057 2460 3129 2515 ad
3163 2459 3347 2517 altare
3377 2465 3564 2519 sancti

1908 2538 2059 2594 Petri
2082 2558 2184 2611 pro
2203 2542 2481 2612 pensione
2504 2544 2853 2614 persolvant.
2873 2546 3317 2621 Promulgantes
3330 2568 3561 2624 nempe,

1905 2631 1962 2683 et
1983 2628 2091 2683 hoc
2113 2631 2455 2686 auctoritate
2479 2632 2632 2687 beati
2656 2634 2804 2689 Petri
2826 2636 3221 2707 apostolorum
3255 2639 3562 2714 principis,

1904 2732 2101 2772 coram
2135 2717 2251 2773 Deo
2282 2723 2340 2774 et
2370 2719 2613 2775 terribili
2647 2722 2776 2792 ejus
2810 2722 2868 2777 in
2909 2724 3106 2780 futuro
3137 2726 3422 2796 examine,
3457 2746 3561 2801 per

1903 2804 2012 2860 hoc
2025 2807 2208 2861 nostri
2223 2807 2583 2879 apostolatus
2597 2808 2963 2883 privilegium
2978 2816 3156 2884 atque
3167 2815 3556 2873 constitutum

1904 2896 2206 2952 sancimus
2229 2902 2402 2969 atque
2426 2898 2815 2965 decernimus,
2833 2905 2898 2955 ut
2919 2900 3116 2957 nullus
3134 2921 3396 2976 unquam
3420 2923 3559 2978 pras-

1903 2989 2101 3039 sumat
2134 2985 2430 3058 quispiam
2470 2985 2641 3053 alius,
2676 2988 3079 3061 cujuscunque
3127 2990 3207 3047 sit
3254 2992 3560 3066 dignitatis

1901 3075 2179 3146 praeditus
2200 3075 2599 3146 potestate,vel
2620 3076 2798 3133 etiam
2817 3094 3178 3153 quaecunque
3200 3098 3414 3155 magna
3435 3100 3563 3155 par-

1898 3181 2083 3236 vaque
2116 3182 2365 3237 persona
2389 3165 2447 3220 in
2472 3167 2676 3222 eodem
2701 3167 3079 3236 monasterio,
3100 3168 3183 3225 vel
3207 3170 3336 3241 ejus
3365 3171 3561 3230 causis

139 3257 327 3330 ipsum
349 3259 539 3315 fatum
564 3253 985 3311 monasterium
1027 3251 1213 3306 sancti
1252 3247 1483 3305 Genesii
1516 3250 1573 3302 et
1604 3245 1789 3300 sancti
1818 3244 1862 3311 C
1901 3252 2259 3321 incumbere,
2293 3258 2395 3309 aut
2450 3254 2521 3309 de
2580 3254 2776 3323 rebus,
2833 3260 2892 3311 et
2943 3257 3439 3330 possessionibus,
3469 3259 3559 3317 vel

140 3346 432 3412 Michaelis
453 3346 671 3401 habere
690 3344 963 3398 videntur
984 3342 1041 3396 in
1066 3341 1255 3414 Burge
1288 3336 1632 3401 Bisulduno,
1654 3333 1788 3389 etin

137 3435 405 3504 Cesellas,
440 3439 501 3490 et
530 3435 589 3489 in
632 3432 968 3497 Berrechar,
1001 3433 1058 3485 et
1083 3430 1143 3483 in
1175 3427 1433 3491 Geﬂ‘ano,
1463 3430 1521 3480 et
1551 3426 1609 3479 in
1651 3423 1785 3478 Por-

138 3524 330 3592 ciolas,
362 3529 422 3580 et
455 3523 517 3577 in
550 3520 867 3587 Furvellos,
900 3519 988 3574 vel
1020 3519 1078 3573 in
1101 3516 1376 3572 omnibus
1399 3514 1569 3581 locis;
1596 3517 1653 3568 et
1683 3513 1787 3567 Ec-

138 3611 368 3669 clesiam
390 3612 580 3669 sancti
606 3610 838 3667 Martini
861 3610 931 3664 de
946 3606 1277 3663 Jucuniano
1311 3619 1446 3659 cum
1470 3600 1713 3657 decimis
1731 3605 1788 3655 et

136 3700 405 3773 primitiis
427 3700 516 3758 vel
545 3699 941 3756 oblationibus
973 3696 1117 3763 suis,
1142 3699 1199 3749 et
1228 3692 1534 3749 ecclesiam
1563 3693 1784 3745 Sancta;

136 3788 321 3845 Maria;
353 3808 487 3863 quas
517 3793 607 3844 est
638 3788 697 3843 in
721 3786 865 3843 faxis
882 3802 1017 3842 cum
1039 3782 1282 3839 decimis
1312 3787 1370 3836 et
1399 3779 1676 3853 primitiis
1695 3777 1784 3833 vel

130 3876 525 3934 oblationibus
554 3876 766 3944 suis,et
792 3874 1100 3932 ecclesiam
1123 3870 1311 3927 sancti
1336 3869 1781 3940 Fructuosiquee

130 3970 215 4021 est
232 3965 291 4021 in
310 3965 624 4023 Ursiniano
637 3981 773 4020 cum
795 3961 1042 4019 decimis
1058 3965 1116 4017 et
1136 3956 1784 4032 primitiis,voloblatio-

131 4055 301 4111 nibus
312 4057 471 4121 suis;
495 4053 633 4110 item
647 4058 704 4109 et
722 4052 1027 4109 ecclesiam
1053 4048 1241 4105 sancti
1260 4045 1535 4120 Sylvestri
1553 4063 1680 4118 qure
1695 4050 1785 4101 est

131 4143 189 4198 in
211 4144 411 4201 Mauro
443 4159 581 4199 cum
612 4141 857 4198 decimis
880 4145 938 4195 et
960 4137 1237 4211 primitiis
1266 4135 1354 4190 vel
1385 4134 1781 4191 oblationibus

132 4232 279 4300 suis;
303 4231 675 4297 similiter,et
697 4230 893 4302 ipsum
918 4228 1146 4283 alodem
1169 4226 1240 4281 de
1262 4228 1465 4281 sancto
1490 4221 1781 4294 Raphaele

132 4319 298 4377 sicuti
332 4339 438 4394 per
466 4320 613 4375 fines
644 4324 702 4375 et
734 4317 1017 4374 terminos
1037 4316 1454 4386 designantur;
1490 4312 1705 4383 pariter
1725 4315 1783 4366 et

131 4408 322 4480 ipsum
355 4409 588 4466 alodem
611 4409 682 4465 de
702 4412 905 4464 sancto
929 4404 1240 4477 Raphaele,
1257 4402 1355 4474 qui
1374 4406 1463 4457 est
1483 4401 1541 4455 in
1557 4401 1779 4465 Adano,

131 4501 187 4553 et
216 4499 313 4571 qui
345 4503 436 4555 est
466 4498 527 4553 in
557 4497 759 4566 Evoro,
775 4495 947 4552 sicuti
973 4512 1073 4567 per
1102 4494 1269 4559 fines,
1289 4496 1347 4547 et
1378 4490 1661 4546 terminos
1682 4490 1778 4545 de-

132 4585 465 4658 signantur;
491 4585 719 4641 alodem
735 4587 805 4641 de
825 4582 1099 4657 pradicto
1117 4584 1318 4638 sancto
1340 4578 1780 4672 Raphaele-quaz
1814 4606 1860 4672 Β

129 4678 216 4730 est
243 4673 302 4731 in
332 4674 625 4743 Carravia,
660 4672 836 4730 sicuti
867 4690 969 4745 per
1000 4671 1145 4727 ﬁnes
1191 4674 1247 4724 et
1289 4668 1573 4723 terminos
1622 4667 1780 4722 desi-

130 4766 365 4833 gnatur;
393 4780 621 4820 necnon
650 4767 707 4818 et
732 4762 929 4834 ipsum
970 4759 1199 4816 alodem
1230 4758 1302 4814 de
1330 4756 1470 4812 villa
1500 4755 1781 4812 Marialdo

130 4866 259 4907 cum
286 4853 508 4908 finibus
536 4854 594 4907 et
620 4849 889 4908 terminis
918 4848 1061 4918 suis,
1086 4847 1260 4905 sicuti
1283 4846 1355 4902 ad
1369 4846 1509 4919 jura
1529 4844 1783 4918 pertinet

130 4941 311 4998 sancti
336 4939 672 5014 Raphaelis,
688 4944 745 4997 et
766 4940 956 5013 ipsam
977 4937 1284 4995 ecclesiam
1305 4934 1493 4992 sancti
1517 4933 1778 5001 Quintini

130 5043 259 5085 cum
291 5030 555 5096 silvis,et
585 5046 719 5086 cum
751 5029 912 5085 omni
945 5045 1053 5084 sua
1082 5024 1436 5100 pertinentia
1481 5023 1570 5079 vel
1612 5023 1781 5095 adja-

130 5118 427 5188 centia;et
472 5118 781 5175 ecclesiam
840 5117 1028 5174 sancti
1089 5114 1337 5173 Cornelii
1395 5131 1524 5186 qua;
1570 5117 1660 5168 est
1717 5111 1778 5168 in

90 5196 99 5199 ἢ
130 5203 336 5276 Garno,
360 5225 495 5264 cum
530 5208 689 5263 omni
729 5225 839 5262 sua
856 5205 1213 5278 pertinentia
1229 5203 1316 5260 vel
1351 5203 1702 5276 adjacentia,
1724 5206 1783 5257 et

131 5291 319 5364 ipsum
352 5296 581 5352 alodem
614 5295 877 5368 praedicti
901 5294 1177 5351 Bernardi
1201 5293 1455 5360 comitis,
1476 5291 1781 5373 quamha-

130 5379 258 5439 bere
288 5384 516 5441 videtur
546 5386 605 5440 in
648 5384 903 5440 Ribellas
934 5401 1068 5439 cum
1100 5381 1497 5450 casis,vineis,
1518 5380 1689 5436 terris
1724 5384 1780 5435 et

127 5468 527 5546 silvis,pratis,
551 5472 910 5545 pascuis,vel
940 5470 1209 5544 piscariis
1241 5470 1386 5537 suis,
1412 5470 1531 5525 sive
1554 5469 1778 5525 cmteris

127 5556 391 5618 alodibus
426 5563 498 5618 ad
545 5562 741 5634 ipsum
774 5560 1200 5617 monasterium
1223 5559 1312 5615 vel
1344 5559 1416 5614 ad
1445 5559 1569 5631 ipas
1600 5557 1778 5614 eccle-

126 5645 239 5705 aias
268 5651 717 5722 pertinentibus.
758 5650 874 5708 llas
902 5666 1035 5706 vero
1062 5649 1431 5721 supradictas
1460 5666 1662 5705 omnes
1695 5664 1781 5701 ce-

1898 3342 2187 3413 quidquid
2222 3343 2293 3397 de
2313 3342 2384 3397 iis
2417 3360 2546 3414 quae
2569 3343 2653 3399 eis
2678 3344 2966 3415 pertinere
2988 3346 3282 3416 videntur,
3299 3365 3561 3421 quoquo-

1899 3430 2073 3484 modo
2106 3431 2333 3485 auferre
2367 3435 2470 3486 aut
2502 3431 2893 3499 alienare,sed
2926 3433 3052 3489 loca
3075 3452 3202 3507 quas
3228 3437 3556 3508 aprzedicto

1897 3519 2191 3574 Bernardo
2216 3518 2641 3575 Bisuldunense
2664 3520 2873 3575 comite
2897 3520 2956 3575 in
2973 3523 3176 3578 eodem
3200 3525 3556 3581 monasterio

1894 3623 2174 3661 concessa
2223 3610 2402 3672 sunt;
2433 3606 2520 3661 vel
2573 3624 2852 3662 concessa
2893 3614 3086 3677 erunt,
3136 3627 3363 3667 necnon
3410 3612 3556 3669 alias

1893 3693 2155 3751 locorum
2196 3694 2620 3766 possessiones,
2640 3712 2768 3768 qua:
2800 3712 2834 3751 a
2864 3697 3089 3752 caateris
3120 3698 3469 3757 Christianis
3494 3701 3554 3757 in

1892 3783 2096 3838 eodem
2120 3788 2320 3838 sancto
2353 3782 2478 3837 loco
2501 3782 2559 3837 in
2594 3784 2970 3856 postmodum
2994 3784 3078 3841 illi
3110 3802 3398 3844 concessa)
3429 3790 3554 3845 fue-

1893 3872 2031 3940 rint,
2084 3873 2253 3927 ﬁrma
2297 3870 2613 3927 stabilitate
2661 3871 2719 3927 in
2771 3874 2907 3945 jure
2961 3875 3302 3949 monasterii
3363 3875 3557 3950 ipsius

1892 3960 2394 4032 existcnda,atque
2415 3960 2474 4015 in
2493 3965 2771 4033 perpetuo
2789 3964 3187 4034 permanenda
3206 3966 3551 4023 statuimus.

1891 4049 2006 4104 Nec
2063 4048 2300 4104 licentia
2348 4049 2443 4117 sit,
2485 4054 2551 4105 ut
2594 4050 2819 4106 dictum
2866 4056 2975 4120 est,
3011 4054 3167 4125 quod
3216 4070 3285 4110 ex
3332 4054 3415 4111 eis
3459 4055 3550 4112 vel

1890 4137 2167 4194 omnibus
2196 4138 2387 4194 eidem
2423 4140 2777 4195 monasterio
2808 4140 3240 4213 pertinentibus
3273 4143 3552 4217 cuiquam

1891 4243 2116 4299 magna:
2136 4244 2442 4300 parvaeque
2466 4244 2725 4299 persona:
2750 4230 3077 4298 auferre,ut
3110 4232 3368 4303 profecto
3381 4234 3555 4305 juxta

1891 4314 1970 4381 id,
1991 4315 2147 4386 quod
2176 4317 2481 4396 subjectus
2503 4316 2659 4372 idem
2681 4318 3029 4374 venerabilis
3059 4318 3224 4376 locus
3245 4321 3551 4393 apostolici

1891 4403 2196 4459 constituti
2228 4410 2403 4476 atque
2433 4404 2719 4478 privilegii
2750 4405 3038 4474 consistit,
3066 4406 3412 4464 inconcusse
3441 4410 3550 4465 do-

1891 4492 2108 4548 tandus
2141 4495 2502 4564 permaneat.
2527 4492 2588 4548 Si
2630 4494 2764 4565 quis
2796 4498 3016 4561 autem,
3052 4495 3207 4565 quod
3239 4512 3353 4550 non
3384 4500 3548 4568 opta-
3589 4528 3598 4536 -

1892 4597 2050 4648 mus,
2079 4580 2302 4637 nefario
2334 4597 2484 4636 ausu
2532 4582 2974 4653 praesumpserit
3003 4580 3124 4636 haec
3155 4599 3282 4653 quas
3314 4600 3349 4638 a
3378 4584 3546 4641 nobis

1892 4670 1965 4726 ad
1994 4669 2230 4726 laudem
2264 4669 2366 4725 Dei
2396 4686 2499 4742 pro
2532 4668 2852 4726 stabilitate
2873 4671 3001 4742 jam
3032 4669 3174 4725 dicti
3202 4672 3546 4730 monasterii

1889 4763 2113 4815 statuta
2142 4764 2282 4815 sunt
2321 4758 2638 4833 refragare,
2670 4763 2773 4814 aut
2805 4759 2865 4814 in
2906 4759 3162 4831 quodam
3194 4762 3542 4835 transgredi,

1888 4848 2038 4904 sciat
2085 4865 2147 4904 se
2207 4847 2598 4904 anathematis
2641 4847 2872 4904 vinculo
2918 4848 3292 4919 innodatum,
3323 4853 3545 4907 etcum

1888 4935 2119 4993 diabolo
2141 4942 2198 4994 et
2228 4938 2276 5009 ej
2288 4954 2356 4992 us
2377 4935 2763 4992 atrocissimis
2780 4937 3035 5010 pompis,
3058 4942 3234 5010 atque
3253 4938 3286 4994 J
3292 4939 3410 4996 uda
3434 4944 3549 4997 tra-

1887 5025 2075 5081 ditore
2106 5025 2422 5082 Salvatoris
2444 5024 2676 5081 Domini
2708 5026 2896 5082 nostri
2926 5025 3067 5082 Jesu
3089 5026 3305 5084 Christi
3344 5029 3543 5085 aeterni

1886 5114 2141 5171 incendii
2154 5113 2441 5186 supplicio
2455 5115 2948 5170 concremandum
2961 5115 3277 5188 deputatus
3297 5134 3309 5172 :
3330 5116 3545 5175 vermis

1890 5204 1991 5278 qui
2022 5222 2137 5259 non
2170 5203 2421 5258 moritur
2449 5207 2507 5258 ct
2537 5203 2691 5275 ignis
2731 5202 2832 5275 qui
2859 5221 2974 5259 non
3005 5204 3401 5278 exstinguitur
3429 5224 3542 5262 un-

1890 5308 2212 5366 quam,nec
2254 5291 2392 5347 velit
2433 5308 2537 5347 nec
2569 5291 2755 5347 valeat
2784 5293 2835 5348 ei
2868 5310 3126 5365 parcere.
3158 5295 3231 5349 At
3260 5312 3391 5351 vero
3441 5296 3541 5367 qui

1890 5383 1984 5455 pio
2018 5382 2237 5437 intuitu
2268 5382 2623 5450 observator,
2638 5385 2696 5437 et
2726 5381 2783 5437 in
2807 5381 3082 5439 omnibus
3104 5383 3390 5439 exstiterit
3407 5400 3539 5439 cus-

1889 5471 2120 5527 todiens
2141 5470 2319 5542 hujus
2340 5469 2525 5524 nostri
2550 5470 2851 5541 apostolici
2875 5471 3201 5538 constituti,
3216 5470 3288 5526 ad
3313 5470 3538 5526 cultum

1890 5561 1990 5616 Dei
2024 5558 2411 5631 respicientis,
2437 5558 2860 5615 benedictionis
2893 5563 3141 5634 gratiam
3165 5557 3540 5616 amisericor-

1889 5649 2133 5706 dissimo
2166 5646 2412 5704 Domino
2435 5646 2549 5704 Deo
2570 5651 2766 5704 nostro
2790 5648 3190 5722 multipliciter
3216 5661 3531 5721 consequa-
