3900 6364
258 387 376 452 92⁵7

1588 388 1961 453 GBEGORII
2005 389 2057 452 V
2099 391 2350 456 PAPJE.

3562 396 3689 460 928

260 527 378 591 tur,
411 526 470 581 et
523 522 650 579 vitae
699 524 924 580 teter-nae
977 521 1268 597 particeps
1317 525 1466 580 effici
1513 528 1807 580 mercatur
1849 523 1908 580 in
1940 524 1994 592 Α
2024 525 2355 601 episcopus,
2390 544 2580 602 neque
2619 528 2913 603 princeps,
2945 544 3134 604 neque
3183 529 3468 601 marchio,
3492 548 3690 607 neque

261 613 474 668 saecula
503 611 874 668 sazculorum.
903 615 1108 667 Amen.

331 701 627 772 Scriptum
679 717 782 772 per
823 716 1036 755 manus
1069 701 1217 756 Petri
1266 703 1474 756 notarii
1517 707 1575 757 et
1623 701 1912 757 scriniarii

260 793 472 845 sanctae
506 791 780 844 Romanae
820 789 1110 856 Ecclesiae,
1147 790 1202 845 in
1249 808 1451 846 mense
1498 791 1731 863 Aprilis,
1759 791 1913 846 indi-

259 879 448 936 ctione
479 879 811 934 undecima.
851 909 914 918 ——
947 879 1097 934 Bene
1127 879 1330 936 valete.

1006 987 1176 1043 XVII.

385 1091 654 1132 GREGORII
695 1091 857 1131 ΡΧΡΞΕ
894 1093 928 1130 V
969 1093 1342 1132 PRIVILEGIL’M
1385 1094 1493 1132 PRO
1532 1093 1798 1133 ECCLEFIA-

843 1165 1320 1203 MONTISMAJORIS.

903 1238 1090 1303 (Anno
1119 1237 1270 1309 998.)

325 1325 512 1398 (Apud
536 1325 754 1394 Baluz.,
773 1324 988 1380 Misccll.
1008 1325 1146 1380 edit.
1164 1327 1326 1394 Luc,,
1345 1330 1486 1381 tom.
1505 1327 1599 1392 III,
1616 1344 1746 1399 pag.
1762 1326 1841 1398 6.)

323 1416 658 1472 Gnncomus
688 1414 1020 1486 episcopus,
1055 1432 1257 1470 servus
1285 1433 1581 1471 servorum
1608 1416 1730 1470 Dei.

322 1502 602 1560 Convenit
621 1502 942 1576 apostolico
966 1504 1350 1559 moderamini
1379 1505 1473 1576 pia
1495 1504 1774 1578 religione
1796 1506 1914 1578 pol-

249 1591 790 1648 lentibusbenivola
811 1593 1216 1664 cnmpassionc
1235 1610 1574 1650 succurrere
1596 1598 1652 1650 et
1676 1611 1914 1666 poscen-

247 1683 397 1738 tium
419 1681 634 1736 animis
653 1681 826 1736 alacri
845 1681 1149 1736 devotione
1172 1682 1462 1755 impertiri
1485 1685 1912 1740 assensum.Ex

247 1771 360 1828 hoc
399 1769 555 1826 enim
602 1768 750 1828 lucri
781 1769 1159 1842 potissimum
1207 1771 1514 1843 prmmium
1547 1789 1581 1827 a
1611 1773 1911 1829 conditore

2025 615 2297 688 quailibet
2319 633 2534 690 magna
2554 635 2846 690 parvaque
2867 636 3114 692 persona
3127 621 3196 675 de
3219 621 3478 693 praefatis
3499 623 3693 678 omni-

2023 706 2136 760 bus
2157 705 2333 762 rebus
2355 724 2480 778 quae
2502 706 2646 762 inibi
2672 707 2960 780 pertinere
2981 709 3252 767 videntur
3271 711 3529 766 audeant
3559 729 3689 766 mo-

2022 793 2232 850 lestare
2253 795 2341 850 vel
2367 795 2830 868 inquietare,ncc
2853 813 2969 852 non
2993 798 3104 852 sub
3130 797 3308 854 divini
3325 800 3535 870 judicii
3559 819 3693 873 pro-

2025 883 2402 957 mulgatione,
2427 891 2485 939 et
2507 886 2972 952 conﬁrmatione,
2997 891 3054 942 et
3077 887 3474 946 anathematis
3508 890 3691 946 inter-

2025 973 2278 1029 dictione
2309 975 2751 1030 corrobornntcs
2781 976 3156 1032 decernimus
3187 981 3254 1032 ut
3283 977 3486 1034 nullus
3525 979 3692 1051 cpis-

2024 1079 2204 1134 copus
2227 1080 2329 1118 seu
2363 1063 2612 1136 quilibet
2650 1064 3019 1120 Sacerdotum
3042 1065 3101 1120 in
3133 1066 3335 1122 eodem
3367 1067 3690 1123 venerabili

2023 1153 2286 1208 emnobio
2319 1169 2422 1224 pro
2454 1151 2651 1224 aliqua
2683 1152 3048 1210 ordinatione
3079 1153 3197 1211 sive
3248 1157 3690 1212 consecratione

2023 1241 2494 1314 presbyterorum
2528 1241 2616 1296 vel
2648 1242 3051 1310 diaconorum,
3077 1243 3514 1315 missarumque
3539 1246 3692 1302 cele-

2023 1329 2309 1398 bratione,
2335 1329 2450 1385 nisi
2477 1331 2550 1386 ab
2581 1331 2789 1386 abbate
2819 1333 3084 1404 ejusdem
3110 1331 3222 1388 loci
3253 1333 3534 1391 invitatus
3568 1335 3690 1391 fue-

2023 1418 2119 1486 rit,
2154 1419 2350 1474 venire
2383 1419 2453 1474 ad
2486 1421 2780 1492 agendum
2815 1426 3164 1493 prmsumat;
3197 1424 3300 1478 sed
3345 1423 3516 1480 liceat
3565 1441 3692 1480 mo-

2023 1507 2229 1564 nachis
2251 1507 2442 1580 ipsius
2477 1508 2585 1564 loci
2611 1510 3042 1582 cujuscumque
3067 1511 3356 1568 voluerint
3376 1513 3695 1570 ordinatio-

2023 1597 2115 1652 nis
2133 1599 2382 1672 gradum
2406 1599 2707 1671 suscipere
2728 1599 3090 1672 ubicumque
3103 1600 3412 1657 voluerint.
3430 1603 3690 1660 Abbatcs

2023 1703 2279 1759 namque
2305 1686 2407 1759 qui
2453 1688 2832 1744 consecrandi
2884 1693 3057 1744 erunt
3087 1690 3158 1745 de
3203 1689 3330 1763 ipsa
3368 1708 3689 1765 congrega-

2019 1775 2179 1830 tione
2197 1791 2330 1830 cum
2349 1775 2594 1832 consilio
2618 1777 2866 1832 fratrum
2895 1778 3288 1834 communiter
3309 1777 3690 1852 eligantur,et

245 1859 512 1916 omnium
535 1859 654 1916 Deo
679 1875 1107 1931 promeremur,
1124 1875 1257 1915 cum
1290 1859 1647 1917 venerabilia
1678 1861 1806 1917 loca
1827 1879 1913 1918 or-
1940 1899 1989 1965 B
2019 1865 2094 1922 ad
2115 1883 2250 1921 eum
2275 1867 2740 1922 consecrandum
2765 1883 3203 1940 quemcumque
3229 1867 3518 1924 voluerint
3530 1870 3685 1942 epis-

246 1949 449 2006 dinata
465 1950 538 2006 ad
567 1947 872 2004 meliorem
906 1947 1124 2003 fuerint
1154 1947 1280 2005 sine
1309 1949 1490 2005 dubio
1523 1954 1744 2005 statum
1777 1969 1906 2024 per-

247 2039 444 2095 ducta.
468 2039 653 2114 Igitur
680 2037 752 2094 ob
783 2036 893 2092 hoc
925 2037 1290 2093 universitati
1319 2043 1512 2111 pateat
1543 2040 1905 2096 credentium

247 2127 525 2201 quoniam
558 2125 857 2182 abbatiam
881 2127 939 2181 in
973 2125 1192 2182 honore
1223 2132 1438 2183 sancta:
1470 2128 1582 2188 Dei.
1603 2129 1908 2201 genitricis

245 2233 592 2290 semperque
611 2215 856 2288 virginis
890 2215 1083 2270 Mariae
1115 2215 1364 2272 domina
1397 2221 1608 2273 nostrze
1633 2222 1690 2273 et
1715 2218 1906 2274 sancti

247 2305 398 2362 Petri
417 2305 478 2362 in
501 2305 696 2362 Monte
717 2303 958 2376 Majoris
970 2305 1352 2362 constitutam
1377 2322 1480 2378 per
1501 2306 1680 2378 hujus
1694 2296 1904 2364 nostra:

244 2394 612 2452 auctoritatis
641 2393 1011 2467 privilegium
1043 2393 1420 2468 integerrime
1451 2396 1900 2453 corroboramus

243 2489 302 2540 et
331 2484 754 2540 confirmamus
775 2483 835 2538 in
852 2487 1154 2556 perpetuo,
1181 2500 1314 2540 cum
1339 2485 1616 2540 omnibus
1636 2485 1905 2542 videlicet

243 2573 528 2641 ecclesiis,
563 2571 839 2642 oraculis,
871 2573 1160 2642 curtibus,
1194 2573 1554 2630 massariciis
1585 2575 1657 2630 ad
1711 2575 1900 2648 ipsam

245 2662 698 2735 respicientibus
721 2679 848 2734 quae.
880 2661 952 2716 ab
985 2661 1284 2735 aliquibus
1315 2661 1682 2720 fidelissimis
1703 2663 1900 2720 Chris-

240 2751 420 2807 tianis
451 2751 638 2807 eidem
671 2754 872 2806 sancto
905 2751 1257 2808 monasterio
1305 2768 1584 2807 concessa
1627 2757 1786 2820 sunt,
1811 2753 1900 2809 vel

242 2857 369 2914 quae
400 2839 579 2896 etiam
610 2857 713 2913 per
737 2839 934 2912 aliqua
964 2841 1298 2896 munimina
1327 2841 1396 2896 ad
1428 2843 1681 2897 eundern
1735 2843 1898 2915 pium

240 2931 435 2986 locum
467 2929 758 3002 pertinere
779 2929 1072 2997 videntur,
1088 2945 1153 2985 eo
1186 2929 1408 2985 scilicet
1447 2930 1651 2985 ordine
1680 2935 1746 2985 ut
1784 2947 1902 2987 mo-

243 3018 417 3076 nachi
439 3019 628 3092 ipsius
650 3017 898 3076 ccenobii
923 3017 1099 3074 simul
1123 3034 1256 3073 cum
1281 3019 1489 3074 abbate
1511 3019 1610 3089 qui
1637 3035 1738 3090 pro
1759 3023 1900 3074 tem-

239 3093 380 3182 pore
411 3108 650 3176 fuerint,
685 3109 1030 3180 praetexatas
1060 3105 1355 3172 ecclesias,
1389 3103 1645 3170 oracula,
1684 3111 1895 3176 certes,

239 3197 638 3265 massaricios,
671 3210 890 3262 servos,
918 3193 1184 3260 ancillas,
1217 3192 1480 3248 aldiones
1518 3195 1576 3246 et
1605 3190 1897 3262 aldianas,

241 3286 372 3343 sine
393 3285 644 3359 alicujus
667 3282 908 3355 majoris
927 3281 1013 3337 vel
1046 3281 1292 3337 minoris
1324 3296 1584 3352 personae
1611 3283 1899 3338 contradi-
1925 3265 1968 3334 C

238 3375 433 3433 ctione
450 3373 966 3439 habeant,teneant
982 3374 1038 3425 et
1053 3367 1593 3442 possideant,atque
1615 3369 1671 3424 in
1691 3387 1893 3428 eorum

237 3481 415 3522 usum
447 3479 514 3520 ac
541 3464 847 3532 sumptum
880 3462 1054 3530 prout
1075 3456 1288 3513 melius
1311 3457 1682 3530 praeviderint
1706 3459 1897 3516 distri-

237 3555 444 3620 buant,
479 3555 680 3607 nostra
709 3546 1029 3620 apostolica
1057 3545 1403 3602 auctoritate
1425 3549 1800 3605 concedente.
1829 3554 1892 3605 In

238 3659 418 3714 super
436 3639 612 3697 etiam
645 3655 713 3693 ex
734 3641 933 3692 nostro
955 3637 1108 3692 dono
1131 3641 1331 3692 nostra
1351 3637 1675 3709 apostolica
1695 3644 1894 3696 aucto-

237 3730 408 3788 ritate
427 3728 486 3784 in
511 3744 624 3782 usu
637 3729 694 3781 et
713 3723 925 3781 salario
947 3723 1171 3796 prmfati
1185 3724 1533 3780 venerabilis
1556 3729 1895 3784 monasterii

236 3819 298 3876 in
321 3820 666 3892 perpetuum
690 3813 1069 3871 concedimus
1093 3818 1150 3870 et
1169 3815 1612 3882 confirmamus,
1635 3821 1896 3874 castrum

237 3907 505 3965 videlicet
517 3906 576 3962 in
591 3906 883 3978 integrum
905 3905 1060 3977 quod
1073 3904 1574 3961 vocaturBiduino
1589 3923 1724 3962 cum
1739 3909 1898 3964 terri-

235 3997 386 4054 torio
407 3995 623 4052 ibidem
649 3993 976 4068 pertinente
993 3999 1203 4049 etcum
1227 3994 1504 4050 omnibus
1526 3996 1893 4067 adjacentiis,

237 4085 325 4144 vel
348 4083 716 4160 pertinentiis
747 4084 874 4140 suis
906 4101 1032 4156 quae
1061 4083 1276 4139 Ismido
1301 4100 1404 4155 per
1423 4085 1756 4141 donationis
1780 4103 1899 4141 car-

236 4173 422 4231 tulam
455 4172 702 4230 Domino
732 4172 848 4228 Deo
879 4177 936 4228 et
965 4176 1166 4227 sancto
1201 4171 1366 4227 Petro
1393 4173 1502 4227 sub
1526 4173 1661 4241 jure
1684 4179 1894 4228 nostra)

237 4267 451 4320 sancta)
483 4263 757 4318 Romanae
789 4260 1056 4317 Ecclesiae
1089 4260 1346 4326 donavit,
1380 4276 1449 4315 ea
1485 4259 1755 4316 videlicet
1805 4279 1894 4316 ra-

237 4353 393 4409 tione
425 4355 490 4408 ut
519 4356 651 4425 post
671 4352 827 4407 diem
849 4351 1047 4407 obitus
1069 4351 1159 4406 sui
1182 4350 1330 4406 etde
1361 4353 1478 4404 tres
1511 4347 1650 4405 filiis
1678 4350 1768 4405 sui
1792 4367 1894 4405 no-

237 4442 537 4520 minative,
571 4440 942 4497 Bermundus
973 4438 1216 4506 scilicet,
1255 4436 1553 4504 Faraldus,
1588 4441 1646 4492 et
1690 4439 1892 4510 Lotge-

236 4531 582 4600 rius,totum
616 4530 812 4602 ipsum
847 4532 1106 4584 castrum
1139 4530 1408 4581 nostrum
1441 4523 1500 4580 in
1521 4530 1806 4596 potestate
1823 4527 1910 4583 de.

2016 1971 2229 2028 copum
2255 1955 2558 2011 advocent.
2576 1955 2633 2012 Si
2651 1956 2785 2028 quis
2801 1961 2998 2010 autem
3016 1956 3327 2012 temerario
3345 1959 3684 2030 ausu,quod

2016 2043 2142 2100 fieri
2166 2061 2280 2099 non
2313 2044 2632 2113 credimus,
2661 2047 2866 2100 contra
2895 2043 3078 2116 hujus
3108 2049 3319 2100 nostrae
3351 2045 3684 2118 apostolica:

2015 2131 2480 2188 confirmationis
2511 2133 2722 2188 seriem
2755 2131 2950 2189 venire
2981 2136 3084 2188 aut
3127 2150 3298 2207 agere
3343 2135 3674 2200 tentaverit,

2015 2220 2164 2276 sciat
2195 2238 2256 2276 se
2290 2221 2520 2276 Domini
2553 2220 2736 2276 nostri
2762 2220 3162 2294 apostolorum
3196 2222 3482 2296 principis
3522 2223 3679 2279 Petri

2013 2309 2405 2366 anathematis
2418 2308 2649 2365 vinculo
2668 2309 3073 2367 innodandum
3092 2329 3106 2379 ;
3132 2316 3190 2367 et
3209 2329 3344 2367 cum
3367 2311 3601 2368 diabolo
3617 2315 3682 2368 et

2013 2399 2142 2469 ejus
2154 2398 2369 2454 atrocis
2383 2398 2864 2472 (sociis),pompis
2877 2403 3053 2472 atque
3066 2416 3202 2455 cum
3213 2400 3244 2456 J
3251 2400 3368 2456 uda
3387 2400 3678 2457 traditore

2013 2485 2245 2544 Domini
2267 2491 2324 2542 et
2341 2486 2658 2544 Salvatoris
2680 2487 2864 2543 nostri
2884 2488 2916 2543 J
2921 2505 3024 2544 esu
3049 2487 3266 2545 Christi
3288 2487 3346 2543 in
3389 2493 3678 2545 aeternum

2013 2575 2208 2649 ignem
2231 2576 2750 2644 concremandum,
2769 2575 3068 2649 simulque
3096 2576 3156 2632 in
3195 2577 3536 2650 voraginem
3565 2583 3682 2633 tals

2013 2670 2321 2737 tareosque
2337 2664 2516 2720 chaos
2529 2667 2862 2722 demersum
2887 2682 3021 2720 cum
3045 2665 3244 2738 impiis
3259 2665 3678 2722 deficiendum.

2012 2753 2120 2820 Qui
2150 2771 2284 2810 vero
2307 2757 2506 2810 custos
2523 2757 2580 2810 et
2599 2754 2940 2809 observator
2957 2754 3138 2826 hujus
3161 2754 3348 2810 nostri
3388 2754 3680 2828 privilegii

2012 2842 2322 2914 exstiterit,
2347 2841 2772 2898 benedictionis
2803 2843 3054 2915 gratiam
3086 2847 3143 2899 et
3170 2842 3351 2916 vitam
3393 2848 3676 2900 mtcrnam

2009 2948 2045 2986 a
2074 2931 2320 2986 Domino
2353 2935 2769 3003 consequatur.

2081 3019 2376 3090 Scriptum
2407 3035 2512 3090 per
2565 3035 2808 3073 manum
2841 3019 2990 3074 Petri
3028 3019 3241 3075 notarii
3291 3025 3350 3077 et
3381 3019 3680 3077 scriniarii

2007 3111 2221 3162 sanctae
2252 3107 2524 3162 Romanae
2556 3105 2826 3162 Ecclesiae
2859 3107 2918 3162 in
2946 3123 3150 3163 mense
3167 3107 3410 3181 Aprilis,
3435 3115 3495 3166 et
3523 3110 3679 3166 indi-

2007 3194 2196 3251 ctione
2221 3193 2556 3250 undecima.

2738 3284 2934 3340 XVIII.

2006 3391 2191 3431 BULLA
2227 3389 2503 3430 GREGORII
2533 3389 2696 3428 ΡΛΡίΕ
2714 3388 2750 3428 ν
2781 3390 2890 3430 PRO
2911 3389 3222 3430 ARNULPHO
3250 3390 3312 3430 IN
3343 3392 3676 3434 EPISCOPUM

2468 3461 2850 3501 AUSONENSEM
2889 3461 3194 3502 EL'GBNDO.

2647 3535 2836 3603 (Anno
2864 3535 3016 3604 998.)

2183 3623 2376 3695 (Apud
2408 3622 2620 3691 Mansi,
2653 3622 2812 3680 Cone.
2844 3628 2988 3679 tom.
3014 3623 3156 3692 XIX,
3191 3623 3302 3680 col.
3336 3627 3491 3695 227.)

2077 3731 2409 3787 Gneeomus
2439 3730 2771 3804 episcopus,
2807 3748 3012 3788 servus
3043 3749 3345 3788 servorum
3379 3732 3502 3788 Dei.

2076 3819 2283 3876 Divina
2341 3819 2510 3874 nobis
2569 3819 2960 3877 saluberrima
3021 3826 3307 3894 praecepta
3343 3827 3402 3878 et
3433 3825 3672 3879 sancto-

2005 3927 2138 3966 rum
2170 3926 2462 3965 canonum
2511 3909 2784 3966 instituta
2828 3911 3158 3967 veneranda
3201 3929 3310 3968 nos
3351 3912 3674 3968 admonent

2006 3997 2490 4054 considerationis
2537 3998 2781 4068 intuitu,
2813 3999 2933 4056 imo
2991 4005 3050 4056 et
3107 4000 3412 4074 apostolici
3473 4002 3672 4058 mode-

2006 4087 2252 4143 raminis
2306 4086 2540 4155 annisu,
2577 4086 2898 4144 utilitatum
2959 4089 3439 4146 commoditatem
3492 4095 3671 4164 atque

2007 4176 2306 4231 firmitatis
2367 4177 2648 4248 proficere
2705 4175 3124 4251 integritatem,
3187 4183 3478 4250 quatenus
3535 4197 3670 4252 pro-

2009 4265 2408 4320 curandarum
2460 4265 2784 4322 utilitatum
2817 4266 3102 4335 subsidia,
3135 4272 3202 4323 ut
3241 4267 3437 4324 divino
3483 4267 3671 4324 cultui

2006 4352 2277 4408 dedicata
2355 4352 2634 4421 existunt,
2696 4354 3041 4412 inconcusse
3112 4361 3515 4428 permaneant,
3575 4362 3668 4412 at-

2005 4456 2118 4512 que
2159 4439 2218 4495 in
2270 4438 2546 4498 laudibus
2593 4441 2695 4498 Dei
2746 4443 3081 4500 diutissime
3125 4443 3527 4516 persolvendis
3565 4461 3668 4501 va-

2002 4527 2163 4583 leant
2207 4528 2510 4600 proficere.
2545 4530 2664 4587 Hoc
2710 4531 2912 4606 procul
2957 4533 3134 4589 dubio
3177 4533 3493 4590 commissa
3543 4533 3668 4590 sol-

237 4619 543 4676 monachis
575 4635 643 4674 ex
691 4614 1016 4690 supradicti
1061 4613 1400 4670 monasterii
1447 4614 1803 4684 devenirent,
1838 4621 1895 4671 et
1924 4638 1972 4704 D
2003 4615 2244 4673 licitudo
2286 4635 2394 4673 nos
2444 4624 2717 4691 provocat
2758 4621 2856 4694 pia
2907 4622 3373 4678 consideratione
3431 4640 3664 4692 sanare,

236 4705 497 4778 quandiu
525 4705 776 4760 vixerint
804 4703 912 4776 ipsi
949 4700 1272 4774 supradicti
1303 4707 1422 4756 tres
1455 4701 1590 4758 filiis
1613 4702 1735 4758 suis
1770 4721 1890 4758 me-

235 4793 452 4849 diatem
485 4793 556 4848 de
580 4792 917 4864 supradicto
947 4795 1138 4846 castro
1169 4793 1408 4846 teneant
1431 4795 1489 4844 et
1530 4792 1888 4862 possideant.

235 4883 464 4939 Mortuo
492 4897 626 4936 vero
657 4896 774 4935 uno
805 4879 1134 4952 portionem
1164 4877 1325 4934 illius
1355 4878 1426 4933 ad
1469 4881 1892 4938 monasterium

234 4968 593 5038 revertat,ita
613 4971 670 5023 et
691 4966 1184 5040 prosequentibus
1205 4969 1441 5040 quando
1463 4967 1595 5025 aliis
1617 4969 1888 5040 obierint,

235 5056 508 5115 similiter
539 5055 822 5129 partionis
846 5055 1077 5111 illorum
1105 5056 1161 5110 in
1186 5061 1389 5112 sancto
1413 5059 1768 5114 monasterio
1801 5077 1888 5116 re-

233 5150 510 5202 vertatur.
544 5147 733 5200 Censu
765 5163 898 5200 vero
929 5147 1180 5218 projure
1203 5145 1389 5200 sancti
1417 5147 1889 5222 Petri,sicutipse

235 5235 453 5292 lSlIlldO
485 5235 810 5306 constituit,
834 5234 988 5290 infra
1018 5235 1279 5307 quinque
1320 5253 1506 5291 annos
1554 5241 1672 5293 tres
1704 5237 1886 5296 libras

235 5321 452 5378 olibani
476 5324 747 5378 monachi
777 5325 848 5379 ad
881 5323 1062 5380 altare
1093 5325 1278 5380 sancti
1333 5325 1483 5379 Petri
1533 5327 1882 5397 persolvant.

234 5412 366 5468 Haec
385 5413 584 5468 omnia
601 5412 938 5485 supradicta
952 5412 1077 5468 loca
1098 5430 1231 5468 eum
1246 5413 1522 5469 omnibus
1537 5431 1738 5470 eorum
1763 5433 1888 5490 pcr-

235 5501 502 5558 tinentiis
519 5519 621 5575 per
641 5501 822 5574 hujus
845 5502 1024 5557 nostri
1051 5501 1333 5575 privilegii
1350 5505 1888 5562 auctoritatcrnmo-

234 5589 440 5648 nachis
459 5591 646 5665 ipsius
670 5591 1008 5649 monasterii
1033 5594 1279 5648 tenenda
1301 5598 1356 5648 et
1379 5595 1731 5666 possidenda
1757 5613 1891 5652 con-

236 5680 500 5738 cedimus
519 5682 576 5738 in
596 5685 896 5756 perpetuo,
912 5682 990 5737 ita
1017 5686 1082 5736 ut
1102 5681 1298 5737 nullus
1320 5683 1456 5752 dux,
1477 5701 1666 5758 neque
1687 5686 1888 5743 nullus

2004 4711 2070 4760 ut
2116 4723 2184 4760 ex
2233 4705 2343 4762 hoc
2391 4707 2590 4764 divina
2635 4707 2864 4781 placata
2913 4709 3242 4781 clementia,
3296 4711 3357 4766 in
3403 4711 3666 4784 sydereis

2004 4795 2238 4852 arcibus
2317 4795 2486 4853 nobis
2545 4797 2877 4855 ascribatur
2932 4799 3350 4856 remuneratio.
3412 4799 3665 4872 Ideoque

2002 4884 2282 4941 omnibus
2312 4889 2525 4941 sanctae
2556 4886 2656 4943 Dei
2703 4886 2972 4943 Ecclesiae
3018 4888 3294 4945 fidelibus
3345 4892 3466 4944 tam
3514 4905 3662 4960 prm-

2002 4972 2266 5030 sentibus
2317 4989 2496 5046 quam
2544 4980 2602 5030 et
2655 4975 2873 5033 futuris
2931 4981 3139 5032 notum
3197 4992 3328 5033 esse
3386 4975 3664 5033 volumus

2000 5059 2255 5132 qualiter
2305 5067 2540 5134 peracta
2582 5063 2694 5118 fuit
2751 5065 3014 5136 synodus
3064 5063 3315 5136 septimo
3376 5064 3514 5120 Idus
3547 5065 3666 5121 Ma-

2003 5150 2087 5205 ias
2119 5149 2177 5204 in
2204 5150 2447 5208 basilica
2490 5153 2644 5208 beati
2696 5153 2849 5209 Petri
2900 5153 3302 5227 apostolorum
3353 5153 3659 5226 principis,

1997 5245 2133 5296 ante
2182 5258 2344 5297 aram
2398 5241 2517 5298 sive
2564 5241 2746 5298 altare
2795 5245 2944 5316 ejus,
2983 5261 3117 5300 cum
3171 5242 3332 5299 omni
3383 5243 3660 5299 Romamn

1997 5329 2265 5385 Ecclesiae
2305 5331 2598 5404 epiSCOpis
2642 5337 2700 5388 et
2748 5331 3203 5389 ultramontanis
3261 5349 3488 5387 necnon
3540 5332 3664 5388 dia—

1999 5419 2244 5476 conibus
2293 5419 2602 5492 utriusque
2647 5422 2868 5493 gradus
2917 5426 3132 5478 sanctae
3164 5425 3376 5477 nostra:
3425 5425 3659 5493 aposto-

1998 5507 2120 5563 licze
2198 5507 2374 5577 sedis,
2455 5514 2796 5582 cunctaeque
2872 5511 3028 5566 sedis
3105 5510 3379 5566 Romana:
3449 5508 3658 5576 urbis,

1998 5597 2151 5653 inter
2210 5614 2358 5669 quos
2418 5599 2593 5654 etiam
2655 5599 2842 5655 adfuit
2892 5601 3147 5656 domnus
3193 5596 3661 5672 gloriosissimus

2001 5691 2058 5741 et
2102 5685 2518 5742 serenissimus
2569 5688 2699 5744 Otto
2739 5690 2946 5746 tertius
2995 5689 3312 5762 imperator
3355 5689 3660 5759 Augustus
