3900 6370
231 415 351 477 929

1415 411 1816 473 EPISTOL/E
1858 410 1958 471 ET
2001 411 2473 474 PRlVlLEGIA.

3531 422 3650 482 930

233 563 373 602 cum
424 544 879 601 ultramontanis
930 544 1563 616 Lengobardorumque
1613 546 1884 612 ducibus,
1918 546 2244 617 Avivente,
2298 564 2402 601 nec
2462 548 2532 602 ab
2591 548 2703 604 alio
2762 552 3206 623 metropolitano
3268 554 3378 609 nisi
3439 554 3649 610 diceeo-

231 636 571 701 comitibus,
624 650 727 688 seu
777 632 998 687 militia:
1047 632 1216 705 copia
1263 632 1460 687 nimis.
1504 635 1573 688 Et
1622 634 1886 688 residen-

232 730 321 780 tes
370 723 489 779 illic
538 724 611 778 ad
660 723 835 794 pedes
905 721 1129 792 przet'ati
1175 720 1429 793 Augusti
1482 722 1888 792 Ermcngaudo

229 814 447 869 comite
492 812 679 866 ﬁlium
728 810 968 866 Berrelli
1015 809 1463 882 Aquitaniorum
1516 810 1633 866 sive
1679 811 1892 866 Gothe-

230 921 367 958 rum
400 900 768 957 nobilissimo
801 899 1139 954 marchione
1188 918 1323 955 cum
1356 899 1738 970 optimatibus
1772 900 1891 956 sive

232 991 462 1048 clericis
532 989 677 1056 suis,
733 988 1036 1060 Arnulpbo
1108 991 1401 1061 episcopo,
1466 994 1523 1043 et
1580 989 1887 1045 Guadulde

233 1082 513 1137 advocato
557 1079 851 1152 episcopo,
904 1078 964 1132 in
1016 1078 1219 1132 eodem
1276 1083 1565 1132 conventu
1616 1078 1702 1132 vel
1755 1096 1889 1149 syn-

235 1168 346 1224 odo
407 1168 560 1222 inter
617 1184 678 1221 se
738 1165 1163 1221 altercantibus
1217 1166 1288 1221 de
1347 1165 1642 1237 episeepie
1700 1167 1890 1219 Ausoé

235 1256 445 1323 uensi;
480 1254 782 1311 Guadaldo
813 1271 875 1308 se
906 1252 1282 1319 reclamante,
1323 1258 1457 1307 ante
1505 1251 1890 1323 apostolicam

236 1352 295 1402 ct
323 1343 689 1418 imperialem
721 1344 1117 1417 praesentiam,
1150 1344 1305 1414 quod
1337 1343 1649 1415 praedictus
1680 1342 1890 1396 Arnul-

237 1436 394 1509 phus
440 1452 544 1506 per
587 1434 706 1488 vim
764 1438 821 1487 et
878 1432 1096 1502 injuste
1150 1433 1380 1487 tolleret
1437 1433 1488 1487 ei
1547 1433 1891 1502 praedictum

234 1527 639 1580 Ausoncnsem
698 1521 1124 1594 episcopatum,
1182 1539 1301 1577 una
1351 1539 1487 1576 cum
1546 1522 1891 1593 Raymundo

236 1614 424 1686 ipsius
480 1610 787 1684 provinciae
843 1609 1202 1679 marchiene,
1254 1610 1558 1682 Arnulpbo
1617 1611 1890 1683 episcopo

236 1702 627 1775 respondente
659 1700 816 1771 quod
848 1698 900 1754 ei
933 1716 1046 1754 non
1080 1698 1424 1754 abstulisset
1472 1716 1574 1771 per
1619 1699 1737 1753 vim
1784 1716 1890 1755 nec

235 1789 457 1860 injuste
503 1786 849 1860 prmdictum
898 1785 1323 1859 episcopatum,
1376 1786 1476 1841 sed
1520 1787 1680 1856 juste
1724 1792 1780 1842 et
1811 1786 1891 1842 le-

238 1877 447 1951 galiter
493 1893 554 1933 se
621 1875 903 1942 obtinere,
965 1880 1022 1929 et
1072 1892 1105 1929 a
1156 1874 1389 1947 proprio
1440 1874 1889 1946 metropolitano

237 1966 627 2035 Narbonensi,
661 1965 835 2035 cujus
886 1964 1151 2019 dimcesis
1203 1966 1324 2019 fore
1356 1964 1546 2031 debet,
1579 1981 1706 2020 esse
1756 1982 1892 2020 cen-

239 2061 555 2121 secratum,
610 2059 667 2108 ct
732 2051 1104 2109 Guadaldum
1155 2051 1381 2106 vivente
1450 2052 1699 2107 Fruiano
1758 2070 1897 2125 pon-

236 2147 397 2201 tiﬁce
446 2142 775 2200 Ausoncnsi
831 2142 904 2196 ab
952 2140 1066 2196 alio
1139 2139 1590 2213 metropolitano
1657 2142 1895 2196 Oddene

240 2233 439 2292 Gallia:
505 2229 812 2304 provincia:
883 2228 1320 2300 archiepiscopo
1378 2228 1781 2284 fraudulenter
1839 2236 1896 2285 ct

240 2324 465 2394 absque
515 2320 640 2393 lege
684 2319 1039 2384 ordinatum,
1074 2322 1130 2372 et
1180 2336 1213 2373 a
1260 2318 1484 2373 Joanne
1536 2336 1686 2389 papa
1732 2324 1896 2374 ante-

239 2428 471 2469 cessorc
520 2415 721 2466 nostro
771 2413 829 2464 et
873 2425 907 2464 a
960 2412 1111 2462 coetu
1164 2407 1573 2478 episcoporum
1624 2409 1895 2463 Romana:

241 2499 510 2556 Ecclesia:
544 2499 663 2554 sive
712 2498 845 2553 aliis
889 2495 1295 2568 compluribus
1346 2497 1801 2552 condemnatum
1843 2501 1899 2552 et

239 2589 843 2653 anathematizatum;
896 2585 1249 2641 reclamante
1301 2601 1361 2639 se
1411 2586 1687 2656 praadicto
1737 2587 1893 2658 epis-

238 2695 389 2750 cope
442 2675 714 2744 Fruiano,
765 2691 940 2746 quem
989 2673 1329 2729 Guadaldus
1376 2673 1625 2729 interﬁci
1684 2678 1900 2729 fecerat

245 2784 383 2824 cum
441 2768 619 2821 fratre
677 2769 735 2819 et
782 2763 1218 2834 consanguineo
1276 2779 1382 2817 suo
1431 2768 1488 2818 et
1535 2763 1667 2819 aliis
1716 2763 1899 2835 pluri-

248 2858 383 2913 bus.
433 2855 563 2910 Ηωο
612 2852 756 2908 talia
796 2852 913 2907 illis
963 2852 1317 2921 dicentibus,
1367 2851 1631 2924 diligenti
1680 2853 1897 2922 animo,

251 2962 391 3002 cum
460 2959 695 2999 summo
761 2941 977 3007 studio,
1036 2940 1293 3007 letaniis,
1350 2939 1597 3012 psalmis
1663 2948 1719 2997 et
1772 2960 1899 2998 ora-

248 3035 512 3091 tionibus
544 3031 1065 3098 intercedentibus,
1097 3034 1154 3085 et
1185 3030 1360 3084 ﬁdem
1411 3029 1759 3087 catholicam
1809 3052 1901 3090 re-

250 3126 532 3197 legentes,
562 3125 813 3177 tractare
844 3118 1129 3192 cmpimus
1161 3118 1411 3190 qualiter
1456 3120 1574 3175 ﬁda
1620 3122 1901 3179 relatione

250 3215 323 3271 ad
356 3212 683 3285 regularem
705 3209 1001 3265 tramitem
1020 3210 1473 3281 perduceremus
1494 3215 1550 3264 et
1573 3213 1897 3268 secundum

1998 652 2141 689 sane
2173 636 2452 703 ordinari,
2487 637 2717 693 etiamsi
2760 638 2937 694 talem
2990 640 3183 696 clerus
3231 647 3287 697 ct
3336 642 3501 714 plebs
3547 643 3648 698 cli-

1997 730 2221 801 gerent,
2257 727 2356 779 sed
2406 725 2585 797 hujus
2633 727 2713 781 rei
2763 730 3042 783 faetorem
3098 731 3426 786 secundum
3477 748 3647 786 suam

1998 814 2446 883 professionem,
2476 819 2534 869 et
2565 816 2904 870 canonicam
2932 822 2989 871 et
3018 818 3401 890 apostolicam
3449 825 3646 875 aucte-

1999 901 2227 956 ritatem
2254 904 2462 958 debere
2495 904 2721 975 deponi.
2743 906 2857 959 Nos
2880 906 3132 978 denique
3153 907 3488 964 ebedientes
3510 926 3651 979 pra:-

2000 991 2179 1061 ceptis
2202 993 2953 1062 canonum,judicantibus
3001 996 3291 1068 episcopis
3341 998 3646 1065 Romanis,

2001 1079 2420 1149 Longebardis,
2481 1086 2537 1135 ct
2594 1081 3071 1149 ultramentanis,
3135 1086 3534 1141 consentiente
3594 1089 3650 1140 et

1992 1166 2299 1237 judicante
2331 1168 2545 1223 domne
2578 1170 2786 1224 Ottene
2816 1171 3164 1241 imperatore
3203 1175 3486 1245 Augusto,
3511 1174 3649 1244 jus-

2002 1255 2191 1309 sinius
2250 1273 2282 1309 a
2343 1257 2653 1311 Benedicto
2701 1259 3110 1315 arcliidiaceno
3162 1268 3358 1317 nostro
3408 1267 3466 1317 et
3518 1263 3652 1318 Ret-

2002 1343 2164 1397 bcrte
2198 1344 2582 1399 oblationarie
2614 1346 2810 1417 ipsum
2856 1347 3225 1402 Guadaldum
3276 1350 3508 1421 deponi.
3543 1350 3650 1416 Qui

2002 1434 2202 1487 statim
2263 1434 2478 1487 nostris
2520 1435 2795 1505 jussibus
2853 1437 3213 1505 obedientes,
3267 1442 3332 1493 ut
3384 1456 3512 1495 mes
3566 1444 3654 1495 est
3701 1438 3709 1443 ’

2003 1523 2422 1590 Romanorum,
2464 1525 2535 1579 de
2565 1525 2801 1580 dextera
2850 1525 3010 1581 illius
3059 1526 3368 1595 annullum
3400 1529 3657 1585 evellen-

1999 1615 2107 1677 tes,
2164 1616 2222 1667 et
2278 1612 2501 1685 virgam
2558 1614 2915 1686 pastoralem
2974 1633 3155 1687 super
3224 1624 3401 1689 caput
3464 1619 3653 1691 ipsius

2002 1700 2357 1773 frangentes,
2408 1706 2464 1757 et
2522 1701 2788 1758 casulam
2840 1708 3017 1776 atque
3066 1704 3446 1763 dalmaticam
3495 1708 3653 1763 scin-

2001 1789 2228 1857 dentes,
2285 1795 2341 1845 et
2398 1791 2469 1846 ab
2529 1792 2733 1847 ordine
2812 1792 3190 1863 pontificatus
3248 1812 3383 1850 eum
3444 1796 3654 1868 degra-

2002 1878 2228 1945 dantes,
2290 1879 2349 1933 in
2422 1885 2637 1935 terram
2705 1881 2909 1935 sedere
2978 1882 3261 1937 fecerunt.
3332 1884 3468 1944 Post
3533 1884 3655 1941 hinc

2003 1967 2201 2022 omnia
2273 1973 2528 2039 peracta,
2591 1969 2806 2024 domno
2864 1970 3214 2041 imperatore
3276 1972 3546 2044 jubente,
3600 1978 3657 2030 et

2003 2056 2291 2128 episcopis
2366 2057 2666 2125 Romanis,
2733 2059 3152 2130 Longobardis,
3223 2066 3399 2133 atque
3471 2062 3653 2119 ultra-

2005 2146 2302 2200 mentanis
2326 2146 2755 2216 judicantibus,
2792 2147 3188 2204 consentiente
3219 2154 3276 2205 et
3298 2149 3656 2207 acclamante

2006 2236 2411 2306 Ermengando
2453 2236 2664 2290 comite
2712 2252 2845 2290 cum
2901 2235 3127 2296 clericis
3171 2242 3227 2292 et
3276 2238 3658 2309 optimatibus

2008 2324 2106 2395 qui
2167 2325 2238 2379 de
2298 2325 2532 2395 regione
2593 2324 2693 2380 illa
2744 2325 2823 2379 ibi
2882 2326 3143 2393 aderant,
3202 2344 3319 2382 una
3375 2344 3509 2383 cum
3567 2345 3657 2385 se-

2009 2418 2147 2467 natu
2198 2419 2255 2468 et
2304 2414 2513 2469 militia
2563 2413 2826 2468 Romana
2884 2414 3403 2486 Longobardorum
3463 2420 3519 2471 et
3579 2418 3662 2473 ul-

2008 2507 2552 2570 tramontanorum,
2625 2502 2928 2574 privilegio
3005 2507 3216 2558 nostra:
3294 2505 3659 2560 auctoritatis

2010 2593 2410 2647 conﬁrmando
2442 2598 2499 2647 et
2538 2593 2966 2647 cerreborando
3013 2591 3382 2663 Arnulphum
3430 2610 3660 2665 pramo-

2010 2682 2300 2735 minatum
2335 2681 2675 2753 episcopum
2726 2681 2784 2735 in
2835 2679 3036 2735 ordine
3079 2680 3400 2751 pontiﬁcali
3457 2681 3657 2737 Eccle-

2010 2770 2107 2825 siae
2155 2771 2517 2825 Ausonensis
2568 2769 2887 2824 statuimus
2946 2772 3121 2840 atque
3178 2769 3654 2839 sublimavimus,

2011 2858 2415 2930 annulumque
2472 2863 2528 2912 et
2586 2858 2809 2928 virgam
2860 2856 3215 2927 pastoralem
3262 2857 3318 2912 ei
3359 2858 3654 2929 dedimus,

2010 2947 2231 3020 ligandi
2264 2946 2641 3019 solvendique
2689 2951 3036 3018 potestatem
3082 2945 3206 3001 vice
3255 2946 3655 3017 apostolorum

2010 3043 2067 3092 et
2124 3043 2324 3092 nostra
2370 3035 2420 3092 ei
2469 3037 2888 3102 concessimus,
2940 3038 2998 3090 et
3055 3034 3456 3107 episcopatum
3511 3054 3655 3109 pra:-

2013 3128 2198 3182 fatum
2260 3144 2380 3181 una
2435 3141 2569 3180 cum
2617 3128 2901 3196 prmeepto
2957 3122 3156 3177 domni
3214 3124 3461 3196 Augusti
3520 3142 3656 3181 cum

2013 3217 2289 3273 omnibus
2337 3215 2461 3271 suis
2501 3213 2870 3286 pertinentiis
2918 3230 3045 3284 qua:
3101 3212 3171 3268 ad
3222 3214 3419 3268 sedem
3468 3214 3657 3287 ipsam

249 3303 595 3360 canonicam
624 3305 681 3355 et
710 3298 1092 3370 apostolicam
1123 3297 1531 3353 auctoritatem
1564 3315 1663 3354 eos
1703 3301 1897 3357 diseu-
1930 3285 1972 3351 (ἶ
2012 3306 2321 3379 pertinent,
2355 3304 2446 3361 vel
2504 3303 2872 3376 portinentiis
2916 3319 3046 3374 qua:
3095 3303 3169 3358 ad
3219 3302 3419 3359 sedem
3469 3304 3655 3376 ipsam

248 3399 532 3449 teramus.
565 3391 729 3445 Tunc
760 3405 867 3443 nos
916 3387 1155 3441 domum
1196 3387 1523 3442 secundum
1556 3392 1897 3447 canonicam

246 3486 308 3539 et
336 3478 719 3553 apostolicam
751 3475 1157 3532 auctoritatem
1188 3474 1374 3531 ferula
1422 3480 1898 3535 excommunica-

247 3571 428 3627 tionis
458 3574 517 3625 et
542 3566 739 3641 ‘bandi
789 3564 976 3621 nostri
1022 3564 1480 3620 constrinximus
1528 3567 1897 3638 przelibatum

247 3658 729 3731 Ermengaudum
781 3655 1055 3710 comitem
1097 3671 1230 3709 cum
1280 3653 1507 3710 clericis
1556 3661 1612 3711 et
1649 3657 1897 3728 optima-

247 3750 409 3805 tibus
441 3747 565 3803 suis
595 3751 661 3802 ut
691 3743 976 3817 quidquid
1007 3742 1214 3797 exinde
1263 3743 1545 3799 veraciter
1593 3744 1894 3814 sentirent,

249 3837 420 3894 nobis
472 3852 575 3909 pro
633 3850 831 3890 amere
889 3832 990 3887 Dei
1045 3836 1102 3888 et
1158 3830 1555 3903 apostolorum
1616 3833 1897 3907 principis

250 3927 405 3984 Petri
445 3924 781 3980 renuntiare
832 3926 1185 3993 satagerent.
1217 3923 1290 3976 At
1334 3919 1417 3975 illi
1463 3922 1710 3994 professi
1760 3929 1899 3979 sunt

250 4034 367 4072 une
426 4015 623 4072 animo
680 4028 915 4084 unaque
970 4027 1107 4066 voce
1163 4027 1231 4066 ea
1289 4028 1415 4083 qua:
1475 4012 1547 4067 ab
1595 4012 1897 4085 Arnulpbo

247 4105 523 4178 episcopo
554 4100 929 4158 audieramus
958 4117 1093 4155 vera
1123 4105 1180 4155 et
1208 4105 1367 4155 recta
1414 4100 1614 4155 omnia
1659 4118 1807 4168 esse,
1843 4106 1901 4157 et

248 4194 622 4252 Guadaldum
649 4191 876 4247 vivente
908 4188 1157 4245 Fruiano
1192 4189 1464 4261 episcopo
1493 4189 1897 4262 episcopatum

246 4283 487 4341 sibimet
510 4295 830 4352 usurpasse
861 4283 918 4334 et
946 4277 1020 4333 ab
1052 4277 1166 4332 alio
1196 4277 1646 4349 metropolitano
1680 4279 1898 4350 injuste

246 4370 786 4435 subintroductum,
820 4371 877 4423 et
905 4370 1107 4439 postea
1136 4366 1478 4438 praedictum
1514 4367 1833 4423 Fruianum
1865 4385 1900 4424 a

245 4461 487 4535 prmfato
547 4456 848 4515 Guadaldo
891 4455 1233 4511 innocenter
1282 4455 1564 4511 occisum.
1612 4456 1898 4529 Deinceps

246 4552 480 4606 nosmet
500 4552 803 4618 cmtusque
827 4544 1233 4618 episc0perum
1266 4542 1575 4616 diligenter
1590 4546 1897 4616 przefatum

2010 3396 2297 3468 pertinere
2345 3395 2579 3461 debent,
2615 3392 2701 3448 illi
2749 3391 3164 3460 stabilivimus,
3216 3391 3298 3447 ita
3346 3396 3411 3449 ut
3457 3393 3659 3450 nullus

2007 3486 2183 3541 homo
2238 3485 2325 3539 vel
2369 3481 2672 3554 judicialis
2721 3485 2982 3553 potestas
3031 3481 3091 3535 in
3140 3482 3378 3551 praefato
3425 3482 3656 3553 episco-

2008 3581 2147 3649 patu
2204 3573 2291 3629 vel
2340 3573 2477 3628 sede
2533 3570 2753 3642 aliquid
2812 3575 3014 3625 contra
3071 3569 3226 3623 hunc
3281 3570 3652 3641 Arnulpbum

2006 3664 2344 3735 episcopum
2395 3659 2515 3715 sive
2560 3674 2928 3715 successores
2976 3674 3116 3712 suos
3165 3657 3473 3713 temerario
3504 3676 3653 3715 ausu

2006 3758 2208 3809 contra
2254 3748 2558 3806 ecclesiam
2608 3747 2731 3817 (seu
2780 3746 2893 3816 res)
2943 3745 3132 3801 sancti
3182 3745 3332 3800 Petri
3386 3762 3490 3801 seu
3526 3764 3655 3804 san-

2007 3847 2108 3898 cta:
2162 3839 2355 3896 Maria:
2401 3837 2460 3891 in
2507 3835 2631 3891 vice
2680 3833 3008 3891 Ausenensi
3068 3834 3212 3889 sitas
3262 3833 3651 3907 disrumpere,

2007 3930 2300 3996 invadere,
2360 3924 2684 3997 subripere,
2741 3923 2830 3979 vel
2887 3922 3271 3979 dehonestare
3336 3928 3439 3978 aut
3515 3924 3653 3980 dila-

2007 4022 2190 4087 niare,
2242 4021 2343 4073 aut
2389 4014 2613 4087 aliquid
2664 4030 2766 4085 per
2815 4012 2933 4067 vim
2984 4012 3231 4081 auferre,
3283 4013 3651 4080 contendere,

2004 4109 2093 4167 vel
2125 4112 2468 4178 extorquere.
2514 4106 2833 4177 pra:sumat
2863 4119 2875 4157 :
2910 4102 2970 4156 id
3025 4106 3133 4170 est,
3168 4118 3272 4157 nec
3323 4102 3652 4174 parochias,

2007 4215 2196 4271 neque.
2252 4196 2448 4260 ﬁscos,
2503 4209 2608 4247 nec
2681 4190 2917 4263 praedia,
2982 4194 3086 4245 aut
3148 4190 3406 4259 castella,
3467 4207 3655 4263 neque

2007 4291 2326 4352 monetam,
2377 4299 2565 4353 neque
2622 4280 2869 4347 tclonea,
2924 4272 3111 4350 neque
3166 4278 3497 4350 pascuaria,
3554 4297 3655 4336 ne-

2008 4393 2120 4449 que
2171 4373 2388 4439 omnia,
2441 4369 2728 4442 quidquid
2778 4368 2890 4424 diei
2952 4367 3040 4422 vel
3102 4368 3391 4423 nominari
3440 4373 3652 4438 potest,

2007 4482 2112 4521 seu
2168 4462 2345 4518 etiam
2403 4457 2633 4515 abbatis
2690 4474 2819 4528 qua:
2871 4456 2942 4511 ad
2995 4456 3098 4526 jus
3139 4454 3407 4510 Ecclesia:
3468 4456 3654 4526 perti-

2010 4557 2169 4609 nent.
2202 4551 2260 4607 Si
2297 4548 2428 4621 quis
2479 4550 2677 4602 autem
2723 4548 2928 4601 contra
2976 4543 3085 4599 hoc
3137 4542 3319 4598 nostri
3367 4542 3655 4616 privilegii

244 4636 620 4696 Guadaldum
670 4634 1020 4707 ianil‘endO
1069 4632 1479 4701 δίδουεείηωεν
1521 4634 1572 4689 8i
1622 4652 1757 4690 vera
1807 4653 1897 4692 BS—
1927 4651 1975 4716 1)
2006 4643 2187 4698 robur
2214 4638 2302 4695 vel
2335 4640 2537 4694 contra
2574 4635 2677 4706 jus
2727 4631 3198 4705 supradictarum
3249 4630 3654 4701 ecclesiarum,

245 4731 383 4805 sent
437 4744 566 4799 qua:
625 4724 739 4797 ipsi
791 4728 997 4779 contra
1053 4739 1189 4778 eum
1243 4723 1599 4793 ebjecerant.
1651 4726 1724 4779 At
1778 4724 1894 4794 ille,

243 4817 388 4890 quia
415 4832 627 4889 negare
658 4831 773 4868 non
804 4812 1013 4884 potuit,
1048 4828 1109 4868 se
1157 4811 1393 4884 proprie
1443 4827 1541 4867 ore
1588 4814 1891 4883 professus

242 4911 334 4963 est
363 4907 671 4978 praelatum
703 4903 1108 4975 episcopatum
1138 4900 1364 4956 vivente
1401 4901 1653 4958 Fruiano
1701 4902 1892 4974 ponti-

242 4997 354 5053 ﬁce
410 4994 651 5067 sibimet
697 4991 1088 5064 subripuisse,
1135 4996 1192 5046 et
1246 4990 1318 5045 ab
1379 4989 1495 5045 alio
1554 4991 1892 5062 metropoli-

241 5090 403 5153 tano,
456 5100 575 5139 non
622 5100 657 5138 a
701 5082 1031 5138 dimcesane
1087 5078 1474 5146 Narbonensi,
1528 5080 1889 5149 ordinatum,

240 5179 300 5231 et
348 5172 694 5229 seditionem
744 5187 806 5227 se
856 5170 1155 5236 incitasse,
1208 5186 1335 5240 qua:
1384 5168 1508 5240 ipse
1553 5168 1893 5241 prmlibatus

241 5262 503 5337 pontifex
532 5261 821 5316 Fruianus
870 5259 1058 5315 asuis
1109 5257 1221 5314 fuit
1268 5258 1677 5329 interemptus.
1727 5259 1892 5315 Tunc

240 5370 350 5408 nos
381 5349 656 5423 deinceps
701 5349 822 5405 hac
871 5348 1199 5414 audientes,
1230 5352 1286 5402 et
1333 5347 1460 5417 ejus
1516 5346 1709 5401 verbis
1760 5363 1891 5403 ma-

236 5441 330 5516 gis
361 5457 541 5514 quam
569 5439 821 5496 aliorum
852 5436 1207 5494 testimoniis
1237 5437 1561 5504 credentes,
1604 5434 1889 5508 cmpimus

237 5531 577 5605 perquirere
618 5532 855 5585 sanctos
902 5543 1176 5595 canones,
1208 5530 1267 5581 et
1315 5524 1615 5581 recitando
1661 5524 1891 5581 inveni-

236 5637 373 5677 mus
403 5617 665 5692 capitula
694 5635 729 5674 a
759 5621 963 5674 sancto
995 5616 1227 5671 Nicane
1259 5613 1507 5670 concilio
1540 5613 1885 5684 constituta,

234 5726 354 5775 non
385 5708 598 5771 debere
629 5723 917 5786 usurpare
947 5704 1123 5766 alicui
1163 5702 1567 5782 episcopatum
1615 5703 1889 5784 episcopo

2008 4731 2126 4786 sive
2156 4730 2445 4802 praecepta
2475 4721 2775 4795 episcepii,
2808 4719 2897 4777 vel
2928 4725 3131 4776 contra
3177 4720 3489 4776 canonicos
3538 4720 3653 4776 ibi-

2001 4822 2134 4877 dem
2185 4819 2301 4873 Deo
2352 4812 2729 4878 famulantes,
2783 4811 2855 4866 ad
2904 4808 3353 4880 irrumpendum
3408 4809 3650 4877 venerit,

2003 4913 2106 4964 aut
2152 4907 2212 4961 in
2262 4904 2457 4975 aliquo
2507 4900 2840 4957 molestiam
2891 4897 3108 4966 fecerit,
3142 4900 3244 4953 aut
3293 4896 3498 4969 legerit
3539 4898 3651 4955 nisi

2004 4987 2733 5067 resipuerit,anathematis
2762 4985 2992 5041 vinculo
3025 5004 3094 5041 ex
3124 4986 3472 5042 auctoritate
3499 4986 3652 5042 beati

2006 5084 2178 5148 Petri,
2228 5088 2286 5137 et
2337 5079 2586 5135 aliorum
2651 5074 3073 5148 apostolorum,
3135 5078 3312 5146 atque
3365 5091 3436 5131 ex
3490 5079 3653 5147 parte

2004 5178 2204 5229 nostra
2260 5169 2407 5225 sciat
2455 5184 2516 5224 se
2574 5182 2705 5221 esse
2757 5164 3354 5233 excemmunieatum,
3405 5168 3462 5220 et
3517 5179 3651 5219 cum

2001 5263 2154 5320 Juda
2184 5259 2465 5315 traditore
2498 5254 2722 5311 catenis
2753 5254 2942 5327 igneis
2973 5254 3279 5310 nodatum.

2072 5349 2371 5421 Scriptum
2404 5363 2506 5418 per
2548 5361 2763 5399 manus
2810 5342 2963 5399 Petri
3014 5343 3227 5399 notarii
3278 5347 3336 5397 et
3383 5340 3649 5397 scrinarii

2001 5444 2215 5498 sancta:
2265 5437 2538 5493 Romana:
2587 5432 2859 5490 Ecclesia:
2903 5432 2965 5488 in
3005 5450 3207 5489 mense
3252 5431 3425 5502 Maio,
3459 5429 3646 5485 indic-

1999 5529 2157 5586 tione
2188 5544 2264 5584 χι.

2069 5615 2421 5673 Benedictus
2450 5616 2663 5668 sanctae
2696 5611 2971 5668 Romana:
2992 5610 3259 5668 Ecclesia:
3291 5604 3647 5665 archidiaco-

1999 5723 2132 5784 nus,
2168 5705 2268 5787 qui
2302 5702 2575 5785 deposuit
2601 5700 2994 5767 Guadaldum.
