3900 6366
343 423 455 483 931

1679 406 2045 471 GREGORII
2093 407 2144 469 V
2184 405 2434 468 PAPAZ.

3661 405 3787 467 932

415 553 673 610 Joannes
704 549 990 604 diaconus
1020 550 1236 602 sanctae
1268 546 1543 600 Romanae
1575 542 1863 612 Ecclesiae,
1897 540 2000 613 qui
2029 544 2085 609 Α
2114 539 2265 607 diri;
2299 539 2455 611 quod
2485 555 2588 595 vos
2627 542 2683 593 et
2732 537 2971 611 diligere
3020 542 3077 594 et
3125 539 3365 595 omnino
3415 537 3788 597 conﬁdimus

348 644 531 700 Homo
552 654 744 695 vocor.

415 729 534 800 Ego
564 726 855 781 Notkerus
887 729 1103 781 sancta:
1134 721 1505 779 Leodicensis
1536 719 1805 776 Ecclesiae
1836 718 1995 791 epis-

345 832 527 888 copus
559 813 906 885 subscripsi.
1656 862 1663 867 _

417 904 767 960 Benedictus
799 904 1103 969 diaconus,
1138 901 1397 955 Joannes
1446 899 1731 953 diaconus
1779 900 1996 952 sancta:

343 994 613 1049 Ecclesia:
646 993 790 1047 Rom
799 1008 943 1045 anas.

418 1082 624 1137 Petrus
656 1081 862 1148 abbas,
895 1079 995 1151 qui
1037 1079 1093 1133 in
1129 1078 1371 1150 synodo,
1420 1077 1573 1149 quod
1620 1076 1729 1130 hoc
1773 1073 1997 1147 privile-

342 1170 507 1244 gium
541 1174 760 1238 narrat,
794 1168 981 1223 resedi
1015 1172 1072 1222 et
1103 1165 1450 1238 subscripsi.

414 1260 533 1332 Ego
590 1257 724 1314 Otto
800 1256 902 1312 Dei
963 1256 1155 1329 gratia
1226 1256 1623 1311 Romanorum
1682 1252 2000 1324 imperator

340 1349 646 1422 Augustus
676 1344 1021 1418 subscripsi.

414 1439 582 1493 Anno
612 1435 994 1510 pontiﬁcatus
1023 1433 1226 1489 domni
1270 1431 1533 1506 Gregorii
1585 1428 1802 1486 summi
1852 1445 1997 1502 pon-

340 1524 518 1584 tiﬁcis
543 1529 601 1581 et
629 1522 978 1580 universalis
1025 1522 1217 1595 quinti
1268 1538 1431 1594 papas
1484 1520 1544 1575 in
1596 1518 2027 1577 sacratissima.

343 1615 479 1672 sede
509 1613 663 1669 beati
695 1612 849 1668 Petri
901 1610 1150 1684 apostoli
1191 1610 1381 1676 tertio,
1409 1609 1737 1681 imperante
1780 1607 1996 1662 domno

342 1702 514 1760 tertio
543 1702 752 1769 Ottone
799 1717 833 1755 a
881 1699 998 1757 Deo
1048 1703 1325 1755 coronato
1376 1712 1588 1770 magno
1639 1701 1697 1752 et
1754 1696 1996 1769 pacifico

343 1792 697 1866 imperatore
745 1805 899 1845 anno
971 1788 1250 1860 secundo,
1302 1788 1362 1843 in
1424 1803 1625 1843 mense
1676 1786 1890 1854 Madio,
1940 1790 1999 1841 et

344 1879 666 1935 indictione
693 1894 772 1933 χι.

2104 628 2359 685 studere.
2393 628 2758 699 Quapropter
2786 625 3141 682 excellentia:
3189 631 3394 682 vestrm
3427 642 3643 683 mense
3675 626 3790 682 No-

2103 714 2326 773 vembri
2357 715 2662 789 praesentis
2687 716 2823 771 anni
2853 732 2910 770 x1
2943 715 3190 787 (conm)
3212 714 3416 770 indict.
3432 714 3507 787 (9)
3530 715 3784 771 Petrum

2034 838 2041 843 ~
2106 806 2347 862 fratrem
2379 809 2436 861 et
2466 805 2879 877 coepiscopum
2912 823 2945 861 a
2975 806 3198 878 gremio
3228 809 3441 860 sancta:
3486 805 3785 862 Romanis

2106 894 2375 950 Ecclesia:
2405 894 2889 960 transmittimus,
2916 900 2999 962 ut,
3026 893 3309 949 fratribus
3341 895 3617 966 ejusdem
3656 911 3786 966 pro

2106 983 2309 1038 vincia:
2344 984 2399 1038 in
2453 1000 2641 1037 unum
2691 982 3081 1055 congregatis,
3115 982 3463 1039 immunitas
3510 988 3570 1038 et
3625 1000 3783 1055 pra:-

2107 1072 2366 1143 sumptio
2392 1077 2449 1127 et
2479 1071 2857 1142 sacrilegium
2891 1071 3173 1126 canonica
3204 1071 3551 1127 auctoritate
3587 1075 3654 1127 et
3685 1089 3784 1127 ve-

2107 1163 2230 1216 stra
2259 1159 2417 1233 regia
2448 1160 2732 1232 dignitate
2763 1158 2940 1214 talem
2991 1159 3312 1214 terminum
3344 1159 3672 1232 accipiant,
3711 1177 3784 1214 ne

2107 1254 2241 1321 post
2271 1249 2392 1304 haec
2423 1250 2689 1304 membra
2720 1248 2958 1317 diaboli,
2991 1247 3094 1303 ﬁlii
3135 1265 3411 1320 nequam,
3445 1248 3504 1304 in
3559 1254 3787 1304 sancta

2106 1337 2367 1393 Ecclesia
2396 1343 2453 1393 te
2482 1338 2662 1394 etiam
2696 1337 2776 1392 ibi
2805 1342 3089 1410 regnante
3118 1336 3261 1393 talia
3288 1342 3690 1408 praesumant.

2876 1434 2990 1490 XX.

2108 1539 2484 1581 PRIVILEGIUM
2518 1540 2630 1581 PRO
2662 1539 3025 1581 MONASTIRIO
3056 1538 3329 1580 GREGORII
3362 1539 3526 1581 PARE
3563 1542 3605 1582 ν
3647 1541 3787 1582 (ειυ-

2785 1611 3067 1651 NIACENSI.

2714 1686 2919 1756 (Anno
2967 1683 3093 1738 990.
3119 1684 3136 1755 )

2585 1773 2822 1845 (Bullar.
2854 1772 3127 1841 Cluniac.,
3164 1774 3278 1842 10.)

2183 1862 2518 1918 Gnaeomus
2535 1862 2850 1934 episcopus
2880 1878 3085 1917 servus
3101 1876 3401 1917 servorum
3432 1862 3534 1918 Dei
3558 1862 3779 1921 dilecto

412 1930 670 2025 :loannes
694 1930 1030 2040 prietectus,
1063 1970 1121 2024 et
1152 1982 1347 2022 comes
1391 1964 1614 2037 palatii,
1649 1969 1823 2037 atque
1850 1962 1997 2019 dati-
2029 1930 2077 1997 Β
2110 1950 2229 2007 ﬁliO
2260 1952 2501 2040 ODILONI
2534 1930 2753 2007 abba“—
2775 1949 3121 2006 monasterii
3167 1951 3321 2040 (ἰυοᾷ
3360 1951 3595 2040 ιάίοὶιυι*
3641 1952 3779 2010 Clu-

341 2074 450 2115 vus
472 2057 675 2129 judex.

1093 2126 1213 2185 XIX

414 2215 685 2258 onsooau
726 2215 886 2255 pars;
921 2216 957 2255 ν
995 2215 1263 2255 εριετοιλ
1299 2214 1373 2253 an
1411 2214 1702 2254 cous'rm'r
1724 2213 1807 2253 AM
1846 2198 1924 2265 (8)

845 2286 1103 2325 REGlNAM
1142 2286 1496 2325 GALLIARUM.

983 2341 1171 2413 (Anno
1199 2340 1353 2411 998.)

346 2433 410 2489 Ut
438 2430 725 2504 quivillas
754 2431 970 2504 Iuliani
994 2430 1233 2504 episcopi
1262 2428 1501 2504 prwdati
1537 2429 1777 2504 fuerant,
1810 2436 1862 2483 et
1908 2429 1995 2482 in.-

411 2502 723 2571 cénderant,
765 2503 1125 2559 ecclesiastica
1177 2502 1436 2574 regiaque
1482 2502 1801 2556 auctoritate
1849 2516 1996 2555 coer-

412 2582 660 2630 ceantur.

411 2661 559 2718 Cum
576 2661 1016 2719 devotissimam
1035 2661 1335 2717 dominam
1353 2662 1536 2717 sciam
1553 2662 1624 2717 de
1644 2659 1863 2717 scelesti
1882 2660 1998 2715 vita

340 2754 516 2823 atque
544 2751 804 2808 remedio
835 2750 1046 2807 animm
1072 2768 1191 2807 suas
1225 2750 1430 2807 sedulo
1459 2753 1733 2824 cogitare,
1759 2750 1994 2822 culpam

341 2856 436 2897 me
482 2840 848 2896 committere
894 2840 1269 2896 vehementer
1317 2840 1609 2908 existimo,
1663 2841 1711 2897 si
1759 2857 1827 2896 ea
1865 2856 1994 2911 qua:

339 2944 445 3001 pro
475 2928 685 2984 timore
713 2928 1133 2999 omnipotentis
1167 2929 1267 2985 Dei
1308 2933 1449 2986 sunt
1496 2929 1882 3001 suggerenda,
1917 2926 1995 2983 si-

338 3013 535 3081 luero;
568 3018 628 3069 et
656 3020 713 3069 te
744 3013 1186 3070 sanctissimam
1219 3016 1291 3071 de
1324 3015 1722 3072 ecclesiastica
1744 3031 1883 3086 pace
1903 3030 1996 3069 se-

338 3100 476 3157 dule
505 3118 623 3156 non
653 3116 1092 3158 commonucro.
1125 3102 1311 3158 Nimis
1343 3120 1437 3159 me
1466 3102 1687 3158 Juliani
1720 3102 1919 3156 fratris
1938 3105 1995 3156 et

336 3190 668 3262 coepiscopi
703 3189 890 3245 nostri
920 3189 1305 3260 proclamatio
1356 3207 1543 3262 nuper
1581 3188 1946 3246 contristavit
1976 3205 1989 3244 :

2110 2041 2366 2107 niacum,
2402 2041 2460 2095 in
2493 2039 2712 2095 honore
2744 2040 3050 2095 beatorum
3084 2032 3480 2111 apostolorum
3528 2040 3693 2097 Petri
3723 2047 3779 2097 et

2110 2129 2271 2185 Pauli
2302 2132 2709 2184 consecratum
2732 2130 2787 2184 in
2815 2128 3098 2184 comitatu
3124 2128 3540 2185 Matisconensi
3560 2131 3773 2198 situm,

2107 2220 2164 2273 et
2191 2234 2295 2291 per
2323 2222 2380 2274 te
2437 2217 2496 2272 in
2540 2217 2769 2273 cunctis
2820 2216 3261 2273 successoribus
3294 2219 3413 2274 tuis
3452 2218 3775 2277 abbatibus

2105 2307 2166 2362 in
2196 2310 2566 2379 perpetuum.

2177 2394 2544 2451 Desiderium
2572 2395 2727 2468 quod
2762 2394 3168 2467 religiosorum
3220 2396 3677 2468 praepositorum
3718 2402 3773 2453 et

2106 2489 2445 2541 sanctorum
2477 2484 2739 2540 locorum
2774 2483 3094 2540 stabilitate
3114 2500 3455 2557 permanere
3476 2490 3771 2542 monstra-

2104 2578 2202 2629 tur
2231 2574 2355 2629 sine
2386 2573 2584 2646 aliqua
2614 2572 2893 2629 dilatione
2925 2577 3016 2628 est
3047 2578 3160 2629 Deo
3189 2577 3424 2629 auctore
3454 2574 3765 2645 perﬁcien‘

2105 2663 2333 2731 dum,et
2362 2662 2592 2734 quoties
2625 2661 2684 2716 in
2716 2678 2835 2719 sum
2855 2660 3125 2717 utilitatis
3140 2662 3467 2719 commodis
3490 2667 3765 2719 nostrum

2105 2768 2414 2808 assensum
2446 2756 2503 2806 et
2533 2749 2715 2806 solitas
2762 2750 3096 2823 apostolicae
3149 2750 3518 2807 auctoritatis
3570 2767 3769 2823 expos

2105 2844 2248 2895 cunt
2276 2838 2641 2911 praesidium,
2676 2837 2829 2893 ultro
2854 2837 3236 2910 benignitatis
3259 2839 3477 2894 intuitu
3500 2856 3615 2895 nos
3639 2856 3770 2895 conp

2102 2927 2261 2983 venit
2290 2926 2619 2994 subvenire,
2654 2931 2711 2982 et
2742 2927 2849 2981 rite
2888 2943 2994 2997 pro
3046 2927 3277 2998 integra
3328 2928 3655 2984 securitate
3702 2944 3765 2983 ea

2103 3017 2327 3073 ratione
2357 3015 2702 3081 solidare,ut
2723 3031 2791 3069 ex
2810 3014 2920 3070 hoc
2938 3014 3109 3071 nobis
3130 3031 3363 3086 quoque
3384 3016 3763 3088 potissimum

2102 3105 2409 3177 praemium
2442 3120 2477 3159 a
2505 3102 2806 3159 conditore
2840 3102 3108 3158 omnium
3140 3103 3255 3158 Deo
3287 3102 3347 3158 in
3394 3105 3646 3162 sidereis
3678 3123 3761 3161 ar-

2102 3193 2269 3249 cibus
2299 3193 2727 3249 conscribatur.
2744 3193 2814 3247 Et
2844 3192 2973 3247 ideo
3006 3191 3148 3264 quia
3176 3192 3526 3265 postulastis
3545 3213 3582 3251 a
3602 3194 3761 3250 nobis

336 3278 592 3333 maxime
620 3293 754 3332 cum
784 3276 934 3333 villa:
966 3277 1393 3349 suae,videlicet
1412 3277 1740 3346 ecclesiae,a
1761 3276 1992 3349 nequis—
2021 3298 2065 3364 ρ
2102 3286 2169 3339 ut
2196 3282 2502 3354 praefatum
2534 3281 2958 3337 monasterium
3006 3279 3344 3353 apostolicae
3395 3282 3761 3339 auctoritatis

334 3365 507 3422 simis
536 3365 910 3438 pradonibus
941 3365 1062 3421 sint
1093 3366 1459 3438 depraadataz,
1484 3370 1658 3437 atque
1686 3363 1992 3421 nocturnis

333 3454 623 3512 incendiis
654 3471 815 3511 more
832 3455 1030 3511 furum
1057 3455 1409 3524 combusta;
1433 3455 1647 3511 etdum
1677 3454 1854 3510 iidem
1874 3470 1995 3509 ma-

334 3545 479 3618 ligni
502 3545 673 3616 juxta
689 3544 870 3601 nostri
887 3544 1418 3617 predecessoribus
1435 3543 1712 3600 Bonifacii
1738 3543 1992 3612 decreta,

334 3651 439 3707 pro
465 3634 838 3689 immunitate
868 3632 1013 3689 illud
1054 3634 1370 3690 emendare
1399 3632 1721 3701 noluerint;
1763 3634 1905 3688 dum
1936 3639 1994 3688 et

334 3722 535 3780 saeculi
567 3722 725 3795 leges
756 3721 877 3778 haec
909 3722 1115 3779 eadem
1148 3722 1231 3778 ita
1260 3722 1476 3779 habere
1524 3721 1832 3791 voluerint,
1865 3721 1992 3794 lege

332 3811 562 3885 vulgari
594 3816 747 3868 teste
774 3811 834 3866 in
867 3828 985 3884 qua
1014 3811 1099 3868 sic
1131 3810 1413 3868 scribitur
1446 3827 1460 3865 :
1499 3832 1527 3862 «
1556 3810 1615 3867 Si
1646 3811 1779 3884 quis
1811 3827 1991 3866 manu

335 3906 566 3959 armata
587 3918 774 3974 usque
794 3901 867 3957 ad
884 3905 1139 3974 quatuor
1154 3900 1425 3958 homines
1451 3901 1510 3957 in
1528 3901 1723 3956 vicum
1747 3900 1992 3956 alterius

336 3990 410 4047 ad
438 3989 928 4046 malefaciendum
950 3990 1196 4057 venerit,
1247 3990 1347 4047 ille
1396 3989 1499 4064 qui
1539 3990 1699 4063 prior
1748 3994 1838 4045 est
1887 4005 1990 4062 pro

335 4077 542 4133 illicita
570 4075 1027 4148 praesumptione
1059 4081 1373 4148 componat
1422 4076 1645 4134 solidos
1692 4094 1854 4133 nccc.
1889 4077 1989 4132 Se-

336 4181 553 4238 quaoos
580 4181 714 4221 vero
744 4166 895 4236 ejus,
910 4165 1319 4237 unusquisque
1347 4166 1567 4223 solidos
1599 4166 1835 4222 ωαχ.ὃὶ
1855 4182 1990 4222 vero

334 4252 418 4308 lbi
466 4250 807 4307 incendium
855 4251 1116 4320 fecerint,
1173 4252 1288 4308 sibi
1343 4270 1561 4310 nonam
1611 4258 1986 4325 componant,

336 4342 593 4417 prsidem
623 4357 757 4397 vero
788 4341 847 4396 in
881 4341 1278 4415 quadruplum
1299 4342 1674 4399 restituant.»
1706 4342 1765 4398 Si
1790 4342 1987 4398 saeculi

336 4431 495 4505 leges
527 4431 706 4487 talem
737 4430 1028 4505 justitiam
1060 4430 1276 4487 habere
1304 4431 1616 4499 voluerint,
1650 4430 1742 4488 lex
1791 4432 1988 4488 divina

336 4538 442 4577 cur
470 4521 712 4577 inferior
741 4537 870 4577 esse
899 4520 1170 4577 debebit?
1198 4520 1345 4577 Cum
1376 4522 1434 4576 in
1491 4521 1678 4593 ipsius
1724 4523 1987 4579 veritatis

240 4648 251 4655 ~
337 4610 648 4681 praesentia
678 4626 713 4665 a
739 4609 1009 4665 Zacchaao
1049 4608 1449 4665 collaudatum
1499 4610 1597 4678 sit,
1633 4610 1682 4665 si
1729 4611 1984 4682 aliquem

338 4698 730 4766 defraudaret,
764 4702 829 4754 ut
858 4698 917 4752 in
950 4696 1345 4769 quadruplum
1376 4697 1986 4770 restitueret.Et,quia

337 4801 641 4841 summum
672 4785 731 4839 in
764 4784 1001 4858 regibus
1024 4787 1242 4841 bonum
1275 4789 1364 4840 est
1376 4785 1673 4857 justitiam
1708 4785 1990 4857 colere,ac

336 4889 446 4929 sua
476 4874 688 4945 cuique
710 4874 850 4945 jura
879 4890 1128 4940 servare,
1149 4877 1207 4929 et
1236 4874 1294 4928 in
1327 4874 1626 4946 subjectos
1658 4892 1773 4930 non
1797 4875 1988 4931 sinere

338 4962 493 5032 quod
523 4962 829 5033 potestatis
860 4967 948 5017 est
979 4962 1123 5028 ﬁeri,
1140 4962 1237 5017 sed
1259 4964 1415 5034 quod
1435 4980 1666 5035 aequum
1690 4969 1779 5020 est
1800 4970 1986 5021 custo-

408 5071 486 5143 (8)
522 5068 755 5143 Boberti
787 5068 943 5143 regis
972 5068 1326 5143 Francorum
1359 5072 1691 5143 conjugem.

408 5141 486 5215 (tl)
520 5139 874 5215 Indictionis
896 5139 1245 5215 certissima,
1278 5139 1757 5215 quam—apposui,
1790 5160 1987 5215 cmen-

337 5210 877 5294 dationes_t.Scripta
904 5215 1006 5294 est
1023 5212 1181 5294 enim
1208 5210 1454 5294 epistola
1483 5210 1683 5294 uie—nso
1705 5214 1985 5271 Novemb.

338 5283 615 5349 ann.998,
635 5299 751 5353 quo
779 5282 936 5337 anno
967 5282 1370 5339 Constantiam
1404 5286 1692 5341 ltobertus
1724 5303 1821 5341 rex
1851 5303 1986 5340 con-

330 5353 751 5428 jugenrduxit.
785 5354 983 5426 Neque
1027 5354 1186 5428 enim
1236 5356 1411 5412 scribi
1461 5358 1653 5428 potuit
1696 5356 1781 5411 vel
1835 5373 1987 5412 anno

339 5425 709 5509 praecedenti,
740 5442 855 5509 quo
889 5425 1150 5509 nondum
1200 5428 1401 5509 regina
1450 5425 1585 5509 erat
1621 5428 1984 5509 Constantia,

336 5496 445 5579 vel
459 5496 863 5579 consequenti,
897 5512 1012 5568 quo
1027 5496 1359 5579 ‘Qregorius
1391 5499 1651 5579 pontifex
1690 5501 1818 5579 jam
1851 5499 1988 5554 inde

340 5585 374 5623 a
405 5566 718 5624 Februario
750 5566 951 5623 mense
989 5566 1229 5622 obierat.
1267 5566 1439 5625 Porro
1488 5566 1796 5626 Novem'bri
1846 5586 1984 5625 ann.

337 5640 446 5695 998
466 5640 739 5713 currebat
766 5637 1137 5713 indictio__xn,
1154 5639 1426 5713 inchoata
1441 5659 1476 5696 a
1491 5641 1619 5713 Kal.
1634 5642 1984 5713 Septembr.,

340 5710 496 5790 quod
525 5716 650 5772 erat
679 5711 738 5770 in
769 5709 1133 5790 temporibus
1161 5711 1473 5790 pontiﬁciis
1502 5709 1840 5772 indictionis
1874 5709 1986 5772 int-

2103 3372 2252 3427 serie
2284 3369 2673 3437 muniremus,
2689 3374 2748 3425 et
2779 3370 2979 3426 omnia
2993 3371 3123 3441 ejus
3144 3370 3500 3442 pertinentia
3516 3370 3757 3444 perenni

2094 3462 2229 3532 jure
2262 3460 2479 3515 ibidem
2514 3458 2927 3515 inviolabiliter
2957 3460 3356 3531 permanenda
3386 3461 3758 3517 confirmare-

2102 3554 2331 3618 mus,et
2360 3549 2583 3621 absque
2605 3549 2767 3604 omni
2790 3549 2938 3620 jugo
2969 3565 3071 3604 seu
3104 3547 3324 3604 ditione
3350 3548 3758 3622 cujuscunque

2102 3654 2363 3710 personae
2396 3636 2771 3694 constabilire
2802 3637 2985 3693 nostri
3019 3635 3306 3709 privilegii
3340 3638 3555 3711 pagina
3577 3655 3761 3695 corro-

2102 3728 2447 3783 boraremus
2481 3743 2494 3782 :
2530 3730 2839 3799 propterea
2867 3726 2986 3781 tuis
3018 3726 3147 3782 ﬂexi
3179 3726 3452 3797 precibus
3482 3727 3561 3783 ob
3592 3727 3759 3784 inter-

2100 3821 2343 3873 ventum
2377 3814 2613 3872 Domini
2643 3814 3017 3871 invictissimi
3049 3818 3106 3870 et
3137 3814 3217 3887 pii
3249 3813 3476 3871 Ottonis
3505 3814 3755 3888 impera-

2100 3905 2246 3961 toris
2277 3905 2540 3977 augusti,
2570 3904 2817 3976 ejusque
2849 3903 3176 3959 remedium
3207 3903 3418 3959 animaa
3449 3920 3555 3976 per
3584 3904 3756 3976 hujus

2101 3999 2313 4051 nostra:
2343 3992 2718 4049 auctoritatis
2749 3992 3119 4065 privilegium
3150 3996 3476 4049 statuentes
3505 3992 3757 4049 decerni-

2101 4099 2256 4151 mus,
2290 4087 2356 4138 ut
2384 4087 2598 4138 cuncta
2640 4080 2769 4137 loca
2817 4085 2877 4137 et
2929 4080 3286 4138 monasteria
3331 4082 3404 4137 ad
3451 4081 3753 4154 supradic-

2098 4177 2229 4228 tum
2273 4170 2659 4227 Cluniacense
2708 4169 3043 4226 cmnobium
3092 4170 3467 4241 pertinentia,
3507 4186 3639 4243 quas
3685 4168 3751 4225 ab

2099 4260 2397 4333 aliquibus
2410 4258 2782 4328 Christianis,
2798 4258 3375 4332 regibus,episc0pis,
3390 4259 3642 4315 ducibus
3653 4273 3749 4313 seu

2098 4350 2466 4422 principibus
2497 4348 2686 4404 eidem
2721 4347 2847 4403 loco
2879 4353 3019 4404 sunt
3048 4364 3343 4415 concessa,
3379 4352 3437 4403 et
3464 4348 3540 4404 ab
3591 4351 3748 4403 ante-

2098 4437 2432 4495 cessoribus
2462 4437 2582 4494 tuis
2616 4437 2930 4493 abbatibus
2961 4436 3270 4508 acquisita,
3307 4438 3569 4493 Bernone
3598 4436 3745 4492 vidc-

2096 4527 2488 4595 licet,0done,
2524 4526 2836 4599 Aymardo,
2859 4530 2917 4582 et
2939 4526 3118 4581 beatas
3157 4526 3578 4582 recordationis
3617 4541 3740 4581 san-

2094 4621 2183 4672 cto
2234 4614 2442 4672 Maiolo
2493 4616 2919 4687 praedecessore
2967 4619 3090 4683 tuo,
3122 4614 3210 4670 vel
3259 4631 3626 4688 quiscunque
3670 4612 3738 4668 ad

2094 4705 2366 4761 eumdem
2398 4703 2592 4759 locum
2634 4704 2924 4775 pertinere
2972 4704 3267 4771 videntur,
3304 4703 3526 4775 absque
3576 4701 3742 4759 ullius

2096 4793 2559 4850 contradictione
2576 4782 2645 4848 eu
2656 4809 2719 4847 my
2732 4809 2946 4864 magna
2958 4792 3276 4848 securitate
3289 4791 3527 4864 quietus
3540 4791 3742 4848 debeas

2097 4882 2420 4955 possidere,
2445 4885 2503 4936 et
2535 4898 2636 4953 per
2666 4885 2721 4937 te
2755 4881 3010 4937 universi
3045 4896 3415 4937 successores
3435 4880 3520 4935 tui
3546 4880 3603 4935 in
3626 4894 3741 4951 per-

2098 4977 2361 5044 petuum,
2377 4970 2488 5025 hoc
2510 4974 2617 5038 est,
2633 4968 2829 5042 ipsum
2847 4968 3233 5025 Cluniacense
3255 4968 3588 5025 coenobium
3610 4982 3743 5038 apo-

2098 5077 2269 5143 tium,
2304 5078 2429 5149 imo,
2452 5082 2510 5132 et
2539 5075 2880 5149 aliquandiu
2910 5080 3114 5149 postea
3145 5074 3358 5149 fuit,_ut
3387 5091 3456 5131 ex
3487 5069 3737 5149 Gregorii

2096 5149 2199 5241 XII
2229 5142 2864 5241 epistolisla‘pparet,.ac
2893 5142 3241 5241 nominatim
3268 5146 3370 5201 lib.
3390 5163 3436 5228 .1,
3469 5142 3734 5241 epist.

2097 5221 2223 5275 Non
2256 5219 2527 5292 designat
2556 5219 2668 5274 Gre
2711 5219 2870 5273 orius
2902 5220 3075 5290 cujus
3101 5219 3265 5273 urbis
3311 5235 3342 5273 e
3387 5219 3622 5289 iscopus
3650 5229 3733 5268 es-

2099 5297 2187 5343 set
2218 5291 2311 5343 ille
2341 5291 2633 5343 Julianus.
2667 5236 2961 5343 indagavi
2996 5235 3470 5343 l'orte.siauid)cm
3495 5282 3733 5343 epistola!

2099 5297 2187 5347 set
2218 5291 2311 5347 ille
2341 5282 2633 5347 Julianus.
2667 5282 3470 5361 Kndegavi'lorte,siquidcm
3495 5282 3735 5361 epistola

2097 5363 2277 5443 hujus
2308 5361 2639 5443 exemplum
2662 5378 2729 5416 ex
2745 5359 3144 5443 Andegavensi
3168 5359 3372 5443 co‘dice
3389 5359 3732 5443 descriptum

2097 5431 2206 5490 est.
2241 5434 2403 5500 Quod
2436 5431 2494 5488 si
2528 5432 2611 5488 ita
2659 5438 2767 5500 est,
2803 5431 3111 5487 addendus
3158 5431 3450 5502 Julianus,
3482 5431 3733 5502 Andegaf

2094 5499 2367 5561 vensium
2418 5503 2827 5576 episcoporum
2875 5503 3158 5576 catalogo.
3208 5503 3409 5574 Neque
3432 5501 3599 5576 locus
3633 5499 3732 5576 ipsi

2097 5568 2470 5648 deerit.Namj
2492 5568 2649 5648 circa
2681 5575 2803 5631 haec
2833 5568 3099 5648 tempora
3131 5568 3381 5647 magnus
3432 5572 3626 5629 hiatus
3655 5568 3735 5624 est

2096 5647 2158 5705 in
2189 5646 2381 5706 Gallia
2411 5645 2765 5705 Christiana.

2100 5742 2101 5745 η
3054 5716 3244 5807 ⁴(Ξυιθιι.
3287 5714 3567 5776 Cassam.
