3900 6364
91 417 212 481 933

1294 416 1703 479 EPISTULA;
1748 417 1847 480 ET
1893 420 2367 489 PRIVILEGIA.

3422 426 3541 490 934

98 552 435 610 tentissimo
466 548 607 606 olim
632 549 777 605 duce
801 546 1186 605 Guillelmoin
1207 565 1355 622 pago
1380 550 1764 607 Matisconen-
1789 552 1846 620 Α
1874 554 2126 610 traditis.
2168 554 2452 611 Cellulam
2504 572 2737 628 quoque
2780 558 2952 629 juxta
2999 557 3250 630 positam
3303 560 3361 615 in
3412 561 3541 634 ipso

100 642 150 701 si
164 641 646 706 fundatum,cum
660 638 935 694 omnibus
959 640 1135 695 rebus
1158 639 1216 693 in
1239 639 1486 693 circuitu
1502 640 1768 711 ejusdem

98 728 236 795 loci,
268 732 326 783 et
352 728 412 783 in
444 727 579 783 aliis
611 726 953 800 regionibus
987 727 1193 798 positis
1223 727 1295 782 ad
1319 727 1513 798 ipsum
1547 726 1766 796 locum,

100 814 558 888 pertinentibus,
596 816 655 870 in
703 815 984 870 comitatu
1034 815 1305 870 videlicet
1356 816 1769 870 Matisconensi

102 904 312 960 cellam
328 904 386 958 in
404 904 625 959 honore
645 905 831 959 sancti
852 905 1087 958 Martini
1111 909 1397 959 sacratam
1422 922 1434 969 ;
1462 905 1768 960 ecclesiam

104 1011 341 1067 quoque
362 995 536 1065 juxta
568 994 819 1066 positam
854 993 911 1047 in
949 993 1166 1048 honore
1198 995 1384 1047 sancti
1409 995 1653 1048 Joannis
1677 996 1773 1048 de-

104 1084 397 1149 dicatam;
428 1082 598 1136 villas
628 1081 805 1135 etiam
857 1082 1126 1135 Cavinias
1179 1099 1313 1136 cum
1365 1082 1631 1149 ecclesia,
1665 1084 1767 1135 So-

102 1170 457 1227 lustriacum
508 1170 705 1224 villam
758 1187 891 1224 cum
941 1169 1211 1237 ecclesia,
1257 1170 1583 1225 Escutiolas
1632 1188 1767 1226 eum

105 1258 372 1326 ecclesia,
407 1256 798 1314 Galliniacum
832 1274 965 1312 cum
997 1256 1263 1322 ecclesia,
1292 1258 1597 1313 Ruﬁacum
1632 1276 1767 1313 cum

104 1345 372 1413 ecclesia,
408 1345 668 1402 Masilias
702 1362 838 1401 cum
866 1344 1131 1414 ecclesia,
1166 1346 1629 1413 Clairmannum,
1667 1348 1767 1405 Pe-

106 1434 463 1503 troniacum,
494 1434 948 1507 Bargeserenam
972 1433 1192 1501 villam,
1220 1435 1609 1507 Arpayacum,
1627 1436 1767 1491 Dar-

106 1524 445 1590 boniacum,
478 1523 916 1589 Besorniacum,
953 1522 1261 1579 ecclesiam
1294 1529 1509 1579 sanctae
1541 1524 1771 1581 Colum-

106 1613 211 1681 hte,
243 1611 583 1679 Vitreriam,
616 1611 1062 1684 Burguliensem
1091 1613 1313 1681 villam,
1336 1618 1597 1670 castrum
1633 1616 1767 1670 Lur-

108 1702 352 1768 donum,
390 1700 748 1756 Blanuscum
778 1700 979 1756 villam
1009 1702 1245 1756 nomine
1282 1704 1529 1770 Cottam,
1566 1720 1766 1758 mona-

108 1790 352 1846 sterium
416 1789 597 1845 etiam
655 1790 811 1861 quod
870 1795 1110 1845 vocatur
1166 1790 1349 1845 Carus
1408 1790 1574 1847 locus
1633 1809 1767 1848 cum

109 1879 386 1935 omnibus
430 1879 503 1934 ad
556 1896 617 1933 se
666 1880 1117 1951 pertinentibus,
1150 1879 1353 1935 cellam
1409 1881 1767 1953 Regniacum

110 1985 242 2024 cum
275 1968 561 2024 omnibus
593 1969 663 2023 ad
689 1985 818 2024 eam
843 1968 1609 2041 pertinentibus,ecclesiam
1634 1988 1767 2025 san-

112 2057 186 2112 cti
203 2056 456 2113 Victoris
480 2074 614 2113 cum
634 2057 911 2112 omnibus
931 2074 1059 2129 quae
1079 2057 1156 2111 ibi
1182 2059 1441 2130 aspicere
1462 2060 1767 2127 videntur;

112 2144 315 2202 cellam
348 2161 584 2218 quoque
610 2146 671 2200 in
703 2145 919 2201 honore
943 2146 1130 2201 sancti
1152 2146 1401 2201 Victoris
1426 2164 1561 2203 cum
1588 2147 1772 2203 omni-

114 2234 221 2289 bus
251 2234 377 2290 suis
408 2234 795 2307 appendiciis,
827 2233 1107 2290 ecclesias
1140 2235 1316 2290 etiam
1339 2243 1396 2291 et
1425 2241 1611 2292 terras
1643 2254 1769 2309 quae

108 2324 273 2395 juxta
313 2321 481 2378 illam
533 2326 692 2390 sunt,
721 2340 825 2396 pro
874 2324 1091 2395 quibus
1142 2324 1412 2379 dedimus
1463 2326 1768 2381 ecclesiam

116 2412 296 2467 sancti
326 2410 613 2484 Jangulﬁ,
648 2412 1042 2484 Eguirandam
1077 2430 1310 2485 quoque
1359 2420 1581 2469 curtem
1632 2431 1767 2470 cum

116 2499 354 2557 ecclesia
383 2501 575 2556 sancti
606 2501 848 2556 Andreae
881 2501 1152 2574 apostoli,
1185 2506 1243 2557 et
1274 2519 1409 2558 cum
1441 2502 1571 2557 aliis
1594 2503 1771 2558 cccle-

116 2590 217 2645 siis
246 2595 305 2646 et
350 2589 634 2646 omnibus
686 2589 811 2645 suis
860 2591 1245 2662 appendiciis,
1281 2608 1486 2648 omnes
1537 2608 1769 2664 quoque

118 2677 388 2735 ecclesias
422 2683 483 2734 et
513 2682 721 2746 terras,
755 2696 858 2734 seu
890 2679 1089 2734 omnia
1120 2696 1483 2753 quaecunque
1506 2681 1771 2753 supradi-

120 2771 243 2823 ctus
274 2766 443 2823 locus
472 2767 706 2822 videtur
734 2765 949 2822 habere
975 2768 1032 2822 in
1046 2769 1174 2840 jam
1207 2768 1363 2823 dicto
1393 2768 1768 2824 comitatu.ln

121 2856 393 2913 comitatu
426 2872 563 2911 vero
595 2854 964 2911 Cabilonensi
997 2855 1203 2911 cellam
1234 2858 1305 2912 de
1329 2856 1687 2913 Bellomonte
1710 2859 1769 2913 in

122 2943 331 3002 honore
358 2948 581 3001 sanctae
613 2945 712 3000 Dei
752 2944 1055 3017 genitricis
1105 2945 1300 3000 Mariae
1349 2950 1769 3013 constructam,

123 3049 250 3089 cum
281 3033 563 3089 omnibus
607 3049 734 3105 quae
785 3033 857 3088 ad
908 3034 1098 3106 ipsam
1148 3035 1406 3106 aspicere
1453 3034 1767 3091 videntur:

122 3121 418 3179 ecclesiam
453 3138 685 3194 quoque
705 3122 777 3178 de
806 3122 1155 3195 Campiloco,
1185 3140 1321 3178 cum
1345 3124 1621 3179 omnibus
1644 3142 1770 3196 quas

123 3211 188 3265 ad
216 3228 340 3267 eam
371 3211 671 3285 pertinere
699 3210 991 3266 videntur.
1017 3211 1253 3267 Curtem
1284 3212 1459 3267 etiam
1490 3213 1771 3269 vocabulo

1879 642 2164 698 comitatu
2207 645 2403 712 sitam,
2440 645 2497 699 in
2544 645 2763 701 honore
2812 650 3027 702 sancta:
3076 647 3176 703 Dei
3224 648 3539 706 Genitricis

1879 735 2194 800 sacratam,
2230 748 2357 803 qua:
2406 737 2649 787 vocatur
2691 733 2763 788 ad
2810 738 3060 789 montes.
3111 734 3537 793 Monasterium

1878 820 2053 873 etiam
2086 819 2525 875 Celsinianense
2558 839 2692 875 eum
2744 821 2926 888 cellis,
2963 822 3244 891 ecclesiis,
3276 823 3450 891 villis,
3482 830 3540 880 et

1879 908 2051 963 terris
2111 910 2257 973 suis,
2319 910 2666 963 Carniacum
2727 910 3016 976 videlicet,
3068 912 3535 980 Bnrnunculum,

1877 997 2284 1062 Abalniacum,
2319 998 2693 1069 Ginnincum,
2728 999 3140 1066 Cardonctum,
3166 1006 3223 1055 et
3254 1018 3388 1055 cum
3411 1018 3538 1057 0m-

1879 1085 2055 1138 nibus
2081 1086 2344 1141 ecclesiis
2378 1092 2431 1139 et
2455 1088 2626 1141 terris
2648 1088 2718 1141 ad
2745 1088 2936 1158 ipsum
2961 1088 3399 1144 Celsinianense
3421 1108 3540 1146 mo-

1880 1172 2205 1227 nasterium
2260 1174 2709 1245 pertinentibus.
2744 1175 2960 1230 Cellam
3011 1193 3244 1248 quoque
3292 1176 3352 1233 in
3410 1178 3538 1250 ipso

1879 1262 2163 1317 comitatu
2197 1263 2371 1317 sitam
2396 1263 2494 1316 ubi
2519 1262 2834 1333 requiescit
2856 1269 3096 1319 sanctus
3120 1264 3537 1338 Florus,quam

1880 1349 2124 1404 tradidit
2154 1350 2492 1422 supradicto
2529 1350 2654 1405 loco
2705 1352 3052 1423 Eustorgius
3101 1352 3349 1410 clericus
3396 1370 3535 1411 cum

1879 1439 2156 1494 omnibus
2187 1440 2258 1494 ad
2288 1456 2417 1493 eam
2457 1439 2912 1511 pertinentibus.
2948 1439 3167 1495 Cellam
3218 1458 3449 1514 quoque
3477 1442 3538 1500 in

1880 1527 2200 1583 Brivatensi
2233 1528 2356 1583 vico
2386 1528 2746 1600 pertinentes
2778 1528 2849 1583 ad
2885 1528 3292 1600 supradictum
3321 1529 3538 1589 locum.

1878 1615 2097 1671 Cellam
2130 1615 2306 1672 etiam
2352 1616 2644 1671 Riliacum
2694 1632 2829 1672 cum
2877 1622 3042 1672 curte
3071 1622 3130 1673 et
3160 1618 3437 1675 omnibus
3465 1620 3539 1678 ad
3630 1604 3637 1609 θ

1878 1721 2007 1760 eam
2038 1705 2489 1776 pertinentibus.
2516 1703 2813 1776 Capellam
2837 1721 3074 1777 quoque
3086 1706 3259 1777 juxta
3286 1708 3540 1779 positam

1879 1793 1938 1848 in
1972 1792 2190 1848 honore
2237 1793 2424 1849 sancti
2476 1792 2791 1849 Salvatoris
2841 1798 3243 1851 constructam
3292 1795 3351 1851 in
3402 1795 3541 1852 villa

1880 1882 2215 1949 Saraciaco;
2249 1898 2454 1937 omnes
2486 1898 2716 1954 quoque
2756 1880 3035 1937 ecclesias
3086 1888 3143 1937 et
3194 1888 3401 1952 terras,
3432 1901 3537 1940 seu

1878 1987 2240 2042 quaecunque
2252 1971 2484 2025 videtur
2506 1970 2881 2043 supradictus
2903 1970 3217 2028 Cluniacus
3238 1973 3537 2044 possidere

1879 2060 1937 2114 in
1961 2060 2089 2130 jam
2120 2060 2277 2114 dicto
2308 2059 2612 2114 comitatu.
2648 2059 2984 2115 Mansiones
3013 2076 3246 2132 quoque
3275 2076 3409 2115 cum
3442 2077 3536 2117 ca-

1878 2147 2030 2219 pella
2060 2148 2118 2203 in
2149 2148 2437 2203 Aviciensi
2471 2148 2707 2203 civitate
2730 2148 2894 2214 sitas,
2912 2165 3061 2219 quos
3078 2149 3319 2204 tradidit
3339 2167 3540 2222 supra-

1879 2237 2032 2292 dicto
2052 2236 2177 2291 loco
2201 2237 2454 2292 domnus
2472 2235 2812 2292 Grimaldus
2830 2236 3096 2291 clericus.
3113 2236 3178 2292 In
3199 2238 3537 2309 episcopatu

1878 2326 2056 2381 etiam
2086 2325 2410 2381 Vivariensi
2450 2324 2657 2381 cellam
2709 2325 3029 2381 Mizoscum
3078 2343 3213 2382 cum
3262 2327 3539 2384 omnibus

1879 2432 2007 2486 qum
2038 2413 2118 2470 ibi
2150 2414 2466 2487 aspiciunt,
2495 2413 2701 2470 cellam
2728 2414 2798 2469 de
2830 2414 3139 2487 Rumpono
3170 2419 3388 2485 monte,
3423 2414 3538 2472 cel-

1877 2502 1995 2558 lam
2027 2504 2100 2559 ad
2132 2504 2341 2570 fontes,
2377 2503 2585 2559 cellam
2632 2504 2844 2559 Riorus
2895 2519 3031 2559 cum
3082 2504 3359 2560 omnibus
3408 2522 3537 2576 qua)

1878 2591 2093 2647 habere
2124 2592 2354 2647 videtur
2385 2593 2761 2665 supradictus
2793 2592 2956 2647 locus
2988 2591 3302 2647 Cluniacus
3332 2593 3391 2648 in
3405 2594 3536 2664 jam

1878 2680 2032 2735 dicto
2063 2681 2424 2752 episcopatu.
2458 2681 2521 2735 In
2554 2680 2897 2752 episcopatu
2928 2679 3185 2735 Uticensi
3234 2684 3535 2736 monaste-

1878 2769 2031 2823 rium
2064 2769 2119 2823 in
2154 2768 2371 2823 honore
2403 2768 2589 2823 sancti
2624 2768 2774 2822 Petri
2806 2772 2863 2823 et
2893 2768 3081 2823 sancti
3114 2768 3417 2823 Saturnini
3441 2768 3537 2824 de-

1877 2857 2159 2924 dicatum,
2194 2874 2370 2928 super
2399 2856 2587 2927 ripam
2622 2856 2888 2911 Rhodani
2920 2856 3123 2921 situm,
3155 2873 3290 2912 cum
3340 2860 3532 2913 castro

1878 2945 2234 3003 Coloncellas
2265 2950 2323 3000 et
2352 2949 2514 3000 curte
2544 2944 2793 3012 Tulleta,
2829 2948 3045 2999 etcum
3076 2944 3353 3000 omnibus
3375 2949 3444 3001 ad
3470 2962 3534 3002 se

1879 3034 2307 3106 pertinentibus
2338 3050 2406 3089 ex
2432 3038 2680 3105 utraque
2711 3038 2873 3105 parte
2902 3033 3267 3088 ﬂuminis.ln
3298 3035 3536 3090 Trecas-

1880 3123 2008 3179 sino
2041 3124 2379 3197 episcopatu
2412 3122 2621 3178 cellam
2671 3122 2732 3176 in
2782 3121 3002 3177 honore
3049 3122 3237 3178 sancti
3282 3122 3534 3179 Amandi

1880 3217 2301 3268 constructam.
2328 3213 2389 3267 In
2424 3213 2763 3284 episcopatu
2794 3211 3073 3265 Arausico
3106 3210 3312 3267 cellam
3344 3210 3403 3266 in
3437 3211 3539 3268 Po-

123 3298 406 3357 .luliacum
443 3316 580 3355 cum
600 3299 829 3356 ecclsiis
846 3305 903 3355 et
923 3301 1094 3355 terris
1115 3300 1302 3356 cidem
1324 3301 1449 3357 loco
1472 3303 1768 3374 quondam
1805 3289 1849 3356 C
1883 3302 1977 3358 dio
2010 3302 2286 3371 Odoleno,
2321 3299 2805 3358 monasteriolum
2837 3300 2898 3355 in
2926 3299 3144 3355 honore
3173 3300 3359 3356 sancti
3384 3301 3537 3357 Pan-

126 3385 192 3441 ah
220 3387 494 3459 episcopo
528 3386 797 3442 Manasse
829 3386 1074 3453 collatis,
1100 3392 1157 3443 et
1187 3405 1391 3444 omnes
1421 3389 1697 3445 ecclesias
1718 3395 1775 3445 et

124 3477 319 3544 terras,
334 3492 703 3549 quaecunque
734 3476 1108 3548 supradictus
1131 3475 1294 3533 locus
1311 3478 1540 3533 videtur
1560 3478 1775 3535 habere

125 3561 180 3617 in
202 3564 325 3635 jam
356 3566 514 3621 dicto
547 3564 851 3621 comitatu.
880 3565 941 3621 In
972 3565 1313 3639 episcopatu
1334 3584 1467 3623 vero
1488 3571 1774 3641 Augusto-

126 3651 363 3709 duncnsi
395 3653 608 3711 cellam
641 3653 928 3711 Oradellis
967 3660 1364 3711 constructam
1398 3658 1456 3711 in
1488 3656 1769 3713 honorem

126 3746 327 3797 sancta:
349 3743 449 3798 Dei
469 3742 780 3799 Genitricis
796 3760 931 3798 cum
949 3744 1224 3799 omnibus
1242 3744 1365 3799 suis
1388 3746 1769 3817 appendiciis.

128 3827 255 3885 Illas
284 3830 461 3887 etiam
493 3830 772 3887 ecclesias
802 3836 859 3886 et
891 3836 1077 3887 terras
1111 3849 1257 3904 quas
1277 3833 1643 3889 Theotardus
1666 3834 1777 3890 cle-

126 3916 274 3973 ricus
305 3936 495 3991 nuper
514 3919 764 3975 contulit
776 3921 902 3991 jam
922 3921 1075 3977 dicto
1098 3920 1464 3977 Cluniacensi
1486 3923 1769 3979 comobio.

126 4006 547 4065 Conﬁrmamus
577 4009 752 4064 etiam
784 4014 841 4065 et
860 4010 1307 4068 corroboramus
1329 4016 1527 4066 nostra
1549 4018 1775 4083 aposto-

126 4092 230 4150 lica
249 4098 599 4155 auctoritate
620 4097 806 4167 illam,
820 4115 1000 4171 quam
1021 4099 1158 4155 fecit
1182 4100 1436 4155 domnus
1457 4100 1771 4157 Walterius

125 4184 669 4257 Augustodunensis
689 4188 1098 4261 episcopus,dc
1121 4190 1476 4245 monasterio
1500 4191 1653 4262 quod
1677 4191 1773 4245 di-

128 4272 272 4329 citur
300 4277 685 4350 Magabrense
732 4277 805 4332 ad
854 4294 1025 4333 suam
1074 4276 1393 4333 Ecclesiam
1445 4280 1772 4349 pertinente

130 4375 254 4418 cum
265 4366 541 4422 omnibus
554 4366 627 4422 ad
642 4366 837 4437 ipsum
851 4365 1524 4439 pertinentibus.0mnes
1537 4385 1772 4440 quoque

130 4449 390 4508 ecclesias
420 4457 478 4510 et
508 4457 780 4520 terras,et
810 4472 1172 4527 quiscunque
1203 4456 1578 4526 supradictus
1607 4456 1770 4514 locus

130 4535 431 4599 Cluniacus
459 4543 696 4599 videtnr
721 4544 937 4600 habere
969 4544 1026 4598 in
1050 4545 1178 4615 jam
1213 4544 1367 4599 dicto
1407 4545 1766 4618 episcopatu.

131 4622 189 4678 In
218 4630 494 4688 comitatu
529 4648 762 4705 quoque
795 4634 1145 4689 Arvernensi
1168 4632 1551 4689 Silviniacum
1575 4651 1770 4691 mona-
1802 4656 1849 4721 Ι)

130 4715 381 4787 sterium,
409 4719 511 4777 ubi
541 4722 935 4793 prazdecessor
961 4726 1100 4778 tuus
1130 4726 1371 4777 sanctus
1403 4721 1649 4779 Maiolus
1681 4741 1769 4781 re-

122 4800 386 4877 ‘quiescit,
416 4825 553 4863 cum
577 4810 853 4866 omnibus
875 4811 947 4867 ad
971 4811 1241 4866 eumdem
1268 4809 1461 4866 locum
1486 4812 1773 4885 pertinen-

131 4888 297 4948 tibus.
320 4896 388 4951 Et
412 4896 620 4952 cellam
641 4915 767 4969 qua:
786 4904 1026 4955 vocatur
1043 4900 1315 4955 Firmitas
1336 4917 1469 4955 cum
1493 4902 1770 4959 omnibus

131 4980 197 5034 ad
226 4998 284 5037 se
322 4986 785 5058 pertinentibus;
820 4988 1025 5044 cellam
1075 5005 1307 5061 quoque
1356 5006 1484 5061 quae
1531 4995 1773 5047 vocatur

132 5064 441 5143 Scuriolas;
475 5074 784 5132 ecclesiam
815 5078 991 5132 etiam
1009 5077 1069 5133 in
1087 5077 1303 5134 honore
1321 5078 1506 5132 sancti
1534 5078 1770 5150 Sulpitii

133 5154 368 5215 dicatam
398 5163 459 5218 in
489 5163 630 5219 villa
659 5182 787 5236 qua;
820 5166 1038 5221 dicitur
1079 5166 1429 5237 Langiacus.
1465 5167 1533 5221 Et
1562 5166 1769 5221 cellam

133 5258 246 5314 quae
275 5258 513 5307 vocatur
542 5253 613 5308 ad
648 5254 897 5310 Boscum
927 5254 987 5309 in
1009 5254 1228 5311 honore
1249 5255 1435 5310 sancti
1461 5255 1611 5310 Petri
1637 5272 1767 5310 con-

133 5334 421 5395 structam.
459 5341 882 5399 Monasterium
915 5360 1147 5415 quoque
1176 5344 1332 5415 quod
1363 5342 1578 5398 dicitur
1607 5343 1765 5399 Rivis

135 5433 523 5485 consecratum
556 5430 615 5486 in
649 5430 869 5488 honore
900 5439 1116 5489 sanctae
1149 5432 1249 5489 Dei
1288 5431 1599 5490 Genitricis
1630 5448 1765 5488 cum

135 5513 280 5595 curte
309 5513 550 5588 Lipsaco
575 5524 632 5575 et
661 5521 940 5578 omnibus
979 5521 1104 5577 suis
1150 5521 1531 5595 appendiciis.
1566 5520 1766 5577 Eccle-

135 5593 269 5652 siam
288 5617 411 5672 qua:
427 5613 668 5664 vocatur
684 5609 1068 5683 Manrengum
1090 5593 1224 5666 cum
1246 5610 1558 5667 aliisterris
1577 5611 1768 5668 eidem

133 5687 471 5751 monasterio
520 5697 593 5753 ab
641 5698 948 5777 Eustorgio
997 5699 1365 5758 nobilissimo
1410 5700 1533 5757 viro
1585 5718 1772 5780 nuper

1882 3390 2129 3446 taleonis
2161 3394 2563 3447 constructum
2597 3406 2731 3445 cum
2762 3389 3040 3445 omnibus
3070 3389 3142 3444 ad
3174 3388 3318 3445 illud
3357 3390 3535 3461 perti-

1882 3480 2161 3535 nentibus
2195 3479 2253 3534 1n
2275 3478 2625 3550 Gapincensi
2642 3476 2983 3548 episcopatu
3004 3476 3211 3532 cellam
3234 3477 3294 3531 in
3316 3477 3536 3533 honors

1883 3569 2071 3624 sancti
2104 3567 2345 3623 Andreae
2380 3570 2802 3632 constructam,
2826 3566 2952 3636 jam
2976 3564 3131 3619 dicto
3162 3563 3535 3621 Cluniacensi

1882 3656 2145 3711 caanobio
2167 3671 2538 3711 concesssam
2552 3670 2586 3709 a
2599 3653 2857 3708 Ricaudo
2874 3652 3081 3707 clerico
3099 3668 3234 3708 cum
3256 3652 3533 3710 omnibus

1883 3744 2246 3819 appendiciis
2267 3742 2412 3799 suis.
2438 3741 2879 3813 Ganagobiensc
2900 3756 3131 3812 quoque
3153 3740 3535 3797 monasterio-

1882 3835 2005 3890 lum
2036 3839 2093 3889 et
2123 3838 2344 3888 curtem
2373 3830 2783 3897 Valentiolam,
2815 3836 2873 3887 et
2901 3830 3103 3886 omnia
3132 3846 3258 3902 qua;
3300 3830 3533 3887 videtur

1882 3923 2257 3997 supradictus
2286 3921 2450 3977 locus
2489 3920 2804 3976 Cluniacus
2834 3924 3031 3975 tenere
3060 3923 3118 3975 et
3149 3919 3305 3991 quod
3356 3918 3533 3976 habet

1882 4010 2398 4077 habere,videlicet
2420 4010 2490 4065 de
2517 4009 2735 4082 quibus
2760 4008 2935 4064 rebus
2957 4008 3133 4064 habet
3155 4007 3531 4065 donationem

1880 4107 1937 4158 et
1948 4099 2605 4173 descriptionem,atque
2622 4098 2692 4153 de
2712 4096 2848 4153 villa
2868 4101 2926 4153 et
2946 4102 3138 4153 castro
3159 4096 3534 4165 Sarrianis,et

1880 4191 1952 4247 de
1982 4190 2260 4245 omnibus
2292 4206 2419 4261 quas
2451 4187 2629 4243 habet
2655 4187 2715 4242 in
2747 4185 2935 4259 patria
2960 4203 3089 4258 quae
3120 4190 3361 4242 vocatur
3390 4185 3532 4241 Pro-

1878 4279 2088 4346 vincia,
2114 4278 2173 4333 in
2202 4276 2605 4334 Valentinensi
2636 4276 2973 4348 episcopatu
2995 4275 3105 4330 hoc
3126 4275 3279 4346 quod
3302 4274 3535 4330 videtur

1879 4368 2095 4426 habere
2125 4366 2458 4423 Cluniensis
2490 4363 2654 4420 locus
2684 4364 2743 4418 in
2774 4362 2915 4419 villa
2962 4379 3090 4434 qua:
3131 4362 3346 4418 dicitur
3372 4361 3528 4430 Ales,

1878 4464 1936 4515 et
1964 4458 2024 4512 in
2056 4460 2252 4512 monte
2275 4456 2449 4527 Syon,
2475 4458 2533 4508 et
2552 4452 2752 4507 omnia
2771 4469 2899 4523 quae
2919 4451 3151 4506 videtur
3171 4449 3383 4504 habere
3405 4450 3532 4520 ipse

1878 4547 2041 4603 locus
2074 4546 2132 4599 in
2166 4545 2292 4616 ipso"
2322 4542 2681 4615 episcopatu.
2717 4540 2780 4595 In
2824 4540 3164 4611 episcopatu
3212 4536 3529 4592 Viennensi

1880 4634 2302 4692 monasterium
2335 4632 2491 4703 quod
2511 4634 2750 4685 vocatur
2777 4627 3205 4685 'l‘aderniacum
3229 4642 3364 4681 cum
3386 4624 3533 4682 cella

1880 4743 2007 4797 quis
2037 4723 2252 4778 dicitur
2280 4718 2556 4783 causslla,
2589 4723 2644 4774 et
2673 4716 2812 4773 villa
2840 4734 2967 4789 quas
2995 4719 3239 4771 vocatur
3268 4714 3529 4780 Braeost,

1880 4819 1937 4871 et
1964 4812 2103 4869 villa
2133 4828 2259 4883 quae
2291 4809 2507 4865 dicitur
2533 4806 2746 4868 Insula.
2772 4822 2905 4862 cum
2938 4804 3215 4860 omnibus
3244 4802 3529 4872 ecclesiis,

1877 4901 2031 4957 villis
2061 4906 2121 4955 et
2151 4899 2324 4955 terris
2354 4914 2482 4969 quas
2510 4897 2739 4951 videtur
2768 4895 2981 4950 habere
3002 4895 3131 4965 jam
3153 4893 3347 4949 dictus
3368 4891 3534 4948 locus

1882 4992 1939 5047 in
1972 4990 2272 5045 nominato
2302 4986 2661 5058 episcopatu.
2682 4984 2744 5038 In
2768 4984 3104 5055 episcopatu
3129 4997 3364 5053 quoque
3386 4980 3537 5053 Lug-

1881 5077 2154 5144 dunensi,
2187 5075 2392 5130 cellam
2424 5074 2605 5129 beatae
2639 5072 2831 5127 Mariis
2863 5088 2990 5142 qua":
3020 5070 3237 5126 dicitur
3280 5069 3533 5126 Taluza—

1880 5169 1984 5237 tis;
2018 5166 2222 5222 cellam
2257 5163 2574 5230 Poliacum,
2608 5159 2880 5217 cellulam
2910 5160 3274 5215 Artedunum
3299 5156 3531 5227 ,cellam

1875 5271 2108 5328 quoque
2137 5254 2603 5315 Ambertensem,
2622 5266 2758 5306 cum
2780 5248 3064 5315 ecclesiis,
3087 5247 3241 5303 villis
3272 5252 3330 5303 et
3358 5246 3531 5303 terris

1876 5345 2149 5417 adipsam
2169 5340 2629 5415 pertinentibus;
2648 5339 2855 5394 cellam
2877 5354 3109 5411 quoque
3130 5336 3528 5402 Saviniacum,

1876 5440 1933 5490 et
1971 5437 2196 5489 curtem
2235 5429 2744 5496 Ambariacum,et
2767 5427 3073 5484 ecclesiam
3094 5425 3281 5482 sancti
3305 5425 3530 5480 Andeo-

1876 5523 1939 5592 li,
1971 5520 2277 5578 ecclesiam
2309 5536 2437 5590 qua:
2466 5521 2708 5575 vocatur
2735 5516 3169 5585 Adoratorium,
3203 5517 3426 5569 curtem
3456 5511 3529 5567 de

1879 5611 2182 5678 Romanis,
2215 5607 2422 5664 cellam
2456 5605 3131 5675 Cavariacum,cellulam
3155 5601 3523 5669 Luiniacum,

1876 5701 2077 5761 villam
2108 5698 2497 5769 Tusciacum;
2529 5711 2734 5754 omnes
2766 5710 2999 5774 quoque
3027 5689 3325 5760 ecclesias,
3356 5686 3526 5748 villas
