3900 6368
373 375 489 436 933

1701 368 2071 467 CREGORII
2118 368 2166 426 V
2215 367 2463 428 PAP/E.

3686 370 3811 429 936

372 512 430 563 et
458 511 664 572 terras,
698 521 843 575 quas
874 503 1230 559 Wichardus
1261 504 1519 559 moriens
1540 502 1730 557 eidem
1752 486 1877 557 loco
1898 499 2028 557 Clu-
2054 501 2110 568 Α
2140 500 2414 556 Romana:
2446 499 2714 554 Ecclesiae
2750 501 2849 555 Dei
2897 500 3087 573 gratia
3133 500 3443 577 episcopus
3492 506 3550 558 et
3597 518 3808 557 servus

371 593 561 650 niensi
594 590 859 659 contulit,
894 609 1029 647 cum
1061 592 1337 646 omnibus
1369 608 1496 663 quae
1536 590 1764 646 videtur
1812 589 2026 645 habere

370 682 745 754 supradictus
775 680 939 735 locus
968 681 1026 734 in
1067 698 1248 752 supra
1279 681 1408 751 jam
1459 679 1611 735 dicto
1659 680 2023 751 episc0patu.

371 769 791 826 Monasterium
824 786 1056 841 quoque
1086 770 1493 825 Paterniacum
1527 769 1598 824 ab
1628 768 1902 824 Adelaide
1923 767 2029 822 im-

368 858 652 933 peratricc
679 860 945 931 Augusta
975 863 1404 927 constructum,
1439 862 1495 913 et
1526 875 1559 913 a
1588 858 1851 913 Conrado
1895 873 2028 929 rege

366 952 423 1004 et
453 948 570 1004 filio
604 966 709 1004 suo
743 947 1053 1020 Rodulpho
1085 965 1240 1020 rege,
1276 947 1575 1003 Cluniensi
1623 946 1886 1003 coenobio
1926 963 2028 1018 per

367 1041 658 1110 praecepta
689 1035 908 1109 regalia
939 1036 1245 1105 traditum,
1271 1053 1406 1092 cum
1429 1035 1704 1091 omnibus
1727 1053 1855 1107 quae
1878 1035 2007 1090 vide

366 1131 464 1182 tur
497 1125 711 1182 habere
741 1125 801 1181 in
831 1126 1195 1199 Burgundia,
1221 1131 1434 1182 etcum
1467 1125 1746 1181 omnibus
1768 1143 1894 1197 quae
1916 1123 2027 1196 ipsi

364 1215 719 1270 monasterio
738 1214 798 1269 in
818 1213 1050 1269 Alsaeia
1068 1214 1355 1269 dederunt
1373 1214 1755 1285 imperatores
1777 1211 2024 1284 Augusti

363 1303 627 1359 Ottones.
652 1303 1075 1359 Monasterium
1110 1320 1343 1375 quoque
1374 1304 1528 1376 quod
1562 1302 1778 1358 dicitur
1808 1302 2024 1357 Roma-

362 1409 507 1447 num
537 1410 673 1448 cum
705 1391 980 1448 omnibus
1012 1393 1083 1447 ad
1119 1409 1180 1447 se
1219 1392 1652 1464 pertinentibus
1692 1393 1820 1463 jam
1870 1391 2024 1446 dicto

362 1481 664 1537 Cluniensi
697 1481 977 1549 cmnobio,
994 1485 1050 1536 et
1070 1479 1177 1536 tibi
1200 1480 1437 1553 tuisque
1459 1479 1899 1536 successoribus
1920 1479 2022 1534 ha-

361 1570 498 1626 bere
528 1570 907 1626 concedimus
940 1569 999 1625 in
1029 1574 1400 1643 perpetuum.
1434 1570 1565 1625 Haec
1615 1568 1814 1625 omnia
1843 1585 2023 1641 supra

347 1658 802 1735 .scriptaloca,et
814 1659 1171 1715 monasteria
1197 1676 1335 1715 cum
1357 1657 2019 1727 cellis,ecelesiis,curti-

358 1746 861 1815 bus,villis,servis
881 1750 939 1803 et
968 1746 2017 1823 ancillis,silvis,vine_is,campis,pra-

357 1835 1070 1909 tis,aquis,aquarumque
1091 1836 1526 1906 decursibus,et
1546 1838 1822 1893 omnibus
1843 1836 2016 1893 terris
2050 1875 2098 1940 Β

358 1924 533 1981 cultis
562 1929 619 1981 et
648 1924 890 1981 incultis
931 1926 1002 1981 ad
1056 1926 1427 1997 supradictas
1476 1927 1878 1998 possessiones
1926 1926 2015 1982 vel

356 2018 676 2086 potestates
706 2014 1137 2086 pertinentibus
1168 2015 1280 2088 ipsi
1313 2015 1613 2071 Cluniensi
1635 2014 2019 2087 loco,tibique

355 2108 413 2159 et
453 2103 573 2159 tuis
622 2103 1061 2160 successoribus
1113 2121 1217 2176 per
1263 2104 1444 2176 hujus
1494 2106 1678 2161 nostri
1728 2104 2016 2177 privilegii

356 2192 763 2249 auctoritatem
796 2193 1051 2248 tenenda
1072 2198 1129 2248 et
1160 2194 1519 2265 possidenda
1548 2195 1925 2250 concedimus
1957 2194 2015 2249 in

356 2286 727 2354 perpetuum,
761 2281 845 2337 ita
877 2285 942 2336 ut
969 2280 1168 2337 nullus
1201 2282 1342 2351 dux,
1364 2299 1553 2354 neque
1575 2283 2012 2355 episcopus,ne-

355 2386 469 2443 que
499 2369 714 2442 aliquis
747 2371 1039 2443 princeps,
1066 2387 1254 2441 neque
1286 2371 1564 2443 quaelibet
1585 2388 1800 2445 magna
1820 2388 2017 2444 parva-

356 2476 471 2532 que
501 2475 752 2531 persona
781 2460 853 2515 de
884 2460 1141 2532 pralfatis
1171 2460 1447 2515 omnibus
1470 2462 1645 2516 rebus
1667 2466 1723 2517 et
1744 2460 2011 2528 decimis,

354 2565 484 2621 qua:
515 2549 658 2604 inibi
692 2549 980 2622 pertinere
1006 2549 1297 2618 videnlur,
1333 2550 1545 2606 audeat
1584 2550 1894 2606 molestare
1925 2549 2013 2605 vel

351 2637 699 2710 inquietare.
720 2639 835 2694 Nec
854 2656 968 2694 non
988 2640 1097 2695 sub
1117 2637 1293 2694 divini
1312 2640 1522 2711 judicii
1546 2639 2012 2713 promulgatione

353 2731 409 2782 et
438 2728 907 2795 conﬁrmatione,
940 2728 1336 2783 anathematis
1368 2728 1774 2784 interdictione
1819 2745 2013 2784 eorro-
2045 2721 2067 2729 “

353 2816 628 2871 borautes
659 2816 1056 2881 decernimus,
1081 2821 1147 2871 ut
1167 2816 1368 2871 nullus
1399 2818 1732 2889 episcopus,
1754 2833 1857 2871 seu
1890 2815 2016 2887 qui-

352 2903 495 2960 libet
552 2905 923 2960 sacerdotum
980 2906 1038 2960 in
1095 2906 1298 2961 eodem
1357 2904 1679 2961 venerabili
1749 2905 2011 2961 emnobio

352 3010 457 3067 pro
486 2992 684 3066 aliqua
713 2994 1081 3049 ordinatione
1114 3011 1219 3049 seu
1261 2994 1701 3050 consecratione
1730 2992 2011 3062 ecclesiae,

352 3082 827 3154 presbyterorum
857 3080 946 3137 vel
979 3082 1361 3137 diaconorum
1395 3082 1830 3153 missarumque
1863 3080 2010 3136 cele-

354 3168 636 3236 bratione,
670 3169 785 3224 nisi
816 3170 890 3225 ab
920 3170 1129 3224 abbate
1161 3170 1425 3240 ejusdem
1448 3169 1557 3225 loci
1578 3168 1859 3224 invitatus
1887 3169 2009 3223 fue-

2136 606 2436 645 servorum
2468 588 2592 644 Dei.

2208 677 2573 734 Desiderium
2598 679 2754 749 quod
2772 679 2842 733 ad
2860 678 3199 752 religiosum
3217 679 3583 753 propositum
3602 685 3661 733 et
3676 697 3806 735 san-

2137 771 2363 822 ctorum
2396 766 2656 822 locorum
2683 766 3067 822 stabilitatem
3092 769 3383 841 pertinere
3406 773 3801 837 monstratur,

2138 856 2264 912 sine
2297 855 2497 927 aliqua
2527 861 2615 911 est
2638 856 2754 911 Deo
2786 860 3022 912 auctore
3046 856 3324 913 dilatione
3349 858 3804 929 perliciendum,

2139 950 2193 1000 et
2211 946 2443 1016 quoties
2460 944 2520 999 in
2538 945 2894 1017 quibusdam
2917 951 3131 1002 sancta:
3150 946 3419 1003 Ecclesia:
3438 945 3805 1001 utilitatibus

2136 1033 2223 1089 vel
2239 1033 2564 1090 commodis
2582 1039 2779 1089 noster
2800 1040 3198 1100 asssensus,et
3212 1036 3448 1091 solitum
3467 1035 3803 1107 apostolica

2137 1123 2507 1178 auctoritatis
2529 1124 2861 1195 exposcitur
2883 1123 3402 1196 praesidiummltro
3416 1124 3805 1198 benignitatis

2137 1209 2355 1266 intuitu
2388 1228 2495 1267 nos
2528 1212 2796 1267 convenit
2836 1214 3164 1281 subvenire,
3198 1218 3256 1268 et
3285 1218 3479 1269 ratum
3526 1213 3804 1286 proposi-

2134 1304 2261 1353 tum
2294 1316 2397 1372 pro
2429 1301 2655 1372 integra
2685 1301 3002 1361 securitate,
3031 1319 3099 1357 ex
3122 1301 3344 1356 ratione
3364 1300 3715 1369 solidare,ut
3738 1318 3806 1356 ex

2132 1386 2242 1442 hoc
2274 1392 2613 1444 sanctorum
2635 1390 2928 1445 veneratio
2956 1388 3408 1458 locorum,salus
3431 1396 3487 1446 et
3507 1389 3806 1445 indemni-

2130 1480 2223 1531 tas
2253 1477 2612 1549 proﬂigetur,
2648 1481 2704 1532 et
2731 1476 2901 1532 nobis
2933 1494 3165 1550 quoque
3217 1477 3363 1533 lucri
3414 1477 3801 1551 potissimum

2130 1565 2440 1637 praemium
2453 1584 2487 1622 a
2500 1565 2808 1621 Conditore
2821 1567 3087 1623 omnium
3099 1567 3533 1639 praeseribatur.
3549 1567 3802 1624 Volente

2130 1653 2311 1727 igitur
2341 1658 2516 1726 atque
2547 1660 2787 1728 rogante
2817 1655 2987 1711 tertio
3033 1656 3240 1712 Ottone
3291 1656 3647 1728 imperatore
3674 1658 3800 1712 Au-

2128 1747 2302 1816 gusto
2334 1748 2391 1799 et
2424 1745 2735 1816 Lamperto
2766 1749 2979 1800 sanctze
3012 1745 3479 1801 Constantiensis
3518 1746 3800 1803 Ecclesiae

2128 1833 2726 1905 episcopo,quoddam
2751 1833 3176 1890 monasterium
3195 1834 3253 1888 in
3270 1834 3397 1907 ripa
3413 1833 3648 1907 Rheni,j
3659 1840 3805 1891 uxta

2129 1919 2534 1975 Constantiam
2570 1920 2629 1975 in
2676 1918 2814 1975 villa
2864 1937 2991 1992 qua)
3042 1926 3280 1977 vocatur
3328 1921 3689 1991 Petrishusa,
3724 1924 3802 1979 de

2128 2007 2469 2063 Gebehardo
2510 2008 2689 2063 beata:
2724 2009 3019 2064 memoria:
3068 2009 3361 2082 episeOpo,
3396 2010 3453 2064 in
3508 2010 3804 2068 honorem

2128 2097 2186 2152 S.
2221 2096 2479 2169 Gregorii
2513 2102 2941 2167 constructum,
2966 2098 3290 2171 apostolica
3310 2099 3648 2157 defensione
3671 2117 3806 2156 mu-

2127 2186 2346 2254 nimus,
2382 2190 2437 2241 et
2470 2186 2776 2258 prmeeptis
2829 2187 3104 2243 Romana:
3154 2188 3426 2244 Ecclesia:
3475 2206 3542 2245 eo
3592 2194 3799 2245 tenore

2126 2276 2494 2343 deeoramus,
2528 2280 2823 2347 quatenus
2854 2277 2927 2332 ad
2959 2277 3155 2349 ipsum
3209 2278 3656 2346 monasterium,
3692 2280 3793 2334 cui

2126 2381 2282 2420 nunc
2314 2365 2495 2420 abbas
2528 2364 2871 2422 Pericherus
2900 2370 3131 2438 praeest,
3153 2383 3288 2422 cum
3321 2368 3597 2423 omnibus
3630 2370 3703 2423 ad
3730 2386 3794 2423 se

2124 2452 2577 2526 pertinentibus,
2614 2454 2859 2510 diversis
2903 2454 3159 2527 praediis,
3193 2455 3368 2512 cultis
3416 2461 3473 2511 et
3521 2456 3785 2523 incultis,

2125 2541 2345 2597 colonis
2375 2546 2433 2597 et
2455 2541 2821 2611 familiis,vel
2843 2560 3208 2616 quaecunque
3228 2544 3384 2600 idem
3408 2545 3787 2601 Gebehardus

2123 2629 2435 2703 episcopus
2466 2630 2836 2687 haereditario
2860 2633 2995 2704 jure
3022 2632 3112 2687 vel
3155 2631 3353 2704 aliqua
3401 2631 3789 2705 acquisitione

2124 2719 2196 2775 ad
2228 2720 2383 2775 idem
2418 2721 2841 2776 monasterium
2873 2720 3250 2789 contradidit,
3286 2726 3389 2777 aut
3420 2738 3787 2793 quiscunque

2124 2808 2194 2863 de
2226 2808 2522 2881 episcopio
2566 2810 2968 2878 commutavit,
3005 2815 3107 2866 aut
3150 2810 3275 2867 sine
3324 2810 3789 2867 commutatione

2122 2896 2413 2968 permisit,
2446 2914 2674 2952 necnon
2723 2898 3014 2970 quidquid
3067 2900 3381 2971 praadictus
3432 2902 3786 2972 Lampertus

2121 2982 2432 3055 episcopus
2463 2985 2537 3039 ad
2569 2984 2765 3057 ipsum
2788 2986 3213 3041 monasterium
3237 2986 3295 3042 in
3316 3004 3671 3059 quocunque
3694 3004 3789 3043 ne-

2120 3070 2277 3142 gotio
2304 3071 2614 3137 concessit,
2640 3088 2775 3127 cum
2799 3072 3023 3145 Siggeri
3046 3074 3708 3145 prmdiis,Tuseenaneh
3730 3082 3787 3131 et

2121 3159 2370 3231 \Vcngiu
2401 3160 2643 3227 vocatis,
2677 3160 2737 3215 in
2771 3178 2922 3234 pago
2954 3163 3335 3235 Turgeu,sub
3366 3164 3653 3220 comitatu
3686 3166 3785 3220 Pe-

353 3259 453 3326 rit,
483 3258 677 3313 venire
707 3258 779 3313 ad
803 3258 1097 3330 agendum
1119 3262 1469 3329 prmsumat;
1498 3258 1599 3313 sed
1621 3256 1792 3312 liceat
1813 3274 2009 3313 mona-
2040 3246 2083 3313 C
2122 3247 2373 3303 retholdi
2404 3248 2637 3304 comitis
2669 3249 2821 3319 sitis,
2854 3267 3107 3322 quorum
3144 3269 3328 3307 unum
3361 3253 3430 3307 de
3462 3255 3643 3310 rebus
3663 3254 3784 3327 epi-

348 3346 477 3403 chis
506 3346 695 3419 ipsius
726 3345 836 3402 loci
872 3347 1285 3418 cujuscunque
1316 3346 1607 3402 voluerint
1636 3345 1862 3401 ordinis
1882 3362 2009 3418 gra-

348 3436 491 3491 dum
505 3435 823 3508 suscipere,
840 3434 1175 3507 ubicunque
1190 3435 1297 3490 tibi
1318 3435 1552 3508 tuisque
1567 3435 2006 3492 successoribus

348 3524 651 3597 placuerit.
688 3525 941 3580 Abbates
985 3541 1241 3597 namque
1270 3524 1369 3597 qui
1401 3525 1780 3580 consecrandi
1812 3528 2006 3592 erunt,

347 3611 420 3667 de
444 3611 578 3683 ipsa
604 3610 1054 3684 congregatione
1086 3628 1221 3666 cum
1268 3610 1514 3667 consilio
1560 3613 1809 3667 fratrum
1842 3629 2007 3668 com—

347 3698 608 3753 muniter
632 3697 943 3771 eligantur,
976 3703 1033 3754 et
1063 3700 1135 3754 ad
1168 3716 1266 3755 eos
1298 3700 1760 3755 consecrandum
1802 3717 2007 3773 quem-

348 3803 579 3859 cunque
608 3786 897 3843 voluerint
926 3787 1269 3860 episcopum
1303 3788 2009 3861 advocent.Quascunque

344 3893 478 3932 vero
508 3881 695 3931 terras
725 3893 884 3932 nunc
916 3881 1100 3944 tenes,
1136 3882 1193 3934 et
1223 3895 1371 3950 quas
1402 3882 1467 3932 tu
1517 3878 1722 3950 tuique
1772 3896 2006 3935 succes-

347 3982 511 4021 sores
542 3965 844 4037 acquirere
870 3967 1202 4037 potueritis,
1230 3967 1289 4021 in
1321 3972 1673 4039 perpetuum
1702 3968 2006 4040 possiden-

347 4054 454 4109 das
485 4053 861 4110 concedimus
891 4054 1074 4110 vobis.
1103 4054 1164 4110 Si
1192 4055 1327 4127 quis
1358 4061 1556 4111 autem
1579 4057 1889 4113 temerario
1912 4074 2011 4113 au-

348 4159 419 4197 su
447 4142 627 4213 (quod
659 4143 783 4202 ﬁeri
818 4159 934 4198 non
967 4144 1286 4216 credimus)
1319 4150 1522 4200 contra
1563 4144 1744 4217 hujus
1794 4150 2006 4202 nostra:

348 4229 681 4303 apostolica:
713 4231 1178 4287 conﬁrmationis
1218 4232 1430 4288 seriem
1476 4234 1674 4289 venire
1704 4239 1808 4290 aut
1838 4252 2008 4308 agere

348 4319 677 4388 tentaverit,
705 4320 853 4376 sciat
876 4338 937 4378 se
959 4320 1191 4377 Domini
1216 4322 1403 4377 nostri
1431 4322 1828 4395 apostolorum
1854 4324 2007 4396 prin-

348 4408 497 4480 cipis
514 4408 665 4464 Petri
686 4410 1088 4466 anathematis
1107 4410 1339 4468 vinculo
1361 4412 1849 4480 innodandum,et
1872 4431 2006 4470 cum

348 4497 579 4555 diabolo
592 4499 836 4572 ejusque
848 4499 1685 4573 atrocissimispompis,atque
1697 4519 1832 4559 cum
1854 4504 2009 4560 Juda

2118 3335 2301 3409 scopii
2331 3354 2436 3409 per
2463 3337 2807 3410 episcopum
2842 3338 3278 3409 Gebehardum,
3313 3340 3475 3397 aliud
3518 3344 3593 3399 de
3622 3344 3786 3416 ejus-

2118 3426 2253 3481 dem
2285 3426 2623 3482 monasterii
2647 3428 2821 3484 rebus
2844 3445 2947 3501 per
2968 3429 3313 3500 praedictum
3335 3431 3610 3488 abbatem
3636 3433 3788 3489 Peri-

2118 3514 2360 3570 cherum
2379 3516 2736 3586 acquisitum
2754 3523 2863 3585 est,
2877 3517 2967 3572 vel
2982 3519 3375 3592 quodcunque
3399 3537 3501 3593 per
3519 3519 3784 3593 aliquem

2119 3604 2436 3660 Dominum
2466 3604 2804 3661 timentium
2836 3607 2909 3662 ad
2944 3608 3217 3665 eumdem
3241 3606 3404 3680 pium
3430 3608 3629 3665 locum
3652 3627 3787 3666 con-

2119 3693 2447 3749 cedendum
2479 3699 2695 3763 cst,aut
2726 3712 3073 3753 concessum
3098 3699 3225 3769 jam
3254 3698 3434 3765 venit,
3457 3699 3783 3770 apostolica

2119 3781 2272 3838 beati
2307 3783 2456 3838 Petri
2491 3784 2829 3840 defensione
2859 3802 2925 3841 ac
2957 3785 3204 3843 tuitione
3236 3787 3564 3844 stabilitum
3596 3794 3657 3845 et
3687 3790 3777 3845 in-

2119 3889 2474 3928 concussum
2525 3873 2637 3929 sub
2689 3874 2908 3930 Christi
2960 3876 3296 3932 testimonio
3345 3884 3689 3950 permaneat
3727 3885 3780 3934 et

2118 3962 2417 4035 persistat.
2452 3962 2571 4018 Hoc
2600 3962 2779 4019 etiam
2803 3964 2929 4035 jam
2964 3964 3285 4038 apostolica
3315 3965 3607 4039 jussione,
3645 3985 3777 4023 cum

2119 4068 2411 4107 consensu
2445 4051 2603 4107 tertii
2626 4051 2854 4108 Ottouis
2875 4053 3246 4126 imperatoris
3268 4055 3516 4128 Augusti
3539 4061 3598 4112 et
3619 4058 3782 4113 Lam-

2119 4141 2270 4213 perti
2302 4140 2627 4212 supradicti
2660 4141 2941 4215 episcopi,
2966 4142 3068 4215 qui
3100 4143 3221 4198 haec
3252 4142 3378 4199 fieri
3408 4153 3778 4216 rogaverunt,

2119 4229 2358 4285 omnino
2392 4229 2825 4300 interdicimus,
2860 4249 2933 4288 ne
2962 4234 3109 4289 forte
3131 4231 3343 4304 aliquis
3367 4232 3559 4289 eidem
3584 4251 3781 4289 mona-

2118 4320 2296 4375 sterio
2329 4320 2686 4392 prteligatur,
2713 4320 2827 4376 nisi
2851 4338 3027 4393 quem
3049 4322 3381 4378 communis
3402 4322 3652 4378 fratrum
3676 4325 3779 4380 ibi-

2120 4409 2253 4465 dem
2285 4410 2400 4465 Deo
2432 4409 2813 4466 servientium
2840 4410 3150 4467 concordia
3194 4408 3405 4483 eligat;
3429 4412 3502 4467 ad
3553 4413 3777 4484 episeo-

2118 4516 2261 4571 pum
2291 4516 2424 4557 vero
2455 4516 2590 4555 eum
2620 4499 2721 4571 qui
2753 4499 2833 4556 ita
2864 4499 3084 4556 electus
3110 4505 3217 4568 est,
3252 4500 3514 4556 stabilire
3544 4507 3775 4557 tantum

347 4586 626 4644 traditore
674 4588 908 4644 Domini
939 4594 996 4645 et
1026 4588 1344 4645 Salvatoris
1391 4591 1577 4646 nostri
1606 4591 1749 4647 Jesu
1789 4592 2005 4649 Christi
2036 4620 2084 4685 D
2118 4588 2426 4661 pertineat.
2465 4589 2526 4644 Id
2555 4587 2752 4660 ipsum
2786 4589 2961 4645 etiam
2994 4590 3065 4646 de
3097 4589 3357 4646 advocati
3381 4588 3664 4645 electione
3687 4591 3779 4645 de-

352 4675 413 4731 in
444 4681 727 4734 mternum
761 4679 958 4751 ignem
988 4679 1811 4753 concremandum,simulque
1831 4680 1890 4736 in
1913 4699 2005 4738 vo-

350 4765 613 4837 raginem
642 4771 1049 4840 tartarumun
1075 4768 1272 4837 chaos,
1289 4769 1625 4825 demersum
1649 4787 1784 4825 cum
1807 4771 2008 4844 impiis

351 4853 763 4911 deiiciendum.
798 4856 904 4922 Qui
938 4875 1069 4913 vero
1120 4863 1317 4913 custos
1366 4863 1423 4913 et
1461 4859 1798 4914 observator
1827 4859 2008 4933 hujus

352 4941 535 4996 nostri
571 4942 854 5016 privilegii
883 4946 1187 5014 exstiterit,
1221 4946 1646 5003 benedictionis
1677 4948 1926 5021 gratiam
1951 4956 2009 5006 et

352 5029 530 5088 vitam
564 5046 597 5086 a
626 5030 873 5088 Domino
905 5040 1183 5091 internum
1215 5041 1625 5108 consequatur.
1655 5039 1860 5095 Amen.

1107 5141 1248 5197 ΧΧῙ.

354 5240 624 5281 GREGORII
666 5243 822 5282 ΡΔΡᾸΞ
858 5245 893 5282 ν
923 5245 1104 5285 BULLA
1145 5247 1255 5287 PRO
1294 5247 1721 5288 CONFIRMANDIS
1759 5251 2006 5292 JURIBUS

425 5314 772 5352 MONASTERH
811 5316 881 5352 DE
920 5317 1398 5358 PETTERSIIAUSEM
1428 5321 1500 5358 AD
1532 5321 1712 5360 RIPAM
1739 5322 1914 5362 RHENI
1948 5324 2007 5363 IN

426 5384 674 5424 DlOECESI
712 5386 1179 5427 CONSTANTIENSI.

986 5459 1171 5531 (Anno
1216 5461 1372 5533 999.)

427 5564 490 5621 In
521 5564 759 5621 nomine
790 5569 1005 5621 sanctae
1028 5571 1085 5621 et
1106 5565 1418 5623 individua:
1442 5568 2006 5640 Trinitatis,Gneeo-

354 5669 510 5728 mus,
542 5653 645 5732 qui
675 5658 733 5716 et
764 5655 987 5731 Basso,
1014 5659 1227 5716 sanctae
1257 5655 1553 5718 catholicae
1585 5662 1642 5717 et
1674 5660 2004 5738 apostolica:

2117 4678 2433 4733 cernimus.
2453 4677 2644 4734 Electo
2677 4683 2873 4733 autem
2897 4678 3095 4734 abbati
3142 4677 3234 4734 vel
3279 4679 3639 4735 monasterio
3670 4680 3775 4735 ad—

2118 4771 2319 4822 vocato
2350 4783 2501 4822 curm
2534 4768 2611 4822 sit
2641 4784 2732 4822 res
2763 4767 3101 4822 monasterii
3125 4783 3349 4833 curare,
3373 4784 3588 4838 easque
3611 4767 3781 4823 dissi-

2119 4855 2399 4927 pantibus
2430 4855 2720 4912 resistere.
2756 4855 2816 4912 Si
2846 4856 2979 4928 quis
3010 4856 3416 4927 interea,quod
3439 4872 3555 4910 non
3589 4856 3776 4912 credi-

2120 4962 2274 5013 mus,
2310 4944 2618 5000 temerario
2648 4962 2798 5000 ausu
2830 4950 3034 5000 contra
3063 4961 3129 4999 ea
3161 4962 3287 5016 qua:
3317 4943 3390 4999 ab
3422 4942 3531 4999 hac
3579 4948 3779 4998 nostra

2119 5033 2467 5090 auctoritate
2498 5034 2591 5105 pie
2623 5050 2689 5089 ac
2722 5033 2971 5089 firmiter
3001 5051 3104 5105 per
3124 5033 3234 5089 hoc
3256 5037 3523 5089 nostrum
3551 5033 3781 5105 privile-

2117 5123 2282 5197 gium
2315 5123 2601 5196 disposita
2631 5127 2790 5190 sunt,
2826 5123 3134 5191 contraire,
3166 5121 3254 5178 vel
3280 5121 3372 5178 his
3403 5138 3530 5194 qua:
3554 5139 3588 5177 a
3611 5122 3780 5179 nobis

2119 5215 2191 5270 ad
2225 5213 2460 5270 laudem
2493 5211 2594 5269 Dei
2629 5229 2731 5284 pro
2763 5211 3081 5267 stabilitate
3104 5212 3230 5282 jam
3264 5209 3403 5265 dicti
3434 5210 3780 5267 monasterii

2119 5308 2339 5359 statuta
2368 5306 2528 5371 sunt,
2564 5301 2843 5373 refragari
2877 5305 2978 5357 aut
3006 5300 3066 5355 in
3099 5316 3399 5372 quoquam
3442 5299 3777 5372 transgredi

2118 5392 2446 5460 tentaverit,
2481 5390 2629 5448 sciat
2655 5407 2718 5447 se
2748 5407 2817 5446 ex
2849 5390 3194 5447 auctoritate
3225 5389 3288 5444 B.
3310 5388 3461 5444 Petri
3492 5389 3778 5461 principis

2119 5481 2539 5554 apostolorum,
2563 5481 2733 5552 cujus
2753 5478 2840 5535 vel
2866 5478 3146 5535 immeriti
3169 5477 3355 5535 vicem
3379 5478 3776 5550 agimus,ana-

2118 5571 2395 5628 thematis
2425 5568 2656 5626 vinculo
2688 5569 3056 5638 innodatum,
3090 5574 3146 5625 et
3175 5584 3311 5625 cum
3345 5565 3774 5641 diaboloatque

2116 5661 2271 5724 Juda
2289 5659 2573 5725 traditore
2595 5656 2810 5719 Christi
2831 5657 3060 5744 aeternis
3083 5654 3368 5721 incendiis
3392 5672 3771 5738 concremati:
