3900 6374
138 466 247 527 93⁸7

1318 462 1725 525 EPISTOLZE
1766 461 1871 522 ET
1913 462 2362 526 PRIVILEGIA
2378 511 2391 525 .

3428 438 3561 531 es

140 598 296 651 dum.
322 597 395 651 At
423 612 559 651 vero
591 595 692 667 qui
724 596 819 668 pio
853 596 1071 651 intuitu
1104 597 1442 651 observator
1470 598 1679 649 nostra:
1705 610 1790 647 sa-
1820 593 1875 659 Α
1904 594 2130 663 stituta,
2165 597 2473 652 annuatim
2535 598 2875 669 pensionem
2934 598 3207 655 solvendo
3257 598 3430 656 liceat
3458 616 3561 663 vos

140 684 374 740 lutiferaa
412 684 823 757 prmceptionis
865 683 1172 751 exstiterit,
1210 683 1632 739 benedictionis
1664 694 1803 753 gra-

139 773 278 830 tiam
302 773 515 844 ajusto
529 772 883 828 retributore
905 772 1153 827 Domino
1178 772 1579 843 multipliciter
1598 788 1800 826 conse-

138 865 365 933 quatur,
398 864 456 915 et
474 860 602 915 vitea
640 864 866 917 aeterna:
906 861 1202 933 particeps
1236 860 1387 917 effici
1420 864 1717 915 mereatur
1741 860 1799 914 in

138 948 344 1006 szecula
373 948 755 1005 saeculorum.
789 951 995 1005 Amen.

881 1056 1049 1112 XXII.

138 1146 411 1201 GREGORII
466 1164 628 1201 9AM:
665 1164 701 1202 v
742 1164 1009 1272 EP{STOI.A
1031 1163 1470 1284 §)D)MARTINUM
1511 1160 1796 1201 ΑιιΒΑτελι.

774 1222 813 1284 (ι
849 1236 963 1272 uno
994 1222 1028 1271 ‘J
1072 1256 1083 1270 .
1108 1259 1121 1270 .

774 1222 963 1286 (Anno
994 1222 1121 1271 999.

136 1306 386 1375 (Histoire
433 1306 509 1361 du
558 1306 896 1376 Langucdoc,
934 1308 1075 1360 tom.
1112 1306 1154 1372 Ι,
1186 1322 1434 1375 prcuvcs,
1480 1321 1612 1376 pag.
1652 1302 1796 1374 155.)

205 1395 540 1449 Gaacoaws
563 1394 873 1466 episcopus
896 1411 1096 1449 servus
1121 1411 1420 1448 servorum
1445 1392 1799 1459 Dei,charis-

139 1484 282 1539 simo
305 1482 423 1538 filio
447 1483 716 1538 Mxn'rmo
739 1481 1209 1538 reverentissimo
1233 1482 1429 1537 abbati
1449 1479 1797 1536 venerabilis

138 1571 474 1628 monasterii
498 1572 686 1627 sancti
709 1572 949 1626 Andreae
973 1570 1242 1642 apostoli,
1259 1575 1316 1626 ct
1338 1570 1526 1625 sancti
1551 1569 1798 1624 Michae-

140 1659 210 1716 lis
231 1660 589 1734 archangeli,
609 1664 665 1716 et
686 1660 840 1716 beati
863 1660 1100 1715 Martini
1132 1658 1506 1727 confessoris,
1531 1659 1685 1730 quod
1708 1661 1797 1713 est

137 1750 443 1805 fundatum
474 1749 535 1805 in
568 1750 872 1804 cacumine
904 1750 1123 1805 montis
1154 1748 1254 1820 qui
1290 1752 1664 1819 nuncupatur
1688 1748 1798 1801 An-

138 1838 516 1911 daoni,super
536 1838 779 1893 ﬂuvium
802 1837 1341 1909 Rhodani,ejusque
1354 1834 1795 1892 succcssoribds

138 1926 449 2024 abbatibus
480 1927 538 1982 in
570 1931 964 2024 perpetuumz.
1102 2014 1137 2024 ῃ
1230 2014 1240 2024 .
1343 2015 1351 2024 _
1598 2014 1607 2023 υ
1685 2012 1698 2024 ἱ
1792 1960 1869 2024 *Β

203 2015 344 2070 Cum
393 2032 671 2071 summus
720 2014 1051 2087 apostolicze
1084 2014 1388 2085 dignitatis
1420 2030 1563 2085 apex
1596 2014 1652 2066 in
1685 2012 1793 2067 hoc

136 2102 310 2169 divini
350 2103 695 2160 certaminis
727 2103 913 2159 nitore
944 2104 1311 2175 dignoscitur
1340 2102 1697 2174 prael'ulgere,
1729 2105 1794 2156 ut

116 2191 191 2245 ‘in
221 2193 563 2248 exercendis
594 2192 694 2248 Dei
729 2192 1002 2247 laudibus
1036 2192 1147 2247 sibi
1187 2191 1513 2263 impensius
1560 2192 1793 2245 studeat

119 2278 345 2337 'lahoris
368 2281 643 2335 exhibere
670 2286 964 2336 certamen
993 2299 1006 2348 ;
1032 2281 1104 2335 ob
1138 2280 1247 2335 hoc
1278 2280 1474 2335 debita
1497 2297 1602 2334 nos
1632 2281 1793 2351 ejus-

120 2370 261 2425 ‘dem
294 2369 630 2443 apostolica:
681 2368 992 2441 pastoralis
1040 2369 1329 2441 compulsi
1380 2369 1794 2424 sollicitudinis

135 2474 290 2528 cura,
322 2474 577 2532 qumque
609 2458 679 2513 ad
713 2458 1092 2513 stabilitatem
1124 2459 1356 2529 piorum
1388 2459 1679 2529 pertinere
1711 2458 1794 2511 di-

139 2564 393 2619 gnoscun
405 2553 503 2602 tur
524 2546 784 2602 locorum
808 2547 1061 2602 ubertim
1093 2547 1462 2619 promulgare
1484 2551 1539 2601 et
1568 2550 1794 2617 aposto-

139 2635 255 2692 lica:
285 2636 680 2692 institutionis
734 2652 985 2692 censura
1042 2638 1408 2691 confirmare.
1448 2636 1630 2707 Igitur
1654 2635 1793 2707 quia

138 2726 361 2797 petistis
379 2744 412 2781 a
432 2725 627 2792 nobis,
649 2730 947 2797 quatenus
972 2727 1424 2781 concederemus
1448 2724 1565 2779 sive
1588 2725 1794 2779 conﬁr-

139 2831 429 2871 maremus
458 2819 572 2869 tua:
594 2813 957 2887 religiositati
991 2814 1333 2887 prtedictum
1369 2814 1789 2869 monasterium

124 2905 317 2960 'sancti
358 2905 606 2959 Andreae
638 2904 907 2975 apostoli,
942 2904 1129 2959 sancti
1163 2904 1483 2971 Michaelis,
1517 2909 1572 2957 et
1603 2903 1790 2958 sancti

128 2986 384 3062 Martini,
420 2999 490 3049 ut
518 2994 613 3049 his
644 2995 834 3049 tribus
864 2994 1126 3051 ecclesiis
1166 3011 1349 3048 unum
1388 3011 1625 3065 semper
1663 3009 1791 3065 per-

140 3081 302 3137 sistat
332 3080 783 3137 monasterium.
817 3082 963 3136 Cum
998 3082 1121 3154 ipso
1155 3087 1353 3137 monte
1384 3082 1441 3137 in
1473 3081 1699 3153 integro
1733 3080 1791 3135 in

140 3182 248 3241 quo
270 3172 492 3226 adsunt
534 3170 670 3241 ipsa:
703 3169 959 3225 ecclesiae
993 3188 1126 3225 cum
1159 3171 1436 3226 omnibus
1468 3170 1617 3225 infra
1648 3188 1709 3224 se
1738 3174 1795 3225 et

138 3258 283 3315 circa
303 3277 363 3315 se
385 3259 699 3315 baben.....
723 3276 858 3313 cum
890 3260 1184 3327 domibus,
1217 3259 1371 3313 villis
1394 3259 1472 3314 ibi
1497 3265 1553 3313 et
1578 3259 1791 3331 ubique

140 3363 265 3402 cum
288 3348 568 3403 omnibus
602 3348 776 3402 rebus
808 3352 864 3403 et
890 3348 1239 3403 substantiis
1272 3348 1588 3402 mobilibus
1611 3352 1667 3403 et
1690 3328 1792 3401 im-
1820 3328 1865 3396 C

128 3437 451 3493 mobilibus
482 3453 549 3492 ac
582 3453 827 3508 seseque
858 3438 1169 3502 moventia,
1204 3441 1726 3509 quantumcunque
1759 3454 1792 3491 a

141 3526 226 3581 die
248 3526 611 3582 fundationis
643 3543 830 3597 usque
864 3544 1017 3581 nunc
1051 3527 1129 3581 ibi
1164 3544 1439 3582 concessa
1470 3526 1554 3583 vel
1584 3526 1795 3599 largita

140 3615 525 3672 sunt.Vcrum
548 3616 742 3686 ctjam
776 3618 831 3670 et
862 3632 1048 3687 usque
1082 3615 1141 3669 in
1175 3617 1441 3670 futurum
1474 3633 1576 3687 per
1596 3632 1795 3688 quem-

135 3703 217 3759 vis
238 3706 477 3760 modum
504 3704 585 3758 ibi
609 3704 931 3773 advenerit,
955 3722 1061 3760 nos
1093 3703 1418 3776 apostolica
1447 3705 1793 3759 auctoritate

136 3791 372 3857 firmiter
399 3799 457 3851 et
489 3792 782 3849 stabiliter
823 3793 931 3848 hoc
982 3793 1404 3848 monasterium
1435 3794 1543 3848 sub
1574 3797 1794 3866 protec-

136 3880 284 3938 tione
304 3881 537 3938 abbatis
562 3881 859 3954 perpetuis
894 3882 1254 3954 temporibus
1276 3881 1647 3953 przecipimns
1672 3899 1793 3955 per-
1856 3954 1859 3957 _

133 3982 360 4027 manere
392 3972 623 4043 absque
653 3968 971 4040 cujuslibet
999 3970 1424 4025 contestatione
1448 3970 1532 4025 vel
1555 3970 1795 4042 impedi-

130 4058 341 4114 inento.
360 4059 627 4129 Denique
658 4058 835 4113 etiam
870 4059 1293 4114 confirmamus
1312 4065 1376 4113 ut
1404 4060 1793 4131 undecunque

135 4151 493 4203 mortuorum
513 4163 760 4219 corpora
784 4147 1098 4202 masculini
1122 4165 1293 4203 sexus
1320 4147 1403 4204 vel
1428 4148 1693 4203 feminini
1712 4147 1795 4203 ibi

136 4250 191 4290 se
208 4235 440 4309 sepeliri
471 4237 854 4304 devotaverit,
882 4235 1081 4291 nullus
1114 4237 1446 4309 episcopus,
1482 4241 1583 4291 aut
1615 4254 1793 4292 cano-

135 4323 294 4380 nicus
345 4330 449 4381 aut
504 4325 944 4393 canonicorum,
980 4325 1246 4394 clericus,
1279 4324 1368 4381 vel
1418 4326 1657 4381 vice.....
1692 4326 1791 4382 do-

138 4411 308 4470 minio
338 4412 506 4470 nulla
539 4414 951 4469 contrarietate
999 4414 1233 4469 malitize
1281 4419 1483 4469 contra
1511 4415 1675 4470 vobis
1706 4414 1793 4469 vel

135 4506 328 4559 contra
359 4520 561 4558 servos
595 4502 939 4558 monasterii
983 4508 1268 4559 exerceat.
1303 4503 1453 4558 Loca
1482 4503 1636 4559 enim
1667 4521 1794 4575 qum

1911 680 2231 754 possidere,
2253 688 2308 740 et
2338 701 2405 741 ea
2436 686 2635 741 omnia
2665 687 2775 743 sub
2799 687 2955 757 juris
2986 691 3043 742 et
3074 686 3295 744 ditione
3327 688 3572 746 sanctis-

1911 770 2071 826 sima:
2136 778 2342 828 nostrae
2402 775 2677 830 Romanae
2735 775 3023 843 Ecclesiae,
3056 776 3151 831 cui
3184 777 3300 833 Deo
3332 781 3571 834 auctore

1909 860 2462 928 deservimus,vobis
2480 864 2551 918 ad
2572 865 2892 920 tenendum
2915 864 3314 921 concedimus.
3330 864 3568 937 Scitote,

1910 947 2116 1004 fratres
2147 950 2537 1017 dilectissimi,
2571 956 2706 1008 ante
2736 952 2937 1009 oculos
2977 953 3190 1009 mentis
3220 957 3277 1010 et
3307 953 3568 1027 corporis

1909 1037 2251 1093 traditiones
2284 1038 2617 1109 regularum
2651 1046 3123 1113 paternarum,ut
3154 1042 3564 1114 unusquisque

1909 1124 2183 1195 prmlatus
2216 1127 2458 1196 noverit,
2491 1127 2743 1199 qualiter
2772 1129 2981 1183 debeat
3020 1128 3341 1200 imperasse
3371 1128 3564 1199 subje-

1909 1214 2039 1282 etis,
2067 1214 2279 1268 nedum
2306 1232 2511 1287 aspera
2532 1220 2587 1270 et
2605 1234 2717 1271 non
2741 1217 3059 1289 unicuique
3071 1217 3233 1273 fratri
3252 1217 3561 1291 aptissima

1908 1302 2212 1356 videamur
2242 1302 2485 1375 imponi,
2523 1322 2594 1359 ne
2626 1323 2811 1377 usque
2860 1307 2930 1361 ad
2981 1311 3381 1378 contemptum
3432 1322 3560 1377 pro-

1908 1396 2144 1461 rumpat
2181 1392 2253 1446 de
2295 1392 2641 1465 imperantis
2699 1393 3113 1449 indiscretione
3168 1394 3441 1465 subjecti.
3474 1394 3563 1450 Sit

1908 1496 2163 1551 namque
2178 1481 2481 1536 moderata
2491 1481 2771 1538 vivacitas
2782 1482 2842 1537 in
2854 1481 3373 1551 sollicitudinibus,
3388 1497 3562 1555 supe-

1906 1568 2203 1625 reminens
2224 1570 2282 1624 in
2306 1570 2587 1626 fratribus
2609 1570 3025 1639 strennitas,ut
3044 1571 3187 1627 dum
3219 1570 3566 1644 regulariter

1904 1646 2400 1730 omnisquietudo
2420 1658 2795 1731 integerrime
2820 1660 3136 1728 cenfertur,
3161 1677 3265 1732 per
3293 1659 3565 1718 obedien-

1903 1746 1996 1800 tiae
2021 1745 2235 1801 lineam
2268 1747 2414 1803 bene
2447 1748 2762 1803 servientes
2794 1747 3072 1803 exhibent
3100 1747 3467 1821 temporalia,
3487 1749 3561 1805 ad

1872 1834 2118 1907 gaudia
2173 1834 2426 1891 cmlestis
2470 1837 2672 1907 patriae
2722 1834 3063 1908 perveniant
3100 1836 3480 1908 sempiterna.
3511 1838 3560 1893 Α

1906 1924 2174 1995 praesenti
2207 1924 2553 1979 duodecima
2585 1924 2924 1993 indictione,
2957 1929 3014 1981 et
3041 1941 3228 1997 usque
3258 1924 3318 1980 in
3350 1940 3555 1998 perpe-

1902 2018 2067 2068 tuum
2083 2015 2458 2070 concedimus
2471 2019 2527 2069 et
2539 2014 2959 2070 confirmamus
2971 2014 3135 2070 vobis
3148 2013 3554 2086 supradictum

1903 2104 2325 2159 monasterium
2359 2108 2414 2159 et
2444 2103 2914 2172 montem,siouti
2946 2120 3049 2175 per
3075 2103 3557 2185 commutationis

1904 2192 2167 2247 chartam
2217 2191 2382 2247 vobis
2430 2192 2621 2248 evenit
2669 2194 2741 2248 de
2787 2174 3095 2248 Aldeberto
3127 2180 3184 2248 et
3212 2174 3557 2263 ejusd-fratre

1902 2280 2221 2347 Adalelmo,
2239 2279 2413 2334 simul
2433 2298 2566 2335 cum
2583 2282 2935 2353 conjugibus
2948 2282 3073 2337 suis
3086 2280 3307 2337 scilicet
3321 2279 3560 2338 Leucin—
3631 2294 3643 2303 '

1903 2370 1971 2424 de
1989 2369 2219 2425 nomine
2234 2375 2289 2424 et
2305 2369 2672 2439 Beliilde,seu
2690 2371 3059 2437 l‘oncione,et
3070 2370 3245 2427 fratre
3257 2370 3385 2443 ejus
3397 2356 3561 2427 Com-

1904 2460 2087 2525 berto,
2120 2457 2296 2514 simul
2329 2476 2464 2513 cum
2513 2457 2888 2532 conjugibus.
2920 2459 3203 2516 Adalinde
3252 2458 3476 2539 scilicet
3504 2446 3561 2515 et

1903 2547 2070 2615 Unia,
2108 2566 2212 2603 nec
2243 2565 2358 2603 non
2392 2548 2737 2620 Berengario
2792 2549 3127 2621 presbytero
3185 2547 3365 2604 simul
3423 2564 3560 2604 cum

1904 2638 2181 2692 fratribus
2214 2638 2446 2692 duobus
2480 2638 2694 2692 Perone
2725 2638 2996 2693 videlicet
3025 2642 3082 2692 et
3112 2626 3368 2706 Nectale,
3403 2637 3557 2693 Dab-

1902 2726 2229 2781 batoctiam
2255 2744 2390 2781 cum
2414 2727 2604 2781 tribus
2630 2726 2764 2780 filiis
2793 2726 2918 2781 suis
2935 2726 3029 2780 his
3051 2724 3411 2781 nominibus.
3446 2724 3558 2781 Gh-

1902 2816 2140 2881 riberto,
2167 2815 2539 2881 Silvestro,et
2563 2814 2868 2881 Poncione,
2903 2812 2983 2868 ita
3014 2802 3319 2886 praesentis
3336 2814 3553 2869 confir-

1903 2903 2177 2958 mationis
2216 2901 2515 2975 privilegio
2553 2907 2766 2957 cuncta
2806 2919 3049 2973 quae"...
3083 2903 3437 2973 inconcussa
3462 2919 3556 2975 va-

1900 2992 2017 3048 leat
2038 2992 2355 3063 possidere.
2381 2990 2599 3047 Idcirco
2622 2991 3038 3048 constituimus
3071 3008 3178 3048 nos
3207 2990 3553 3067 auctoritate

1902 3083 2000 3138 Dei
2024 3087 2080 3137 et
2103 3081 2289 3135 sancti
2314 3081 2463 3136 Petri
2497 3080 2741 3152 apostoli
2769 3085 2825 3135 et
2842 3084 3073 3150 nostrae,
3108 3086 3175 3136 ut
3194 3081 3337 3136 dum
3368 3081 3552 3137 abbas

1902 3171 2035 3227 inde
2066 3170 2294 3237 obierit,
2330 3168 2529 3225 nullus
2578 3169 2656 3225 ibi
2710 3169 2880 3249 liccat
2927 3170 3154 3244 ingredi
3203 3171 3408 3234 abbas.
3440 3170 3553 3227 nisi

1903 3261 2039 3316 talis
2071 3260 2172 3331 qui
2206 3260 2321 3315 Deo
2354 3264 2409 3315 et
2439 3260 2669 3315 cunctis
2719 3260 2999 3315 fratribus
3057 3260 3303 3333 placeat,
3334 3265 3395 3317 et
3421 3256 3555 3317 eum

1902 3367 2077 3422 quem
2101 3348 2535 3421 congregationi
2559 3348 2845 3420 placuerit
2867 3349 3087 3421 absque
3110 3354 3346 3422 peccato
3363 3366 3561 3425 cense.

1902 3438 2049 3493 crari
2081 3437 2269 3492 liceat.
2305 3437 2363 3492 Si
2410 3436 2542 3508 quis
2591 3442 2812 3505 autem,
2842 3438 3002 3510 quod
3060 3454 3178 3493 non
3236 3437 3557 3513 credimus,

1902 3526 2330 3599 qualiscunque
2360 3525 2693 3597 episcopus,
2718 3525 2999 3592 max-chio,
3027 3542 3243 3594 comes,
3281 3528 3382 3581 aut
3412 3525 3559 3581 vice-

1894 3610 2118 3681 icomes,
2151 3612 2238 3669 vel
2270 3613 2602 3680 austaldus,
2633 3613 2720 3668 vel
2753 3613 3001 3685 quilibet
3038 3630 3263 3686 magna:
3294 3629 3556 3691 persona

1901 3704 2020 3759 haec
2044 3720 2172 3774 qua:
2198 3719 2299 3774 pro
2330 3701 2431 3757 Dei
2464 3700 2881 3773 omnipotentis
2911 3718 3108 3757 amore
3138 3702 3558 3779 constituimus

1902 3792 2177 3863 refragari
2210 3795 2311 3846 aut
2338 3790 2395 3844 in
2430 3807 2662 3862 quoquo
2695 3791 3140 3862 transgredi.....
3172 3790 3321 3846 sciat
3350 3807 3413 3869 se
3444 3790 3555 3846 sub

1902 3880 2078 3936 divini
2094 3878 2303 3953 jndicii
2320 3878 2704 3939 obtestatione
2729 3882 2785 3933 et
2805 3879 3197 3935 anathematis
3218 3877 3454 3957 vincula
3473 3878 3559 3955 in-

1904 3971 2269 4035 nodatum,et
2290 3986 2324 4023 a
2346 3985 2523 4040 regno
2545 3968 2647 4023 Dei
2672 3967 3135 4037 alienandum,et
3154 3985 3289 4024 cum
3321 3967 3555 4045 diabolo

1903 4058 2028 4114 sine
2056 4060 2167 4113 fine
2191 4057 2597 4113 cruciandum.
2631 4058 2739 4123 Qui
2779 4074 2912 4113 vero
2950 4057 3082 4130 pius
3113 4057 3432 4133 adjutor’et
3461 4056 3558 4112 ob-

1903 4152 2162 4203 servator
2182 4147 2361 4218 hujus
2386 4152 2594 4202 nostra:
2619 4146 3025 4219 praeceptionis
3046 4146 3356 4216 exstiterit,
3391 4146 3560 4201 bene-

1902 4237 2177 4292 dictionis
2205 4237 2455 4309 gratiam
2485 4253 2519 4291 a
2548 4236 2781 4291 Christo
2813 4237 3062 4292 Domino
3094 4238 3488 4306 consequatur
3503 4240 3560 4290 et

1901 4327 2031 4382 vitae
2065 4331 2291 4381 aeterna:
2314 4325 2606 4397 particeps
2632 4325 2781 4380 effici
2810 4328 3120 4381 mereatur.

1975 4415 2270 4487 Scriptum
2296 4431 2397 4486 per
2417 4430 2660 4468 manum
2693 4413 2988 4468 Benedicti
3022 4410 3313 4491 scriniarii
3341 4408 3559 4468 sanctae

1905 4505 2179 4560 Romana:
2212 4503 2480 4558 Ecclesia:
2513 4501 2571 4557 in
2604 4519 2806 4557 mense
2837 4499 3100 4557 Januarii
3132 4504 3189 4554 et
3238 4496 3559 4557 indictione

136 4588 201 4644 de
225 4590 471 4648 aliorum
500 4591 762 4647 locorum
792 4592 1025 4665 piorum
1060 4608 1309 4647 numero
1345 4609 1459 4646 non
1492 4597 1633 4647 sunt
1664 4609 1793 4647 con-
1824 4590 1872 4658 D
1904 4594 2145 4666 praefata
2175 4590 2541 4648 duodecima.

463 5901 743 5972 PATBOL.
792 5908 1130 5976 CXXXVII.

3178 5916 3261 5988 30
