3900 6414
1767 471 1786 474 ..
1817 471 1822 474 .
1843 471 1862 474 -.
1889 471 1906 474 ..
1927 471 1932 474 .
1975 470 2052 474 __
2073 471 2116 474 _.
2135 434 2296 474 ____‘____
2317 471 2350 474 _.
2372 471 2436 474 __
2469 462 3777 474 ________.____

329 462 3777 491 W

1509 661 1684 708 (ΗΒΕΑ
1728 659 1940 708 ΑΝΝΟΠ
1984 659 2197 708 ΒΟΗΙΝΙ
2242 660 2579 707 DCCCCXCIX

1045 879 3052 1111 HROTSUITHA

439 1261 681 1325 VIRGO
724 1261 826 1321 ET
872 1256 1244 1322 MONIALIS
1291 1253 2090 1318 GANDERSHEIMENSIS
2139 1255 2218 1314 IN
2264 1254 2701 1328 GERMANIA,
2747 1254 3067 1316 OﬂDlNIS
3112 1254 3177 1315 S.
3222 1254 3655 1316 BENEDICTI

934 1615 1404 1703 NOTITIA
1462 1613 2083 1735 HISTOBICA
2138 1613 2256 1701 IN
2313 1611 3176 1703 HROTSUITHAM

1668 1818 1773 1889 (Ex
1812 1817 2122 1877 Meibomio
2155 1816 2431 1888 Seniori.)

1835 1992 2237 2013 *-

403 2155 754 2215 Laurentius
785 2153 1162 2223 Humfredus,
1196 2151 1447 2225 Anglus,
1479 2153 1579 2223 qui
1625 2150 1990 2223 aliquandiu,
2022 2151 2078 2217 Α
2107 2153 2336 2207 tissimis
2375 2151 2586 2223 didicit,
2618 2169 2705 2209 me
2746 2152 3040 2209 admodum
3082 2152 3337 2208 erudivit.
3373 2151 3503 2207 Hinc
3554 2150 3666 2207 ibi.
3702 2152 3784 2207 Ex

344 2246 644 2337 religionis
666 2244 931 2312 causa,in
958 2242 1271 2298 Germania
1300 2240 1602 2308 exsulavit,
1640 2239 1987 2307 Roswitham,

230 2324 240 2331 ’
334 2324 643 2408 poetriam,
677 2331 879 2404 patria:
911 2348 1029 2386 suae
1066 2330 1363 2386 vindicare
1395 2328 1626 2401 satagit.
1662 2327 1803 2384 Vult
1833 2327 1991 2383 enim

334 2423 519 2479 fuisse
568 2421 752 2476 ﬁliam
812 2418 1096 2487 Hedcrici,
1131 2418 1286 2491 regis
1335 2417 1888 2485 Northumbrorum,
1925 2433 1993 2472 ex

331 2510 656 2585 Bregsinda
674 2526 872 2576 uxore,
888 2507 1001 2564 alio
1023 2508 1262 2564 nomine
1285 2512 1551 2563 vocatam
1576 2506 1829 2573 Hildam,
1864 2522 1991 2577 quae

332 2600 396 2656 in
427 2599 710 2655 ccenobiis
758 2598 1072 2653 Britanniae
1103 2602 1161 2653 et
1189 2596 1387 2653 Galliae
1435 2613 1623 2652 annos
1652 2600 1769 2651 tres
1802 2600 1857 2650 et
1884 2596 1994 2650 tri-

333 2689 500 2767 ginta
530 2688 838 2761 peregerit,
872 2687 1092 2742 femina
1148 2685 1480 2741 clarissima
1527 2690 1583 2740 et
1627 2684 1990 2740 doctissima.

334 2777 553 2833 Verum
584 2776 949 2848 temporibus
981 2775 1293 2846 decipitur,
1324 2779 1620 2846 testesque
1679 2772 1826 2829 alias
1858 2777 1997 2829 sunt

338 2867 621 2940 Georgius
684 2864 1005 2933 Fabricius,
1067 2863 1373 2936 Originum
1434 2864 1624 2919 Saxon
1684 2862 1788 2918 lib.
1838 2879 1899 2930 ιι,
1941 2866 1999 2918 et

339 2954 625 3010 Henricus
647 2955 827 3023 Bede,
850 2954 1064 3009 Chron.
1098 2952 1421 3008 Gandersh.
1457 2969 1593 3021 ms.,
1630 2952 1997 3007 Roswitham

341 3044 609 3100 Saxonici
642 3042 875 3116 generis
896 3041 1154 3113 puellam
1178 3041 1539 3096 fuisse.Sunt
1568 3038 1668 3110 qui
1699 3056 1828 3094 eam
1860 3055 1996 3092 con-

342 3133 604 3188 fundunt
622 3149 756 3187 cum
781 3130 1106 3195 Roswitlia,
1124 3127 1677 3183 Gandersheimensi
1702 3126 1999 3183 abbatissa

342 3225 555 3293 quarta
572 3218 918 3290 (Bruschius
942 3218 1132 3272 Bedes
1160 3216 1409 3273 Windam
1437 3215 1648 3287 vocat),
1684 3232 1810 3286 qua:
1842 3214 2008 3269 Chri-

341 3309 510 3365 stinaa
542 3308 750 3375 tertia),
782 3306 1112 3362 fundatoris
1161 3304 1385 3360 Ludolfi
1436 3302 1589 3370 filiae,
1624 3303 1683 3357 in
1715 3302 1999 3375 regimine

340 3397 681 3454 monasterii
734 3394 1040 3462 successit,
1072 3395 1171 3449 sed
1205 3398 1262 3449 et
1288 3393 1348 3448 hi
1377 3392 1743 3465 temporibus
1786 3391 1998 3447 fallun-

339 3491 459 3543 tur.
492 3486 577 3555 De‘
604 3484 914 3541 Roswitha
956 3483 1259 3539 abbatissa
1302 3481 1629 3537 Chronicon
1660 3480 1905 3536 cmnobii
1938 3482 1996 3537 S.

339 3574 642 3633 Michaelis
664 3574 819 3647 apud
843 3572 1172 3629 Hildessam
1188 3572 1246 3626 in
1260 3572 1418 3627 hunc
1441 3572 1682 3625 modum
1707 3569 1996 3642 loquitur:

345 3664 665 3732 Walbertus,
696 3665 957 3736 septimus
1009 3663 1288 3733 episcopus
1346 3659 1845 3727 Hildesheimensis,
1884 3668 2005 3731 post

335 3750 1276 3824 Christinam,Gandersheimensem
1306 3748 1637 3805 abbatissam
1666 3748 1997 3819 defunctam,

336 3842 666 3900 Roswitham
695 3842 898 3898 ibidem
929 3842 991 3896 in
1020 3840 1270 3896 rehimen
1295 3840 1613 3905 intromisit,
1638 3854 1759 3909 qua:
1786 3841 2000 3895 cmteris

337 3932 688 3991 excellentior
721 3932 781 3986 in
813 3931 987 4001 logica
1015 3936 1067 3985 et
1093 3928 1363 3984 rhetorica
1392 3928 1620 3993 exstitit,
1644 3934 1704 3981 ut
1721 3928 1837 3998 ejus
1869 3926 2003 3981 libri

338 4030 390 4077 et
412 4023 687 4094 scriptura
714 4026 980 4077 testantur
1009 4038 1027 4085 ;
1053 4017 1353 4088 composuit
1407 4031 1644 4087 namque
1685 4014 1889 4070 librum
1918 4016 2000 4070 lo-

339 4111 480 4182 gica?
507 4108 665 4166 valde
696 4109 987 4177 insignem.
1024 4105 1103 4160 De
1134 4105 1339 4159 eadem
1391 4102 1668 4158 Nicolaus
1698 4102 1999 4159 Selnecce-

341 4214 465 4268 rus,
490 4195 819 4269 theologus,
845 4193 1198 4267 Pmdagogiaz
1240 4196 1403 4262 parte
1429 4209 1466 4259 ι,
1491 4191 1663 4246 titulo
1684 4192 1758 4247 De
1788 4195 1996 4259 usuris,

339 4284 464 4342 hinc
494 4285 701 4342 scribit
729 4301 742 4339 :
774 4285 850 4341 De
878 4282 1151 4339 Roswitha
1194 4280 1486 4348 abbatissa,
1520 4281 1641 4351 ﬁlia
1672 4283 1816 4351 regis
1849 4281 1996 4338 Gree-

339 4378 464 4447 ciaz,
491 4382 553 4431 ut
578 4376 776 4447 fertur,
809 4372 1017 4428 dicitur
1063 4370 1203 4443 quod
1252 4369 1467 4425 diabolo
1505 4368 1840 4437 schedulam,
1892 4387 2000 4443 qua

334 4481 475 4538 puer
527 4463 753 4537 quidam
802 4463 1073 4534 sanguine
1129 4476 1227 4515 suo
1255 4462 1457 4531 scripta
1482 4476 1538 4514 se
1562 4461 1615 4516 ei
1644 4459 1994 4530 obligavcrat,

337 4556 649 4613 extorserit.
682 4552 894 4609 Nostra
921 4549 1162 4622 poetria,
1182 4547 1576 4615 Roswitha,in
1609 4548 1998 4604 Gandershei-

337 4644 525 4702 mensi
557 4641 820 4700 emnobio
870 4639 1146 4696 instituta
1177 4643 1265 4693 est
1296 4638 1367 4692 ab
1400 4637 1811 4705 adolescentia,
1842 4638 1993 4708 quod

335 4733 672 4805 praefatione
698 4732 758 4786 in
788 4729 1097 4785 historiam
1147 4728 1325 4782 beatae
1370 4727 1615 4799 virginis
1646 4726 1839 4781 Maria:
1871 4726 1998 4797 ipsa

334 4824 589 4877 testatur
617 4820 811 4876 verbis
845 4816 1229 4890 sequentibus
1264 4832 1276 4869 :
1318 4815 1483 4880 Unde,
1517 4816 1658 4870 clam
1687 4817 1917 4880 cunctis,
1949 4823 2002 4870 et

334 4911 495 4980 quasi
520 4910 739 4979 furtim,
769 4924 920 4962 nunc
974 4910 1035 4961 in
1081 4904 1465 4976 componendis
1511 4905 1629 4959 sola
1658 4903 1992 4972 desudando,
2027 4886 2069 4952 Ο

331 5013 482 5051 nunc
535 4996 681 5051 male
722 4997 1016 5067 composita
1069 4993 1410 5063 destruendo,
1471 4986 1800 5064 satagebam,
1831 4995 1998 5066 juxta

329 5102 514 5141 meum
546 5100 723 5155 posse,
758 5085 885 5139 licet
937 5086 1171 5138 minime
1226 5085 1618 5147 necessarium,
1650 5083 1892 5153 aliquem
1922 5091 2001 5138 ta-

328 5190 456 5231 men
476 5174 738 5245 conﬁcere
768 5180 975 5227 textum
1004 5188 1074 5226 ea:
1102 5174 1392 5227 sententiis
1420 5172 1995 5244 Seripturarum,quas

331 5264 480 5318 intra
533 5277 721 5317 aream
767 5260 1307 5316 Gandersheimensis
1365 5261 1689 5331 collegeram
1743 5262 1992 5328 ccenobii,
2046 5298 2049 5301 ‹

322 5353 507 5423 primo
526 5351 949 5422 sapientissime:
976 5357 1138 5420 atque
1167 5350 1581 5419 benignissimae
1601 5350 1855 5405 Rikardis
1882 5368 1995 5407 ma-

327 5441 536 5512 gistrw,
569 5439 919 5509 aliarumpue
947 5452 1066 5493 sua:
1104 5439 1240 5493 vicis
1285 5440 1593 5493 instruente
1636 5440 1988 5510 magisterio;

327 5527 523 5585 deinde
545 5542 724 5599 prona
756 5528 970 5598 favente
1027 5526 1335 5581 clementia:
1382 5527 1553 5597 regite
1608 5526 1811 5583 indolis
1862 5527 1988 5584 Ger-

328 5618 529 5689 bergze,
559 5618 715 5689 cujus
734 5631 883 5671 nunc
909 5613 1111 5669 subdor
1140 5614 1384 5669 dominio
1414 5615 1804 5687 abbatim,qu:e
1831 5625 1989 5673 zelate

323 5708 527 5771 minor,
558 5705 672 5771 sed,
703 5713 765 5760 ut
812 5702 1152 5775 imperialem
1210 5702 1425 5757 decebat
1478 5711 1708 5774 neptem,
1756 5708 1987 5761 scientia

318 5798 641 5883 provegtior,
672 5796 881 5877 aliquot
907 5799 1170 5865 auctores,
1207 5807 1337 5869 quos
1365 5794 1485 5866 ipsa
1507 5796 1667 5868 prior
1697 5810 1731 5850 a
1759 5797 1977 5873 sapien-

2101 2240 2319 2312 quibus
2373 2241 2568 2297 verbis
2629 2241 2900 2314 colligere
2960 2241 3113 2309 licet,
3150 2240 3503 2297 Richardam
3555 2240 3780 2313 primo,

2103 2330 2311 2386 deinde
2370 2331 2738 2403 Gerbirgam,
2800 2330 3119 2387 Roswithai
3185 2330 3500 2402 magistras
3563 2330 3779 2394 fuisse,

2103 2420 2321 2491 quibus
2379 2420 2509 2492 ipsa
2551 2437 2685 2476 mox
2725 2420 2784 2474 in
2827 2421 3031 2475 eodem
3092 2435 3335 2475 munere
3392 2418 3777 2475 successerit.

2104 2509 2307 2565 Fuisse
2338 2509 2557 2565 ibidem
2588 2510 2766 2565 etiam
2798 2508 3200 2582 praalectiones
3223 2512 3280 2563 et
3301 2506 3576 2564 exercitia
3610 2507 3779 2562 theo-

2104 2597 2311 2671 logica,
2347 2615 2415 2655 ex
2445 2598 2681 2671 scriptis
2722 2597 3040 2655 Roswithae
3090 2601 3270 2670 patet.
3303 2597 3534 2653 Etenim
3580 2595 3778 2652 multa

2105 2704 2173 2743 ex
2199 2688 2518 2760 Scripturis
2578 2686 2875 2761 eleganter
2931 2688 3169 2760 profert,
3203 2691 3261 2743 et
3318 2687 3377 2741 in
3423 2686 3774 2759 prmfatione

2107 2793 2285 2848 quam
2320 2776 2596 2844 diximus,
2621 2781 2985 2848 protestetur
3015 2794 3076 2832 se
3105 2776 3426 2831 immatura
3457 2775 3569 2830 hac
3617 2776 3785 2829 mtale

2105 2866 2374 2937 quaedam
2405 2882 2474 2920 ex
2505 2864 2852 2937 apocryphis
2884 2865 3287 2936 desumpsisse
3309 2882 3377 2919 ex
3409 2862 3779 2935 ignorantia,

2108 2970 2255 3025 qua},
2312 2952 2448 3007 licet
2501 2952 2680 3008 dubia
2753 2953 2891 3021 sint,
2953 2958 3151 3009 tamen
3210 2953 3346 3008 boni
3407 2951 3779 3008 consulenda

2108 3045 2325 3097 censet.

2180 3127 2596 3184 Nobilissimus
2626 3127 2913 3183 Martinus
2947 3127 3276 3183 Fridericus
3308 3129 3634 3197 Seidelius,
3655 3145 3778 3183 con-

2109 3216 2369 3272 siliarius
2430 3216 3005 3289 Brandenburgicus,
3039 3233 3173 3271 cum
3233 3216 3430 3272 icencs
3479 3222 3538 3273 et
3596 3217 3775 3291 elogia

2108 3306 2365 3361 virorum
2397 3304 2621 3378 aliquot
2651 3305 3079 3378 praestantium,
3114 3306 3213 3378 qui
3266 3304 3527 3361 multum
3565 3305 3777 3363 studiis

2110 3394 2487 3467 consiliisque
2510 3395 2635 3450 suis
2659 3393 2980 3451 Marchiam
2996 3395 3278 3466 juverunt
3302 3393 3774 3458 etillustrarunt,

2110 3483 2490 3557 publicasset,
2526 3483 2643 3539 illis
2675 3483 2997 3539 Hreswidae
3041 3488 3252 3539 nostras
3303 3483 3775 3541 sanctimonialis

2111 3573 2170 3628 in
2194 3572 2617 3629 Gandersheim
2648 3573 2901 3645 effigiem
2920 3572 3479 3645 inscruit,vocatque
3497 3573 3773 3629 Helenam

2111 3679 2145 3719 a
2167 3663 2434 3730 Rossow,
2466 3662 2637 3733 cujus
2660 3660 2874 3716 nobilis
2898 3660 3132 3717 familia:
3150 3661 3439 3733 hodieque
3462 3660 3562 3735 plu
3574 3679 3669 3717 res
3691 3676 3779 3716 su-

2111 3755 2375 3824 persunt.
2410 3751 2501 3820 (H.
2539 3752 2797 3806 MEIBOM.
2829 3750 3093 3819 JUNIOR.)

2182 3842 2371 3913 Opera
2420 3839 2739 3895 Roswithm
2790 3839 3173 3908 Trithemius,
3207 3838 3310 3895 lib.
3345 3839 3425 3895 De
3454 3840 3600 3896 viris
3648 3838 3772 3894 illu-

2112 3931 2332 3986 stribus
2370 3930 2714 3997 Germaniae,
2776 3928 2885 3984 hoc
2944 3929 3148 3985 ordine
3205 3933 3485 3985 recenset.
3520 3927 3770 3991 Rosvida,

2109 4020 2429 4075 monasterii
2456 4018 2995 4074 Gandersheimensis
3028 4021 3088 4073 in
3116 4019 3357 4074 Saxonia
3388 4018 3773 4073 sanctimonia-

2111 4109 2181 4164 lis
2214 4110 2387 4180 virgo,
2423 4107 2648 4175 nobilis,
2707 4106 2921 4162 ordinis
2979 4107 3097 4163 divi
3142 4108 3324 4164 Patris
3380 4106 3684 4173 Benedicti,
3718 4106 3772 4158 in

2109 4198 2317 4254 divinis
2346 4197 2647 4269 Scripturis
2688 4195 2933 4252 studiosa
2961 4205 3011 4251 et
3039 4196 3275 4263 erudita,
3315 4196 3772 4266 sscculariumque

2111 4287 2421 4343 litterarum
2465 4284 2783 4356 disciplinis
2810 4284 2976 4356 probe
3007 4285 3233 4355 imbuta,
3264 4287 3484 4357 ingenio
3500 4290 3769 4357 prwstans

2106 4384 2158 4432 et
2184 4376 2335 4431 clara
2364 4374 2584 4446 eloquio
2610 4389 2709 4429 nec
2734 4376 2921 4429 minus
2952 4376 3357 4431 conversatione
3400 4391 3565 4446 quam
3595 4369 3768 4429 erudi-

2107 4468 2252 4521 tione
2283 4464 2542 4534 insignis,
2576 4463 2800 4533 scrtpsit
2828 4470 2938 4517 tam
2959 4471 3130 4519 metro
3181 4480 3343 4536 qnam
3391 4479 3557 4535 prosa
3602 4459 3765 4516 multa

2104 4553 2379 4625 pra’clara
2416 4551 2700 4622 opuscula,
2735 4551 2932 4623 quibus
2977 4568 3171 4607 sexum
3216 4553 3436 4623 ingenio
3482 4562 3760 4622 superans,

2105 4648 2304 4699 nomen
2351 4658 2514 4696 suum
2561 4656 2687 4695 cum
2717 4642 2928 4711 ingenti
2953 4642 3134 4713 gloria
3163 4643 3472 4697 transmisit
3499 4640 3572 4695 ad
3598 4644 3761 4712 poste-

2105 4749 2214 4787 ros.
2244 4732 2326 4785 Ea:
2356 4730 2441 4785 his
2470 4746 2564 4800 ego
2596 4730 2703 4800 legi
2731 4730 2968 4802 subjecta
3002 4747 3014 4785 :

2108 4830 2185 4885 Ad
2215 4829 2534 4899 Gerbergam
2563 4827 2895 4883 abbatissam
2933 4828 3147 4884 heroico
3207 4832 3451 4884 carmine
3478 4829 3555 4885 De
3588 4829 3693 4884 vita
3719 4828 3763 4899 et

2176 4896 2581 4956 conversatione
2628 4900 2968 4956 intemerata?
3014 4902 3113 4956 Dei
3140 4903 3423 4971 genitricis
3454 4909 3505 4956 et
3536 4896 3759 4970 virginis

2178 4973 2369 5028 Maria?
2400 4972 2604 5026 librum
2634 4988 2829 5026 unum.

2104 5046 2178 5101 De
2206 5046 2529 5099 Ascensione
2552 5043 2775 5099 Domini
2804 5043 2989 5099 eodem
3017 5046 3263 5099 carmine
3294 5044 3351 5098 L.
3384 5044 3429 5100 Ι.

2103 5118 2178 5173 De
2205 5116 2261 5170 S.
2300 5115 2557 5241 Gangolgo
2589 5115 2645 5168 L.
2681 5114 2723 5170 Ι.

2103 5194 2184 5241 De
2213 5203 2461 5241 passione
2535 5227 2546 5239 .
2578 5185 2723 5241 Pelal

2103 5194 2184 5247 De
2208 5181 2461 5260 passione
2490 5181 2546 5241 S.
2578 5185 2796 5260 Pelagii
2845 5189 3132 5259 martyris,
3195 5187 3281 5241 his
3336 5186 3664 5257 temporibus
3704 5181 3754 5235 in

2177 5258 2431 5317 Corduba
2459 5259 2632 5329 passi,
2666 5258 2722 5313 L.
2758 5259 2800 5312 ι.

2101 5333 2363 5458 DeLlapsu
2402 5324 2702 5401 Tlieophili,
2742 5330 2861 5386 Vice
2892 5330 3132 5398 Domini,
3165 5337 3217 5385 et
3261 5331 3379 5402 ejus
3424 5324 3750 5401 pamitentia.

2099 5476 2361 5601 DeLlapsu
2390 5471 2677 5547 cujusdam
2715 5474 2962 5545 juvenis,
2992 5489 3091 5543 per
3120 5472 3177 5528 S.
3213 5472 3489 5527 Basilium
3523 5477 3748 5528 conversi

2098 5619 2171 5673 De
2199 5619 2453 5690 passione
2483 5615 2539 5690 S.
2573 5616 2849 5690 Dionysii,
2913 5618 3152 5690 episcopi
3197 5623 3259 5690 _et
3302 5617 3593 5687 martyris,
3628 5611 3680 5664 L.
3708 5603 3744 5659 1.

2100 5696 2177 5748 De
2200 5688 2459 5762 passione
2490 5688 2548 5741 S.
2581 5688 2802 5758 Agnetie
2824 5690 3063 5758 virginis
3098 5689 3152 5741 L.
3189 5688 3230 5741 I.

2168 5788 2362 5849 Omnia
2386 5786 2655 5865 prwdicta
2711 5787 2954 5866 eleganti
3008 5788 3255 5849 carmine
3310 5787 3527 5848 heroico
3556 5790 3746 5856 cenin
