3900 6360
134 435 250 499 941

1041 437 1144 498 AD
1189 437 1448 500 OPERA
1493 437 2023 499 llRO'l‘SUI'l‘ll/E
2066 438 2676 503 PROLEGOMENA.

3441 443 3560 504 942

135 572 266 627 suit.
295 571 533 643 Scripsit
565 579 832 643 pra'terea
862 587 959 625 sea:
1005 572 1312 639 coma’dias,
1350 574 1559 626 imitata
1606 573 1789 626 Tcren-
1817 573 1872 638 Α
1903 574 2170 628 notitiam
2205 573 2500 629 habuisse.
2545 573 2828 628 Henricus
2869 575 3043 641 Bodo,
3079 573 3406 631 monachus
3426 573 3563 632 Clu-

137 661 296 725 tium,
330 675 568 731 quarum
591 662 780 732 prima
807 661 1130 715 inscribitur
1160 678 1179 714 :

139 749 427 821 Conversio
487 748 760 804 Gallicani
803 751 1092 821 principis,
1143 752 1450 821 passionem
1515 750 1796 804 includens

1907 661 2116 728 sensis,
2149 662 2208 716 in
2239 661 2453 716 Chron.
2487 661 2932 717 Gaudersheim.
2967 680 3104 730 ms.,
3138 661 3410 718 meminit
3431 679 3566 736 pace

1904 752 2067 804 matis
2117 751 2435 805 ltoswithae
2465 750 2530 805 de
2555 751 2878 822 fundatione
2919 752 3242 807 monasterii
3293 750 3560 808 Ganders-

205 819 434 892 Joannts
453 829 505 874 et
533 821 701 892 Pauli
722 819 1052 892 martyrum.

136 890 384 972 Secunda
425 898 506 946 est
551 891 616 946 de
656 890 909 964 passione
959 894 1177 964 Agapis,
1229 893 1477 947 (.‘hioni.'v
1506 901 1555 947 et
1585 893 1797 946 lIirenw

207 965 517 1033 virginum.

143 1035 336 1159 Terga},
369 1035 436 1087 de
467 1037 874 1091 resuscitatione
906 1036 1232 1090 Cttllinuu‘hi
1281 1043 1331 1089 ct
1374 1037 1662 1090 Drusianzr
1701 1051 1797 1105 per

204 1140 220 1156 ι
249 1145 262 1158 .
315 1122 573 1159 oannem.

204 1107 262 1158 S.
283 1107 573 1160 Joannem.

139 1180 378 1251 Quarta,
402 1176 469 1230 de
499 1178 656 1249 lapsu
686 1187 738 1233 et
763 1179 1336 1251 convcrstoneﬂariw,
1362 1181 1537 1248 neptis
1565 1177 1797 1232 Abralue

206 1250 476 1304 ercmiw’.

142 1320 352 1390 Quinta
384 1321 712 1375 inscribitur
737 1324 1014 1376 conversio
1051 1322 1289 1381 'l‘lmizlm,
1323 1321 1612 1373 merctieis.

136 1391 298 1445 Secta
345 1393 654 1462 passionem
705 1397 895 1448 recitat
934 1401 1245 1448 sanctarum
1295 1394 1570 1461 virginum
1621 1390 1790 1456 Fidei,

205 1463 333 1532 Spei
362 1470 415 1517 et
445 1463 760 1518 Charitatis.

205 1533 441 1604 Scripsit
468 1537 635 1588 etiam
662 1536 885 1589 metrice
915 1553 934 1588 :

138 1603 289 1659 Gesta
320 1603 531 1660 Ottonis
564 1607 930 1678 imperatoris,
965 1606 1023 1660 L.
1055 1605 1099 1660 1.

135 1677 619 1748 Ιῑρίρναηιιηαιαηῑ
640 1675 988 1733 diversarum
1022 1678 1080 1732 L.
1112 1677 1179 1745 1.,
1211 1684 1263 1732 et
1291 1675 1543 1748 quzcdam
1574 1691 1682 1731 non
1717 1678 1798 1730 in-

206 1749 479 1819 elegantes
506 1749 780 1820 epistolas.

212 1835 455 1892 therea
477 1852 603 1909 qua?
622 1839 921 1910 composuit
946 1837 1016 1892 ad
1037 1839 1288 1910 notitiam
1320 1844 1523 1891 nostra:
1553 1837 1797 1891 lectionis

141 1940 248 1980 non
278 1933 568 1982 venerunt.
604 1909 818 1982 Claruit
843 1909 1171 1997 temporibus
1205 1924 1353 1980 0tton
1365 1927 1410 1979 is
1437 1926 1609 1996 primi
1636 1932 1688 1978 et
1723 1937 1802 1980 δε·

137 2013 326 2082 (undi,
358 2015 803 2070 clarissimorum
835 2017 1004 2086 impp.

207 2103 508 2160 Hactenus
539 2103 1122 2174 Tritheimius,cujus
1153 2103 1326 2158 verba
1356 2103 1563 2174 repetit
1595 2102 1802 2156 Biblio-

141 2190 308 2248 theca
338 2192 607 2264 Gesneri,
642 2193 886 2260 addens,
924 2191 1292 2248 Roswitham
1347 2192 1556 2246 Grmcm
1587 2190 1799 2261 linguai

889 2469 1090 2597 AD
1187 2463 2185 2642 HROTSUITJE
2281 2461 2818 2598 OPEBA

1153 2678 2489 2816 ~PBOLEGOMENA.

482 2909 588 2978 (Ex
620 2909 872 2964 editione
903 2908 1134 2964 Ilenrici
1167 2908 1447 2963 Leonardi
1481 2907 1930 2962 Schurzlleschii
1955 2923 2108 2962 anno
2135 2908 2272 2960 1707
2299 2904 2685 2977 Vitemberga:
2707 2905 3004 2961 Saxonum
3035 2907 3218 2976 data.)

1907 838 2221 905 hcimensis,
2255 839 2349 893 cui
2384 838 2729 910 prie-miserit
2760 841 2902 894 Vitas
2933 840 3560 911 pontiﬁcum,Anasts-

1906 927 1976 979 sii
2009 931 2064 981 et
2107 928 2448 994 Innocentii,
2495 932 2892 998 patronorum.
2945 928 3160 984 Verum
3210 927 3320 984 hoc
3364 927 3556 984 lucem

1907 1017 2169 1069 nondum
2203 1016 2516 1081 vidit.Qu:e
2547 1035 2581 1070 a
2612 1016 2956 1072 Tritheimio
2987 1020 3444 1072 commemorata
3465 1016 3555 1072 di-

1883 1104 2355 1176 ,ximus,primus
2387 1104 2676 1174 evulgavit
2705 1105 3008 1160 Conradus
3035 1105 3558 1173 Celtes,Protuciue

1911 1195 2187 1258 Francus,
2221 1195 2484 1248 anJStll.
2520 1193 2781 1248 Retinuit
2815 1200 3010 1250 autem
3041 1195 3417 1268 scriptionem
3441 1211 3559 1250 me-

1907 1283 2013 1335 dia!
2045 1283 2231 1336 inlatis
2264 1282 2652 1352 scriptoribus
2700 1283 3004 1349 usitatam,
3055 1284 3271 1354 qnibus
3319 1283 3560 1339 nomina

1910 1371 2545 1440 liudoll‘us,llutbertus
2580 1371 2970 1425 Ilamwardus
2991 1375 3049 1426 et
3071 1371 3373 1439 similia,in
3394 1370 3561 1428 initio

1907 1461 2164 1531 aspirare
2197 1459 2484 1513 familiare
2518 1459 2648 1529 fuit,
2677 1459 2848 1531 cujus
2879 1459 3056 1514 etiam
3088 1459 3360 1515 meminit
3377 1461 3563 1516 Aven-

1907 1549 2067 1604 tinus
2098 1547 2413 1603 Annalium
2446 1547 2546 1603 lib.
2583 1565 2625 1614 ι,
2655 1547 2716 1602 in
2749 1547 3192 1604 nomenclatura
3220 1549 3380 1622 operi
3414 1566 3561 1622 pra-

1907 1635 2468 1707 ﬁan’anegyricum
2501 1635 2573 1690 de
2603 1633 2880 1691 laudibus
2903 1636 3352 1710 Ottonis-Magni
3373 1638 3564 1695 confe-

1905 1725 1986 1780 cit
2015 1725 2249 1780 hortatu
2283 1723 2574 1794 Gerbirgae
2606 1723 3012 1792 abbatissaemt
3040 1729 3293 1782 testatur
3316 1725 3376 1782 in
3409 1743 3556 1800 prte-

1907 1813 2141 1880 l‘atione,
2187 1812 2246 1867 in
2295 1813 2552 1868 secundo
2605 1811 2865 1868 carmine
2911 1811 3286 1885 praeliminari
3333 1814 3553 1884 innuit,

1907 1904 2176 1960 Ottonem
2208 1901 2530 1957 secundum
2563 1900 2704 1972 imp.
2730 1917 2940 1973 poema
2964 1900 3162 1974 ipsum
3191 1901 3387 1959 videre
3407 1903 3555 1960 desi-

1911 1993 2164 2048 derasse.
2200 1990 2382 2046 Dictio
2433 1994 2522 2045 est
2564 1988 2904 2058 tolerabilis,
2960 1990 3242 2048 steculum
3273 2009 3390 2065 quo
3417 1991 3562 2049 vixit

1912 2080 2178 2136 redolens
2213 2096 2226 2134 :
2259 2079 2317 2134 in
2350 2077 2686 2151 prosodiam
2717 2077 3042 2150 plurimum
3094 2080 3374 2152 peccavit,
3405 2083 3562 2154 quod

1911 2171 2074 2226 sexui
2105 2168 2558 2225 condonandum
2580 2171 2688 2224 est.

1151 3151 1701 3240 EPISTOLA
1760 3155 1905 3239 DE
1922 3150 2574 3239 DICATOBIA.

208 3333 640 3385 Reverendissimw
665 3333 1076 3396 serenissimaque
1107 3333 1316 3396 principi
1347 3346 1403 3381 ac
1431 3333 1662 3392 domina,
1713 3333 1926 3382 domina
1954 3333 2183 3383 Henetus
2219 3330 2516 3389 Cnmsmm.
2561 3330 2988 3382 Brunsvicensium
3029 3336 3077 3382 et
3112 3332 3573 3400 Lunaburgensium

147 3407 272 3467 duci,
302 3408 356 3460 S.
389 3409 454 3461 lt.
477 3407 518 3458 1.
549 3408 752 3457 ccnobii
783 3407 1236 3460 Gandesheimensis
1263 3407 1515 3457 abbatissae
1537 3409 1800 3472 principali
1829 3409 2068 3472 dignitate
2090 3412 2266 3467 aucta,
2299 3412 2418 3468 etc.,
2449 3413 2541 3457 etc.

213 3482 371 3548 Oﬂ'ero
400 3483 610 3533 demisse
637 3488 684 3533 et
713 3483 990 3534 obedienter
1019 3483 1178 3540 trado,
1211 3497 1318 3546 quae
1337 3485 1594 3532 serenitati
1622 3489 1719 3533 tua:
1740 3485 1875 3532 omni
1891 3484 2008 3546 jure
2037 3483 2290 3541 debentur,
2323 3497 2470 3547 opera
2497 3483 2796 3534 Hrotsuithas
2835 3483 3038 3548 virginis
3068 3484 3250 3534 illustri
3287 3486 3392 3536 loco
3419 3491 3570 3545 nata.

146 3563 191 3607 et
210 3560 260 3608 in
286 3559 632 3623 antiquissimo
658 3557 710 3610 S.
744 3558 803 3612 Β.
837 3559 877 3609 l.
894 3565 1094 3624 propter
1117 3558 1340 3611 Gaudam
1367 3558 1421 3622 ﬂ.
1454 3559 1686 3620 coenobio,
1719 3560 1800 3608 cui
1827 3573 2023 3608 summa
2049 3573 2161 3607 cum
2190 3558 2442 3608 abbatissa,
2471 3559 2767 3608 auctoritate
2795 3558 3030 3608 serenitas
3057 3561 3146 3608 tua
3170 3561 3574 3626 praest.religio-

141 3635 341 3684 sissinite
372 3634 622 3700 quondam
649 3634 932 3684 sacerdotis.
969 3634 1086 3697 Quae
1105 3649 1216 3684 cum
1247 3635 1403 3683 multa
1425 3636 1664 3692 oratione,
1683 3647 1829 3698 prosa
1858 3634 2161 3697 versibusque
2181 3635 2451 3698 conscripta
2471 3634 2690 3696 reliquit,
2723 3639 2827 3684 tum
2857 3632 3125 3682 emnobium
3155 3647 3186 3682 a
3219 3632 3469 3702 Ludolpho
3496 3639 3564 3692 Μ.

142 3707 390 3760 Somnum
420 3710 545 3759 duce
563 3709 833 3767 conditum.
856 3715 904 3760 et
932 3711 1250 3773 religionibus
1280 3711 1522 3770 majorum
1557 3715 1754 3758 tuorum
1783 3713 2138 3768 consecratum,
2172 3722 2367 3758 summa
2391 3709 2593 3774 pietatis
2622 3713 2670 3758 et
2699 3709 2936 3758 doctrinm
2973 3707 3137 3767 laude,
3169 3708 3256 3759 illo
3295 3717 3572 3774 prcsertim

144 3782 471 3849 Augustorum
504 3783 738 3836 Ottonum
755 3785 932 3834 saeculo
963 3788 1296 3849 maximopere
1326 3787 1605 3842 illustravit,
1637 3785 1866 3847 famaque
1895 3785 2101 3848 ingenii,
2133 3784 2262 3846 quod
2289 3785 2343 3833 in
2361 3798 2420 3833 ea
2441 3784 2618 3841 eluxit,
2651 3784 2825 3848 optimi
2853 3795 3022 3832 omnes
3044 3795 3195 3847 prope
3230 3783 3443 3852 Eumpa
3485 3804 3572 3842 η-

141 3863 318 3922 giones.
341 3866 388 3912 et
419 3861 552 3911 inter
577 3873 659 3910 eas
681 3859 994 3912 Germaniam
1011 3863 1254 3926 μιαί-ἐρυθ
1273 3866 1319 3910 et
1348 3860 1696 3918 Saroniam,in
1731 3875 1828 3924 qua
1855 3860 1958 3910 alta
1985 3864 2032 3910 et
2053 3860 2258 3909 educata
2276 3859 2574 3922 est,miriﬁce
2595 3859 2828 3923 implevit.
2843 3857 2959 3923 Vigo
2999 3857 3449 3920 sanctissima,viris
3466 3868 3574 3917 uti-

144 3948 230 3998 que
261 3936 425 3988 Grece
445 3935 798 4000 Latineque,ut
827 3941 1045 4001 tempora
1076 3937 1161 3986 illa
1181 3936 1716 4000 ferebant,doctissimis
1745 3935 2154 4000 anteponenda,et
2183 3949 2239 3984 eo
2265 3935 2438 3997 majori
2468 3934 2613 3984 laude
2641 3935 2809 3998 digna,
2831 3947 2924 3997 quo
2959 3934 3121 3984 rarior
3142 3947 3234 3998 per
3258 3949 3321 3986 ea
3353 3941 3574 4006 tempora

143 4011 348 4061 eruditio
375 4011 495 4075 fuit,
517 4010 689 4075 quibus
721 4012 960 4061 scribendi
980 4016 1210 4061 ornatum
1240 4018 1287 4062 et
1319 4012 1470 4061 verbis
1499 4015 1546 4061 et
1565 4013 1824 4061 sententiis
1847 4011 2202 4075 comprobavit;
2232 4014 2298 4068 et,
2330 4011 2550 4073 quamvis
2576 4023 2675 4059 non
2703 4010 2942 4074 optimum
2969 4023 3168 4076 semper
3203 4010 3398 4064 dicendi
3422 4030 3579 4078 genus

143 4088 705 4150 expresserit,tamen.ut
733 4087 917 4136 diserta
945 4087 1292 4152 erat,primum
1324 4087 1453 4136 inter
1481 4101 1648 4136 omnes
1678 4087 1836 4136 locum
1868 4087 2048 4146 tenuit,
2071 4086 2154 4149 qui
2182 4085 2359 4135 steculo
2388 4086 2552 4135 minus
2575 4085 2788 4149 eleganti
2818 4084 3098 4135 litterarum
3125 4088 3384 4152 elegantia
3409 4091 3582 4143 stude-

145 4165 274 4238 runt.
308 4160 473 4238 Quare
501 4166 686 4238 veteres
702 4163 1079 4226 emendatosque
1109 4165 1384 4226 scriptores,
1422 4167 1523 4212 tam
1553 4163 1720 4212 soluta
1739 4162 2107 4238 quanrastrieta
2141 4162 2362 4210 oratione
2394 4162 2608 4224 insignes
2635 4161 2752 4224 legit
2766 4161 3004 4238 religiosa
3029 4163 3253 4238 sacerdos
3275 4163 3582 4238 Hrotsuitlta,

148 4239 192 4284 et
211 4237 479 4288 imitandos
504 4237 598 4286 sibi
611 4238 888 4302 proposuit,
920 4251 1248 4302 magnamque
1276 4238 1532 4287 verborum
1565 4239 1754 4302 copiam
1775 4238 1842 4287 ad
1870 4236 2036 4286 Latini
2062 4238 2302 4286 sermonis
2330 4240 2620 4301 apparatum
2650 4236 2838 4290 attulit.
2861 4239 2909 4286 et
2937 4237 3218 4302 disciplinas
3235 4245 3452 4292 veterum
3461 4236 3584 4308 per;

146 4315 357 4363 scrutata
376 4317 470 4375 est,
501 4316 558 4362 ut
586 4314 820 4363 varietate
847 4314 1087 4364 scribendi
1114 4315 1366 4363 solertiam
1397 4315 1554 4362 animi
1589 4313 2153 4376 commendaretltaque
2184 4314 2250 4360 ad
2276 4313 2492 4362 divinam
2515 4312 2878 4375 humanamque
2903 4313 3208 4376 sapientiam,
3226 4312 3344 4378 m‘
3361 4318 3584 4369 omnium

152 4385 382 4438 bonarum
407 4388 597 4439 artium
618 4393 781 4439 mater
807 4393 896 4447 est,
930 4389 1145 4438 laborem
1175 4402 1468 4452 aperamque
1497 4389 1724 4447 contulit,
1759 4394 1806 4438 et
1837 4392 1969 4437 certo
1998 4389 2381 4450 conﬁrmatoque
2410 4388 2579 4436 animo
2625 4387 2753 4436 hanc
2779 4387 2909 4435 viam
2953 4390 3002 4437 et
3044 4389 3290 4438 rationem
3326 4390 3455 4449 iniit.
3493 4407 3585 4443 nec

150 4462 288 4512 modo
317 4468 448 4514 artes
467 4464 706 4527 ingenuas
739 4478 838 4514 non
862 4464 1038 4529 probro
1060 4464 1150 4513 sibi
1183 4464 1347 4523 duxit,
1378 4464 1462 4513 sed
1481 4466 1632 4513 etiam
1661 4463 1821 4512 multa
1842 4463 2044 4512 illarum
2065 4466 2358 4511 ornamenta
2377 4461 2696 4526 comparavit,
2747 4461 2882 4510 haud
2927 4463 3102 4526 quippe
3121 4465 3312 4527 ignara,
3333 4466 3582 4517 neminem

150 4536 249 4587 sine
274 4539 533 4605 sapientia
559 4539 736 4589 studiis
757 4541 994 4605 pro/icere
1023 4539 1088 4589 ad
1117 4540 1352 4588 doctrina:
1381 4539 1579 4589 laudem
1597 4553 1754 4604 posse.
1781 4537 1914 4589 Adeo
1938 4553 2106 4588 verum
2137 4541 2226 4595 est,
2258 4537 2388 4600 quod
2419 4537 2589 4588 Cicero
2618 4536 2827 4600 scripsit.
2859 4536 3106 4586 neminem
3124 4539 3229 4588 sine
3249 4539 3578 4606 philos0pltia,

151 4624 256 4672 que
282 4618 579 4679 argumenta
607 4615 672 4664 ad
691 4615 1034 4665 inveniendum
1055 4621 1101 4666 et
1132 4615 1522 4678 conﬁrmandum
1540 4617 1742 4680 prabet,
1774 4629 1890 4664 suas
1917 4615 2061 4678 digne
2085 4613 2682 4678 partes'tueriJ’ercurrit
2712 4625 2826 4676 ergo
2855 4625 3022 4661 omnes
3049 4612 3328 4678 disciplinas
3355 4621 3404 4666 et
3431 4620 3580 4676 artes,

153 4691 253 4737 tum
282 4692 413 4740 inter
428 4694 709 4755 geometras
737 4695 946 4750 versata,
977 4691 1138 4740 lineas
1157 4691 1324 4749 duxit,
1349 4706 1408 4740 ac
1435 4705 1664 4740 sonorum
1695 4691 1958 4740 rarietates
1986 4695 2131 4752 atque
2155 4688 2413 4738 intervalla
2442 4691 2667 4738 acmrate
2687 4687 2923 4750 cognovit.
2949 4686 3198 4738 Pra'terea
3218 4693 3478 4754 poetarum
3501 4694 3588 4758 fo-

152 4761 283 4814 bulas
308 4767 374 4815 ad
401 4768 517 4816 vita:
547 4781 690 4816 usum
719 4767 1070 4825 accomodavit,
1088 4781 1239 4830 eaque
1268 4767 1326 4815 de
1346 4782 1494 4816 causa
1521 4767 1806 4816 scitissimas
1843 4767 2058 4814 Terentii
2089 4765 2350 4814 comwdias
2378 4765 2572 4823 evolvit,
2596 4767 2663 4822 et,
2697 4763 2885 4812 delectu
2913 4762 3096 4823 habito,
3126 4763 3193 4812 ad
3215 4765 3418 4828 pietatis
3441 4781 3590 4832 regu-

154 4836 222 4888 las
241 4841 447 4904 redegit.
471 4841 799 4893 Nihilosecius
825 4843 1044 4892 studium
1077 4843 1127 4892 in
1157 4845 1454 4906 antiquitate
1477 4845 1661 4907 posuit,
1691 4847 1736 4891 et
1766 4856 1928 4890 mores
1956 4846 2172 4891 veterum
2201 4844 2345 4903 atque
2378 4841 2635 4889 historiam
2661 4852 2852 4888 sacram
2871 4838 3062 4902 pariter
3087 4853 3146 4888 ac
3165 4839 3427 4904 profanam
3465 4859 3589 4908 per.

154 4914 341 4974 quisivit
370 4917 546 4966 sedulo
575 4921 624 4966 et
644 4919 912 4982 perspexit.
951 4916 1112 4980 Quare
1139 4932 1237 4966 una
1267 4919 1354 4967 illa
1373 4919 1553 4968 simulo
1579 4923 1684 4982 post
1719 4917 1969 4968 Christum
1994 4921 2168 4966 natum
2189 4915 2394 4972 decimo,
2420 4915 2663 4979 imprimis
2704 4914 2852 4978 digna
2881 4927 2981 4964 visa
3009 4917 3100 4975 est,
3135 4929 3244 4978 quae
3281 4919 3494 4970 maximi
3539 4927 3589 4974 et

153 4985 494 5053 Augustissimi
524 4993 831 5056 imperatoris
865 4993 1098 5044 Ottonisl
1123 4993 1282 5044 Vitam
1305 4999 1350 5043 et
1379 5009 1454 5042 res
1473 4994 1532 5043 ab
1553 5009 1609 5042 eo
1639 4999 1796 5057 gestas
1826 4993 2008 5042 litteris
2037 4991 2311 5046 nmndaret.
2345 4994 2398 5040 ut
2421 4992 2495 5040 vel
2523 4991 2614 5039 hoc
2631 4993 2920 5054 argumento
2969 4989 3103 5048 viris,
3135 5003 3254 5055 quos
3289 4993 3392 5044 illa!
3421 5001 3590 5060 partes

153 5063 315 5116 decent
334 5067 573 5117 doctrinm
592 5068 888 5131 adjumentis
909 5073 1188 5134 pra-staret,
1219 5085 1490 5132 nomenque
1519 5070 1580 5117 ab
1610 5070 1808 5131 injuriis
1827 5074 2103 5132 temporum
2133 5072 2179 5116 et
2205 5066 2444 5114 oblivione
2478 5066 2780 5129 posteritatis
2817 5064 3100 5114 vindicaret.
3142 5066 3260 5117 11ωο
3313 5083 3424 5120 vero
3448 5074 3590 5122 tanta

155 5143 200 5188 et
227 5145 327 5192 tam
353 5144 598 5193 inusitata
622 5144 926 5194 llrotsuithaz
953 5149 1249 5194 ornamenta
1290 5145 1341 5194 in
1371 5145 1590 5192 crrnobio
1610 5145 1738 5207 quod
1764 5145 2004 5196 serenitas
2035 5147 2118 5192 tua
2147 5142 2501 5206 sapientissime
2530 5145 2694 5190 nostra
2714 5141 2956 5190 memoria
2988 5141 3276 5193 moderatur
3300 5158 3420 5195 cura
3446 5150 3496 5197 et
3512 5148 3593 5198 vi-

157 5215 283 5275 giliis
309 5217 614 5268 Ilrotsuithm
640 5219 910 5280 elaborata,
929 5219 1046 5281 jure
1076 5221 1290 5282 quodam
1315 5221 1380 5268 ad
1398 5221 1716 5269 serenitatem
1739 5223 1886 5270 tuam’
1897 5221 2172 5284 pertinent,
2210 5231 2320 5281 quae
2348 5218 2538 5267 divinas
2566 5217 2902 5279 humanasque
2922 5222 3053 5266 artes
3079 5217 3230 5268 etiam
3258 5233 3390 5270 nunc
3422 5221 3591 5286 fovet;

158 5293 221 5347 et,
249 5293 664 5354 quemadmodum
694 5295 864 5359 magni
893 5295 1106 5344 nominis
1134 5296 1378 5352 antistita,
1406 5296 1664 5359 (.‘erburgis
1685 5297 1748 5354 ll,
1783 5298 1833 5346 in
1855 5295 2019 5344 media
2046 5295 2216 5343 samti
2244 5293 2486 5352 barbarie,
2519 5293 2798 5342 litterarum
2827 5292 2993 5342 studia
3021 5293 3260 5359 bonasque
3287 5297 3490 5348 ortesab
3509 5299 3598 5350 in-

161 5366 306 5416 teritu
325 5372 372 5417 et
393 5369 546 5418 exilio
566 5371 793 5428 asseruit,
814 5371 884 5420 sic
901 5371 1304 5419 reverendissima
1323 5373 1558 5420 serenitas
1577 5376 1662 5420 tua
1679 5373 1868 5434 pariter
1893 5385 2004 5420 cum
2034 5384 2084 5418 re
2092 5369 2400 5418 verendissim
2409 5369 2448 5418 is
2465 5368 2876 5431 serenissimisque
2895 5383 3126 5420 curarum
3139 5371 3489 5436 principalium
3508 5387 3594 5424 so-

161 5440 319 5492 ciabus
337 5443 558 5504 ducibus,
591 5446 863 5504 decanissa;
888 5445 1046 5494 Maria
1071 5445 1371 5504 Elisabetlm,
1396 5446 1754 5510 Megapotitana
1775 5447 1895 5495 duce
1915 5451 1962 5494 et
1983 5447 2220 5494 cauunissa
2241 5463 2253 5505 ;
2277 5445 2544 5502 Eleonora,
2565 5444 3011 5494 Brunswiscenium
3033 5459 3091 5495 ac
3127 5444 3596 5512 Luna-burgensium

162 5513 294 5578 duce,
317 5518 522 5582 benigne
553 5520 914 5584 liberaliterque
934 5520 998 5570 ad
1017 5521 1148 5568 hunc
1167 5521 1295 5569 diem
1319 5535 1468 5582 usque
1489 5524 1677 5578 tuetur,
1701 5521 1942 5585 beneﬁciis
1963 5523 2107 5568 ornat
2128 5535 2184 5568 ac
2205 5521 2434 5584 muniﬁce
2454 5523 2723 5579 conservat,
2745 5520 3048 5584 gloriamque
3083 5522 3373 5572 transmittit
3393 5521 3459 5570 ad
3467 5536 3591 5586 pos-

163 5593 300 5653 teros,
321 5595 406 5656 qui
425 5594 616 5644 divinas
633 5598 778 5659 atque
807 5595 1164 5644 excelcissimas
1191 5597 1394 5645 iirtutes
1421 5597 1700 5646 serenitatis
1719 5597 1962 5655 tuendum
1984 5599 2128 5644 erunt
2147 5595 2525 5652 liominesmltro
2545 5599 2592 5646 et
2613 5599 2891 5646 constanter
2905 5595 3368 5660 pradicabuntEgo
3387 5595 3586 5659 quidem

112 5700 130 5723 .
163 5664 212 5716 in
227 5667 464 5732 religione
497 5675 742 5727 votorum.
774 5684 885 5735 quae
898 5685 990 5736 pro
1015 5675 1101 5725 tua
1130 5671 1188 5723 R.
1212 5671 1476 5720 serenitate
1509 5672 1664 5721 Deum
1702 5671 1929 5734 facienda
1973 5676 2109 5728 sunt.
2151 5672 2453 5736 conquiesco,
2494 5674 2541 5720 et
2584 5671 2755 5721 laudes
2792 5675 2920 5733 tuas,
2948 5685 3097 5735 supra
3134 5683 3280 5733 quam
3307 5683 3339 5718 a
3374 5683 3454 5720 me
3492 5676 3584 5722 aut

167 5739 258 5806 dici
285 5749 371 5795 aut
391 5745 598 5811 cogitari
636 5751 861 5813 possunt,
891 5748 1140 5797 maximas
1159 5745 1351 5798 assidue
1375 5760 1596 5806 veneror,
1623 5747 1892 5814 Deumque,
1931 5747 2311 5804 celsissimarum
2357 5747 2667 5814 familiarum
2712 5751 2945 5798 statorem
2964 5758 3140 5814 precor
3157 5749 3212 5802 ut
3234 5745 3582 5804 reverendissi-
