  <div class='ocr_page' id='page_1' title='image "/cluster/home/n/w/nwhite01/storage/ocr_20150623/136-137/uc1.31175019686917/1154.png"; bbox 0 0 3900 6358; ppageno 0'>
   <div class='ocr_carea' id='block_1_1' title="bbox 96 428 212 497">
    <p class='ocr_par' dir='ltr' id='par_1_1' title="bbox 96 428 212 497">
     <span class='ocr_line' id='line_1_1' title="bbox 96 428 212 497; baseline 0 -1"><span class='ocrx_word' id='word_1_1' title='bbox 96 428 212 497; x_wconf 78' lang='grc'>945</span> 
     </span>
    </p>
   </div>
   <div class='ocr_carea' id='block_1_2' title="bbox 1497 436 2113 500">
    <p class='ocr_par' dir='ltr' id='par_1_2' title="bbox 1497 436 2113 500">
     <span class='ocr_line' id='line_1_2' title="bbox 1497 436 2113 500; baseline 0.005 -3"><span class='ocrx_word' id='word_1_2' title='bbox 1497 436 2113 500; x_wconf 80' lang='lat' dir='ltr'>PROLEGOMENA.</span> 
     </span>
    </p>
   </div>
   <div class='ocr_carea' id='block_1_3' title="bbox 3392 442 3508 508">
    <p class='ocr_par' dir='ltr' id='par_1_3' title="bbox 3392 442 3508 508">
     <span class='ocr_line' id='line_1_3' title="bbox 3392 442 3508 508; baseline 0 -1"><span class='ocrx_word' id='word_1_3' title='bbox 3392 442 3508 508; x_wconf 79' lang='grc'>946</span> 
     </span>
    </p>
   </div>
   <div class='ocr_carea' id='block_1_4' title="bbox 99 571 3514 661">
    <p class='ocr_par' dir='ltr' id='par_1_4' title="bbox 99 571 3514 661">
     <span class='ocr_line' id='line_1_4' title="bbox 99 571 3514 661; baseline 0.004 -30"><span class='ocrx_word' id='word_1_4' title='bbox 99 591 251 649; x_wconf 83' lang='lat' dir='ltr'>pam,</span> <span class='ocrx_word' id='word_1_5' title='bbox 279 571 378 647; x_wconf 99' lang='lat' dir='ltr'>qui</span> <span class='ocrx_word' id='word_1_6' title='bbox 400 576 536 628; x_wconf 91' lang='lat' dir='ltr'>ante</span> <span class='ocrx_word' id='word_1_7' title='bbox 568 572 973 645; x_wconf 82' lang='lat' dir='ltr'>pontificatum</span> <span class='ocrx_word' id='word_1_8' title='bbox 998 572 1348 628; x_wconf 80' lang='lat' dir='ltr'>Octavianus</span> <span class='ocrx_word' id='word_1_9' title='bbox 1373 578 1461 629; x_wconf 88' lang='lat' dir='ltr'>est</span> <span class='ocrx_word' id='word_1_10' title='bbox 1480 579 1739 643; x_wconf 88' lang='lat' dir='ltr'>vocatus,</span> <span class='ocrx_word' id='word_1_11' title='bbox 1772 575 1826 642; x_wconf 81' lang='grc' dir='ltr'><strong>Α</strong></span> <span class='ocrx_word' id='word_1_12' title='bbox 1855 574 2145 633; x_wconf 83' lang='lat' dir='ltr'>heimensis</span> <span class='ocrx_word' id='word_1_13' title='bbox 2181 580 2239 634; x_wconf 85' lang='lat' dir='ltr'>in</span> <span class='ocrx_word' id='word_1_14' title='bbox 2285 579 2525 636; x_wconf 71' lang='lat' dir='ltr'>Samnio</span> <span class='ocrx_word' id='word_1_15' title='bbox 2555 581 2765 638; x_wconf 76' lang='lat' dir='ltr'>ordinis</span> <span class='ocrx_word' id='word_1_16' title='bbox 2811 583 2987 639; x_wconf 88' lang='lat' dir='ltr'>nostri</span> <span class='ocrx_word' id='word_1_17' title='bbox 3024 586 3302 641; x_wconf 82' lang='lat' dir='ltr'>mmzialis.</span> <span class='ocrx_word' id='word_1_18' title='bbox 3358 586 3514 661; x_wconf 83' lang='lat' dir='ltr'>virgo</span> 
     </span>
    </p>
   </div>
   <div class='ocr_carea' id='block_1_5' title="bbox 100 662 1749 734">
    <p class='ocr_par' dir='ltr' id='par_1_5' title="bbox 100 662 1749 734">
     <span class='ocr_line' id='line_1_5' title="bbox 100 662 1749 734; baseline -0.001 -14"><span class='ocrx_word' id='word_1_19' title='bbox 100 669 251 720; x_wconf 90' lang='lat' dir='ltr'>recto</span> <span class='ocrx_word' id='word_1_20' title='bbox 273 663 393 719; x_wconf 89' lang='lat' dir='ltr'>zelo</span> <span class='ocrx_word' id='word_1_21' title='bbox 418 662 704 734; x_wconf 85' lang='lat' dir='ltr'>rejecerit,</span> <span class='ocrx_word' id='word_1_22' title='bbox 725 662 1215 717; x_wconf 86' lang='lat' dir='ltr'>dissentientibus</span> <span class='ocrx_word' id='word_1_23' title='bbox 1237 663 1560 734; x_wconf 85' lang='lat' dir='ltr'>quamlibet</span> <span class='ocrx_word' id='word_1_24' title='bbox 1586 665 1749 718; x_wconf 83' lang='lat' dir='ltr'>Baro-</span> 
     </span>
    </p>
   </div>
   <div class='ocr_carea' id='block_1_6' title="bbox 100 750 1752 815">
    <p class='ocr_par' dir='ltr' id='par_1_6' title="bbox 100 750 1752 815">
     <span class='ocr_line' id='line_1_6' title="bbox 100 750 1752 815; baseline -0.001 -6"><span class='ocrx_word' id='word_1_25' title='bbox 100 755 191 810; x_wconf 90' lang='lat' dir='ltr'>nio</span> <span class='ocrx_word' id='word_1_26' title='bbox 223 758 280 809; x_wconf 90' lang='lat' dir='ltr'>et</span> <span class='ocrx_word' id='word_1_27' title='bbox 310 752 683 815; x_wconf 89' lang='lat' dir='ltr'>Bellarmino,</span> <span class='ocrx_word' id='word_1_28' title='bbox 709 750 891 806; x_wconf 86' lang='lat' dir='ltr'>altero</span> <span class='ocrx_word' id='word_1_29' title='bbox 937 752 1007 805; x_wconf 84' lang='lat' dir='ltr'>ad</span> <span class='ocrx_word' id='word_1_30' title='bbox 1059 770 1281 806; x_wconf 89' lang='lat' dir='ltr'>annum</span> <span class='ocrx_word' id='word_1_31' title='bbox 1314 752 1527 807; x_wconf 82' lang='lat' dir='ltr'>Christi</span> <span class='ocrx_word' id='word_1_32' title='bbox 1560 755 1665 807; x_wconf 66' lang='grc'>964</span> <span class='ocrx_word' id='word_1_33' title='bbox 1696 759 1752 809; x_wconf 88' lang='lat' dir='ltr'>et</span> 
     </span>
    </p>
   </div>
   <div class='ocr_carea' id='block_1_7' title="bbox 98 841 1747 913">
    <p class='ocr_par' dir='ltr' id='par_1_7' title="bbox 98 841 1747 913">
     <span class='ocr_line' id='line_1_7' title="bbox 98 841 1747 913; baseline 0 -17"><span class='ocrx_word' id='word_1_34' title='bbox 98 844 218 910; x_wconf 77' lang='lat'>966,</span> <span class='ocrx_word' id='word_1_35' title='bbox 254 842 432 896; x_wconf 90' lang='lat' dir='ltr'>altero</span> <span class='ocrx_word' id='word_1_36' title='bbox 463 846 498 895; x_wconf 81' lang='lat'><strong><em>2</em></strong></span> <span class='ocrx_word' id='word_1_37' title='bbox 530 842 601 896; x_wconf 88' lang='lat' dir='ltr'>de</span> <span class='ocrx_word' id='word_1_38' title='bbox 634 841 767 911; x_wconf 87' lang='lat' dir='ltr'>jure</span> <span class='ocrx_word' id='word_1_39' title='bbox 810 841 975 894; x_wconf 81' lang='lat' dir='ltr'>Rom.</span> <span class='ocrx_word' id='word_1_40' title='bbox 1014 841 1219 911; x_wconf 72' lang='lat' dir='ltr'>pontii.</span> <span class='ocrx_word' id='word_1_41' title='bbox 1251 844 1340 907; x_wconf 69' lang='lat' dir='ltr'>2E),</span> <span class='ocrx_word' id='word_1_42' title='bbox 1380 860 1641 913; x_wconf 84' lang='lat' dir='ltr'>respons.</span> <span class='ocrx_word' id='word_1_43' title='bbox 1678 844 1747 896; x_wconf 88' lang='lat' dir='ltr'>ad</span> 
     </span>
    </p>
   </div>
   <div class='ocr_carea' id='block_1_8' title="bbox 100 928 1747 1003">
    <p class='ocr_par' dir='ltr' id='par_1_8' title="bbox 100 928 1747 1003">
     <span class='ocr_line' id='line_1_8' title="bbox 100 928 1747 1003; baseline -0.001 -17"><span class='ocrx_word' id='word_1_44' title='bbox 100 935 509 1003; x_wconf 87' lang='lat' dir='ltr'>argumentum</span> <span class='ocrx_word' id='word_1_45' title='bbox 546 932 596 994; x_wconf 80' lang='grc'>4,</span> <span class='ocrx_word' id='word_1_46' title='bbox 623 928 935 995; x_wconf 77' lang='lat' dir='ltr'>aientibus,</span> <span class='ocrx_word' id='word_1_47' title='bbox 962 930 1191 984; x_wconf 89' lang='lat' dir='ltr'>Ottonis</span> <span class='ocrx_word' id='word_1_48' title='bbox 1224 931 1416 1001; x_wconf 85' lang='lat' dir='ltr'>Magni</span> <span class='ocrx_word' id='word_1_49' title='bbox 1467 931 1653 984; x_wconf 83' lang='lat' dir='ltr'>zelum</span> <span class='ocrx_word' id='word_1_50' title='bbox 1692 932 1747 984; x_wconf 92' lang='lat' dir='ltr'>in</span> 
     </span>
    </p>
   </div>
   <div class='ocr_carea' id='block_1_9' title="bbox 98 1018 1749 1086">
    <p class='ocr_par' dir='ltr' id='par_1_9' title="bbox 98 1018 1749 1086">
     <span class='ocr_line' id='line_1_9' title="bbox 98 1018 1749 1086; baseline -0.002 -11"><span class='ocrx_word' id='word_1_51' title='bbox 98 1018 565 1075; x_wconf 80' lang='lat' dir='ltr'>exauctoratione</span> <span class='ocrx_word' id='word_1_52' title='bbox 592 1019 837 1073; x_wconf 76' lang='lat' dir='ltr'>Joannis</span> <span class='ocrx_word' id='word_1_53' title='bbox 857 1018 977 1083; x_wconf 80' lang='grc' dir='ltr'>ΧΙΙ,</span> <span class='ocrx_word' id='word_1_54' title='bbox 1005 1019 1109 1071; x_wconf 81' lang='lat' dir='ltr'>etsi</span> <span class='ocrx_word' id='word_1_55' title='bbox 1140 1020 1380 1086; x_wconf 82' lang='lat' dir='ltr'>bonum,</span> <span class='ocrx_word' id='word_1_56' title='bbox 1408 1038 1521 1073; x_wconf 88' lang='lat' dir='ltr'>non</span> <span class='ocrx_word' id='word_1_57' title='bbox 1556 1024 1749 1075; x_wconf 86' lang='lat' dir='ltr'>tamen</span> 
     </span>
    </p>
   </div>
   <div class='ocr_carea' id='block_1_10' title="bbox 100 1107 1751 1173">
    <p class='ocr_par' dir='ltr' id='par_1_10' title="bbox 100 1107 1751 1173">
     <span class='ocr_line' id='line_1_10' title="bbox 100 1107 1751 1173; baseline 0.001 -11"><span class='ocrx_word' id='word_1_58' title='bbox 100 1114 315 1163; x_wconf 84' lang='lat' dir='ltr'>rectum</span> <span class='ocrx_word' id='word_1_59' title='bbox 351 1108 530 1163; x_wconf 76' lang='lat' dir='ltr'>fuisse</span> <span class='ocrx_word' id='word_1_60' title='bbox 555 1124 657 1161; x_wconf 82' lang='lat' dir='ltr'>nec</span> <span class='ocrx_word' id='word_1_61' title='bbox 693 1108 1016 1160; x_wconf 82' lang='lat' dir='ltr'>secundum</span> <span class='ocrx_word' id='word_1_62' title='bbox 1051 1107 1377 1161; x_wconf 83' lang='lat' dir='ltr'>scientiam.</span> <span class='ocrx_word' id='word_1_63' title='bbox 1406 1112 1660 1173; x_wconf 84' lang='lat' dir='ltr'>Quorum</span> <span class='ocrx_word' id='word_1_64' title='bbox 1696 1114 1751 1163; x_wconf 84' lang='lat' dir='ltr'>et</span> 
     </span>
    </p>
   </div>
   <div class='ocr_carea' id='block_1_11' title="bbox 99 1196 1748 1268">
    <p class='ocr_par' dir='ltr' id='par_1_11' title="bbox 99 1196 1748 1268">
     <span class='ocr_line' id='line_1_11' title="bbox 99 1196 1748 1268; baseline -0.001 -16"><span class='ocrx_word' id='word_1_65' title='bbox 99 1197 444 1253; x_wconf 78' lang='lat' dir='ltr'>sententiam</span> <span class='ocrx_word' id='word_1_66' title='bbox 480 1197 734 1251; x_wconf 75' lang='lat' dir='ltr'>maxime</span> <span class='ocrx_word' id='word_1_67' title='bbox 768 1196 1191 1249; x_wconf 74' lang='lat' dir='ltr'>defendendam</span> <span class='ocrx_word' id='word_1_68' title='bbox 1239 1203 1624 1268; x_wconf 66' lang='lat' dir='ltr'>snscel&#39;wrnnt</span> <span class='ocrx_word' id='word_1_69' title='bbox 1656 1198 1748 1251; x_wconf 83' lang='lat' dir='ltr'>Al-</span> 
     </span>
    </p>
   </div>
   <div class='ocr_carea' id='block_1_12' title="bbox 100 1286 1748 1357">
    <p class='ocr_par' dir='ltr' id='par_1_12' title="bbox 100 1286 1748 1357">
     <span class='ocr_line' id='line_1_12' title="bbox 100 1286 1748 1357; baseline 0 -17"><span class='ocrx_word' id='word_1_70' title='bbox 100 1287 357 1357; x_wconf 88' lang='lat' dir='ltr'>phonsus</span> <span class='ocrx_word' id='word_1_71' title='bbox 380 1286 668 1340; x_wconf 87' lang='lat' dir='ltr'>Ciaconus</span> <span class='ocrx_word' id='word_1_72' title='bbox 700 1291 755 1340; x_wconf 90' lang='lat' dir='ltr'>et</span> <span class='ocrx_word' id='word_1_73' title='bbox 784 1287 1148 1354; x_wconf 79' lang='lat' dir='ltr'>Augustinus</span> <span class='ocrx_word' id='word_1_74' title='bbox 1181 1286 1481 1351; x_wconf 61' lang='lat' dir='ltr'>Ollloinus,</span> <span class='ocrx_word' id='word_1_75' title='bbox 1511 1288 1565 1339; x_wconf 91' lang='lat' dir='ltr'>in</span> <span class='ocrx_word' id='word_1_76' title='bbox 1600 1287 1748 1341; x_wconf 74' lang='lat' dir='ltr'>\‘itis</span> 
     </span>
    </p>
   </div>
   <div class='ocr_carea' id='block_1_13' title="bbox 99 1376 1750 1447">
    <p class='ocr_par' dir='ltr' id='par_1_13' title="bbox 99 1376 1750 1447">
     <span class='ocr_line' id='line_1_13' title="bbox 99 1376 1750 1447; baseline -0.001 -16"><span class='ocrx_word' id='word_1_77' title='bbox 99 1382 152 1431; x_wconf 86' lang='lat' dir='ltr'>et</span> <span class='ocrx_word' id='word_1_78' title='bbox 184 1377 350 1431; x_wconf 88' lang='lat' dir='ltr'>rebus</span> <span class='ocrx_word' id='word_1_79' title='bbox 381 1376 565 1447; x_wconf 84' lang='lat' dir='ltr'>gestis</span> <span class='ocrx_word' id='word_1_80' title='bbox 599 1376 940 1447; x_wconf 80' lang='lat' dir='ltr'>pontificum</span> <span class='ocrx_word' id='word_1_81' title='bbox 978 1376 1370 1429; x_wconf 75' lang='lat' dir='ltr'>Romanorum</span> <span class='ocrx_word' id='word_1_82' title='bbox 1403 1381 1457 1429; x_wconf 83' lang='lat' dir='ltr'>et</span> <span class='ocrx_word' id='word_1_83' title='bbox 1489 1377 1750 1429; x_wconf 76' lang='lat' dir='ltr'>cardina-</span> 
     </span>
    </p>
   </div>
   <div class='ocr_carea' id='block_1_14' title="bbox 99 1464 1745 1535">
    <p class='ocr_par' dir='ltr' id='par_1_14' title="bbox 99 1464 1745 1535">
     <span class='ocr_line' id='line_1_14' title="bbox 99 1464 1745 1535; baseline -0.001 -16"><span class='ocrx_word' id='word_1_84' title='bbox 99 1466 260 1530; x_wconf 90' lang='lat' dir='ltr'>lium,</span> <span class='ocrx_word' id='word_1_85' title='bbox 293 1466 363 1519; x_wconf 87' lang='lat' dir='ltr'>ad</span> <span class='ocrx_word' id='word_1_86' title='bbox 398 1482 621 1519; x_wconf 90' lang='lat' dir='ltr'>annum</span> <span class='ocrx_word' id='word_1_87' title='bbox 653 1465 779 1531; x_wconf 80' lang='grc'>956,</span> <span class='ocrx_word' id='word_1_88' title='bbox 808 1481 862 1535; x_wconf 92' lang='lat' dir='ltr'>p.</span> <span class='ocrx_word' id='word_1_89' title='bbox 897 1466 1022 1517; x_wconf 82' lang='lat'>715.</span> <span class='ocrx_word' id='word_1_90' title='bbox 1046 1464 1233 1518; x_wconf 82' lang='lat' dir='ltr'>Verba</span> <span class='ocrx_word' id='word_1_91' title='bbox 1274 1465 1585 1518; x_wconf 67' lang='lat' dir='ltr'>ltoswithm</span> <span class='ocrx_word' id='word_1_92' title='bbox 1620 1483 1745 1535; x_wconf 61' lang='lat' dir='ltr'>quae</span> 
     </span>
    </p>
   </div>
   <div class='ocr_carea' id='block_1_15' title="bbox 101 1553 1433 1625">
    <p class='ocr_par' dir='ltr' id='par_1_15' title="bbox 101 1553 1433 1625">
     <span class='ocr_line' id='line_1_15' title="bbox 101 1553 1433 1625; baseline -0.002 -16"><span class='ocrx_word' id='word_1_93' title='bbox 101 1557 155 1611; x_wconf 91' lang='lat' dir='ltr'>in</span> <span class='ocrx_word' id='word_1_94' title='bbox 180 1554 310 1610; x_wconf 87' lang='lat' dir='ltr'>Vita</span> <span class='ocrx_word' id='word_1_95' title='bbox 340 1555 573 1609; x_wconf 89' lang='lat' dir='ltr'>Ottonis</span> <span class='ocrx_word' id='word_1_96' title='bbox 607 1554 799 1625; x_wconf 80' lang='lat' dir='ltr'>Magni</span> <span class='ocrx_word' id='word_1_97' title='bbox 836 1558 1065 1607; x_wconf 77' lang='lat' dir='ltr'>exstant</span> <span class='ocrx_word' id='word_1_98' title='bbox 1096 1553 1214 1608; x_wconf 64' lang='lat' dir='ltr'>ha&#39;c</span> <span class='ocrx_word' id='word_1_99' title='bbox 1249 1558 1385 1608; x_wconf 90' lang='lat' dir='ltr'>sunt</span> <span class='ocrx_word' id='word_1_100' title='bbox 1422 1571 1433 1607; x_wconf 89' lang='lat'><strong>:</strong></span> 
     </span>
    </p>
   </div>
   <div class='ocr_carea' id='block_1_16' title="bbox 157 1669 1395 1730">
    <p class='ocr_par' dir='ltr' id='par_1_16' title="bbox 157 1669 1395 1730">
     <span class='ocr_line' id='line_1_16' title="bbox 157 1669 1395 1730; baseline -0.001 -12"><span class='ocrx_word' id='word_1_101' title='bbox 157 1669 389 1727; x_wconf 83' lang='lat' dir='ltr'>Qualiter</span> <span class='ocrx_word' id='word_1_102' title='bbox 417 1672 472 1718; x_wconf 88' lang='lat' dir='ltr'>et</span> <span class='ocrx_word' id='word_1_103' title='bbox 503 1670 629 1718; x_wconf 86' lang='lat' dir='ltr'>recti</span> <span class='ocrx_word' id='word_1_104' title='bbox 662 1670 996 1730; x_wconf 79' lang='lat' dir='ltr'>compunctis</span> <span class='ocrx_word' id='word_1_105' title='bbox 1022 1671 1265 1718; x_wconf 75' lang='lat' dir='ltr'>acumine</span> <span class='ocrx_word' id='word_1_106' title='bbox 1297 1671 1395 1719; x_wconf 83' lang='lat' dir='ltr'>zeli</span> 
     </span>
    </p>
   </div>
   <div class='ocr_carea' id='block_1_17' title="bbox 157 1732 1681 1794">
    <p class='ocr_par' dir='ltr' id='par_1_17' title="bbox 157 1732 1681 1794">
     <span class='ocr_line' id='line_1_17' title="bbox 157 1732 1681 1794; baseline -0.001 -12"><span class='ocrx_word' id='word_1_107' title='bbox 157 1734 436 1782; x_wconf 84' lang='lat' dir='ltr'>Summum</span> <span class='ocrx_word' id='word_1_108' title='bbox 467 1732 769 1794; x_wconf 76' lang='lat' dir='ltr'>pontiﬁcem</span> <span class='ocrx_word' id='word_1_109' title='bbox 796 1733 1045 1794; x_wconf 63' lang='lat' dir='ltr'>quaedam</span> <span class='ocrx_word' id='word_1_110' title='bbox 1078 1746 1328 1794; x_wconf 83' lang='lat' dir='ltr'>perversa</span> <span class='ocrx_word' id='word_1_111' title='bbox 1360 1737 1681 1794; x_wconf 81' lang='lat' dir='ltr'>patranteni,</span> 
     </span>
    </p>
   </div>
   <div class='ocr_carea' id='block_1_18' title="bbox 156 1794 1462 1857">
    <p class='ocr_par' dir='ltr' id='par_1_18' title="bbox 156 1794 1462 1857">
     <span class='ocr_line' id='line_1_18' title="bbox 156 1794 1462 1857; baseline -0.002 -13"><span class='ocrx_word' id='word_1_112' title='bbox 156 1795 278 1857; x_wconf 81' lang='lat' dir='ltr'>Ejus</span> <span class='ocrx_word' id='word_1_113' title='bbox 308 1809 405 1845; x_wconf 87' lang='lat' dir='ltr'>nec</span> <span class='ocrx_word' id='word_1_114' title='bbox 436 1795 655 1844; x_wconf 85' lang='lat' dir='ltr'>monitis</span> <span class='ocrx_word' id='word_1_115' title='bbox 675 1794 996 1857; x_wconf 78' lang='lat' dir='ltr'>dignantem</span> <span class='ocrx_word' id='word_1_116' title='bbox 1030 1795 1217 1851; x_wconf 76' lang='lat' dir='ltr'>cedere</span> <span class='ocrx_word' id='word_1_117' title='bbox 1249 1797 1462 1855; x_wconf 76' lang='lat' dir='ltr'>crebris,</span> 
     </span>
    </p>
   </div>
   <div class='ocr_carea' id='block_1_19' title="bbox 157 1856 1309 1919">
    <p class='ocr_par' dir='ltr' id='par_1_19' title="bbox 157 1856 1309 1919">
     <span class='ocr_line' id='line_1_19' title="bbox 157 1856 1309 1919; baseline -0.003 -13"><span class='ocrx_word' id='word_1_118' title='bbox 157 1856 301 1907; x_wconf 81' lang='lat' dir='ltr'>Sedis</span> <span class='ocrx_word' id='word_1_119' title='bbox 330 1858 639 1919; x_wconf 61' lang='lat' dir='ltr'>apostolica;</span> <span class='ocrx_word' id='word_1_120' title='bbox 665 1856 897 1905; x_wconf 83' lang='lat' dir='ltr'>fraudari</span> <span class='ocrx_word' id='word_1_121' title='bbox 931 1857 1055 1905; x_wconf 85' lang='lat' dir='ltr'>fecit</span> <span class='ocrx_word' id='word_1_122' title='bbox 1088 1858 1309 1916; x_wconf 83' lang='lat' dir='ltr'>honore,</span> 
     </span>
    </p>
   </div>
   <div class='ocr_carea' id='block_1_20' title="bbox 154 1920 1453 1983">
    <p class='ocr_par' dir='ltr' id='par_1_20' title="bbox 154 1920 1453 1983">
     <span class='ocr_line' id='line_1_20' title="bbox 154 1920 1453 1983; baseline -0.002 -14"><span class='ocrx_word' id='word_1_123' title='bbox 154 1920 493 1970; x_wconf 81' lang='lat' dir='ltr'>Coustituens</span> <span class='ocrx_word' id='word_1_124' title='bbox 522 1920 682 1968; x_wconf 88' lang='lat' dir='ltr'>alium</span> <span class='ocrx_word' id='word_1_125' title='bbox 714 1920 934 1969; x_wconf 81' lang='lat' dir='ltr'>rectoris</span> <span class='ocrx_word' id='word_1_126' title='bbox 963 1920 1180 1969; x_wconf 84' lang='lat' dir='ltr'>nomine</span> <span class='ocrx_word' id='word_1_127' title='bbox 1211 1921 1453 1983; x_wconf 81' lang='lat' dir='ltr'>dignum.</span> 
     </span>
    </p>
   </div>
   <div class='ocr_carea' id='block_1_21' title="bbox 97 2016 1745 2089">
    <p class='ocr_par' dir='ltr' id='par_1_21' title="bbox 97 2016 1745 2089">
     <span class='ocr_line' id='line_1_21' title="bbox 97 2016 1745 2089; baseline 0.001 -17"><span class='ocrx_word' id='word_1_128' title='bbox 97 2017 173 2073; x_wconf 89' lang='lat' dir='ltr'>De</span> <span class='ocrx_word' id='word_1_129' title='bbox 201 2017 670 2073; x_wconf 85' lang='lat' dir='ltr'>exauctoratione</span> <span class='ocrx_word' id='word_1_130' title='bbox 691 2016 935 2073; x_wconf 87' lang='lat' dir='ltr'>Joannis</span> <span class='ocrx_word' id='word_1_131' title='bbox 957 2017 1056 2072; x_wconf 78' lang='lat' dir='ltr'>XII</span> <span class='ocrx_word' id='word_1_132' title='bbox 1084 2017 1194 2089; x_wconf 84' lang='lat' dir='ltr'>legi</span> <span class='ocrx_word' id='word_1_133' title='bbox 1233 2022 1532 2072; x_wconf 77' lang='lat' dir='ltr'>merentur</span> <span class='ocrx_word' id='word_1_134' title='bbox 1555 2019 1745 2073; x_wconf 80' lang='lat' dir='ltr'>Theo-</span> 
     </span>
    </p>
   </div>
   <div class='ocr_carea' id='block_1_22' title="bbox 97 2106 1742 2173">
    <p class='ocr_par' dir='ltr' id='par_1_22' title="bbox 97 2106 1742 2173">
     <span class='ocr_line' id='line_1_22' title="bbox 97 2106 1742 2173; baseline 0.001 -13"><span class='ocrx_word' id='word_1_135' title='bbox 97 2107 320 2161; x_wconf 90' lang='lat' dir='ltr'>dericus</span> <span class='ocrx_word' id='word_1_136' title='bbox 343 2107 417 2161; x_wconf 89' lang='lat' dir='ltr'>de</span> <span class='ocrx_word' id='word_1_137' title='bbox 445 2106 715 2173; x_wconf 84' lang='lat' dir='ltr'>Niem,et</span> <span class='ocrx_word' id='word_1_138' title='bbox 756 2123 824 2161; x_wconf 81' lang='lat' dir='ltr'>ex</span> <span class='ocrx_word' id='word_1_139' title='bbox 859 2123 924 2160; x_wconf 87' lang='lat' dir='ltr'>eo</span> <span class='ocrx_word' id='word_1_140' title='bbox 967 2106 1317 2161; x_wconf 85' lang='lat' dir='ltr'>Meibomius</span> <span class='ocrx_word' id='word_1_141' title='bbox 1359 2107 1417 2160; x_wconf 93' lang='lat' dir='ltr'>in</span> <span class='ocrx_word' id='word_1_142' title='bbox 1470 2107 1622 2161; x_wconf 88' lang='lat' dir='ltr'>notis</span> <span class='ocrx_word' id='word_1_143' title='bbox 1673 2108 1742 2161; x_wconf 86' lang='lat' dir='ltr'>ad</span> 
     </span>
    </p>
   </div>
   <div class='ocr_carea' id='block_1_23' title="bbox 100 2195 1742 2261">
    <p class='ocr_par' dir='ltr' id='par_1_23' title="bbox 100 2195 1742 2261">
     <span class='ocr_line' id='line_1_23' title="bbox 100 2195 1742 2261; baseline -0.001 -11"><span class='ocrx_word' id='word_1_144' title='bbox 100 2195 490 2261; x_wconf 86' lang='lat' dir='ltr'>Roswitham;</span> <span class='ocrx_word' id='word_1_145' title='bbox 534 2199 660 2249; x_wconf 90' lang='lat' dir='ltr'>tum</span> <span class='ocrx_word' id='word_1_146' title='bbox 711 2196 968 2251; x_wconf 88' lang='lat' dir='ltr'>Joannes</span> <span class='ocrx_word' id='word_1_147' title='bbox 1022 2196 1303 2250; x_wconf 79' lang='lat' dir='ltr'>Henricus</span> <span class='ocrx_word' id='word_1_148' title='bbox 1351 2195 1641 2250; x_wconf 76' lang='lat' dir='ltr'>llceclerus</span> <span class='ocrx_word' id='word_1_149' title='bbox 1685 2195 1742 2249; x_wconf 90' lang='lat' dir='ltr'>in</span> 
     </span>
    </p>
   </div>
   <div class='ocr_carea' id='block_1_24' title="bbox 99 2284 1741 2351">
    <p class='ocr_par' dir='ltr' id='par_1_24' title="bbox 99 2284 1741 2351">
     <span class='ocr_line' id='line_1_24' title="bbox 99 2284 1741 2351; baseline 0.001 -13"><span class='ocrx_word' id='word_1_150' title='bbox 99 2284 516 2339; x_wconf 82' lang='lat' dir='ltr'>commentario</span> <span class='ocrx_word' id='word_1_151' title='bbox 539 2284 618 2338; x_wconf 88' lang='lat' dir='ltr'>De</span> <span class='ocrx_word' id='word_1_152' title='bbox 641 2284 815 2338; x_wconf 82' lang='lat' dir='ltr'>rebus</span> <span class='ocrx_word' id='word_1_153' title='bbox 838 2284 1031 2339; x_wconf 75' lang='lat' dir='ltr'>saeculi</span> <span class='ocrx_word' id='word_1_154' title='bbox 1056 2302 1088 2339; x_wconf 88' lang='lat' dir='ltr'>a</span> <span class='ocrx_word' id='word_1_155' title='bbox 1110 2284 1336 2339; x_wconf 89' lang='lat' dir='ltr'>Christo</span> <span class='ocrx_word' id='word_1_156' title='bbox 1378 2290 1512 2339; x_wconf 89' lang='lat' dir='ltr'>nato</span> <span class='ocrx_word' id='word_1_157' title='bbox 1535 2302 1589 2339; x_wconf 79' lang='lat' dir='ltr'>rx</span> <span class='ocrx_word' id='word_1_158' title='bbox 1613 2290 1667 2340; x_wconf 88' lang='lat' dir='ltr'>et</span> <span class='ocrx_word' id='word_1_159' title='bbox 1688 2302 1741 2351; x_wconf 84' lang='lat' dir='ltr'>x,</span> 
     </span>
    </p>
   </div>
   <div class='ocr_carea' id='block_1_25' title="bbox 96 2373 1746 2445">
    <p class='ocr_par' dir='ltr' id='par_1_25' title="bbox 96 2373 1746 2445">
     <span class='ocr_line' id='line_1_25' title="bbox 96 2373 1746 2445; baseline 0.001 -18"><span class='ocrx_word' id='word_1_160' title='bbox 96 2377 145 2427; x_wconf 89' lang='lat' dir='ltr'>et</span> <span class='ocrx_word' id='word_1_161' title='bbox 165 2373 471 2445; x_wconf 88' lang='lat' dir='ltr'>speciatim</span> <span class='ocrx_word' id='word_1_162' title='bbox 492 2373 551 2428; x_wconf 88' lang='lat' dir='ltr'>in</span> <span class='ocrx_word' id='word_1_163' title='bbox 575 2373 811 2439; x_wconf 89' lang='lat' dir='ltr'>Ottone;</span> <span class='ocrx_word' id='word_1_164' title='bbox 834 2373 1090 2429; x_wconf 79' lang='lat' dir='ltr'>Joannes</span> <span class='ocrx_word' id='word_1_165' title='bbox 1107 2373 1407 2428; x_wconf 86' lang='lat' dir='ltr'>Conradus</span> <span class='ocrx_word' id='word_1_166' title='bbox 1426 2374 1746 2429; x_wconf 88' lang='lat' dir='ltr'>Dietericus</span> 
     </span>
    </p>
   </div>
   <div class='ocr_carea' id='block_1_26' title="bbox 96 2461 1745 2535">
    <p class='ocr_par' dir='ltr' id='par_1_26' title="bbox 96 2461 1745 2535">
     <span class='ocr_line' id='line_1_26' title="bbox 96 2461 1745 2535; baseline 0.001 -20"><span class='ocrx_word' id='word_1_167' title='bbox 96 2461 149 2518; x_wconf 89' lang='lat' dir='ltr'>in</span> <span class='ocrx_word' id='word_1_168' title='bbox 173 2462 430 2517; x_wconf 81' lang='lat' dir='ltr'>Historia</span> <span class='ocrx_word' id='word_1_169' title='bbox 446 2462 676 2517; x_wconf 89' lang='lat' dir='ltr'>Ottonis</span> <span class='ocrx_word' id='word_1_170' title='bbox 702 2462 925 2533; x_wconf 81' lang='lat' dir='ltr'>Magni;</span> <span class='ocrx_word' id='word_1_171' title='bbox 950 2463 1319 2517; x_wconf 87' lang='lat' dir='ltr'>Hermannus</span> <span class='ocrx_word' id='word_1_172' title='bbox 1336 2463 1643 2535; x_wconf 88' lang='lat' dir='ltr'>Coringius</span> <span class='ocrx_word' id='word_1_173' title='bbox 1666 2465 1745 2517; x_wconf 90' lang='lat' dir='ltr'>De</span> 
     </span>
    </p>
   </div>
   <div class='ocr_carea' id='block_1_27' title="bbox 99 2551 1745 2623">
    <p class='ocr_par' dir='ltr' id='par_1_27' title="bbox 99 2551 1745 2623">
     <span class='ocr_line' id='line_1_27' title="bbox 99 2551 1745 2623; baseline 0.001 -19"><span class='ocrx_word' id='word_1_174' title='bbox 99 2551 304 2606; x_wconf 83' lang='lat' dir='ltr'>ﬁnibus</span> <span class='ocrx_word' id='word_1_175' title='bbox 352 2551 610 2623; x_wconf 84' lang='lat' dir='ltr'>imperii.</span> <span class='ocrx_word' id='word_1_176' title='bbox 637 2554 770 2617; x_wconf 69' lang='lat' dir='ltr'>Qum</span> <span class='ocrx_word' id='word_1_177' title='bbox 816 2552 1072 2606; x_wconf 87' lang='lat' dir='ltr'>Joannes</span> <span class='ocrx_word' id='word_1_178' title='bbox 1121 2551 1417 2607; x_wconf 86' lang='lat' dir='ltr'>Launoins</span> <span class='ocrx_word' id='word_1_179' title='bbox 1450 2569 1478 2606; x_wconf 91' lang='lat' dir='ltr'>e</span> <span class='ocrx_word' id='word_1_180' title='bbox 1510 2552 1745 2606; x_wconf 84' lang='lat' dir='ltr'>nomine</span> 
     </span>
    </p>
   </div>
   <div class='ocr_carea' id='block_1_28' title="bbox 101 2639 1742 2711">
    <p class='ocr_par' dir='ltr' id='par_1_28' title="bbox 101 2639 1742 2711">
     <span class='ocr_line' id='line_1_28' title="bbox 101 2639 1742 2711; baseline -0.001 -16"><span class='ocrx_word' id='word_1_181' title='bbox 101 2644 289 2695; x_wconf 89' lang='lat' dir='ltr'>contra</span> <span class='ocrx_word' id='word_1_182' title='bbox 308 2640 628 2695; x_wconf 87' lang='lat' dir='ltr'>Baronium</span> <span class='ocrx_word' id='word_1_183' title='bbox 653 2640 842 2707; x_wconf 73' lang='lat' dir='ltr'>affert,</span> <span class='ocrx_word' id='word_1_184' title='bbox 863 2639 975 2711; x_wconf 85' lang='lat' dir='ltr'>legi</span> <span class='ocrx_word' id='word_1_185' title='bbox 1000 2646 1247 2711; x_wconf 86' lang='lat' dir='ltr'>possunt</span> <span class='ocrx_word' id='word_1_186' title='bbox 1270 2641 1327 2694; x_wconf 92' lang='lat' dir='ltr'>in</span> <span class='ocrx_word' id='word_1_187' title='bbox 1364 2642 1493 2709; x_wconf 85' lang='lat' dir='ltr'>ejus</span> <span class='ocrx_word' id='word_1_188' title='bbox 1523 2642 1742 2711; x_wconf 90' lang='lat' dir='ltr'>cpisto-</span> 
     </span>
    </p>
   </div>
   <div class='ocr_carea' id='block_1_29' title="bbox 100 2727 1740 2801">
    <p class='ocr_par' dir='ltr' id='par_1_29' title="bbox 100 2727 1740 2801">
     <span class='ocr_line' id='line_1_29' title="bbox 100 2727 1740 2801; baseline 0.001 -19"><span class='ocrx_word' id='word_1_189' title='bbox 100 2728 185 2795; x_wconf 90' lang='lat' dir='ltr'>lis,</span> <span class='ocrx_word' id='word_1_190' title='bbox 217 2733 363 2801; x_wconf 90' lang='lat' dir='ltr'>part.</span> <span class='ocrx_word' id='word_1_191' title='bbox 397 2746 480 2796; x_wconf 82' lang='lat' dir='ltr'>IV,</span> <span class='ocrx_word' id='word_1_192' title='bbox 512 2727 760 2799; x_wconf 89' lang='lat' dir='ltr'>epistola</span> <span class='ocrx_word' id='word_1_193' title='bbox 794 2730 843 2795; x_wconf 96' lang='lat'><strong>1,</strong></span> <span class='ocrx_word' id='word_1_194' title='bbox 878 2729 949 2783; x_wconf 90' lang='lat' dir='ltr'>ad</span> <span class='ocrx_word' id='word_1_195' title='bbox 996 2729 1351 2783; x_wconf 89' lang='lat' dir='ltr'>Ludovicum</span> <span class='ocrx_word' id='word_1_196' title='bbox 1388 2730 1740 2795; x_wconf 65' lang='lat' dir='ltr'>Martesium,</span> 
     </span>
    </p>
   </div>
   <div class='ocr_carea' id='block_1_30' title="bbox 102 2816 1741 2890">
    <p class='ocr_par' dir='ltr' id='par_1_30' title="bbox 102 2816 1741 2890">
     <span class='ocr_line' id='line_1_30' title="bbox 102 2816 1741 2890; baseline 0.001 -20"><span class='ocrx_word' id='word_1_197' title='bbox 102 2816 427 2890; x_wconf 85' lang='lat' dir='ltr'>theologum</span> <span class='ocrx_word' id='word_1_198' title='bbox 498 2816 920 2882; x_wconf 88' lang='lat' dir='ltr'>Parisiensem,</span> <span class='ocrx_word' id='word_1_199' title='bbox 997 2818 1234 2889; x_wconf 88' lang='lat' dir='ltr'>scripta.</span> <span class='ocrx_word' id='word_1_200' title='bbox 1296 2818 1497 2872; x_wconf 86' lang='lat' dir='ltr'>Tradit</span> <span class='ocrx_word' id='word_1_201' title='bbox 1568 2818 1741 2873; x_wconf 89' lang='lat' dir='ltr'>etiam</span> 
     </span>
    </p>
   </div>
   <div class='ocr_carea' id='block_1_31' title="bbox 104 2904 1743 2978">
    <p class='ocr_par' dir='ltr' id='par_1_31' title="bbox 104 2904 1743 2978">
     <span class='ocr_line' id='line_1_31' title="bbox 104 2904 1743 2978; baseline -0.001 -17"><span class='ocrx_word' id='word_1_202' title='bbox 104 2904 360 2978; x_wconf 85' lang='lat' dir='ltr'>religiosa</span> <span class='ocrx_word' id='word_1_203' title='bbox 381 2906 659 2962; x_wconf 81' lang='lat' dir='ltr'>sacerdos</span> <span class='ocrx_word' id='word_1_204' title='bbox 679 2904 849 2977; x_wconf 86' lang='lat' dir='ltr'>plura</span> <span class='ocrx_word' id='word_1_205' title='bbox 864 2906 935 2960; x_wconf 89' lang='lat' dir='ltr'>de</span> <span class='ocrx_word' id='word_1_206' title='bbox 954 2905 1278 2977; x_wconf 89' lang='lat' dir='ltr'>Ludolpho,</span> <span class='ocrx_word' id='word_1_207' title='bbox 1296 2906 1524 2962; x_wconf 89' lang='lat' dir='ltr'>Ottonis</span> <span class='ocrx_word' id='word_1_208' title='bbox 1547 2906 1743 2977; x_wconf 83' lang='lat' dir='ltr'>Magni</span> 
     </span>
    </p>
   </div>
   <div class='ocr_carea' id='block_1_32' title="bbox 106 2994 1743 3067">
    <p class='ocr_par' dir='ltr' id='par_1_32' title="bbox 106 2994 1743 3067">
     <span class='ocr_line' id='line_1_32' title="bbox 106 2994 1743 3067; baseline 0.002 -20"><span class='ocrx_word' id='word_1_209' title='bbox 106 2994 233 3063; x_wconf 78' lang='lat' dir='ltr'>tilio,</span> <span class='ocrx_word' id='word_1_210' title='bbox 269 2996 417 3050; x_wconf 86' lang='lat' dir='ltr'>scitu</span> <span class='ocrx_word' id='word_1_211' title='bbox 464 2994 662 3067; x_wconf 89' lang='lat' dir='ltr'>digna,</span> <span class='ocrx_word' id='word_1_212' title='bbox 697 2994 922 3065; x_wconf 89' lang='lat' dir='ltr'>hocque</span> <span class='ocrx_word' id='word_1_213' title='bbox 972 2996 1161 3066; x_wconf 89' lang='lat' dir='ltr'>magis</span> <span class='ocrx_word' id='word_1_214' title='bbox 1212 2995 1592 3060; x_wconf 89' lang='lat' dir='ltr'>observanda,</span> <span class='ocrx_word' id='word_1_215' title='bbox 1628 3011 1743 3066; x_wconf 91' lang='lat' dir='ltr'>quo</span> 
     </span>
    </p>
   </div>
   <div class='ocr_carea' id='block_1_33' title="bbox 103 3081 1741 3155">
    <p class='ocr_par' dir='ltr' id='par_1_33' title="bbox 103 3081 1741 3155">
     <span class='ocr_line' id='line_1_33' title="bbox 103 3081 1741 3155; baseline 0.001 -18"><span class='ocrx_word' id='word_1_216' title='bbox 103 3081 224 3153; x_wconf 78' lang='lat' dir='ltr'>plus</span> <span class='ocrx_word' id='word_1_217' title='bbox 256 3083 679 3155; x_wconf 71' lang='lat' dir='ltr'>a&#39;reliquorum</span> <span class='ocrx_word' id='word_1_218' title='bbox 716 3083 1069 3155; x_wconf 89' lang='lat' dir='ltr'>scriptorum</span> <span class='ocrx_word' id='word_1_219' title='bbox 1101 3083 1214 3138; x_wconf 85' lang='lat' dir='ltr'>fide</span> <span class='ocrx_word' id='word_1_220' title='bbox 1247 3084 1544 3139; x_wconf 87' lang='lat' dir='ltr'>recedunt.</span> <span class='ocrx_word' id='word_1_221' title='bbox 1573 3085 1741 3151; x_wconf 87' lang='lat' dir='ltr'>Nam,</span> 
     </span>
    </p>
   </div>
   <div class='ocr_carea' id='block_1_34' title="bbox 106 3170 1742 3243">
    <p class='ocr_par' dir='ltr' id='par_1_34' title="bbox 106 3170 1742 3243">
     <span class='ocr_line' id='line_1_34' title="bbox 106 3170 1742 3243; baseline 0.002 -19"><span class='ocrx_word' id='word_1_222' title='bbox 106 3186 220 3241; x_wconf 69' lang='lat' dir='ltr'>qua:</span> <span class='ocrx_word' id='word_1_223' title='bbox 251 3173 319 3227; x_wconf 88' lang='lat' dir='ltr'>de</span> <span class='ocrx_word' id='word_1_224' title='bbox 360 3171 611 3227; x_wconf 89' lang='lat' dir='ltr'>dissidio</span> <span class='ocrx_word' id='word_1_225' title='bbox 652 3170 825 3240; x_wconf 84' lang='lat' dir='ltr'>civili,</span> <span class='ocrx_word' id='word_1_226' title='bbox 859 3176 1092 3227; x_wconf 88' lang='lat' dir='ltr'>auctore</span> <span class='ocrx_word' id='word_1_227' title='bbox 1140 3172 1443 3243; x_wconf 89' lang='lat' dir='ltr'>Ludolpbo</span> <span class='ocrx_word' id='word_1_228' title='bbox 1475 3172 1742 3239; x_wconf 79' lang='lat' dir='ltr'>excitato,</span> 
     </span>
    </p>
   </div>
   <div class='ocr_carea' id='block_1_35' title="bbox 103 3260 1745 3332">
    <p class='ocr_par' dir='ltr' id='par_1_35' title="bbox 103 3260 1745 3332">
     <span class='ocr_line' id='line_1_35' title="bbox 103 3260 1745 3332; baseline 0.001 -18"><span class='ocrx_word' id='word_1_229' title='bbox 103 3264 629 3317; x_wconf 85' lang='lat' dir='ltr'>commemorantur</span> <span class='ocrx_word' id='word_1_230' title='bbox 657 3260 716 3315; x_wconf 92' lang='lat' dir='ltr'>in</span> <span class='ocrx_word' id='word_1_231' title='bbox 760 3260 1169 3332; x_wconf 85' lang='lat' dir='ltr'>supplemento</span> <span class='ocrx_word' id='word_1_232' title='bbox 1204 3260 1543 3331; x_wconf 84' lang='lat' dir='ltr'>Reginonis,</span> <span class='ocrx_word' id='word_1_233' title='bbox 1576 3260 1745 3331; x_wconf 75' lang='lat' dir='ltr'>plene</span> 
     </span>
    </p>
   </div>
   <div class='ocr_carea' id='block_1_36' title="bbox 103 3346 1747 3405">
    <p class='ocr_par' dir='ltr' id='par_1_36' title="bbox 103 3346 1747 3405">
     <span class='ocr_line' id='line_1_36' title="bbox 103 3346 1747 3405; baseline 0.001 -3"><span class='ocrx_word' id='word_1_234' title='bbox 103 3364 225 3403; x_wconf 88' lang='lat' dir='ltr'>cum</span> <span class='ocrx_word' id='word_1_235' title='bbox 258 3346 597 3405; x_wconf 85' lang='lat' dir='ltr'>narratione</span> <span class='ocrx_word' id='word_1_236' title='bbox 630 3349 949 3404; x_wconf 76' lang='lat' dir='ltr'>Roswithze</span> <span class='ocrx_word' id='word_1_237' title='bbox 1000 3366 1116 3403; x_wconf 92' lang='lat' dir='ltr'>non</span> <span class='ocrx_word' id='word_1_238' title='bbox 1166 3349 1539 3404; x_wconf 89' lang='lat' dir='ltr'>conveniunt.</span> <span class='ocrx_word' id='word_1_239' title='bbox 1578 3350 1747 3404; x_wconf 85' lang='lat' dir='ltr'>Putat</span> 
     </span>
    </p>
   </div>
   <div class='ocr_carea' id='block_1_37' title="bbox 101 3437 1744 3513">
    <p class='ocr_par' dir='ltr' id='par_1_37' title="bbox 101 3437 1744 3513">
     <span class='ocr_line' id='line_1_37' title="bbox 101 3437 1744 3513; baseline 0.002 -24"><span class='ocrx_word' id='word_1_240' title='bbox 101 3439 283 3493; x_wconf 75' lang='lat' dir='ltr'>tarnen</span> <span class='ocrx_word' id='word_1_241' title='bbox 312 3438 405 3493; x_wconf 88' lang='lat' dir='ltr'>hic</span> <span class='ocrx_word' id='word_1_242' title='bbox 450 3437 764 3506; x_wconf 74' lang='lat' dir='ltr'>Bmclerus,</span> <span class='ocrx_word' id='word_1_243' title='bbox 798 3438 947 3513; x_wconf 73' lang='lat' dir='ltr'>hanc</span> <span class='ocrx_word' id='word_1_244' title='bbox 980 3438 1298 3492; x_wconf 68' lang='lat' dir='ltr'>lloswitha:</span> <span class='ocrx_word' id='word_1_245' title='bbox 1350 3440 1744 3493; x_wconf 88' lang='lat' dir='ltr'>narrationem</span> 
     </span>
    </p>
   </div>
   <div class='ocr_carea' id='block_1_38' title="bbox 107 3524 1749 3598">
    <p class='ocr_par' dir='ltr' id='par_1_38' title="bbox 107 3524 1749 3598">
     <span class='ocr_line' id='line_1_38' title="bbox 107 3524 1749 3598; baseline 0.002 -20"><span class='ocrx_word' id='word_1_246' title='bbox 107 3524 161 3579; x_wconf 90' lang='lat' dir='ltr'>in</span> <span class='ocrx_word' id='word_1_247' title='bbox 176 3525 305 3582; x_wconf 65' lang='lat' dir='ltr'>’Vita</span> <span class='ocrx_word' id='word_1_248' title='bbox 332 3526 569 3582; x_wconf 88' lang='lat' dir='ltr'>Ottonis</span> <span class='ocrx_word' id='word_1_249' title='bbox 593 3526 786 3597; x_wconf 85' lang='lat' dir='ltr'>Magni</span> <span class='ocrx_word' id='word_1_250' title='bbox 810 3544 1018 3598; x_wconf 90' lang='lat' dir='ltr'>parum</span> <span class='ocrx_word' id='word_1_251' title='bbox 1052 3544 1180 3582; x_wconf 87' lang='lat' dir='ltr'>esse</span> <span class='ocrx_word' id='word_1_252' title='bbox 1203 3527 1510 3596; x_wconf 85' lang='lat' dir='ltr'>sinceram,</span> <span class='ocrx_word' id='word_1_253' title='bbox 1538 3532 1749 3582; x_wconf 90' lang='lat' dir='ltr'>etcum</span> 
     </span>
    </p>
   </div>
   <div class='ocr_carea' id='block_1_39' title="bbox 109 3612 1154 3686">
    <p class='ocr_par' dir='ltr' id='par_1_39' title="bbox 109 3612 1154 3686">
     <span class='ocr_line' id='line_1_39' title="bbox 109 3612 1154 3686; baseline 0.002 -19"><span class='ocrx_word' id='word_1_254' title='bbox 109 3612 471 3671; x_wconf 85' lang='lat' dir='ltr'>simulatione</span> <span class='ocrx_word' id='word_1_255' title='bbox 503 3615 758 3686; x_wconf 85' lang='lat' dir='ltr'>quadam</span> <span class='ocrx_word' id='word_1_256' title='bbox 790 3616 1154 3686; x_wconf 89' lang='lat' dir='ltr'>permistam.</span> 
     </span>
    </p>
   </div>
   <div class='ocr_carea' id='block_1_40' title="bbox 172 3702 1745 3775">
    <p class='ocr_par' dir='ltr' id='par_1_40' title="bbox 172 3702 1745 3775">
     <span class='ocr_line' id='line_1_40' title="bbox 172 3702 1745 3775; baseline 0.001 -18"><span class='ocrx_word' id='word_1_257' title='bbox 172 3702 239 3758; x_wconf 92' lang='lat' dir='ltr'>Ut</span> <span class='ocrx_word' id='word_1_258' title='bbox 258 3720 413 3760; x_wconf 89' lang='lat' dir='ltr'>nunc</span> <span class='ocrx_word' id='word_1_259' title='bbox 435 3703 618 3760; x_wconf 86' lang='lat' dir='ltr'>etiam</span> <span class='ocrx_word' id='word_1_260' title='bbox 642 3708 949 3759; x_wconf 90' lang='lat' dir='ltr'>auctorum</span> <span class='ocrx_word' id='word_1_261' title='bbox 975 3704 1326 3760; x_wconf 88' lang='lat' dir='ltr'>testimoniis</span> <span class='ocrx_word' id='word_1_262' title='bbox 1349 3706 1745 3775; x_wconf 81' lang='lat' dir='ltr'>comprobem,</span> 
     </span>
    </p>
   </div>
   <div class='ocr_carea' id='block_1_41' title="bbox 107 3790 1748 3863">
    <p class='ocr_par' dir='ltr' id='par_1_41' title="bbox 107 3790 1748 3863">
     <span class='ocr_line' id='line_1_41' title="bbox 107 3790 1748 3863; baseline 0.003 -20"><span class='ocrx_word' id='word_1_263' title='bbox 107 3790 377 3863; x_wconf 84' lang='lat' dir='ltr'>virginem</span> <span class='ocrx_word' id='word_1_264' title='bbox 420 3792 791 3849; x_wconf 83' lang='lat' dir='ltr'>Roswitham</span> <span class='ocrx_word' id='word_1_265' title='bbox 837 3794 1223 3860; x_wconf 89' lang='lat' dir='ltr'>sacerdotem,</span> <span class='ocrx_word' id='word_1_266' title='bbox 1258 3798 1315 3848; x_wconf 91' lang='lat' dir='ltr'>et</span> <span class='ocrx_word' id='word_1_267' title='bbox 1355 3794 1648 3849; x_wconf 87' lang='lat' dir='ltr'>natalibus</span> <span class='ocrx_word' id='word_1_268' title='bbox 1682 3795 1748 3848; x_wconf 86' lang='lat' dir='ltr'>il-</span> 
     </span>
    </p>
   </div>
   <div class='ocr_carea' id='block_1_42' title="bbox 109 3876 1751 3953">
    <p class='ocr_par' dir='ltr' id='par_1_42' title="bbox 109 3876 1751 3953">
     <span class='ocr_line' id='line_1_42' title="bbox 109 3876 1751 3953; baseline 0.004 -21"><span class='ocrx_word' id='word_1_269' title='bbox 109 3876 360 3949; x_wconf 88' lang='lat' dir='ltr'>lustrem,</span> <span class='ocrx_word' id='word_1_270' title='bbox 403 3882 641 3937; x_wconf 88' lang='lat' dir='ltr'>natione</span> <span class='ocrx_word' id='word_1_271' title='bbox 690 3882 1096 3937; x_wconf 88' lang='lat' dir='ltr'>Germanicam</span> <span class='ocrx_word' id='word_1_272' title='bbox 1144 3888 1202 3936; x_wconf 89' lang='lat' dir='ltr'>et</span> <span class='ocrx_word' id='word_1_273' title='bbox 1250 3888 1421 3953; x_wconf 88' lang='lat' dir='ltr'>gente</span> <span class='ocrx_word' id='word_1_274' title='bbox 1468 3883 1751 3938; x_wconf 80' lang='lat' dir='ltr'>Saxonica</span> 
     </span>
    </p>
   </div>
   <div class='ocr_carea' id='block_1_43' title="bbox 110 3970 1750 4041">
    <p class='ocr_par' dir='ltr' id='par_1_43' title="bbox 110 3970 1750 4041">
     <span class='ocr_line' id='line_1_43' title="bbox 110 3970 1750 4041; baseline 0.001 -18"><span class='ocrx_word' id='word_1_275' title='bbox 110 3973 462 4041; x_wconf 72' lang='lat' dir='ltr'>prognatam,</span> <span class='ocrx_word' id='word_1_276' title='bbox 498 3985 529 4024; x_wconf 89' lang='lat' dir='ltr'>e</span> <span class='ocrx_word' id='word_1_277' title='bbox 562 3987 621 4025; x_wconf 91' lang='lat' dir='ltr'>re</span> <span class='ocrx_word' id='word_1_278' title='bbox 672 3988 803 4025; x_wconf 88' lang='lat' dir='ltr'>mea</span> <span class='ocrx_word' id='word_1_279' title='bbox 841 3988 967 4025; x_wconf 88' lang='lat' dir='ltr'>esse</span> <span class='ocrx_word' id='word_1_280' title='bbox 1000 3971 1218 4041; x_wconf 84' lang='lat' dir='ltr'>putavi.</span> <span class='ocrx_word' id='word_1_281' title='bbox 1245 3971 1436 4026; x_wconf 89' lang='lat' dir='ltr'>Primo</span> <span class='ocrx_word' id='word_1_282' title='bbox 1486 3971 1642 4025; x_wconf 89' lang='lat' dir='ltr'>enim</span> <span class='ocrx_word' id='word_1_283' title='bbox 1692 3970 1750 4025; x_wconf 89' lang='lat' dir='ltr'>id</span> 
     </span>
    </p>
   </div>
   <div class='ocr_carea' id='block_1_44' title="bbox 109 4053 1754 4131">
    <p class='ocr_par' dir='ltr' id='par_1_44' title="bbox 109 4053 1754 4131">
     <span class='ocr_line' id='line_1_44' title="bbox 109 4053 1754 4131; baseline 0.004 -23"><span class='ocrx_word' id='word_1_284' title='bbox 109 4053 315 4113; x_wconf 89' lang='lat' dir='ltr'>indicat</span> <span class='ocrx_word' id='word_1_285' title='bbox 334 4059 777 4115; x_wconf 88' lang='lat' dir='ltr'>vetustissimus</span> <span class='ocrx_word' id='word_1_286' title='bbox 802 4060 1117 4115; x_wconf 73' lang='lat' dir='ltr'>Roswithze</span> <span class='ocrx_word' id='word_1_287' title='bbox 1139 4077 1383 4131; x_wconf 89' lang='lat' dir='ltr'>operum</span> <span class='ocrx_word' id='word_1_288' title='bbox 1413 4061 1610 4126; x_wconf 79' lang='lat' dir='ltr'>codex,</span> <span class='ocrx_word' id='word_1_289' title='bbox 1638 4077 1754 4114; x_wconf 90' lang='lat' dir='ltr'>ma-</span> 
     </span>
    </p>
   </div>
   <div class='ocr_carea' id='block_1_45' title="bbox 109 4146 1752 4219">
    <p class='ocr_par' dir='ltr' id='par_1_45' title="bbox 109 4146 1752 4219">
     <span class='ocr_line' id='line_1_45' title="bbox 109 4146 1752 4219; baseline 0.004 -23"><span class='ocrx_word' id='word_1_290' title='bbox 109 4158 178 4198; x_wconf 92' lang='lat' dir='ltr'>nu</span> <span class='ocrx_word' id='word_1_291' title='bbox 208 4146 471 4202; x_wconf 84' lang='lat' dir='ltr'>mulieris</span> <span class='ocrx_word' id='word_1_292' title='bbox 500 4147 889 4219; x_wconf 89' lang='lat' dir='ltr'>conscriptus,</span> <span class='ocrx_word' id='word_1_293' title='bbox 914 4164 1046 4202; x_wconf 88' lang='lat' dir='ltr'>cum</span> <span class='ocrx_word' id='word_1_294' title='bbox 1076 4148 1256 4219; x_wconf 89' lang='lat' dir='ltr'>hujus</span> <span class='ocrx_word' id='word_1_295' title='bbox 1284 4148 1493 4204; x_wconf 89' lang='lat' dir='ltr'>titulus</span> <span class='ocrx_word' id='word_1_296' title='bbox 1518 4149 1752 4203; x_wconf 78' lang='lat' dir='ltr'>Roswi-</span> 
     </span>
    </p>
   </div>
   <div class='ocr_carea' id='block_1_46' title="bbox 109 4231 1750 4308">
    <p class='ocr_par' dir='ltr' id='par_1_46' title="bbox 109 4231 1750 4308">
     <span class='ocr_line' id='line_1_46' title="bbox 109 4231 1750 4308; baseline 0.004 -24"><span class='ocrx_word' id='word_1_297' title='bbox 109 4231 257 4289; x_wconf 87' lang='lat' dir='ltr'>tham</span> <span class='ocrx_word' id='word_1_298' title='bbox 292 4238 615 4291; x_wconf 82' lang='lat' dir='ltr'>nostratem</span> <span class='ocrx_word' id='word_1_299' title='bbox 644 4236 932 4308; x_wconf 84' lang='lat' dir='ltr'>virginem</span> <span class='ocrx_word' id='word_1_300' title='bbox 967 4236 1283 4292; x_wconf 88' lang='lat' dir='ltr'>monialem</span> <span class='ocrx_word' id='word_1_301' title='bbox 1317 4236 1750 4303; x_wconf 87' lang='lat' dir='ltr'>Germanicam,</span> 
     </span>
    </p>
   </div>
   <div class='ocr_carea' id='block_1_47' title="bbox 111 4324 1753 4395">
    <p class='ocr_par' dir='ltr' id='par_1_47' title="bbox 111 4324 1753 4395">
     <span class='ocr_line' id='line_1_47' title="bbox 111 4324 1753 4395; baseline 0.002 -20"><span class='ocrx_word' id='word_1_302' title='bbox 111 4327 269 4391; x_wconf 86' lang='lat' dir='ltr'>gente</span> <span class='ocrx_word' id='word_1_303' title='bbox 307 4324 681 4390; x_wconf 83' lang='lat' dir='ltr'>Saxonicam,</span> <span class='ocrx_word' id='word_1_304' title='bbox 719 4326 1001 4381; x_wconf 87' lang='lat' dir='ltr'>nominet.</span> <span class='ocrx_word' id='word_1_305' title='bbox 1029 4326 1328 4391; x_wconf 66' lang='lat' dir='ltr'>Praeterea,</span> <span class='ocrx_word' id='word_1_306' title='bbox 1364 4331 1575 4395; x_wconf 68' lang='lat' dir='ltr'>prmsto</span> <span class='ocrx_word' id='word_1_307' title='bbox 1609 4325 1753 4380; x_wconf 89' lang='lat' dir='ltr'>mihi</span> 
     </span>
    </p>
   </div>
   <div class='ocr_carea' id='block_1_48' title="bbox 112 4413 1752 4486">
    <p class='ocr_par' dir='ltr' id='par_1_48' title="bbox 112 4413 1752 4486">
     <span class='ocr_line' id='line_1_48' title="bbox 112 4413 1752 4486; baseline 0.002 -22"><span class='ocrx_word' id='word_1_308' title='bbox 112 4416 258 4477; x_wconf 85' lang='lat' dir='ltr'>sunt,</span> <span class='ocrx_word' id='word_1_309' title='bbox 282 4413 568 4470; x_wconf 87' lang='lat' dir='ltr'>Henricus</span> <span class='ocrx_word' id='word_1_310' title='bbox 600 4415 776 4482; x_wconf 91' lang='lat' dir='ltr'>Bodo,</span> <span class='ocrx_word' id='word_1_311' title='bbox 802 4415 1100 4486; x_wconf 89' lang='lat' dir='ltr'>quondam</span> <span class='ocrx_word' id='word_1_312' title='bbox 1141 4415 1199 4469; x_wconf 89' lang='lat' dir='ltr'>in</span> <span class='ocrx_word' id='word_1_313' title='bbox 1240 4414 1426 4469; x_wconf 69' lang='lat' dir='ltr'>Clusa:</span> <span class='ocrx_word' id='word_1_314' title='bbox 1470 4415 1752 4480; x_wconf 70' lang='lat' dir='ltr'>coenobio,</span> 
     </span>
    </p>
   </div>
   <div class='ocr_carea' id='block_1_49' title="bbox 113 4500 1754 4575">
    <p class='ocr_par' dir='ltr' id='par_1_49' title="bbox 113 4500 1754 4575">
     <span class='ocr_line' id='line_1_49' title="bbox 113 4500 1754 4575; baseline 0.003 -23"><span class='ocrx_word' id='word_1_315' title='bbox 113 4500 254 4568; x_wconf 90' lang='lat' dir='ltr'>quod</span> <span class='ocrx_word' id='word_1_316' title='bbox 279 4501 410 4558; x_wconf 83' lang='lat' dir='ltr'>fano</span> <span class='ocrx_word' id='word_1_317' title='bbox 435 4501 992 4558; x_wconf 86' lang='lat' dir='ltr'>Gandersheimensi</span> <span class='ocrx_word' id='word_1_318' title='bbox 1025 4503 1356 4575; x_wconf 83' lang='lat' dir='ltr'>proximum</span> <span class='ocrx_word' id='word_1_319' title='bbox 1403 4507 1512 4569; x_wconf 89' lang='lat' dir='ltr'>est,</span> <span class='ocrx_word' id='word_1_320' title='bbox 1548 4504 1754 4557; x_wconf 87' lang='lat' dir='ltr'>doctus</span> 
     </span>
    </p>
   </div>
   <div class='ocr_carea' id='block_1_50' title="bbox 114 4590 1754 4664">
    <p class='ocr_par' dir='ltr' id='par_1_50' title="bbox 114 4590 1754 4664">
     <span class='ocr_line' id='line_1_50' title="bbox 114 4590 1754 4664; baseline 0.001 -20"><span class='ocrx_word' id='word_1_321' title='bbox 114 4590 276 4658; x_wconf 71' lang='lat' dir='ltr'>atque</span> <span class='ocrx_word' id='word_1_322' title='bbox 296 4591 549 4664; x_wconf 79' lang='lat' dir='ltr'>diligens</span> <span class='ocrx_word' id='word_1_323' title='bbox 572 4591 918 4659; x_wconf 89' lang='lat' dir='ltr'>monachus,</span> <span class='ocrx_word' id='word_1_324' title='bbox 945 4592 1045 4663; x_wconf 86' lang='lat' dir='ltr'>qui</span> <span class='ocrx_word' id='word_1_325' title='bbox 1081 4591 1139 4645; x_wconf 92' lang='lat' dir='ltr'>in</span> <span class='ocrx_word' id='word_1_326' title='bbox 1163 4592 1435 4647; x_wconf 87' lang='lat' dir='ltr'>chronico</span> <span class='ocrx_word' id='word_1_327' title='bbox 1470 4609 1573 4647; x_wconf 89' lang='lat' dir='ltr'>suo</span> <span class='ocrx_word' id='word_1_328' title='bbox 1597 4592 1754 4647; x_wconf 88' lang='lat' dir='ltr'>Gan—</span> 
     </span>
    </p>
   </div>
   <div class='ocr_carea' id='block_1_51' title="bbox 1859 667 3511 743">
    <p class='ocr_par' dir='ltr' id='par_1_51' title="bbox 1859 667 3511 743">
     <span class='ocr_line' id='line_1_51' title="bbox 1859 667 3511 743; baseline 0.009 -25"><span class='ocrx_word' id='word_1_329' title='bbox 1859 667 2080 731; x_wconf 88' lang='lat' dir='ltr'>nobilis,</span> <span class='ocrx_word' id='word_1_330' title='bbox 2111 670 2169 721; x_wconf 57' lang='lat' dir='ltr'>in,</span> <span class='ocrx_word' id='word_1_331' title='bbox 2200 668 2404 725; x_wconf 77' lang='lat' dir='ltr'>divinis</span> <span class='ocrx_word' id='word_1_332' title='bbox 2435 672 2730 743; x_wconf 72' lang='lat' dir='ltr'>Srrtpturis</span> <span class='ocrx_word' id='word_1_333' title='bbox 2755 675 2921 728; x_wconf 84' lang='lat' dir='ltr'>simul</span> <span class='ocrx_word' id='word_1_334' title='bbox 2953 682 3003 728; x_wconf 89' lang='lat' dir='ltr'>et</span> <span class='ocrx_word' id='word_1_335' title='bbox 3046 676 3103 728; x_wconf 86' lang='lat' dir='ltr'>in</span> <span class='ocrx_word' id='word_1_336' title='bbox 3142 677 3511 733; x_wconf 56' lang='lat' dir='ltr'>sieeularibus</span> 
     </span>
    </p>
   </div>
   <div class='ocr_carea' id='block_1_52' title="bbox 1861 756 3517 827">
    <p class='ocr_par' dir='ltr' id='par_1_52' title="bbox 1861 756 3517 827">
     <span class='ocr_line' id='line_1_52' title="bbox 1861 756 3517 827; baseline 0.008 -18"><span class='ocrx_word' id='word_1_337' title='bbox 1861 756 2054 811; x_wconf 77' lang='lat' dir='ltr'>litteris</span> <span class='ocrx_word' id='word_1_338' title='bbox 2084 760 2503 827; x_wconf 48' lang='lat' dir='ltr'>stur/insissima,</span> <span class='ocrx_word' id='word_1_339' title='bbox 2537 770 2705 816; x_wconf 72' lang='lat' dir='ltr'>metro</span> <span class='ocrx_word' id='word_1_340' title='bbox 2736 765 2904 817; x_wconf 82' lang='lat' dir='ltr'>simul</span> <span class='ocrx_word' id='word_1_341' title='bbox 2942 764 3157 818; x_wconf 79' lang='lat' dir='ltr'>erzulila</span> <span class='ocrx_word' id='word_1_342' title='bbox 3194 767 3433 822; x_wconf 66' lang='lat' dir='ltr'>scribere</span> <span class='ocrx_word' id='word_1_343' title='bbox 3459 775 3517 823; x_wconf 82' lang='lat' dir='ltr'>et</span> 
     </span>
    </p>
   </div>
   <div class='ocr_carea' id='block_1_53' title="bbox 1856 842 3507 914">
    <p class='ocr_par' dir='ltr' id='par_1_53' title="bbox 1856 842 3507 914">
     <span class='ocr_line' id='line_1_53' title="bbox 1856 842 3507 914; baseline 0.008 -25"><span class='ocrx_word' id='word_1_344' title='bbox 1856 852 2036 906; x_wconf 80' lang='lat' dir='ltr'>prosa,</span> <span class='ocrx_word' id='word_1_345' title='bbox 2072 855 2169 892; x_wconf 70' lang='lat' dir='ltr'>nec</span> <span class='ocrx_word' id='word_1_346' title='bbox 2200 842 2379 895; x_wconf 79' lang='lat' dir='ltr'>minus</span> <span class='ocrx_word' id='word_1_347' title='bbox 2428 843 2731 897; x_wconf 74' lang='lat' dir='ltr'>eruditione</span> <span class='ocrx_word' id='word_1_348' title='bbox 2763 860 2921 914; x_wconf 77' lang='lat' dir='ltr'>quam</span> <span class='ocrx_word' id='word_1_349' title='bbox 2958 847 3083 899; x_wconf 61' lang='lat' dir='ltr'>ritxr</span> <span class='ocrx_word' id='word_1_350' title='bbox 3130 848 3319 901; x_wconf 82' lang='lat' dir='ltr'>merito</span> <span class='ocrx_word' id='word_1_351' title='bbox 3350 863 3507 902; x_wconf 77' lang='lat' dir='ltr'>vene-</span> 
     </span>
    </p>
   </div>
   <div class='ocr_carea' id='block_1_54' title="bbox 1859 928 3514 1006">
    <p class='ocr_par' dir='ltr' id='par_1_54' title="bbox 1859 928 3514 1006">
     <span class='ocr_line' id='line_1_54' title="bbox 1859 928 3514 1006; baseline 0.008 -28"><span class='ocrx_word' id='word_1_352' title='bbox 1859 928 2050 993; x_wconf 84' lang='lat' dir='ltr'>ramla,</span> <span class='ocrx_word' id='word_1_353' title='bbox 2085 934 2192 982; x_wconf 85' lang='lat' dir='ltr'>etc.</span> <span class='ocrx_word' id='word_1_354' title='bbox 2231 931 2383 983; x_wconf 71' lang='lat' dir='ltr'>Idem</span> <span class='ocrx_word' id='word_1_355' title='bbox 2423 932 2468 983; x_wconf 89' lang='lat' dir='ltr'>is</span> <span class='ocrx_word' id='word_1_356' title='bbox 2501 938 2556 985; x_wconf 85' lang='lat' dir='ltr'>et</span> <span class='ocrx_word' id='word_1_357' title='bbox 2588 932 2693 985; x_wconf 73' lang='lat' dir='ltr'>hoc</span> <span class='ocrx_word' id='word_1_358' title='bbox 2721 938 2969 987; x_wconf 70' lang='lat' dir='ltr'>testatur</span> <span class='ocrx_word' id='word_1_359' title='bbox 2999 934 3055 987; x_wconf 90' lang='lat' dir='ltr'>in</span> <span class='ocrx_word' id='word_1_360' title='bbox 3081 936 3351 1006; x_wconf 87' lang='lat' dir='ltr'>Catologo</span> <span class='ocrx_word' id='word_1_361' title='bbox 3382 936 3514 992; x_wconf 83' lang='lat' dir='ltr'>illu-</span> 
     </span>
    </p>
   </div>
   <div class='ocr_carea' id='block_1_55' title="bbox 1860 1017 3510 1089">
    <p class='ocr_par' dir='ltr' id='par_1_55' title="bbox 1860 1017 3510 1089">
     <span class='ocr_line' id='line_1_55' title="bbox 1860 1017 3510 1089; baseline 0.008 -22"><span class='ocrx_word' id='word_1_362' title='bbox 1860 1017 2070 1069; x_wconf 77' lang='lat' dir='ltr'>striam</span> <span class='ocrx_word' id='word_1_363' title='bbox 2111 1018 2389 1085; x_wconf 78' lang='lat' dir='ltr'>virorum,</span> <span class='ocrx_word' id='word_1_364' title='bbox 2426 1036 2479 1089; x_wconf 84' lang='lat' dir='ltr'>p.</span> <span class='ocrx_word' id='word_1_365' title='bbox 2522 1022 2618 1073; x_wconf 67' lang='lat'>1‘39</span> <span class='ocrx_word' id='word_1_366' title='bbox 2659 1023 2933 1075; x_wconf 76' lang='lat' dir='ltr'>editionis</span> <span class='ocrx_word' id='word_1_367' title='bbox 2979 1024 3445 1079; x_wconf 69' lang='lat' dir='ltr'>Francofurtante</span> <span class='ocrx_word' id='word_1_368' title='bbox 3475 1043 3510 1081; x_wconf 77' lang='grc' dir='ltr'>θ.</span> 
     </span>
    </p>
   </div>
   <div class='ocr_carea' id='block_1_56' title="bbox 1861 1104 3508 1183">
    <p class='ocr_par' dir='ltr' id='par_1_56' title="bbox 1861 1104 3508 1183">
     <span class='ocr_line' id='line_1_56' title="bbox 1861 1104 3508 1183; baseline 0.008 -26"><span class='ocrx_word' id='word_1_369' title='bbox 1861 1104 2210 1174; x_wconf 81' lang='lat' dir='ltr'>Marquardo</span> <span class='ocrx_word' id='word_1_370' title='bbox 2243 1109 2485 1161; x_wconf 50' lang='lat' dir='ltr'>lirebero</span> <span class='ocrx_word' id='word_1_371' title='bbox 2508 1110 2803 1179; x_wconf 69' lang='lat' dir='ltr'>evulgater.</span> <span class='ocrx_word' id='word_1_372' title='bbox 2828 1112 3081 1165; x_wconf 76' lang='lat' dir='ltr'>Joannes</span> <span class='ocrx_word' id='word_1_373' title='bbox 3113 1113 3508 1183; x_wconf 81' lang='lat' dir='ltr'>Cuspinianus</span> 
     </span>
    </p>
   </div>
   <div class='ocr_carea' id='block_1_57' title="bbox 1861 1194 3505 1269">
    <p class='ocr_par' dir='ltr' id='par_1_57' title="bbox 1861 1194 3505 1269">
     <span class='ocr_line' id='line_1_57' title="bbox 1861 1194 3505 1269; baseline 0.009 -24"><span class='ocrx_word' id='word_1_374' title='bbox 1861 1194 1915 1246; x_wconf 94' lang='lat' dir='ltr'>in</span> <span class='ocrx_word' id='word_1_375' title='bbox 1951 1196 2157 1247; x_wconf 83' lang='lat' dir='ltr'>Ottone</span> <span class='ocrx_word' id='word_1_376' title='bbox 2194 1196 2401 1267; x_wconf 76' lang='lat' dir='ltr'>Magno</span> <span class='ocrx_word' id='word_1_377' title='bbox 2434 1202 2523 1250; x_wconf 87' lang='lat' dir='ltr'>tra</span> <span class='ocrx_word' id='word_1_378' title='bbox 2540 1199 2612 1251; x_wconf 86' lang='lat' dir='ltr'>lit</span> <span class='ocrx_word' id='word_1_379' title='bbox 2658 1202 2957 1269; x_wconf 72' lang='lat' dir='ltr'>sequentia</span> <span class='ocrx_word' id='word_1_380' title='bbox 2990 1218 3001 1254; x_wconf 74' lang='grc' dir='ltr'>ε</span> <span class='ocrx_word' id='word_1_381' title='bbox 3041 1204 3135 1256; x_wconf 72' lang='lat' dir='ltr'>lies</span> <span class='ocrx_word' id='word_1_382' title='bbox 3160 1212 3330 1267; x_wconf 57' lang='lat' dir='ltr'>gestas</span> <span class='ocrx_word' id='word_1_383' title='bbox 3364 1204 3505 1259; x_wconf 83' lang='lat' dir='ltr'>Otto-</span> 
     </span>
    </p>
   </div>
   <div class='ocr_carea' id='block_1_58' title="bbox 1858 1284 3511 1363">
    <p class='ocr_par' dir='ltr' id='par_1_58' title="bbox 1858 1284 3511 1363">
     <span class='ocr_line' id='line_1_58' title="bbox 1858 1284 3511 1363; baseline 0.009 -29"><span class='ocrx_word' id='word_1_384' title='bbox 1858 1284 1945 1335; x_wconf 82' lang='lat' dir='ltr'>nis</span> <span class='ocrx_word' id='word_1_385' title='bbox 1980 1284 2244 1337; x_wconf 67' lang='lat' dir='ltr'>ltoswilhu</span> <span class='ocrx_word' id='word_1_386' title='bbox 2281 1288 2535 1340; x_wconf 71' lang='lat' dir='ltr'>nmnialis</span> <span class='ocrx_word' id='word_1_387' title='bbox 2567 1290 2841 1357; x_wconf 64' lang='lat' dir='ltr'>romplara</span> <span class='ocrx_word' id='word_1_388' title='bbox 2866 1298 2942 1343; x_wconf 78' lang='lat' dir='ltr'>est</span> <span class='ocrx_word' id='word_1_389' title='bbox 2974 1292 3233 1358; x_wconf 77' lang='lat' dir='ltr'>versibus,</span> <span class='ocrx_word' id='word_1_390' title='bbox 3263 1296 3355 1363; x_wconf 87' lang='lat' dir='ltr'>qui</span> <span class='ocrx_word' id='word_1_391' title='bbox 3386 1294 3511 1349; x_wconf 82' lang='lat' dir='ltr'>licet</span> 
     </span>
    </p>
   </div>
   <div class='ocr_carea' id='block_1_59' title="bbox 1856 1374 3507 1451">
    <p class='ocr_par' dir='ltr' id='par_1_59' title="bbox 1856 1374 3507 1451">
     <span class='ocr_line' id='line_1_59' title="bbox 1856 1374 3507 1451; baseline 0.007 -27"><span class='ocrx_word' id='word_1_392' title='bbox 1856 1374 1967 1425; x_wconf 81' lang='lat' dir='ltr'>sint</span> <span class='ocrx_word' id='word_1_393' title='bbox 2004 1381 2059 1425; x_wconf 77' lang='lat' dir='ltr'>ut</span> <span class='ocrx_word' id='word_1_394' title='bbox 2090 1382 2325 1443; x_wconf 68' lang='lat' dir='ltr'>[(‘Illjlul’tl</span> <span class='ocrx_word' id='word_1_395' title='bbox 2356 1376 2617 1443; x_wconf 51' lang='lat' dir='ltr'>[Ere/iant,</span> <span class='ocrx_word' id='word_1_396' title='bbox 2652 1394 2824 1447; x_wconf 70' lang='lat' dir='ltr'>neque</span> <span class='ocrx_word' id='word_1_397' title='bbox 2859 1380 3144 1447; x_wconf 66' lang='lat' dir='ltr'>eleg/antes,</span> <span class='ocrx_word' id='word_1_398' title='bbox 3180 1398 3347 1451; x_wconf 77' lang='lat' dir='ltr'>neque</span> <span class='ocrx_word' id='word_1_399' title='bbox 3376 1384 3507 1436; x_wconf 76' lang='lat' dir='ltr'>satis</span> 
     </span>
    </p>
   </div>
   <div class='ocr_carea' id='block_1_60' title="bbox 1856 1463 3510 1536">
    <p class='ocr_par' dir='ltr' id='par_1_60' title="bbox 1856 1463 3510 1536">
     <span class='ocr_line' id='line_1_60' title="bbox 1856 1463 3510 1536; baseline 0.007 -22"><span class='ocrx_word' id='word_1_400' title='bbox 1856 1463 2011 1526; x_wconf 79' lang='lat' dir='ltr'>rulli,</span> <span class='ocrx_word' id='word_1_401' title='bbox 2065 1464 2379 1517; x_wconf 67' lang='lat' dir='ltr'>mirandum</span> <span class='ocrx_word' id='word_1_402' title='bbox 2430 1473 2609 1519; x_wconf 84' lang='lat' dir='ltr'>tamen</span> <span class='ocrx_word' id='word_1_403' title='bbox 2656 1476 2751 1535; x_wconf 76' lang='lat' dir='ltr'>est,</span> <span class='ocrx_word' id='word_1_404' title='bbox 2808 1470 3088 1536; x_wconf 73' lang='lat' dir='ltr'>ingenium</span> <span class='ocrx_word' id='word_1_405' title='bbox 3138 1470 3402 1525; x_wconf 82' lang='lat' dir='ltr'>muliebre</span> <span class='ocrx_word' id='word_1_406' title='bbox 3450 1474 3510 1526; x_wconf 87' lang='lat' dir='ltr'>in</span> 
     </span>
    </p>
   </div>
   <div class='ocr_carea' id='block_1_61' title="bbox 1856 1552 3512 1629">
    <p class='ocr_par' dir='ltr' id='par_1_61' title="bbox 1856 1552 3512 1629">
     <span class='ocr_line' id='line_1_61' title="bbox 1856 1552 3512 1629; baseline 0.008 -25"><span class='ocrx_word' id='word_1_407' title='bbox 1856 1552 2120 1617; x_wconf 71' lang='lat' dir='ltr'>Saronia,</span> <span class='ocrx_word' id='word_1_408' title='bbox 2153 1562 2203 1607; x_wconf 81' lang='lat' dir='ltr'>et</span> <span class='ocrx_word' id='word_1_409' title='bbox 2240 1556 2297 1606; x_wconf 87' lang='lat' dir='ltr'>in</span> <span class='ocrx_word' id='word_1_410' title='bbox 2330 1557 2447 1624; x_wconf 73' lang='lat' dir='ltr'>ipsa</span> <span class='ocrx_word' id='word_1_411' title='bbox 2481 1554 2730 1611; x_wconf 67' lang='lat' dir='ltr'>bczrlmrie</span> <span class='ocrx_word' id='word_1_412' title='bbox 2760 1557 3045 1612; x_wconf 65' lang='lat' dir='ltr'>educatum</span> <span class='ocrx_word' id='word_1_413' title='bbox 3075 1566 3124 1613; x_wconf 84' lang='lat' dir='ltr'>et</span> <span class='ocrx_word' id='word_1_414' title='bbox 3150 1561 3415 1629; x_wconf 84' lang='lat' dir='ltr'>genitum,</span> <span class='ocrx_word' id='word_1_415' title='bbox 3448 1577 3512 1617; x_wconf 85' lang='lat' dir='ltr'>ea</span> 
     </span>
    </p>
   </div>
   <div class='ocr_carea' id='block_1_62' title="bbox 1856 1644 3513 1720">
    <p class='ocr_par' dir='ltr' id='par_1_62' title="bbox 1856 1644 3513 1720">
     <span class='ocr_line' id='line_1_62' title="bbox 1856 1644 3513 1720; baseline 0.007 -27"><span class='ocrx_word' id='word_1_416' title='bbox 1856 1650 2120 1711; x_wconf 51' lang='lat' dir='ltr'>praetore</span> <span class='ocrx_word' id='word_1_417' title='bbox 2159 1645 2415 1713; x_wconf 80' lang='lat' dir='ltr'>potuisse.</span> <span class='ocrx_word' id='word_1_418' title='bbox 2478 1644 2664 1698; x_wconf 89' lang='lat' dir='ltr'>Lilius</span> <span class='ocrx_word' id='word_1_419' title='bbox 2724 1647 3038 1715; x_wconf 80' lang='lat' dir='ltr'>Gregorius</span> <span class='ocrx_word' id='word_1_420' title='bbox 3082 1648 3391 1720; x_wconf 76' lang='lat' dir='ltr'>Gyraldus,</span> <span class='ocrx_word' id='word_1_421' title='bbox 3422 1651 3513 1705; x_wconf 89' lang='lat' dir='ltr'>vir</span> 
     </span>
    </p>
   </div>
   <div class='ocr_carea' id='block_1_63' title="bbox 1858 1731 3511 1808">
    <p class='ocr_par' dir='ltr' id='par_1_63' title="bbox 1858 1731 3511 1808">
     <span class='ocr_line' id='line_1_63' title="bbox 1858 1731 3511 1808; baseline 0.007 -26"><span class='ocrx_word' id='word_1_422' title='bbox 1858 1746 1996 1783; x_wconf 85' lang='lat' dir='ltr'>sane</span> <span class='ocrx_word' id='word_1_423' title='bbox 2028 1731 2427 1796; x_wconf 84' lang='lat' dir='ltr'>doctissimus,</span> <span class='ocrx_word' id='word_1_424' title='bbox 2453 1734 2551 1787; x_wconf 90' lang='lat' dir='ltr'>sed</span> <span class='ocrx_word' id='word_1_425' title='bbox 2586 1733 2845 1801; x_wconf 86' lang='lat' dir='ltr'>meliore,</span> <span class='ocrx_word' id='word_1_426' title='bbox 2872 1740 2934 1789; x_wconf 93' lang='lat' dir='ltr'>ut</span> <span class='ocrx_word' id='word_1_427' title='bbox 2956 1737 3024 1789; x_wconf 89' lang='lat' dir='ltr'>de</span> <span class='ocrx_word' id='word_1_428' title='bbox 3056 1754 3122 1791; x_wconf 90' lang='lat' dir='ltr'>eo</span> <span class='ocrx_word' id='word_1_429' title='bbox 3153 1738 3347 1808; x_wconf 89' lang='lat' dir='ltr'>prodit</span> <span class='ocrx_word' id='word_1_430' title='bbox 3378 1739 3511 1795; x_wconf 88' lang='lat' dir='ltr'>Bar-</span> 
     </span>
    </p>
   </div>
   <div class='ocr_carea' id='block_1_64' title="bbox 1856 1819 3508 1897">
    <p class='ocr_par' dir='ltr' id='par_1_64' title="bbox 1856 1819 3508 1897">
     <span class='ocr_line' id='line_1_64' title="bbox 1856 1819 3508 1897; baseline 0.007 -26"><span class='ocrx_word' id='word_1_431' title='bbox 1856 1819 2016 1874; x_wconf 88' lang='lat' dir='ltr'>thius</span> <span class='ocrx_word' id='word_1_432' title='bbox 2048 1819 2101 1873; x_wconf 88' lang='lat' dir='ltr'>in</span> <span class='ocrx_word' id='word_1_433' title='bbox 2135 1820 2441 1875; x_wconf 82' lang='lat' dir='ltr'>Animadv.</span> <span class='ocrx_word' id='word_1_434' title='bbox 2476 1826 2529 1876; x_wconf 87' lang='lat' dir='ltr'>et</span> <span class='ocrx_word' id='word_1_435' title='bbox 2562 1823 2729 1876; x_wconf 85' lang='lat' dir='ltr'>Statii</span> <span class='ocrx_word' id='word_1_436' title='bbox 2765 1824 2827 1877; x_wconf 91' lang='lat' dir='ltr'>L.</span> <span class='ocrx_word' id='word_1_437' title='bbox 2851 1823 2917 1876; x_wconf 87' lang='lat' dir='ltr'>V.</span> <span class='ocrx_word' id='word_1_438' title='bbox 2945 1824 3081 1879; x_wconf 87' lang='lat' dir='ltr'>Silv.</span> <span class='ocrx_word' id='word_1_439' title='bbox 3119 1826 3184 1892; x_wconf 93' lang='grc' dir='ltr'>ΙΙ,</span> <span class='ocrx_word' id='word_1_440' title='bbox 3221 1828 3286 1881; x_wconf 93' lang='lat' dir='ltr'>T.</span> <span class='ocrx_word' id='word_1_441' title='bbox 3322 1828 3362 1897; x_wconf 87' lang='grc' dir='ltr'>Ι,</span> <span class='ocrx_word' id='word_1_442' title='bbox 3396 1828 3508 1881; x_wconf 78' lang='lat' dir='ltr'>for-</span> 
     </span>
    </p>
   </div>
   <div class='ocr_carea' id='block_1_65' title="bbox 1858 1910 3505 1988">
    <p class='ocr_par' dir='ltr' id='par_1_65' title="bbox 1858 1910 3505 1988">
     <span class='ocr_line' id='line_1_65' title="bbox 1858 1910 3505 1988; baseline 0.007 -27"><span class='ocrx_word' id='word_1_443' title='bbox 1858 1912 2000 1962; x_wconf 90' lang='lat' dir='ltr'>tuna</span> <span class='ocrx_word' id='word_1_444' title='bbox 2022 1910 2257 1979; x_wconf 88' lang='lat' dir='ltr'>dignus,</span> <span class='ocrx_word' id='word_1_445' title='bbox 2282 1910 2351 1963; x_wconf 91' lang='lat' dir='ltr'>de</span> <span class='ocrx_word' id='word_1_446' title='bbox 2376 1911 2561 1980; x_wconf 88' lang='lat' dir='ltr'>poetis</span> <span class='ocrx_word' id='word_1_447' title='bbox 2588 1911 2884 1967; x_wconf 81' lang='lat' dir='ltr'>historicis</span> <span class='ocrx_word' id='word_1_448' title='bbox 2907 1913 3137 1986; x_wconf 87' lang='lat' dir='ltr'>dialogo</span> <span class='ocrx_word' id='word_1_449' title='bbox 3158 1933 3193 1970; x_wconf 91' lang='lat' dir='ltr'>v</span> <span class='ocrx_word' id='word_1_450' title='bbox 3216 1915 3326 1971; x_wconf 89' lang='lat' dir='ltr'>ait:</span> <span class='ocrx_word' id='word_1_451' title='bbox 3350 1916 3505 1988; x_wconf 83' lang='lat' dir='ltr'>Apud</span> 
     </span>
    </p>
   </div>
   <div class='ocr_carea' id='block_1_66' title="bbox 1854 1997 3499 2073">
    <p class='ocr_par' dir='ltr' id='par_1_66' title="bbox 1854 1997 3499 2073">
     <span class='ocr_line' id='line_1_66' title="bbox 1854 1997 3499 2073; baseline 0.005 -23"><span class='ocrx_word' id='word_1_452' title='bbox 1854 1997 2121 2062; x_wconf 68' lang='lat' dir='ltr'>Saxonas,</span> <span class='ocrx_word' id='word_1_453' title='bbox 2158 2000 2211 2053; x_wconf 83' lang='lat' dir='ltr'>id</span> <span class='ocrx_word' id='word_1_454' title='bbox 2244 1999 2380 2071; x_wconf 79' lang='lat' dir='ltr'>quod</span> <span class='ocrx_word' id='word_1_455' title='bbox 2412 2001 2551 2054; x_wconf 81' lang='lat' dir='ltr'>mihi</span> <span class='ocrx_word' id='word_1_456' title='bbox 2600 2002 2865 2057; x_wconf 74' lang='lat' dir='ltr'>miraculo</span> <span class='ocrx_word' id='word_1_457' title='bbox 2903 2005 3220 2073; x_wconf 70' lang='lat' dir='ltr'>proximum</span> <span class='ocrx_word' id='word_1_458' title='bbox 3268 2005 3499 2073; x_wconf 72' lang='lat' dir='ltr'>videtur,</span> 
     </span>
    </p>
   </div>
   <div class='ocr_carea' id='block_1_67' title="bbox 1854 2088 3499 2166">
    <p class='ocr_par' dir='ltr' id='par_1_67' title="bbox 1854 2088 3499 2166">
     <span class='ocr_line' id='line_1_67' title="bbox 1854 2088 3499 2166; baseline 0.005 -25"><span class='ocrx_word' id='word_1_459' title='bbox 1854 2088 2040 2154; x_wconf 85' lang='lat' dir='ltr'>ﬂoruit</span> <span class='ocrx_word' id='word_1_460' title='bbox 2067 2089 2335 2142; x_wconf 78' lang='lat' dir='ltr'>Roswitba</span> <span class='ocrx_word' id='word_1_461' title='bbox 2367 2090 2640 2144; x_wconf 82' lang='lat' dir='ltr'>monia/is.</span> <span class='ocrx_word' id='word_1_462' title='bbox 2677 2091 2958 2161; x_wconf 86' lang='lat' dir='ltr'>Georgius</span> <span class='ocrx_word' id='word_1_463' title='bbox 2989 2092 3309 2160; x_wconf 82' lang='lat' dir='ltr'>Fabricius,</span> <span class='ocrx_word' id='word_1_464' title='bbox 3342 2093 3499 2166; x_wconf 88' lang='lat' dir='ltr'>Orig.</span> 
     </span>
    </p>
   </div>
   <div class='ocr_carea' id='block_1_68' title="bbox 1856 2177 3504 2245">
    <p class='ocr_par' dir='ltr' id='par_1_68' title="bbox 1856 2177 3504 2245">
     <span class='ocr_line' id='line_1_68' title="bbox 1856 2177 3504 2245; baseline 0.005 -14"><span class='ocrx_word' id='word_1_465' title='bbox 1856 2177 2187 2231; x_wconf 77' lang='lat' dir='ltr'>Saxonicar.</span> <span class='ocrx_word' id='word_1_466' title='bbox 2222 2177 2321 2231; x_wconf 87' lang='lat' dir='ltr'>lib.</span> <span class='ocrx_word' id='word_1_467' title='bbox 2345 2196 2403 2245; x_wconf 83' lang='lat'>11,</span> <span class='ocrx_word' id='word_1_468' title='bbox 2430 2178 2550 2233; x_wconf 69' lang='lat' dir='ltr'>hcec</span> <span class='ocrx_word' id='word_1_469' title='bbox 2585 2180 2653 2233; x_wconf 88' lang='lat' dir='ltr'>de</span> <span class='ocrx_word' id='word_1_470' title='bbox 2696 2180 3001 2235; x_wconf 82' lang='lat' dir='ltr'>Roswitba</span> <span class='ocrx_word' id='word_1_471' title='bbox 3038 2182 3193 2236; x_wconf 77' lang='lat' dir='ltr'>fatur</span> <span class='ocrx_word' id='word_1_472' title='bbox 3226 2200 3237 2238; x_wconf 89' lang='lat'><strong>:</strong></span> <span class='ocrx_word' id='word_1_473' title='bbox 3272 2184 3346 2238; x_wconf 86' lang='lat' dir='ltr'>De</span> <span class='ocrx_word' id='word_1_474' title='bbox 3376 2185 3504 2239; x_wconf 80' lang='lat' dir='ltr'>Ros-</span> 
     </span>
    </p>
   </div>
   <div class='ocr_carea' id='block_1_69' title="bbox 1857 2267 3507 2338">
    <p class='ocr_par' dir='ltr' id='par_1_69' title="bbox 1857 2267 3507 2338">
     <span class='ocr_line' id='line_1_69' title="bbox 1857 2267 3507 2338; baseline 0.006 -20"><span class='ocrx_word' id='word_1_475' title='bbox 1857 2267 2019 2321; x_wconf 78' lang='lat' dir='ltr'>witha</span> <span class='ocrx_word' id='word_1_476' title='bbox 2070 2270 2279 2338; x_wconf 82' lang='lat' dir='ltr'>poetria</span> <span class='ocrx_word' id='word_1_477' title='bbox 2330 2270 2526 2322; x_wconf 72' lang='lat' dir='ltr'>rectius</span> <span class='ocrx_word' id='word_1_478' title='bbox 2575 2270 2884 2338; x_wconf 79' lang='lat' dir='ltr'>gloriantur</span> <span class='ocrx_word' id='word_1_479' title='bbox 2935 2270 3195 2326; x_wconf 63' lang='lat' dir='ltr'>Saxones.</span> <span class='ocrx_word' id='word_1_480' title='bbox 3248 2273 3407 2327; x_wconf 85' lang='lat' dir='ltr'>Idem</span> <span class='ocrx_word' id='word_1_481' title='bbox 3457 2273 3507 2328; x_wconf 97' lang='lat' dir='ltr'>is</span> 
     </span>
    </p>
   </div>
   <div class='ocr_carea' id='block_1_70' title="bbox 1855 2356 3504 2431">
    <p class='ocr_par' dir='ltr' id='par_1_70' title="bbox 1855 2356 3504 2431">
     <span class='ocr_line' id='line_1_70' title="bbox 1855 2356 3504 2431; baseline 0.005 -22"><span class='ocrx_word' id='word_1_482' title='bbox 1855 2356 2031 2425; x_wconf 79' lang='lat' dir='ltr'>hujus</span> <span class='ocrx_word' id='word_1_483' title='bbox 2057 2358 2411 2411; x_wconf 82' lang='lat' dir='ltr'>mentionem</span> <span class='ocrx_word' id='word_1_484' title='bbox 2436 2357 2575 2412; x_wconf 85' lang='lat' dir='ltr'>facit</span> <span class='ocrx_word' id='word_1_485' title='bbox 2597 2359 2654 2411; x_wconf 90' lang='lat' dir='ltr'>in</span> <span class='ocrx_word' id='word_1_486' title='bbox 2680 2358 2826 2413; x_wconf 87' lang='lat' dir='ltr'>libro</span> <span class='ocrx_word' id='word_1_487' title='bbox 2848 2360 2929 2415; x_wconf 90' lang='lat' dir='ltr'>De</span> <span class='ocrx_word' id='word_1_488' title='bbox 2950 2362 3136 2431; x_wconf 88' lang='lat' dir='ltr'>poetis</span> <span class='ocrx_word' id='word_1_489' title='bbox 3160 2360 3504 2430; x_wconf 68' lang='lat' dir='ltr'>Germanias,</span> 
     </span>
    </p>
   </div>
   <div class='ocr_carea' id='block_1_71' title="bbox 1855 2445 3507 2520">
    <p class='ocr_par' dir='ltr' id='par_1_71' title="bbox 1855 2445 3507 2520">
     <span class='ocr_line' id='line_1_71' title="bbox 1855 2445 3507 2520; baseline 0.006 -21"><span class='ocrx_word' id='word_1_490' title='bbox 1855 2445 2073 2517; x_wconf 82' lang='lat' dir='ltr'>Caspar</span> <span class='ocrx_word' id='word_1_491' title='bbox 2106 2447 2443 2512; x_wconf 85' lang='lat' dir='ltr'>Bruschins,</span> <span class='ocrx_word' id='word_1_492' title='bbox 2468 2448 2525 2500; x_wconf 91' lang='lat' dir='ltr'>in</span> <span class='ocrx_word' id='word_1_493' title='bbox 2554 2448 2806 2504; x_wconf 84' lang='lat' dir='ltr'>Historia</span> <span class='ocrx_word' id='word_1_494' title='bbox 2826 2451 3336 2520; x_wconf 86' lang='lat' dir='ltr'>monasteriorum,</span> <span class='ocrx_word' id='word_1_495' title='bbox 3364 2453 3507 2509; x_wconf 83' lang='lat' dir='ltr'>Ros-</span> 
     </span>
    </p>
   </div>
   <div class='ocr_carea' id='block_1_72' title="bbox 1854 2536 3505 2608">
    <p class='ocr_par' dir='ltr' id='par_1_72' title="bbox 1854 2536 3505 2608">
     <span class='ocr_line' id='line_1_72' title="bbox 1854 2536 3505 2608; baseline 0.005 -19"><span class='ocrx_word' id='word_1_496' title='bbox 1854 2536 2105 2589; x_wconf 85' lang='lat' dir='ltr'>witbam</span> <span class='ocrx_word' id='word_1_497' title='bbox 2131 2540 2448 2590; x_wconf 87' lang='lat' dir='ltr'>nostratem</span> <span class='ocrx_word' id='word_1_498' title='bbox 2482 2536 2734 2608; x_wconf 87' lang='lat' dir='ltr'>puellam</span> <span class='ocrx_word' id='word_1_499' title='bbox 2761 2539 3107 2594; x_wconf 79' lang='lat' dir='ltr'>Saxonicam</span> <span class='ocrx_word' id='word_1_500' title='bbox 3134 2546 3317 2596; x_wconf 84' lang='lat' dir='ltr'>vocat.</span> <span class='ocrx_word' id='word_1_501' title='bbox 3342 2543 3505 2607; x_wconf 87' lang='lat' dir='ltr'>Quod</span> 
     </span>
    </p>
   </div>
   <div class='ocr_carea' id='block_1_73' title="bbox 1854 2624 3509 2687">
    <p class='ocr_par' dir='ltr' id='par_1_73' title="bbox 1854 2624 3509 2687">
     <span class='ocr_line' id='line_1_73' title="bbox 1854 2624 3509 2687; baseline 0.005 -8"><span class='ocrx_word' id='word_1_502' title='bbox 1854 2624 2148 2681; x_wconf 85' lang='lat' dir='ltr'>luculento</span> <span class='ocrx_word' id='word_1_503' title='bbox 2171 2626 2347 2680; x_wconf 86' lang='lat' dir='ltr'>etiam</span> <span class='ocrx_word' id='word_1_504' title='bbox 2369 2626 2676 2681; x_wconf 81' lang='lat' dir='ltr'>conﬁrmat</span> <span class='ocrx_word' id='word_1_505' title='bbox 2700 2628 3031 2682; x_wconf 86' lang='lat' dir='ltr'>testimonio</span> <span class='ocrx_word' id='word_1_506' title='bbox 3056 2629 3344 2685; x_wconf 85' lang='lat' dir='ltr'>Antonius</span> <span class='ocrx_word' id='word_1_507' title='bbox 3377 2631 3509 2687; x_wconf 89' lang='lat' dir='ltr'>Pos-</span> 
     </span>
    </p>
   </div>
   <div class='ocr_carea' id='block_1_74' title="bbox 1854 2714 3502 2786">
    <p class='ocr_par' dir='ltr' id='par_1_74' title="bbox 1854 2714 3502 2786">
     <span class='ocr_line' id='line_1_74' title="bbox 1854 2714 3502 2786; baseline 0.004 -18"><span class='ocrx_word' id='word_1_508' title='bbox 1854 2716 2111 2781; x_wconf 84' lang='lat' dir='ltr'>sevinus,</span> <span class='ocrx_word' id='word_1_509' title='bbox 2144 2714 2199 2768; x_wconf 91' lang='lat' dir='ltr'>in</span> <span class='ocrx_word' id='word_1_510' title='bbox 2252 2716 2548 2786; x_wconf 85' lang='lat' dir='ltr'>Apparatu</span> <span class='ocrx_word' id='word_1_511' title='bbox 2596 2716 2959 2771; x_wconf 72' lang='lat' dir='ltr'>bibliotheca:</span> <span class='ocrx_word' id='word_1_512' title='bbox 3008 2734 3184 2773; x_wconf 65' lang='lat' dir='ltr'>sacrae</span> <span class='ocrx_word' id='word_1_513' title='bbox 3231 2719 3311 2774; x_wconf 91' lang='lat' dir='ltr'>ita</span> <span class='ocrx_word' id='word_1_514' title='bbox 3359 2720 3502 2774; x_wconf 87' lang='lat' dir='ltr'>scri-</span> 
     </span>
    </p>
   </div>
   <div class='ocr_carea' id='block_1_75' title="bbox 1855 2804 3504 2876">
    <p class='ocr_par' dir='ltr' id='par_1_75' title="bbox 1855 2804 3504 2876">
     <span class='ocr_line' id='line_1_75' title="bbox 1855 2804 3504 2876; baseline 0.004 -19"><span class='ocrx_word' id='word_1_515' title='bbox 1855 2805 1997 2859; x_wconf 89' lang='lat' dir='ltr'>bens</span> <span class='ocrx_word' id='word_1_516' title='bbox 2034 2820 2044 2857; x_wconf 92' lang='lat'>:</span> <span class='ocrx_word' id='word_1_517' title='bbox 2083 2804 2543 2874; x_wconf 48' lang='lat' dir='ltr'>llosridisfquam</span> <span class='ocrx_word' id='word_1_518' title='bbox 2573 2805 2712 2859; x_wconf 80' lang='lat' dir='ltr'>alibi</span> <span class='ocrx_word' id='word_1_519' title='bbox 2744 2806 3018 2874; x_wconf 80' lang='lat' dir='ltr'>llosvitim,</span> <span class='ocrx_word' id='word_1_520' title='bbox 3042 2807 3146 2862; x_wconf 87' lang='lat' dir='ltr'>alii</span> <span class='ocrx_word' id='word_1_521' title='bbox 3176 2808 3504 2876; x_wconf 84' lang='lat' dir='ltr'>Roswidam,</span> 
     </span>
    </p>
   </div>
   <div class='ocr_carea' id='block_1_76' title="bbox 1853 2888 3502 2966">
    <p class='ocr_par' dir='ltr' id='par_1_76' title="bbox 1853 2888 3502 2966">
     <span class='ocr_line' id='line_1_76' title="bbox 1853 2888 3502 2966; baseline 0.003 -20"><span class='ocrx_word' id='word_1_522' title='bbox 1853 2892 2144 2955; x_wconf 61' lang='lat' dir='ltr'>Saxonica,</span> <span class='ocrx_word' id='word_1_523' title='bbox 2186 2908 2379 2961; x_wconf 82' lang='lat' dir='ltr'>genere</span> <span class='ocrx_word' id='word_1_524' title='bbox 2434 2900 2485 2945; x_wconf 86' lang='lat' dir='ltr'>et</span> <span class='ocrx_word' id='word_1_525' title='bbox 2536 2892 2756 2961; x_wconf 81' lang='lat' dir='ltr'>fmnilia</span> <span class='ocrx_word' id='word_1_526' title='bbox 2798 2888 2966 2947; x_wconf 43' lang='lat' dir='ltr'>&#39;valde</span> <span class='ocrx_word' id='word_1_527' title='bbox 3010 2893 3237 2949; x_wconf 77' lang='lat' dir='ltr'>nobilis.</span> <span class='ocrx_word' id='word_1_528' title='bbox 3270 2893 3502 2966; x_wconf 81' lang='lat' dir='ltr'>Reliqui</span> 
     </span>
    </p>
   </div>
   <div class='ocr_carea' id='block_1_77' title="bbox 1855 2979 3503 3055">
    <p class='ocr_par' dir='ltr' id='par_1_77' title="bbox 1855 2979 3503 3055">
     <span class='ocr_line' id='line_1_77' title="bbox 1855 2979 3503 3055; baseline 0.001 -18"><span class='ocrx_word' id='word_1_529' title='bbox 1855 2999 2077 3048; x_wconf 89' lang='lat' dir='ltr'>omnes,</span> <span class='ocrx_word' id='word_1_530' title='bbox 2115 2985 2177 3035; x_wconf 91' lang='lat' dir='ltr'>ut</span> <span class='ocrx_word' id='word_1_531' title='bbox 2209 2979 2437 3035; x_wconf 87' lang='lat' dir='ltr'>Gabriel</span> <span class='ocrx_word' id='word_1_532' title='bbox 2470 2981 2726 3035; x_wconf 81' lang='lat' dir='ltr'>Bucelini</span> <span class='ocrx_word' id='word_1_533' title='bbox 2760 2980 2818 3035; x_wconf 91' lang='lat' dir='ltr'>in</span> <span class='ocrx_word' id='word_1_534' title='bbox 2850 2981 3162 3037; x_wconf 89' lang='lat' dir='ltr'>Germania</span> <span class='ocrx_word' id='word_1_535' title='bbox 3192 2983 3503 3055; x_wconf 89' lang='lat' dir='ltr'>topochro-</span> 
     </span>
    </p>
   </div>
   <div class='ocr_carea' id='block_1_78' title="bbox 1856 3069 3504 3143">
    <p class='ocr_par' dir='ltr' id='par_1_78' title="bbox 1856 3069 3504 3143">
     <span class='ocr_line' id='line_1_78' title="bbox 1856 3069 3504 3143; baseline 0.002 -18"><span class='ocrx_word' id='word_1_536' title='bbox 1856 3069 2592 3141; x_wconf 84' lang='lat' dir='ltr'>no-stemmato-graphica</span> <span class='ocrx_word' id='word_1_537' title='bbox 2642 3086 2807 3124; x_wconf 87' lang='lat' dir='ltr'>sacra</span> <span class='ocrx_word' id='word_1_538' title='bbox 2852 3074 2909 3125; x_wconf 91' lang='lat' dir='ltr'>et</span> <span class='ocrx_word' id='word_1_539' title='bbox 2958 3072 3200 3142; x_wconf 81' lang='lat' dir='ltr'>profana</span> <span class='ocrx_word' id='word_1_540' title='bbox 3251 3076 3401 3143; x_wconf 89' lang='lat' dir='ltr'>part.</span> <span class='ocrx_word' id='word_1_541' title='bbox 3454 3090 3504 3141; x_wconf 78' lang='lat'>1;</span> 
     </span>
    </p>
   </div>
   <div class='ocr_carea' id='block_1_79' title="bbox 1857 3158 3509 3225">
    <p class='ocr_par' dir='ltr' id='par_1_79' title="bbox 1857 3158 3509 3225">
     <span class='ocr_line' id='line_1_79' title="bbox 1857 3158 3509 3225; baseline 0.003 -11"><span class='ocrx_word' id='word_1_542' title='bbox 1857 3160 2147 3215; x_wconf 81' lang='lat' dir='ltr'>Gerardus</span> <span class='ocrx_word' id='word_1_543' title='bbox 2196 3159 2451 3214; x_wconf 87' lang='lat' dir='ltr'>Joannes</span> <span class='ocrx_word' id='word_1_544' title='bbox 2500 3158 2758 3225; x_wconf 86' lang='lat' dir='ltr'>Vossius,</span> <span class='ocrx_word' id='word_1_545' title='bbox 2814 3160 2893 3215; x_wconf 89' lang='lat' dir='ltr'>De</span> <span class='ocrx_word' id='word_1_546' title='bbox 2941 3160 3236 3216; x_wconf 86' lang='lat' dir='ltr'>historicis</span> <span class='ocrx_word' id='word_1_547' title='bbox 3282 3161 3509 3219; x_wconf 83' lang='lat' dir='ltr'>Latinis</span> 
     </span>
    </p>
   </div>
   <div class='ocr_carea' id='block_1_80' title="bbox 1858 3249 3511 3316">
    <p class='ocr_par' dir='ltr' id='par_1_80' title="bbox 1858 3249 3511 3316">
     <span class='ocr_line' id='line_1_80' title="bbox 1858 3249 3511 3316; baseline 0.003 -13"><span class='ocrx_word' id='word_1_548' title='bbox 1858 3249 1959 3304; x_wconf 90' lang='lat' dir='ltr'>lib.</span> <span class='ocrx_word' id='word_1_549' title='bbox 1993 3267 2054 3316; x_wconf 78' lang='grc' dir='ltr'>ιι,</span> <span class='ocrx_word' id='word_1_550' title='bbox 2088 3266 2136 3304; x_wconf 93' lang='lat' dir='ltr'>c.</span> <span class='ocrx_word' id='word_1_551' title='bbox 2172 3251 2266 3316; x_wconf 62' lang='lat' dir='ltr'>bl;</span> <span class='ocrx_word' id='word_1_552' title='bbox 2301 3249 2577 3303; x_wconf 85' lang='lat' dir='ltr'>Joannes</span> <span class='ocrx_word' id='word_1_553' title='bbox 2603 3249 2886 3304; x_wconf 82' lang='lat' dir='ltr'>llenricus</span> <span class='ocrx_word' id='word_1_554' title='bbox 2932 3250 3221 3306; x_wconf 78' lang='lat' dir='ltr'>Boeclerus</span> <span class='ocrx_word' id='word_1_555' title='bbox 3253 3251 3310 3306; x_wconf 95' lang='lat' dir='ltr'>in</span> <span class='ocrx_word' id='word_1_556' title='bbox 3343 3268 3511 3308; x_wconf 90' lang='lat' dir='ltr'>com-</span> 
     </span>
    </p>
   </div>
   <div class='ocr_carea' id='block_1_81' title="bbox 1859 3335 3509 3408">
    <p class='ocr_par' dir='ltr' id='par_1_81' title="bbox 1859 3335 3509 3408">
     <span class='ocr_line' id='line_1_81' title="bbox 1859 3335 3509 3408; baseline 0.004 -19"><span class='ocrx_word' id='word_1_557' title='bbox 1859 3341 2108 3390; x_wconf 84' lang='lat' dir='ltr'>mentar.</span> <span class='ocrx_word' id='word_1_558' title='bbox 2144 3336 2222 3390; x_wconf 89' lang='lat' dir='ltr'>De</span> <span class='ocrx_word' id='word_1_559' title='bbox 2267 3336 2442 3390; x_wconf 83' lang='lat' dir='ltr'>rebus</span> <span class='ocrx_word' id='word_1_560' title='bbox 2493 3335 2689 3391; x_wconf 69' lang='lat' dir='ltr'>smculi</span> <span class='ocrx_word' id='word_1_561' title='bbox 2742 3354 2773 3391; x_wconf 89' lang='lat' dir='ltr'>a</span> <span class='ocrx_word' id='word_1_562' title='bbox 2823 3336 3052 3393; x_wconf 88' lang='lat' dir='ltr'>Christo</span> <span class='ocrx_word' id='word_1_563' title='bbox 3104 3343 3239 3394; x_wconf 89' lang='lat' dir='ltr'>nato</span> <span class='ocrx_word' id='word_1_564' title='bbox 3270 3357 3325 3394; x_wconf 82' lang='lat' dir='ltr'><strong>Ix</strong></span> <span class='ocrx_word' id='word_1_565' title='bbox 3356 3344 3415 3395; x_wconf 90' lang='lat' dir='ltr'>et</span> <span class='ocrx_word' id='word_1_566' title='bbox 3444 3358 3509 3408; x_wconf 85' lang='lat' dir='ltr'><strong>x;</strong></span> 
     </span>
    </p>
   </div>
   <div class='ocr_carea' id='block_1_82' title="bbox 1860 3419 3568 3499">
    <p class='ocr_par' dir='ltr' id='par_1_82' title="bbox 1860 3419 3568 3499">
     <span class='ocr_line' id='line_1_82' title="bbox 1860 3419 3568 3499; baseline 0.003 -20"><span class='ocrx_word' id='word_1_567' title='bbox 1860 3425 2181 3480; x_wconf 84' lang='lat' dir='ltr'>Casimirus</span> <span class='ocrx_word' id='word_1_568' title='bbox 2225 3426 2413 3479; x_wconf 89' lang='lat' dir='ltr'>Oudin</span> <span class='ocrx_word' id='word_1_569' title='bbox 2466 3426 2524 3479; x_wconf 88' lang='lat' dir='ltr'>in</span> <span class='ocrx_word' id='word_1_570' title='bbox 2577 3425 2976 3496; x_wconf 84' lang='lat' dir='ltr'>Supplement.</span> <span class='ocrx_word' id='word_1_571' title='bbox 3009 3428 3080 3482; x_wconf 90' lang='lat' dir='ltr'>de</span> <span class='ocrx_word' id='word_1_572' title='bbox 3128 3427 3511 3499; x_wconf 87' lang='lat' dir='ltr'>scriptoribus</span> <span class='ocrx_word' id='word_1_573' title='bbox 3560 3419 3568 3427; x_wconf 71' lang='grc'><strong>’</strong></span> 
     </span>
    </p>
   </div>
   <div class='ocr_carea' id='block_1_83' title="bbox 1859 3513 3511 3586">
    <p class='ocr_par' dir='ltr' id='par_1_83' title="bbox 1859 3513 3511 3586">
     <span class='ocr_line' id='line_1_83' title="bbox 1859 3513 3511 3586; baseline 0.002 -17"><span class='ocrx_word' id='word_1_574' title='bbox 1859 3513 2267 3569; x_wconf 83' lang='lat' dir='ltr'>ecclesiasticis</span> <span class='ocrx_word' id='word_1_575' title='bbox 2299 3530 2332 3567; x_wconf 89' lang='lat' dir='ltr'>a</span> <span class='ocrx_word' id='word_1_576' title='bbox 2360 3514 2710 3568; x_wconf 85' lang='lat' dir='ltr'>Bcllarmino</span> <span class='ocrx_word' id='word_1_577' title='bbox 2742 3514 2997 3581; x_wconf 88' lang='lat' dir='ltr'>omissis,</span> <span class='ocrx_word' id='word_1_578' title='bbox 3032 3532 3088 3586; x_wconf 92' lang='lat' dir='ltr'>p.</span> <span class='ocrx_word' id='word_1_579' title='bbox 3122 3517 3254 3583; x_wconf 88' lang='lat'><strong>311;</strong></span> <span class='ocrx_word' id='word_1_580' title='bbox 3290 3515 3511 3573; x_wconf 87' lang='lat' dir='ltr'>Caveus</span> 
     </span>
    </p>
   </div>
   <div class='ocr_carea' id='block_1_84' title="bbox 1862 3602 3508 3675">
    <p class='ocr_par' dir='ltr' id='par_1_84' title="bbox 1862 3602 3508 3675">
     <span class='ocr_line' id='line_1_84' title="bbox 1862 3602 3508 3675; baseline 0.002 -18"><span class='ocrx_word' id='word_1_581' title='bbox 1862 3604 1920 3658; x_wconf 90' lang='lat' dir='ltr'>in</span> <span class='ocrx_word' id='word_1_582' title='bbox 1952 3602 2203 3658; x_wconf 85' lang='lat' dir='ltr'>Historia</span> <span class='ocrx_word' id='word_1_583' title='bbox 2247 3602 2530 3657; x_wconf 86' lang='lat' dir='ltr'>litteraria</span> <span class='ocrx_word' id='word_1_584' title='bbox 2573 3603 2923 3673; x_wconf 85' lang='lat' dir='ltr'>scriptorum</span> <span class='ocrx_word' id='word_1_585' title='bbox 2956 3602 3508 3675; x_wconf 86' lang='lat' dir='ltr'>ecelesiasticorum,</span> 
     </span>
    </p>
   </div>
   <div class='ocr_carea' id='block_1_85' title="bbox 1862 3690 3510 3763">
    <p class='ocr_par' dir='ltr' id='par_1_85' title="bbox 1862 3690 3510 3763">
     <span class='ocr_line' id='line_1_85' title="bbox 1862 3690 3510 3763; baseline 0.001 -17"><span class='ocrx_word' id='word_1_586' title='bbox 1862 3710 1918 3763; x_wconf 89' lang='lat' dir='ltr'>p.</span> <span class='ocrx_word' id='word_1_587' title='bbox 1950 3693 2072 3759; x_wconf 81' lang='grc'>412,</span> <span class='ocrx_word' id='word_1_588' title='bbox 2108 3694 2164 3746; x_wconf 84' lang='lat' dir='ltr'>et</span> <span class='ocrx_word' id='word_1_589' title='bbox 2195 3690 2509 3745; x_wconf 85' lang='lat' dir='ltr'>novissime</span> <span class='ocrx_word' id='word_1_590' title='bbox 2541 3691 2694 3745; x_wconf 86' lang='lat' dir='ltr'>Elias</span> <span class='ocrx_word' id='word_1_591' title='bbox 2727 3692 2806 3745; x_wconf 93' lang='lat' dir='ltr'>du</span> <span class='ocrx_word' id='word_1_592' title='bbox 2840 3691 2964 3757; x_wconf 90' lang='lat' dir='ltr'>Pin,</span> <span class='ocrx_word' id='word_1_593' title='bbox 3001 3695 3142 3746; x_wconf 87' lang='lat' dir='ltr'>tom.</span> <span class='ocrx_word' id='word_1_594' title='bbox 3179 3692 3307 3747; x_wconf 89' lang='lat' dir='ltr'><strong>VIII</strong></span> <span class='ocrx_word' id='word_1_595' title='bbox 3340 3693 3510 3748; x_wconf 63' lang='lat' dir='ltr'>Nova</span> 
     </span>
    </p>
   </div>
   <div class='ocr_carea' id='block_1_86' title="bbox 1862 3779 3512 3849">
    <p class='ocr_par' dir='ltr' id='par_1_86' title="bbox 1862 3779 3512 3849">
     <span class='ocr_line' id='line_1_86' title="bbox 1862 3779 3512 3849; baseline 0.001 -13"><span class='ocrx_word' id='word_1_596' title='bbox 1862 3780 2228 3836; x_wconf 63' lang='lat' dir='ltr'>Bibliotheca)</span> <span class='ocrx_word' id='word_1_597' title='bbox 2260 3784 2563 3835; x_wconf 88' lang='lat' dir='ltr'>auctorum</span> <span class='ocrx_word' id='word_1_598' title='bbox 2596 3779 3146 3849; x_wconf 86' lang='lat' dir='ltr'>ecclesiasticorum,</span> <span class='ocrx_word' id='word_1_599' title='bbox 3172 3798 3290 3836; x_wconf 90' lang='lat' dir='ltr'>una</span> <span class='ocrx_word' id='word_1_600' title='bbox 3315 3785 3512 3837; x_wconf 88' lang='lat' dir='ltr'>mente</span> 
     </span>
    </p>
   </div>
   <div class='ocr_carea' id='block_1_87' title="bbox 1861 3869 3510 3942">
    <p class='ocr_par' dir='ltr' id='par_1_87' title="bbox 1861 3869 3510 3942">
     <span class='ocr_line' id='line_1_87' title="bbox 1861 3869 3510 3942; baseline 0.001 -17"><span class='ocrx_word' id='word_1_601' title='bbox 1861 3876 2037 3942; x_wconf 84' lang='lat' dir='ltr'>atque</span> <span class='ocrx_word' id='word_1_602' title='bbox 2061 3870 2351 3925; x_wconf 84' lang='lat' dir='ltr'>sententia</span> <span class='ocrx_word' id='word_1_603' title='bbox 2372 3869 2773 3939; x_wconf 87' lang='lat' dir='ltr'>comprobant,</span> <span class='ocrx_word' id='word_1_604' title='bbox 2798 3872 3117 3923; x_wconf 88' lang='lat' dir='ltr'>nostratem</span> <span class='ocrx_word' id='word_1_605' title='bbox 3142 3869 3510 3926; x_wconf 82' lang='lat' dir='ltr'>Roswitham</span> 
     </span>
    </p>
   </div>
   <div class='ocr_carea' id='block_1_88' title="bbox 1860 3957 3512 4031">
    <p class='ocr_par' dir='ltr' id='par_1_88' title="bbox 1860 3957 3512 4031">
     <span class='ocr_line' id='line_1_88' title="bbox 1860 3957 3512 4031; baseline 0 -17"><span class='ocrx_word' id='word_1_606' title='bbox 1860 3960 2144 4031; x_wconf 86' lang='lat' dir='ltr'>virginem</span> <span class='ocrx_word' id='word_1_607' title='bbox 2180 3960 2361 4013; x_wconf 78' lang='lat' dir='ltr'>fuisse</span> <span class='ocrx_word' id='word_1_608' title='bbox 2392 3957 2705 4013; x_wconf 84' lang='lat' dir='ltr'>illustrem.</span> <span class='ocrx_word' id='word_1_609' title='bbox 2730 3958 2928 4029; x_wconf 84' lang='lat' dir='ltr'>Neque</span> <span class='ocrx_word' id='word_1_610' title='bbox 2950 3958 3023 4013; x_wconf 88' lang='lat' dir='ltr'>ab</span> <span class='ocrx_word' id='word_1_611' title='bbox 3054 3958 3147 4014; x_wconf 90' lang='lat' dir='ltr'>his</span> <span class='ocrx_word' id='word_1_612' title='bbox 3178 3959 3351 4014; x_wconf 88' lang='lat' dir='ltr'>Henr.</span> <span class='ocrx_word' id='word_1_613' title='bbox 3377 3960 3512 4015; x_wconf 88' lang='lat' dir='ltr'>Mei-</span> 
     </span>
    </p>
   </div>
   <div class='ocr_carea' id='block_1_89' title="bbox 1862 4047 3512 4121">
    <p class='ocr_par' dir='ltr' id='par_1_89' title="bbox 1862 4047 3512 4121">
     <span class='ocr_line' id='line_1_89' title="bbox 1862 4047 3512 4121; baseline -0.002 -15"><span class='ocrx_word' id='word_1_614' title='bbox 1862 4050 2096 4106; x_wconf 81' lang='lat' dir='ltr'>bomius</span> <span class='ocrx_word' id='word_1_615' title='bbox 2130 4049 2185 4102; x_wconf 91' lang='lat' dir='ltr'>in</span> <span class='ocrx_word' id='word_1_616' title='bbox 2216 4048 2348 4103; x_wconf 82' lang='lat' dir='ltr'>Vita</span> <span class='ocrx_word' id='word_1_617' title='bbox 2393 4047 2707 4103; x_wconf 66' lang='lat' dir='ltr'>Roswitha)</span> <span class='ocrx_word' id='word_1_618' title='bbox 2746 4047 3013 4116; x_wconf 86' lang='lat' dir='ltr'>discedit,</span> <span class='ocrx_word' id='word_1_619' title='bbox 3046 4047 3196 4102; x_wconf 88' lang='lat' dir='ltr'>hanc</span> <span class='ocrx_word' id='word_1_620' title='bbox 3226 4048 3512 4121; x_wconf 85' lang='lat' dir='ltr'>virginem</span> 
     </span>
    </p>
   </div>
   <div class='ocr_carea' id='block_1_90' title="bbox 1861 4136 3512 4209">
    <p class='ocr_par' dir='ltr' id='par_1_90' title="bbox 1861 4136 3512 4209">
     <span class='ocr_line' id='line_1_90' title="bbox 1861 4136 3512 4209; baseline 0 -16"><span class='ocrx_word' id='word_1_621' title='bbox 1861 4138 2152 4193; x_wconf 84' lang='lat' dir='ltr'>illustrem</span> <span class='ocrx_word' id='word_1_622' title='bbox 2177 4138 2409 4192; x_wconf 86' lang='lat' dir='ltr'>natione</span> <span class='ocrx_word' id='word_1_623' title='bbox 2433 4136 2861 4203; x_wconf 86' lang='lat' dir='ltr'>Germanicam,</span> <span class='ocrx_word' id='word_1_624' title='bbox 2878 4139 3048 4208; x_wconf 88' lang='lat' dir='ltr'>gente</span> <span class='ocrx_word' id='word_1_625' title='bbox 3070 4137 3355 4193; x_wconf 78' lang='lat' dir='ltr'>Saxonica</span> <span class='ocrx_word' id='word_1_626' title='bbox 3380 4154 3512 4209; x_wconf 84' lang='lat' dir='ltr'>pro-</span> 
     </span>
    </p>
   </div>
   <div class='ocr_carea' id='block_1_91' title="bbox 1863 4227 3517 4300">
    <p class='ocr_par' dir='ltr' id='par_1_91' title="bbox 1863 4227 3517 4300">
     <span class='ocr_line' id='line_1_91' title="bbox 1863 4227 3517 4300; baseline 0.001 -18"><span class='ocrx_word' id='word_1_627' title='bbox 1863 4232 2101 4300; x_wconf 88' lang='lat' dir='ltr'>gnatam</span> <span class='ocrx_word' id='word_1_628' title='bbox 2143 4228 2433 4282; x_wconf 85' lang='lat' dir='ltr'>cvincens.</span> <span class='ocrx_word' id='word_1_629' title='bbox 2478 4228 2757 4298; x_wconf 82' lang='lat' dir='ltr'>Spectant</span> <span class='ocrx_word' id='word_1_630' title='bbox 2813 4232 2870 4281; x_wconf 85' lang='lat' dir='ltr'>et</span> <span class='ocrx_word' id='word_1_631' title='bbox 2925 4227 3040 4281; x_wconf 88' lang='lat' dir='ltr'>huc</span> <span class='ocrx_word' id='word_1_632' title='bbox 3091 4227 3517 4299; x_wconf 88' lang='lat' dir='ltr'>epigrammata</span> 
     </span>
    </p>
   </div>
   <div class='ocr_carea' id='block_1_92' title="bbox 1865 4315 3515 4387">
    <p class='ocr_par' dir='ltr' id='par_1_92' title="bbox 1865 4315 3515 4387">
     <span class='ocr_line' id='line_1_92' title="bbox 1865 4315 3515 4387; baseline -0.001 -14"><span class='ocrx_word' id='word_1_633' title='bbox 1865 4317 2203 4373; x_wconf 87' lang='lat' dir='ltr'>Sodalitatis</span> <span class='ocrx_word' id='word_1_634' title='bbox 2236 4317 2553 4386; x_wconf 66' lang='lat' dir='ltr'>litterariae,</span> <span class='ocrx_word' id='word_1_635' title='bbox 2578 4334 2703 4387; x_wconf 68' lang='lat' dir='ltr'>qua:</span> <span class='ocrx_word' id='word_1_636' title='bbox 2725 4316 2783 4370; x_wconf 90' lang='lat' dir='ltr'>in</span> <span class='ocrx_word' id='word_1_637' title='bbox 2807 4316 2993 4387; x_wconf 85' lang='lat' dir='ltr'>Opera</span> <span class='ocrx_word' id='word_1_638' title='bbox 3015 4315 3353 4384; x_wconf 71' lang='lat' dir='ltr'>Roswithze,</span> <span class='ocrx_word' id='word_1_639' title='bbox 3379 4332 3515 4371; x_wconf 89' lang='lat' dir='ltr'>cum</span> 
     </span>
    </p>
   </div>
   <div class='ocr_carea' id='block_1_93' title="bbox 1864 4404 3517 4476">
    <p class='ocr_par' dir='ltr' id='par_1_93' title="bbox 1864 4404 3517 4476">
     <span class='ocr_line' id='line_1_93' title="bbox 1864 4404 3517 4476; baseline -0.001 -15"><span class='ocrx_word' id='word_1_640' title='bbox 1864 4408 2033 4461; x_wconf 88' lang='lat' dir='ltr'>Conr.</span> <span class='ocrx_word' id='word_1_641' title='bbox 2059 4406 2245 4461; x_wconf 87' lang='lat' dir='ltr'>Ccltcs</span> <span class='ocrx_word' id='word_1_642' title='bbox 2296 4423 2362 4460; x_wconf 89' lang='lat' dir='ltr'>ea</span> <span class='ocrx_word' id='word_1_643' title='bbox 2411 4405 2668 4476; x_wconf 90' lang='lat' dir='ltr'>primum</span> <span class='ocrx_word' id='word_1_644' title='bbox 2702 4405 2761 4459; x_wconf 90' lang='lat' dir='ltr'>in</span> <span class='ocrx_word' id='word_1_645' title='bbox 2793 4404 2983 4458; x_wconf 89' lang='lat' dir='ltr'>lucem</span> <span class='ocrx_word' id='word_1_646' title='bbox 3031 4404 3342 4472; x_wconf 87' lang='lat' dir='ltr'>emitteret,</span> <span class='ocrx_word' id='word_1_647' title='bbox 3376 4408 3517 4459; x_wconf 84' lang='lat' dir='ltr'>sunt</span> 
     </span>
    </p>
   </div>
   <div class='ocr_carea' id='block_1_94' title="bbox 1865 4491 3513 4563">
    <p class='ocr_par' dir='ltr' id='par_1_94' title="bbox 1865 4491 3513 4563">
     <span class='ocr_line' id='line_1_94' title="bbox 1865 4491 3513 4563; baseline -0.002 -13"><span class='ocrx_word' id='word_1_648' title='bbox 1865 4495 2145 4561; x_wconf 85' lang='lat' dir='ltr'>confecta,</span> <span class='ocrx_word' id='word_1_649' title='bbox 2179 4499 2237 4549; x_wconf 89' lang='lat' dir='ltr'>et</span> <span class='ocrx_word' id='word_1_650' title='bbox 2268 4510 2474 4548; x_wconf 85' lang='lat' dir='ltr'>rursus</span> <span class='ocrx_word' id='word_1_651' title='bbox 2506 4493 2643 4547; x_wconf 91' lang='lat' dir='ltr'>huic</span> <span class='ocrx_word' id='word_1_652' title='bbox 2674 4492 2912 4547; x_wconf 89' lang='lat' dir='ltr'>editioni</span> <span class='ocrx_word' id='word_1_653' title='bbox 2946 4496 3078 4562; x_wconf 90' lang='lat' dir='ltr'>post</span> <span class='ocrx_word' id='word_1_654' title='bbox 3103 4491 3278 4547; x_wconf 89' lang='lat' dir='ltr'>Celtis</span> <span class='ocrx_word' id='word_1_655' title='bbox 3307 4492 3513 4563; x_wconf 60' lang='lat' dir='ltr'>praefa-</span> 
     </span>
    </p>
   </div>
   <div class='ocr_carea' id='block_1_95' title="bbox 1865 4578 3516 4654">
    <p class='ocr_par' dir='ltr' id='par_1_95' title="bbox 1865 4578 3516 4654">
     <span class='ocr_line' id='line_1_95' title="bbox 1865 4578 3516 4654; baseline -0.002 -15"><span class='ocrx_word' id='word_1_656' title='bbox 1865 4586 2084 4640; x_wconf 88' lang='lat' dir='ltr'>tionem</span> <span class='ocrx_word' id='word_1_657' title='bbox 2119 4584 2455 4654; x_wconf 85' lang='lat' dir='ltr'>subjuncta,</span> <span class='ocrx_word' id='word_1_658' title='bbox 2503 4581 2849 4636; x_wconf 90' lang='lat' dir='ltr'>nominatim</span> <span class='ocrx_word' id='word_1_659' title='bbox 2897 4578 3141 4636; x_wconf 87' lang='lat' dir='ltr'>Joannis</span> <span class='ocrx_word' id='word_1_660' title='bbox 3190 4580 3516 4653; x_wconf 88' lang='lat' dir='ltr'>Dalburgii,</span> 
     </span>
    </p>
   </div>
   <div class='ocr_carea' id='block_1_96' title="bbox 116 4667 3518 4753">
    <p class='ocr_par' dir='ltr' id='par_1_96' title="bbox 116 4667 3518 4753">
     <span class='ocr_line' id='line_1_96' title="bbox 116 4667 3518 4753; baseline -0.001 -25"><span class='ocrx_word' id='word_1_661' title='bbox 116 4674 550 4747; x_wconf 84' lang='lat' dir='ltr'>dersheimensi,</span> <span class='ocrx_word' id='word_1_662' title='bbox 578 4681 731 4751; x_wconf 89' lang='lat' dir='ltr'>quod</span> <span class='ocrx_word' id='word_1_663' title='bbox 756 4681 1054 4753; x_wconf 86' lang='lat' dir='ltr'>Syntagma</span> <span class='ocrx_word' id='word_1_664' title='bbox 1082 4680 1147 4736; x_wconf 82' lang='lat' dir='ltr'>(le</span> <span class='ocrx_word' id='word_1_665' title='bbox 1165 4683 1566 4736; x_wconf 80' lang='lat' dir='ltr'>constructione</span> <span class='ocrx_word' id='word_1_666' title='bbox 1595 4697 1762 4736; x_wconf 74' lang='lat' dir='ltr'>cwno-</span> <span class='ocrx_word' id='word_1_667' title='bbox 1791 4685 1837 4748; x_wconf 86' lang='lat' dir='ltr'><strong>D</strong></span> <span class='ocrx_word' id='word_1_668' title='bbox 1868 4672 2109 4731; x_wconf 90' lang='lat' dir='ltr'>Joannis</span> <span class='ocrx_word' id='word_1_669' title='bbox 2160 4671 2510 4739; x_wconf 87' lang='lat' dir='ltr'>Tritbeimii,</span> <span class='ocrx_word' id='word_1_670' title='bbox 2539 4670 2767 4726; x_wconf 86' lang='lat' dir='ltr'>Henrici</span> <span class='ocrx_word' id='word_1_671' title='bbox 2819 4670 2889 4724; x_wconf 89' lang='lat' dir='ltr'>de</span> <span class='ocrx_word' id='word_1_672' title='bbox 2940 4670 3163 4737; x_wconf 88' lang='lat' dir='ltr'>Bunau,</span> <span class='ocrx_word' id='word_1_673' title='bbox 3198 4667 3409 4724; x_wconf 87' lang='lat' dir='ltr'>Ololiki</span> <span class='ocrx_word' id='word_1_674' title='bbox 3446 4670 3518 4725; x_wconf 88' lang='lat' dir='ltr'>de</span> 
     </span>
    </p>
   </div>
   <div class='ocr_carea' id='block_1_97' title="bbox 116 4761 1757 4842">
    <p class='ocr_par' dir='ltr' id='par_1_97' title="bbox 116 4761 1757 4842">
     <span class='ocr_line' id='line_1_97' title="bbox 116 4761 1757 4842; baseline 0.004 -25"><span class='ocrx_word' id='word_1_675' title='bbox 116 4761 186 4819; x_wconf 88' lang='lat' dir='ltr'>bii</span> <span class='ocrx_word' id='word_1_676' title='bbox 215 4766 581 4838; x_wconf 79' lang='lat' dir='ltr'>Gandesiensi,</span> <span class='ocrx_word' id='word_1_677' title='bbox 611 4771 939 4841; x_wconf 81' lang='lat' dir='ltr'>perfectione</span> <span class='ocrx_word' id='word_1_678' title='bbox 970 4786 1179 4841; x_wconf 81' lang='lat' dir='ltr'>quoque</span> <span class='ocrx_word' id='word_1_679' title='bbox 1206 4779 1256 4825; x_wconf 90' lang='lat' dir='ltr'>et</span> <span class='ocrx_word' id='word_1_680' title='bbox 1289 4770 1582 4836; x_wconf 82' lang='lat' dir='ltr'>defectione</span> <span class='ocrx_word' id='word_1_681' title='bbox 1609 4773 1757 4842; x_wconf 84' lang='lat' dir='ltr'>ejus-</span> 
     </span>
    </p>
   </div>
   <div class='ocr_carea' id='block_1_98' title="bbox 113 4850 1754 4924">
    <p class='ocr_par' dir='ltr' id='par_1_98' title="bbox 113 4850 1754 4924">
     <span class='ocr_line' id='line_1_98' title="bbox 113 4850 1754 4924; baseline 0.004 -17"><span class='ocrx_word' id='word_1_682' title='bbox 113 4850 224 4909; x_wconf 83' lang='lat' dir='ltr'>dem</span> <span class='ocrx_word' id='word_1_683' title='bbox 242 4855 602 4924; x_wconf 89' lang='lat' dir='ltr'>inscribitur,</span> <span class='ocrx_word' id='word_1_684' title='bbox 621 4864 678 4913; x_wconf 89' lang='lat' dir='ltr'>et</span> <span class='ocrx_word' id='word_1_685' title='bbox 704 4859 759 4912; x_wconf 92' lang='lat' dir='ltr'>in</span> <span class='ocrx_word' id='word_1_686' title='bbox 780 4862 938 4914; x_wconf 91' lang='lat' dir='ltr'>tomo</span> <span class='ocrx_word' id='word_1_687' title='bbox 962 4859 1011 4913; x_wconf 90' lang='lat' dir='ltr'><strong>II</strong></span> <span class='ocrx_word' id='word_1_688' title='bbox 1035 4860 1250 4915; x_wconf 81' lang='lat' dir='ltr'>Rerum</span> <span class='ocrx_word' id='word_1_689' title='bbox 1274 4859 1754 4914; x_wconf 88' lang='lat' dir='ltr'>Germanicarum</span> 
     </span>
    </p>
   </div>
   <div class='ocr_carea' id='block_1_99' title="bbox 116 4939 1756 5020">
    <p class='ocr_par' dir='ltr' id='par_1_99' title="bbox 116 4939 1756 5020">
     <span class='ocr_line' id='line_1_99' title="bbox 116 4939 1756 5020; baseline 0.004 -25"><span class='ocrx_word' id='word_1_690' title='bbox 116 4939 395 5001; x_wconf 86' lang='lat' dir='ltr'>Meibomii</span> <span class='ocrx_word' id='word_1_691' title='bbox 428 4951 642 5013; x_wconf 85' lang='lat' dir='ltr'>exstat,</span> <span class='ocrx_word' id='word_1_692' title='bbox 677 4947 1043 5003; x_wconf 80' lang='lat' dir='ltr'>Roswitham</span> <span class='ocrx_word' id='word_1_693' title='bbox 1078 4947 1228 5002; x_wconf 90' lang='lat' dir='ltr'>hanc</span> <span class='ocrx_word' id='word_1_694' title='bbox 1259 4946 1548 5003; x_wconf 88' lang='lat' dir='ltr'>illustrem</span> <span class='ocrx_word' id='word_1_695' title='bbox 1581 4947 1756 5020; x_wconf 88' lang='lat' dir='ltr'>virgi-</span> 
     </span>
    </p>
   </div>
   <div class='ocr_carea' id='block_1_100' title="bbox 116 5035 1756 5109">
    <p class='ocr_par' dir='ltr' id='par_1_100' title="bbox 116 5035 1756 5109">
     <span class='ocr_line' id='line_1_100' title="bbox 116 5035 1756 5109; baseline 0.006 -27"><span class='ocrx_word' id='word_1_696' title='bbox 116 5044 237 5085; x_wconf 88' lang='lat' dir='ltr'>nem</span> <span class='ocrx_word' id='word_1_697' title='bbox 268 5038 323 5088; x_wconf 88' lang='lat' dir='ltr'>et</span> <span class='ocrx_word' id='word_1_698' title='bbox 351 5035 697 5092; x_wconf 83' lang='lat' dir='ltr'>Saxonicam</span> <span class='ocrx_word' id='word_1_699' title='bbox 741 5037 1027 5092; x_wconf 89' lang='lat' dir='ltr'>nominat.</span> <span class='ocrx_word' id='word_1_700' title='bbox 1049 5036 1241 5092; x_wconf 89' lang='lat' dir='ltr'>Verba</span> <span class='ocrx_word' id='word_1_701' title='bbox 1270 5038 1418 5109; x_wconf 89' lang='lat' dir='ltr'>ejus,</span> <span class='ocrx_word' id='word_1_702' title='bbox 1444 5054 1572 5109; x_wconf 65' lang='lat' dir='ltr'>qua:</span> <span class='ocrx_word' id='word_1_703' title='bbox 1603 5038 1756 5108; x_wconf 90' lang='lat' dir='ltr'>apud</span> 
     </span>
    </p>
   </div>
   <div class='ocr_carea' id='block_1_101' title="bbox 117 5116 1754 5198">
    <p class='ocr_par' dir='ltr' id='par_1_101' title="bbox 117 5116 1754 5198">
     <span class='ocr_line' id='line_1_101' title="bbox 117 5116 1754 5198; baseline 0.005 -26"><span class='ocrx_word' id='word_1_704' title='bbox 117 5116 484 5179; x_wconf 86' lang='lat' dir='ltr'>Meibomium</span> <span class='ocrx_word' id='word_1_705' title='bbox 535 5129 679 5181; x_wconf 90' lang='lat' dir='ltr'>tom.</span> <span class='ocrx_word' id='word_1_706' title='bbox 716 5126 786 5196; x_wconf 94' lang='lat' dir='ltr'>II,</span> <span class='ocrx_word' id='word_1_707' title='bbox 819 5143 876 5197; x_wconf 92' lang='lat' dir='ltr'>p.</span> <span class='ocrx_word' id='word_1_708' title='bbox 912 5125 1034 5193; x_wconf 83' lang='grc'>490,</span> <span class='ocrx_word' id='word_1_709' title='bbox 1065 5125 1361 5198; x_wconf 88' lang='lat' dir='ltr'>leguntur,</span> <span class='ocrx_word' id='word_1_710' title='bbox 1396 5126 1517 5181; x_wconf 68' lang='lat' dir='ltr'>haec</span> <span class='ocrx_word' id='word_1_711' title='bbox 1568 5130 1708 5181; x_wconf 88' lang='lat' dir='ltr'>sunt</span> <span class='ocrx_word' id='word_1_712' title='bbox 1741 5143 1754 5180; x_wconf 89' lang='lat'><strong>:</strong></span> 
     </span>
    </p>
   </div>
   <div class='ocr_carea' id='block_1_102' title="bbox 118 5205 1759 5286">
    <p class='ocr_par' dir='ltr' id='par_1_102' title="bbox 118 5205 1759 5286">
     <span class='ocr_line' id='line_1_102' title="bbox 118 5205 1759 5286; baseline 0.007 -28"><span class='ocrx_word' id='word_1_713' title='bbox 118 5205 217 5263; x_wconf 83' lang='lat' dir='ltr'>Sub</span> <span class='ocrx_word' id='word_1_714' title='bbox 248 5212 622 5269; x_wconf 82' lang='lat' dir='ltr'>illustrissima</span> <span class='ocrx_word' id='word_1_715' title='bbox 644 5214 866 5271; x_wconf 86' lang='lat' dir='ltr'>domina</span> <span class='ocrx_word' id='word_1_716' title='bbox 894 5214 1165 5286; x_wconf 84' lang='lat' dir='ltr'>Garburgi</span> <span class='ocrx_word' id='word_1_717' title='bbox 1196 5218 1299 5271; x_wconf 85' lang='lat' dir='ltr'>ista</span> <span class='ocrx_word' id='word_1_718' title='bbox 1326 5216 1562 5271; x_wconf 78' lang='lat' dir='ltr'>secunda</span> <span class='ocrx_word' id='word_1_719' title='bbox 1592 5218 1759 5270; x_wconf 85' lang='lat' dir='ltr'>vitam</span> 
     </span>
    </p>
   </div>
   <div class='ocr_carea' id='block_1_103' title="bbox 119 5299 1759 5375">
    <p class='ocr_par' dir='ltr' id='par_1_103' title="bbox 119 5299 1759 5375">
     <span class='ocr_line' id='line_1_103' title="bbox 119 5299 1759 5375; baseline 0.008 -28"><span class='ocrx_word' id='word_1_720' title='bbox 119 5299 214 5364; x_wconf 82' lang='lat' dir='ltr'>egit</span> <span class='ocrx_word' id='word_1_721' title='bbox 240 5316 302 5354; x_wconf 85' lang='lat' dir='ltr'>ac</span> <span class='ocrx_word' id='word_1_722' title='bbox 333 5303 523 5369; x_wconf 85' lang='lat' dir='ltr'>ﬂoruit</span> <span class='ocrx_word' id='word_1_723' title='bbox 566 5304 803 5359; x_wconf 79' lang='lat' dir='ltr'>illustris</span> <span class='ocrx_word' id='word_1_724' title='bbox 834 5305 986 5375; x_wconf 85' lang='lat' dir='ltr'>virgo</span> <span class='ocrx_word' id='word_1_725' title='bbox 1015 5306 1451 5360; x_wconf 82' lang='lat' dir='ltr'>sanctimonialis</span> <span class='ocrx_word' id='word_1_726' title='bbox 1488 5306 1759 5369; x_wconf 77' lang='lat' dir='ltr'>llrosvita,</span> 
     </span>
    </p>
   </div>
   <div class='ocr_carea' id='block_1_104' title="bbox 120 5384 1761 5463">
    <p class='ocr_par' dir='ltr' id='par_1_104' title="bbox 120 5384 1761 5463">
     <span class='ocr_line' id='line_1_104' title="bbox 120 5384 1761 5463; baseline 0.005 -23"><span class='ocrx_word' id='word_1_727' title='bbox 120 5384 171 5436; x_wconf 84' lang='lat' dir='ltr'>in</span> <span class='ocrx_word' id='word_1_728' title='bbox 200 5386 433 5445; x_wconf 71' lang='lat' dir='ltr'>Saxonia</span> <span class='ocrx_word' id='word_1_729' title='bbox 461 5400 612 5459; x_wconf 85' lang='lat' dir='ltr'>nata,</span> <span class='ocrx_word' id='word_1_730' title='bbox 642 5396 787 5448; x_wconf 85' lang='lat' dir='ltr'>miro</span> <span class='ocrx_word' id='word_1_731' title='bbox 816 5394 1035 5463; x_wconf 84' lang='lat' dir='ltr'>ingenio</span> <span class='ocrx_word' id='word_1_732' title='bbox 1066 5410 1131 5447; x_wconf 89' lang='lat' dir='ltr'>ae</span> <span class='ocrx_word' id='word_1_733' title='bbox 1156 5393 1401 5448; x_wconf 85' lang='lat' dir='ltr'>doctrina</span> <span class='ocrx_word' id='word_1_734' title='bbox 1432 5395 1665 5459; x_wconf 84' lang='lat' dir='ltr'>elarens,</span> <span class='ocrx_word' id='word_1_735' title='bbox 1702 5396 1761 5449; x_wconf 86' lang='lat' dir='ltr'>in</span> 
     </span>
    </p>
   </div>
   <div class='ocr_carea' id='block_1_105' title="bbox 120 5479 1761 5554">
    <p class='ocr_par' dir='ltr' id='par_1_105' title="bbox 120 5479 1761 5554">
     <span class='ocr_line' id='line_1_105' title="bbox 120 5479 1761 5554; baseline 0.008 -29"><span class='ocrx_word' id='word_1_736' title='bbox 120 5479 330 5547; x_wconf 81' lang='lat' dir='ltr'>utroque</span> <span class='ocrx_word' id='word_1_737' title='bbox 370 5481 647 5537; x_wconf 80' lang='lat' dir='ltr'>scribendi</span> <span class='ocrx_word' id='word_1_738' title='bbox 700 5498 896 5554; x_wconf 85' lang='lat' dir='ltr'>genere</span> <span class='ocrx_word' id='word_1_739' title='bbox 941 5481 1309 5537; x_wconf 83' lang='lat' dir='ltr'>admirabilis.</span> <span class='ocrx_word' id='word_1_740' title='bbox 1343 5483 1599 5538; x_wconf 89' lang='lat' dir='ltr'>Joannes</span> <span class='ocrx_word' id='word_1_741' title='bbox 1630 5484 1761 5538; x_wconf 83' lang='lat' dir='ltr'>Tri-</span> 
     </span>
    </p>
   </div>
   <div class='ocr_carea' id='block_1_106' title="bbox 120 5559 1757 5642">
    <p class='ocr_par' dir='ltr' id='par_1_106' title="bbox 120 5559 1757 5642">
     <span class='ocr_line' id='line_1_106' title="bbox 120 5559 1757 5642; baseline 0.009 -29"><span class='ocrx_word' id='word_1_742' title='bbox 120 5559 385 5623; x_wconf 85' lang='lat' dir='ltr'>theimius</span> <span class='ocrx_word' id='word_1_743' title='bbox 426 5573 583 5626; x_wconf 85' lang='lat' dir='ltr'>torno</span> <span class='ocrx_word' id='word_1_744' title='bbox 637 5572 658 5627; x_wconf 93' lang='grc' dir='ltr'>Ι</span> <span class='ocrx_word' id='word_1_745' title='bbox 708 5570 1024 5626; x_wconf 85' lang='lat' dir='ltr'>Annalium</span> <span class='ocrx_word' id='word_1_746' title='bbox 1075 5571 1583 5642; x_wconf 83' lang='lat' dir='ltr'>Hirsaugiensium</span> <span class='ocrx_word' id='word_1_747' title='bbox 1631 5590 1757 5627; x_wconf 86' lang='lat' dir='ltr'>eam</span> 
     </span>
    </p>
   </div>
   <div class='ocr_carea' id='block_1_107' title="bbox 120 5646 1769 5732">
    <p class='ocr_par' dir='ltr' id='par_1_107' title="bbox 120 5646 1769 5732">
     <span class='ocr_line' id='line_1_107' title="bbox 120 5646 1769 5732; baseline 0.004 -23"><span class='ocrx_word' id='word_1_748' title='bbox 120 5646 387 5722; x_wconf 75' lang='lat' dir='ltr'>Virginem</span> <span class='ocrx_word' id='word_1_749' title='bbox 408 5659 979 5732; x_wconf 51' lang='lat' dir='ltr'>nobilemznominat,</span> <span class='ocrx_word' id='word_1_750' title='bbox 1005 5676 1138 5714; x_wconf 90' lang='lat' dir='ltr'>cum</span> <span class='ocrx_word' id='word_1_751' title='bbox 1164 5660 1381 5715; x_wconf 86' lang='lat' dir='ltr'>ibidem</span> <span class='ocrx_word' id='word_1_752' title='bbox 1405 5661 1485 5715; x_wconf 91' lang='lat' dir='ltr'>ait</span> <span class='ocrx_word' id='word_1_753' title='bbox 1509 5678 1522 5715; x_wconf 92' lang='lat'>:</span> <span class='ocrx_word' id='word_1_754' title='bbox 1548 5662 1769 5716; x_wconf 83' lang='lat' dir='ltr'>Claruit</span> 
     </span>
    </p>
   </div>
   <div class='ocr_carea' id='block_1_108' title="bbox 123 5735 1761 5822">
    <p class='ocr_par' dir='ltr' id='par_1_108' title="bbox 123 5735 1761 5822">
     <span class='ocr_line' id='line_1_108' title="bbox 123 5735 1761 5822; baseline 0.004 -24"><span class='ocrx_word' id='word_1_755' title='bbox 123 5735 198 5793; x_wconf 70' lang='lat' dir='ltr'>his</span> <span class='ocrx_word' id='word_1_756' title='bbox 232 5746 392 5801; x_wconf 84' lang='lat' dir='ltr'>etiam</span> <span class='ocrx_word' id='word_1_757' title='bbox 433 5750 762 5822; x_wconf 84' lang='lat' dir='ltr'>temporibus</span> <span class='ocrx_word' id='word_1_758' title='bbox 814 5748 1083 5808; x_wconf 78' lang='lat' dir='ltr'>Roswitba</span> <span class='ocrx_word' id='word_1_759' title='bbox 1128 5751 1447 5805; x_wconf 85' lang='lat' dir='ltr'>monasterii</span> <span class='ocrx_word' id='word_1_760' title='bbox 1498 5749 1761 5805; x_wconf 84' lang='lat' dir='ltr'>Ganders-</span> 
     </span>
    </p>
   </div>
   <div class='ocr_carea' id='block_1_109' title="bbox 1870 4757 3518 4832">
    <p class='ocr_par' dir='ltr' id='par_1_109' title="bbox 1870 4757 3518 4832">
     <span class='ocr_line' id='line_1_109' title="bbox 1870 4757 3518 4832; baseline -0.004 -13"><span class='ocrx_word' id='word_1_761' title='bbox 1870 4764 2051 4830; x_wconf 89' lang='lat' dir='ltr'>Stein,</span> <span class='ocrx_word' id='word_1_762' title='bbox 2091 4759 2391 4816; x_wconf 86' lang='lat' dir='ltr'>Wilibaldi</span> <span class='ocrx_word' id='word_1_763' title='bbox 2452 4758 2851 4832; x_wconf 83' lang='lat' dir='ltr'>Byrkhameri,</span> <span class='ocrx_word' id='word_1_764' title='bbox 2902 4758 3147 4815; x_wconf 90' lang='lat' dir='ltr'>Joannis</span> <span class='ocrx_word' id='word_1_765' title='bbox 3203 4757 3518 4830; x_wconf 81' lang='lat' dir='ltr'>Tholophi,</span> 
     </span>
    </p>
   </div>
   <div class='ocr_carea' id='block_1_110' title="bbox 1866 4845 3515 4922">
    <p class='ocr_par' dir='ltr' id='par_1_110' title="bbox 1866 4845 3515 4922">
     <span class='ocr_line' id='line_1_110' title="bbox 1866 4845 3515 4922; baseline -0.004 -14"><span class='ocrx_word' id='word_1_766' title='bbox 1866 4853 2097 4911; x_wconf 86' lang='lat' dir='ltr'>Henrici</span> <span class='ocrx_word' id='word_1_767' title='bbox 2131 4850 2497 4922; x_wconf 88' lang='lat' dir='ltr'>Groningeri,</span> <span class='ocrx_word' id='word_1_768' title='bbox 2540 4847 2783 4903; x_wconf 89' lang='lat' dir='ltr'>Joannis</span> <span class='ocrx_word' id='word_1_769' title='bbox 2813 4846 3070 4915; x_wconf 84' lang='lat' dir='ltr'>Verneri,</span> <span class='ocrx_word' id='word_1_770' title='bbox 3107 4846 3341 4902; x_wconf 88' lang='lat' dir='ltr'>Martini</span> <span class='ocrx_word' id='word_1_771' title='bbox 3374 4845 3515 4901; x_wconf 85' lang='lat' dir='ltr'>Mel-</span> 
     </span>
    </p>
   </div>
   <div class='ocr_carea' id='block_1_111' title="bbox 1865 4936 3518 5008">
    <p class='ocr_par' dir='ltr' id='par_1_111' title="bbox 1865 4936 3518 5008">
     <span class='ocr_line' id='line_1_111' title="bbox 1865 4936 3518 5008; baseline -0.002 -12"><span class='ocrx_word' id='word_1_772' title='bbox 1865 4941 2147 5008; x_wconf 87' lang='lat' dir='ltr'>lerstadii,</span> <span class='ocrx_word' id='word_1_773' title='bbox 2181 4938 2429 4994; x_wconf 88' lang='lat' dir='ltr'>Conradi</span> <span class='ocrx_word' id='word_1_774' title='bbox 2461 4939 2654 5004; x_wconf 88' lang='lat' dir='ltr'>Celtis,</span> <span class='ocrx_word' id='word_1_775' title='bbox 2683 4937 2927 4992; x_wconf 89' lang='lat' dir='ltr'>Joannis</span> <span class='ocrx_word' id='word_1_776' title='bbox 2959 4937 3250 5004; x_wconf 88' lang='lat' dir='ltr'>Laterani,</span> <span class='ocrx_word' id='word_1_777' title='bbox 3272 4936 3518 4994; x_wconf 85' lang='lat' dir='ltr'>Joannis</span> 
     </span>
    </p>
   </div>
   <div class='ocr_carea' id='block_1_112' title="bbox 1866 5025 3519 5099">
    <p class='ocr_par' dir='ltr' id='par_1_112' title="bbox 1866 5025 3519 5099">
     <span class='ocr_line' id='line_1_112' title="bbox 1866 5025 3519 5099; baseline -0.004 -12"><span class='ocrx_word' id='word_1_778' title='bbox 1866 5031 2073 5097; x_wconf 87' lang='lat' dir='ltr'>Stabii,</span> <span class='ocrx_word' id='word_1_779' title='bbox 2109 5029 2324 5085; x_wconf 88' lang='lat' dir='ltr'>Urbani</span> <span class='ocrx_word' id='word_1_780' title='bbox 2358 5026 2701 5099; x_wconf 66' lang='lat' dir='ltr'>Praepusini,</span> <span class='ocrx_word' id='word_1_781' title='bbox 2735 5025 3064 5082; x_wconf 88' lang='lat' dir='ltr'>Sebastiani</span> <span class='ocrx_word' id='word_1_782' title='bbox 3106 5025 3389 5097; x_wconf 87' lang='lat' dir='ltr'>Sprenzii,</span> <span class='ocrx_word' id='word_1_783' title='bbox 3416 5025 3519 5098; x_wconf 91' lang='lat' dir='ltr'>qui</span> 
     </span>
    </p>
   </div>
   <div class='ocr_carea' id='block_1_113' title="bbox 1868 5114 3517 5187">
    <p class='ocr_par' dir='ltr' id='par_1_113' title="bbox 1868 5114 3517 5187">
     <span class='ocr_line' id='line_1_113' title="bbox 1868 5114 3517 5187; baseline -0.004 -12"><span class='ocrx_word' id='word_1_784' title='bbox 1868 5119 2235 5176; x_wconf 85' lang='lat' dir='ltr'>Roswitham</span> <span class='ocrx_word' id='word_1_785' title='bbox 2282 5120 2602 5173; x_wconf 87' lang='lat' dir='ltr'>nostratem</span> <span class='ocrx_word' id='word_1_786' title='bbox 2654 5120 2711 5171; x_wconf 89' lang='lat' dir='ltr'>et</span> <span class='ocrx_word' id='word_1_787' title='bbox 2749 5115 2978 5187; x_wconf 88' lang='lat' dir='ltr'>generis</span> <span class='ocrx_word' id='word_1_788' title='bbox 3016 5114 3303 5187; x_wconf 87' lang='lat' dir='ltr'>dignitate</span> <span class='ocrx_word' id='word_1_789' title='bbox 3353 5114 3517 5170; x_wconf 87' lang='lat' dir='ltr'>illus-</span> 
     </span>
    </p>
   </div>
   <div class='ocr_carea' id='block_1_114' title="bbox 1869 5205 3519 5279">
    <p class='ocr_par' dir='ltr' id='par_1_114' title="bbox 1869 5205 3519 5279">
     <span class='ocr_line' id='line_1_114' title="bbox 1869 5205 3519 5279; baseline -0.003 -15"><span class='ocrx_word' id='word_1_790' title='bbox 1869 5215 2038 5278; x_wconf 86' lang='lat' dir='ltr'>trem,</span> <span class='ocrx_word' id='word_1_791' title='bbox 2069 5212 2125 5264; x_wconf 90' lang='lat' dir='ltr'>et</span> <span class='ocrx_word' id='word_1_792' title='bbox 2173 5211 2343 5279; x_wconf 88' lang='lat' dir='ltr'>gente</span> <span class='ocrx_word' id='word_1_793' title='bbox 2394 5206 2677 5262; x_wconf 81' lang='lat' dir='ltr'>Saxonica</span> <span class='ocrx_word' id='word_1_794' title='bbox 2733 5205 2912 5260; x_wconf 77' lang='lat' dir='ltr'>fuisse</span> <span class='ocrx_word' id='word_1_795' title='bbox 2966 5208 3175 5273; x_wconf 88' lang='lat' dir='ltr'>ortam,</span> <span class='ocrx_word' id='word_1_796' title='bbox 3210 5205 3282 5260; x_wconf 87' lang='lat' dir='ltr'>ad</span> <span class='ocrx_word' id='word_1_797' title='bbox 3332 5220 3519 5260; x_wconf 91' lang='lat' dir='ltr'>unum</span> 
     </span>
    </p>
   </div>
   <div class='ocr_carea' id='block_1_115' title="bbox 1870 5298 2472 5353">
    <p class='ocr_par' dir='ltr' id='par_1_115' title="bbox 1870 5298 2472 5353">
     <span class='ocr_line' id='line_1_115' title="bbox 1870 5298 2472 5353; baseline -0.005 0"><span class='ocrx_word' id='word_1_798' title='bbox 1870 5316 2073 5353; x_wconf 90' lang='lat' dir='ltr'>omnes</span> <span class='ocrx_word' id='word_1_799' title='bbox 2105 5298 2472 5352; x_wconf 75' lang='lat' dir='ltr'>confirmant.</span> 
     </span>
    </p>
   </div>
   <div class='ocr_carea' id='block_1_116' title="bbox 1943 5384 3523 5458">
    <p class='ocr_par' dir='ltr' id='par_1_116' title="bbox 1943 5384 3523 5458">
     <span class='ocr_line' id='line_1_116' title="bbox 1943 5384 3523 5458; baseline -0.003 -15"><span class='ocrx_word' id='word_1_800' title='bbox 1943 5390 2067 5443; x_wconf 92' lang='lat' dir='ltr'>Non</span> <span class='ocrx_word' id='word_1_801' title='bbox 2115 5387 2223 5441; x_wconf 85' lang='lat' dir='ltr'>fuit</span> <span class='ocrx_word' id='word_1_802' title='bbox 2280 5388 2475 5457; x_wconf 86' lang='lat' dir='ltr'>itaque</span> <span class='ocrx_word' id='word_1_803' title='bbox 2533 5386 2767 5440; x_wconf 87' lang='lat' dir='ltr'>natione</span> <span class='ocrx_word' id='word_1_804' title='bbox 2816 5384 3021 5458; x_wconf 80' lang='lat' dir='ltr'>Angla,</span> <span class='ocrx_word' id='word_1_805' title='bbox 3057 5391 3122 5440; x_wconf 89' lang='lat' dir='ltr'>ut</span> <span class='ocrx_word' id='word_1_806' title='bbox 3175 5385 3523 5440; x_wconf 87' lang='lat' dir='ltr'>Laurentius</span> 
     </span>
    </p>
   </div>
   <div class='ocr_carea' id='block_1_117' title="bbox 1870 5473 3520 5548">
    <p class='ocr_par' dir='ltr' id='par_1_117' title="bbox 1870 5473 3520 5548">
     <span class='ocr_line' id='line_1_117' title="bbox 1870 5473 3520 5548; baseline -0.005 -15"><span class='ocrx_word' id='word_1_807' title='bbox 1870 5478 2249 5540; x_wconf 87' lang='lat' dir='ltr'>Humfredus,</span> <span class='ocrx_word' id='word_1_808' title='bbox 2271 5475 2515 5548; x_wconf 83' lang='lat' dir='ltr'>Anglus,</span> <span class='ocrx_word' id='word_1_809' title='bbox 2541 5492 2735 5530; x_wconf 87' lang='lat' dir='ltr'>errore</span> <span class='ocrx_word' id='word_1_810' title='bbox 2765 5476 2999 5541; x_wconf 84' lang='lat' dir='ltr'>ductus,</span> <span class='ocrx_word' id='word_1_811' title='bbox 3036 5474 3283 5545; x_wconf 80' lang='lat' dir='ltr'>putavit,</span> <span class='ocrx_word' id='word_1_812' title='bbox 3306 5473 3520 5544; x_wconf 84' lang='lat' dir='ltr'>quippe</span> 
     </span>
    </p>
   </div>
   <div class='ocr_carea' id='block_1_118' title="bbox 1872 5561 3543 5638">
    <p class='ocr_par' dir='ltr' id='par_1_118' title="bbox 1872 5561 3543 5638">
     <span class='ocr_line' id='line_1_118' title="bbox 1872 5561 3543 5638; baseline -0.006 -16"><span class='ocrx_word' id='word_1_813' title='bbox 1872 5568 1969 5638; x_wconf 89' lang='lat' dir='ltr'>qui</span> <span class='ocrx_word' id='word_1_814' title='bbox 2005 5584 2133 5623; x_wconf 88' lang='lat' dir='ltr'>eam</span> <span class='ocrx_word' id='word_1_815' title='bbox 2163 5565 2321 5637; x_wconf 89' lang='lat' dir='ltr'>genti</span> <span class='ocrx_word' id='word_1_816' title='bbox 2363 5564 2695 5635; x_wconf 66' lang='lat' dir='ltr'>Anglicana)</span> <span class='ocrx_word' id='word_1_817' title='bbox 2728 5565 3023 5621; x_wconf 86' lang='lat' dir='ltr'>vindicare</span> <span class='ocrx_word' id='word_1_818' title='bbox 3066 5561 3311 5626; x_wconf 87' lang='lat' dir='ltr'>studuit,</span> <span class='ocrx_word' id='word_1_819' title='bbox 3347 5563 3543 5628; x_wconf 83' lang='lat' dir='ltr'>atque</span> 
     </span>
    </p>
   </div>
   <div class='ocr_carea' id='block_1_119' title="bbox 1874 5647 3516 5725">
    <p class='ocr_par' dir='ltr' id='par_1_119' title="bbox 1874 5647 3516 5725">
     <span class='ocr_line' id='line_1_119' title="bbox 1874 5647 3516 5725; baseline -0.008 -14"><span class='ocrx_word' id='word_1_820' title='bbox 1874 5655 2240 5711; x_wconf 80' lang='lat' dir='ltr'>Roswitham</span> <span class='ocrx_word' id='word_1_821' title='bbox 2263 5655 2414 5709; x_wconf 90' lang='lat' dir='ltr'>hanc</span> <span class='ocrx_word' id='word_1_822' title='bbox 2435 5671 2546 5708; x_wconf 89' lang='lat' dir='ltr'>non</span> <span class='ocrx_word' id='word_1_823' title='bbox 2571 5654 2747 5709; x_wconf 86' lang='lat' dir='ltr'>aliam</span> <span class='ocrx_word' id='word_1_824' title='bbox 2766 5671 2943 5725; x_wconf 87' lang='lat' dir='ltr'>quam</span> <span class='ocrx_word' id='word_1_825' title='bbox 2960 5653 3246 5723; x_wconf 88' lang='lat' dir='ltr'>virginem</span> <span class='ocrx_word' id='word_1_826' title='bbox 3265 5647 3516 5711; x_wconf 87' lang='lat' dir='ltr'>Ilildam,</span> 
     </span>
    </p>
   </div>
   <div class='ocr_carea' id='block_1_120' title="bbox 1872 5735 3519 5815">
    <p class='ocr_par' dir='ltr' id='par_1_120' title="bbox 1872 5735 3519 5815">
     <span class='ocr_line' id='line_1_120' title="bbox 1872 5735 3519 5815; baseline -0.009 -15"><span class='ocrx_word' id='word_1_827' title='bbox 1872 5761 2001 5815; x_wconf 70' lang='lat' dir='ltr'>qua:</span> <span class='ocrx_word' id='word_1_828' title='bbox 2031 5743 2460 5800; x_wconf 67' lang='lat' dir='ltr'>Northumbria:</span> <span class='ocrx_word' id='word_1_829' title='bbox 2496 5743 2873 5813; x_wconf 85' lang='lat' dir='ltr'>provinciam,</span> <span class='ocrx_word' id='word_1_830' title='bbox 2898 5742 2958 5796; x_wconf 91' lang='lat' dir='ltr'>in</span> <span class='ocrx_word' id='word_1_831' title='bbox 2981 5756 3097 5810; x_wconf 88' lang='lat' dir='ltr'>qua</span> <span class='ocrx_word' id='word_1_832' title='bbox 3129 5740 3263 5793; x_wconf 87' lang='lat' dir='ltr'>nata</span> <span class='ocrx_word' id='word_1_833' title='bbox 3287 5738 3429 5801; x_wconf 89' lang='lat' dir='ltr'>erat,</span> <span class='ocrx_word' id='word_1_834' title='bbox 3462 5735 3519 5785; x_wconf 85' lang='lat' dir='ltr'>et</span> 
     </span>
    </p>
   </div>
  </div>
