3900 6394
314 327 433 392 947

1524 332 1627 396 AD
1671 334 1932 396 OPERA
1975 334 2533 397 ΗΒΟΤΒΠΙΤΗᾹΞ.

3643 338 3762 406 948

308 479 548 525 omnem
580 463 942 523 Britanniam
971 462 1283 541 insigniter
1318 466 1652 537 illustravit,
1688 469 1964 525 audacter
1989 467 2044 538 Α
2077 468 2279 525 batissa
2304 472 2363 525 in
2383 468 2805 526 Streonesheule.
2834 471 2986 526 Tum
3008 469 3367 529 Wilhelmus
3390 470 3760 529 Malmesbu-

309 555 502 629 magis
533 572 711 629 quam
742 573 874 613 vere
905 557 1163 612 tradidit.
1192 557 1302 613 Sed
1352 576 1713 631 magnopere
1744 558 1969 613 fallitur

306 645 677 713 Humfredes,
700 644 1175 717 quandoquidem
1206 663 1340 701 eum
1365 652 1421 701 et
1452 647 1716 702 locorum
1741 652 1799 701 et
1830 653 1970 703 tem-

303 751 517 808 porum
563 733 817 790 rationes
869 733 1163 789 refellunt.
1196 735 1435 791 Constat
1464 736 1618 790 enim
1674 754 1744 791 ex
1792 737 1966 804 Beda,

306 824 463 896 quod
495 823 684 891 Hilda,
709 823 877 896 uirgo
919 824 1317 884 sanctissima.
1343 830 1399 879 et
1430 825 1722 897 virginum
1769 825 1968 897 Angli-

305 930 589 970 canarum
622 914 921 986 quondam
953 914 1134 968 decus
1168 919 1225 969 et
1258 920 1691 983 ornamentum,
1719 919 1849 986 post
1874 932 1970 968 an«

306 1020 452 1060 num
485 1003 674 1059 aztatis
704 1003 945 1058 tertium
969 1006 1026 1057 et
1048 1002 1435 1070 tricesimum,
1461 1004 1750 1059 abdicatis
1772 1003 1967 1058 sznculi

300 1092 563 1165 juribus,
597 1092 787 1148 ordini
821 1109 987 1147 sacro
1020 1109 1081 1147 se
1123 1092 1430 1160 addixerit,
1466 1098 1523 1147 et
1554 1112 1620 1147 ex
1652 1094 1969 1148 Northum-

308 1182 439 1239 bria
468 1181 658 1254 patria
688 1198 819 1249 sua,
841 1180 900 1235 in
930 1181 1201 1253 Angliam
1225 1181 1589 1248 orientalem,
1614 1184 1785 1253 cujus
1816 1182 1968 1253 regis

310 1271 644 1343 propinqua
664 1274 810 1338 erat,
837 1271 1095 1341 profecta
1117 1269 1309 1339 fuerit,
1335 1288 1400 1325 eo
1433 1271 1669 1342 quidem
1702 1270 1966 1337 consilio,

313 1362 378 1415 ut
405 1358 543 1415 inde
574 1360 817 1430 trajecto
852 1359 999 1414 mari
1032 1358 1253 1414 veniret
1284 1359 1341 1414 in
1371 1359 1639 1427 Galliam,
1665 1365 1721 1415 et
1752 1360 1967 1414 ibidem

312 1447 375 1503 in
406 1447 670 1505 cmnobio
702 1449 957 1520 quodam
1009 1448 1124 1504 Deo
1156 1465 1218 1503 se
1248 1448 1545 1521 vitamque
1591 1448 1968 1520 dicaret.§Sed

308 1536 440 1610 ipsa
461 1537 848 1594 nihilominus
871 1538 930 1593 in
955 1538 1365 1610 peregrinandi
1388 1538 1685 1610 proposito
1709 1556 1812 1610 per
1830 1538 1971 1593 inte-

310 1643 482 1702 grum
516 1643 737 1683 annum
770 1626 1121 1699 persistebat
1151 1627 1209 1681 in
1239 1626 1451 1699 Anglia
1471 1626 1968 1697 orientali,quead

308 1720 519 1788 praeter
548 1715 1041 1789 exspectationem
1073 1714 1145 1769 ab
1178 1715 1449 1786 episcopo
1478 1715 1702 1771 Aidano
1754 1715 1813 1769 in
1863 1732 1971 1788 pa-

307 1804 485 1861 triam
516 1808 905 1861 revocaretur.
940 1804 1002 1859 Id
1036 1804 1133 1859 ubi
1167 1804 1388 1859 factum
1422 1808 1532 1871 est,
1560 1803 1756 1859 locum
1791 1804 1969 1860 unius

311 1893 547 1951 familiae
570 1895 641 1951 ad
667 1893 1127 1966 septentrionem
1152 1892 1408 1966 plagam,
1424 1898 1490 1949 ut
1510 1893 1967 1967 loquiturlBCda,

312 1983 480 2042 Viuri
513 1983 777 2042 ﬂuminis
806 1982 1052 2056 accepit,
1077 1987 1134 2038 et
1155 2000 1317 2055 aeque
1340 1983 1421 2039 ibi
1442 1999 1628 2038 unum
1651 2001 1872 2038 annum
1895 1983 1975 2037 vi-

307 2077 431 2130 tam
463 2073 798 2147 religiosam
820 2089 956 2128 cum
988 2072 1297 2144 perpaucis
1320 2072 1495 2127 sociis
1525 2072 1834 2144 transegit,
1854 2071 1966 2140 vel,

309 2166 379 2218 ut
397 2161 662 2234 loquitur
677 2161 989 2217 Matthzeus
1001 2160 1973 2231 Westmonasteriensis,abbatissa

311 2254 469 2310 facta
499 2251 677 2309 fuerit
706 2252 777 2307 de
803 2252 1098 2323 Hertcsey.
1123 2250 1227 2305 Cui
1269 2250 1499 2305 muneri
1528 2255 1734 2322 postea
1767 2252 1827 2305 in
1859 2268 1969 2305 coe-

314 2343 490 2399 nobio
529 2359 565 2399 a
609 2358 673 2398 se
720 2344 1056 2397 constructo
1111 2338 1546 2407 Streanshalch,
1583 2339 1641 2394 in
1692 2340 1972 2395 comitatu

318 2431 675 2489 Eboracensi
708 2429 842 2499 site,
866 2445 1102 2485 summa
1123 2445 1264 2484 cura
1283 2429 1598 2500 studioque
1630 2430 1879 2500 praefuit,
1912 2428 1972 2484 in

313 2538 501 2594 eoque
528 2521 659 2577 vitae
690 2536 900 2593 genere
928 2535 1116 2591 usque
1161 2519 1234 2573 ad
1274 2522 1521 2573 mortem
1564 2521 1968 2590 perseveravit.

312 2611 507 2668 Testis
528 2614 617 2666 est
636 2609 993 2675 luculentus,
1022 2608 1121 2680 qui
1151 2609 1305 2680 apud
1339 2608 1552 2662 Bedam
1578 2613 1785 2675 exstat,
1810 2609 1973 2664 locus

313 2699 417 2757 lib.
470 2718 557 2768 ιιι,
609 2716 662 2755 c.
711 2699 801 2766 33,
834 2697 1049 2753 Hister.
1098 2696 1421 2751 ecclesiast.
1458 2696 1646 2752 Verba
1694 2701 1975 2768 concepta

309 2787 435 2846 haec
462 2792 635 2845 sunt:
659 2788 816 2844 Anno
838 2787 1029 2843 Domin
1039 2788 1142 2842 iam
1162 2786 1566 2841 incarnationis
1585 2790 1975 2843 sexcentesimo

312 2879 632 2951 octogesimo
679 2877 1097 2948 religiosissima
1145 2874 1350 2930 Christi
1397 2877 1611 2946 famula
1658 2877 1841 2943 litata,
1879 2877 1973 2932 ab-

315 2965 519 3023 batissa
545 2967 869 3023 monasterii
889 2964 1322 3032 Streaneshalch,
1350 2972 1472 3035 post
1493 2964 1669 3020 multa
1699 2981 1824 3037 qua?
1850 2967 1979 3036 fecit

324 3058 388 3111 in
414 3058 578 3112 terris
622 3071 786 3126 opera
813 3054 1049 3109 caelestia
1078 3052 1147 3107 ad
1172 3053 1525 3124 percipienda
1566 3056 1805 3125 prmia
1849 3056 1978 3111 vitm

316 3144 576 3212 caelestis,
606 3144 672 3199 de
699 3144 861 3198 terris
889 3141 1072 3197 ablata
1112 3143 1368 3196 transivit
1413 3141 1502 3196 die
1533 3144 1725 3213 quinta
1771 3143 1976 3198 decima

2000 1848 2049 1912 B

2078 559 2310 627 riensis,
2336 560 2416 614 Dc
2438 560 2619 632 gestis
2644 577 2850 633 regum
2872 561 3195 633 Anglorum
3234 562 3337 617 lib.
3374 581 3411 631 ι,
3437 569 3619 618 vocat
3651 562 3759 618 hoc

2081 650 2504 703 monasterium
2564 650 2933 715 Streanshale,
2983 650 3280 723 simulque
3337 656 3546 707 monet
3597 670 3761 707 nunc

2086 738 2288 809 Witeby
2322 737 2623 809 appellari.
2659 738 2849 793 Verba
2879 739 2999 793 hzec
3043 745 3183 794 sunt
3218 756 3231 795 :
3269 741 3517 808 Quarum
3545 743 3761 813 prevai-

2075 844 2250 897 pmun
2283 830 2674 881 monasterium
2719 835 2848 882 tunc
2886 830 3244 898 feminarum,
3278 846 3428 884 nunc
3455 831 3763 885 monacho-

2082 933 2226 983 rum,
2259 916 2326 969 ab
2354 916 2592 971 Eboraco
2623 918 2693 970 3t)
2737 916 2984 971 millibus
3025 919 3081 971 in
3135 918 3343 973 boreali
3366 928 3531 990 parte
3559 921 3759 986 situm,

2080 1008 2308 1076 antiquo
2340 1005 2595 1060 vocabulo
2629 1005 3048 1072 Streaneshall,
3079 1007 3235 1062 modo
3265 1008 3504 1081 \Viteby
3536 1026 3762 1063 nuncu-

2076 1103 2259 1166 patur,
2294 1094 2432 1165 quod
2464 1094 2531 1148 ab
2573 1096 2806 1163 insignis
2849 1096 3137 1165 religionis
3176 1099 3383 1167 femina
3414 1097 3583 1152 Ililda
3619 1116 3763 1168 arp-

2083 1192 2213 1249 tum,
2248 1183 2547 1252 [illeilli-da,
2579 1183 2819 1253 ejusdem
2850 1185 2992 1254 regis
3022 1185 3161 1253 ﬁlia,
3189 1186 3247 1240 in
3276 1187 3548 1257 regimine
3577 1204 3767 1242 succc—

2079 1272 2209 1327 dcns
2240 1273 2457 1343 magnis
2485 1273 2761 1343 ﬁsi-alium
2801 1289 2962 1344 opum
3010 1274 3246 1329 molibus
3291 1276 3469 1329 auxit.
3507 1276 3762 1331 Guiliel-

2080 1378 2214 1415 mus
2238 1361 2639 1428 Cambdenus,
2667 1359 2949 1415 luculenti
2984 1362 3176 1433 operis
3201 1367 3425 1433 auctor,
3450 1365 3617 1435 quod
3647 1365 3770 1419 Bri-

2081 1450 2283 1504 tannia
2315 1450 2526 1520 Magna
2556 1448 2922 1516 inscribitur,
2951 1450 3371 1506 monasterium
3408 1451 3519 1507 hoc
3552 1471 3767 1508 recen-

2078 1538 2211 1593 tiori
2243 1538 2520 1593 vocabulo
2568 1538 2779 1610 Whitby
2831 1539 3179 1607 nominavit,
3215 1557 3349 1595 cum
3380 1540 3464 1595 ait
3498 1557 3512 1595 :
3546 1543 3761 1614 Hujus-

2078 1627 2229 1682 modi
2256 1628 2440 1698 fuerat
2466 1626 2687 1682 abbatia
2716 1626 2781 1681 de
2819 1626 3031 1698 Whitby
3077 1627 3144 1682 ab
3183 1627 3347 1683 Hilda
3380 1628 3633 1697 domina,
3669 1648 3764 1686 re-

2080 1717 2167 1771 his
2200 1718 2387 1771 Etvini
2411 1733 2480 1771 ea:
2507 1717 2625 1787 ﬁlio
2657 1724 2830 1788 nepte,
2864 1716 3118 1787 fundata.
3153 1718 3343 1783 Quare
3382 1718 3441 1773 in
3484 1725 3763 1776 mentem

2080 1805 2243 1860 venit
2276 1803 2477 1859 mirari
2500 1805 2657 1876 quod
2681 1805 2974 1860 Gerardus
2997 1804 3252 1860 Joannes
3273 1805 3521 1863 Vossius
3550 1806 3660 1861 lib.
3692 1825 3760 1876 ιι,

2081 1911 2207 1964 cap.
2236 1894 2326 1959 41,
2350 1894 2429 1948 De
2462 1892 2762 1949 historicis
2801 1893 3027 1949 Latinis
3059 1895 3486 1950 monasterium
3518 1895 3656 1962 hoc,
3698 1897 3762 1951 in

2082 2000 2195 2055 quo
2254 1982 2425 2037 Ililda
2474 1982 2586 2037 fuit
2635 1983 2958 2050 abbatissa,
2994 1984 3280 2039 Herethow
3329 1983 3758 2057 appellaverit;

2084 2072 2255 2145 plane
2286 2071 2444 2127 enim
2477 2072 2586 2127 hoc
2618 2089 2828 2127 nomen
2862 2089 2978 2127 non
3022 2073 3292 2145 quadrat,
3326 2075 3429 2130 sed
3458 2091 3493 2129 a
3524 2075 3754 2130 descri-

2083 2161 2280 2234 ptione
2311 2160 2635 2233 Anglorum
2659 2161 3012 2233 scriptorum
3035 2161 3268 2233 longius
3290 2162 3525 2218 recedit.
3547 2164 3613 2219 In
3636 2164 3753 2219 hoc

2083 2251 2438 2305 monasterio
2470 2249 2947 2317 Streoneshalch,
2970 2252 3123 2322 quod
3150 2252 3306 2306 Beda
3326 2251 3757 2323 interpretatur

2082 2340 2251 2395 Sinus
2309 2340 2460 2407 Fari,
2505 2355 2639 2394 cum
2699 2356 2813 2410 quo
2863 2340 3163 2412 conspirat
3209 2340 3388 2395 etiam
3439 2340 3761 2414 Philippus

2084 2429 2336 2484 Brietius
2368 2429 2426 2483 in
2461 2427 2758 2484 Parallelis
2799 2428 3012 2484 veteris
3059 2433 3118 2484 et
3164 2446 3321 2485 nova:
3351 2430 3751 2503 geographici,

2084 2518 2344 2591 synodus
2375 2517 2587 2573 saeculo
2635 2518 2907 2589 septimo,
2943 2535 3095 2573 anno
3135 2518 3353 2574 Christi
3380 2520 3505 2587 664,
3541 2519 3754 2575 habita

2084 2613 2194 2672 est,
2230 2625 2354 2678 qua:
2407 2606 2580 2661 hodie
2627 2605 2958 2678 appellatur
3006 2605 3334 2675 Pharcntis,
3367 2606 3478 2677 vel,
3531 2612 3597 2664 ut
3646 2609 3750 2664 alii

2085 2697 2374 2763 scribunt,
2400 2695 2691 2751 Fax-ensis.
2718 2696 3106 2752 Tractabatur
3125 2701 3324 2752 autem
3348 2696 3406 2751 in
3429 2713 3497 2753 ea
3523 2698 3595 2753 de
3615 2696 3747 2765 lite,

2087 2803 2212 2858 qua:
2246 2787 2315 2840 de
2347 2784 2440 2840 die
2471 2785 2788 2841 Paschatos
2816 2786 2967 2841 inter
2992 2784 3210 2858 Anglos
3233 2790 3289 2841 et
3310 2786 3513 2841 Scotos
3545 2792 3751 2843 coorta

2085 2879 2229 2930 erat.
2256 2874 3185 2944 Wilhelmus;Ma1mesburiensis
3206 2876 3591 2947 quaestionem
3614 2875 3658 2931 l.
3684 2894 3747 2932 ιιι

2086 2965 2167 3019 De
2196 2964 2378 3036 gestis
2409 2963 2669 3036 pontiﬁc.
2702 2963 2895 3036 Angl,,
2932 2964 3013 3018 ita
3044 2964 3257 3019 format
3289 2980 3302 3018 :
3339 2964 3752 3037 Conquirebant

2087 3053 2219 3125 quid
2248 3062 2385 3109 esset
2408 3055 2792 3121 rectissimum,
2825 3061 3013 3108 utrum
3043 3068 3191 3109 more
3219 3054 3508 3109 Britonum
3534 3062 3590 3110 et
3616 3054 3747 3110 Sco-

2087 3151 2265 3199 torum
2291 3144 2576 3214 omnisque
2605 3143 2940 3215 aquilonalis
2980 3145 3157 3214 partis
3187 3160 3223 3198 u
3250 3156 3346 3198 xxv
3374 3144 3529 3209 luna,
3561 3144 3748 3199 Domi-

314 3231 688 3290 Kalendarum
733 3230 1129 3295 Decembrium,
1160 3246 1286 3285 cum
1313 3238 1448 3285 esset
1493 3247 1767 3286 minorum
1805 3248 1964 3287 sexa-
1997 3221 2039 3286 C
2078 3235 2205 3287 nica
2234 3232 2324 3287 die
2355 3234 2597 3287 veniente
2624 3249 2795 3304 usque
2824 3232 2894 3287 ad
2921 3249 3038 3287 nn
3067 3231 3282 3288 Pascha
3309 3233 3583 3304 agendum
3615 3253 3635 3287 :
3668 3251 3745 3288 an

315 3324 469 3395 ginta
492 3337 591 3378 sex
621 3339 639 3376 :
672 3320 870 3393 quibus
898 3335 1062 3391 {eq-ua
1084 3320 1333 3389 portione
1363 3319 1578 3386 divisis,
1610 3322 1836 3391 triginta
1867 3330 1974 3377 tres

312 3412 522 3485 primos
556 3412 617 3465 in
645 3410 908 3467 swculari
927 3408 1117 3463 habitu
1145 3408 1486 3463 nobilissime
1506 3418 1818 3465 conservata
1836 3426 1976 3466 com-

310 3501 500 3572 plevit,
527 3507 580 3556 et
605 3499 824 3556 totidem
843 3504 1122 3570 sequentes
1150 3498 1394 3553 nobilius
1428 3499 1488 3553 in
1516 3499 1837 3554 monachica
1865 3501 1972 3554 vim

315 3590 544 3646 Domino
574 3589 925 3654 consecravit,
952 3590 1060 3643 etc.
1096 3587 1232 3655 Qua?
1269 3603 1394 3641 cum
1431 3589 1616 3643 relicto
1651 3588 1841 3643 habitu
1868 3604 1974 3645 sa?-

314 3679 496 3735 culari
517 3680 608 3734 illi
620 3679 727 3735 soli
740 3679 947 3734 servire
966 3677 1307 3742 decrevisset,
1320 3679 1535 3732 secessit
1550 3677 1619 3732 ad
1635 3680 1978 3749 provinciam

313 3769 671 3824 orientalium
689 3767 991 3838 Anglorum
1006 3770 1146 3833 (erat
1162 3782 1400 3837 namque
1416 3768 1726 3838 propinqua
1746 3768 1890 3837 regis
1914 3767 1978 3821 il-

318 3856 449 3929 lius)
482 3855 798 3914 desiderans
838 3854 1056 3921 exinde,
1078 3856 1131 3910 si
1169 3864 1272 3926 quo
1310 3853 1466 3910 modo
1490 3863 1687 3926 posset,
1717 3855 1979 3912 derelicta

313 3947 518 4018 patria,
550 3953 603 4001 et
642 3944 896 4001 omnibus
937 3958 1292 4015 quaecumque
1333 3943 1614 4011 habuerat,
1650 3946 1704 3998 in
1743 3945 1978 4000 Galliam

312 4036 622 4107 pervenire,
654 4042 815 4106 atque
844 4034 905 4087 in
950 4033 1277 4087 monasterio
1313 4032 1461 4088 Calx
1504 4035 1852 4104 peregrinam
1876 4052 1977 4106 pro

317 4124 548 4179 Domino
569 4123 739 4176 vitam
766 4120 1099 4185 ducere,etc.
1122 4119 1262 4173 Nam
1286 4128 1337 4175 et
1361 4123 1419 4174 in
1439 4121 1623 4176 eodem
1650 4127 1978 4181 monasterio

318 4227 475 4268 soror
521 4211 696 4283 ipsius
736 4207 1038 4274 Haeresvid,
1088 4216 1263 4263 mater
1310 4208 1508 4280 Adulﬁ,
1551 4213 1695 4280 regis
1739 4214 1977 4268 oriente-

324 4302 465 4357 lium
494 4300 808 4371 Anglorum,
840 4297 1187 4370 regularibus
1234 4298 1452 4354 subdita
1499 4300 1828 4372 disciplinis,
1864 4304 1980 4373 ipso

326 4398 561 4463 tempore
586 4404 843 4445 coronam
860 4387 1201 4459 exspectabat
1227 4395 1524 4455 aeternam;
1551 4391 1703 4462 cujus
1720 4393 1982 4447 annulati:

324 4480 654 4553 exemplum,
677 4485 729 4535 et
758 4479 878 4550 ipsa
916 4479 1190 4550 proposito
1224 4479 1637 4549 peregrinandi,
1670 4498 1880 4535 annum
1911 4489 1983 4537 to—

2080 3323 2279 3377 melius
2318 3324 2392 3377 sit
2438 3323 2650 3377 ratione
2692 3320 2840 3378 sedis
2886 3322 3198 3392 apostolicae
3226 3339 3260 3376 a
3288 3338 3361 3377 xv
3391 3323 3528 3377 luna
3574 3339 3752 3395 usque

2082 3411 2152 3466 ad
2182 3429 2275 3465 xm
2306 3411 2515 3466 Pascha
2544 3418 2679 3466 esset
2722 3412 3013 3467 Dominica
3051 3410 3387 3466 celebranda.
3417 3412 3529 3467 Sed
3566 3411 3750 3479 Scoti,

2085 3520 2118 3556 a
2149 3517 2398 3571 quorum
2431 3517 2608 3556 causa
2648 3500 2842 3556 stabat
2898 3499 3089 3567 Hilda,
3123 3498 3284 3554 litem
3336 3500 3746 3571 perdiderunt.

2085 3589 2251 3644 Haud
2284 3589 2579 3644 immerito
2611 3606 2829 3659 magna
2858 3589 3131 3643 sacerdos
3162 3587 3352 3656 Hilda,
3378 3590 3746 3645 sanctissimi

2086 3678 2266 3734 moris
2298 3683 2356 3733 et
2385 3676 2858 3749 exquisitissimae
2878 3676 3132 3742 virtutis,
3152 3677 3581 3750 reconditazque
3613 3696 3748 3734 eru-

2087 3768 2327 3824 ditionis
2340 3768 2564 3839 virgo,a
2576 3766 2959 3839 scriptoribus
2972 3766 3232 3839 Anglicis
3248 3784 3360 3821 non
3374 3767 3748 3840 vulgaribus,

2088 3873 2190 3926 pro
2220 3872 2308 3920 eo,
2331 3871 2397 3910 ac
2428 3854 2671 3926 par;est,
2696 3858 2940 3909 ornatur
2968 3853 3194 3926 elogiis,
3218 3854 3419 3927 sicque
3446 3861 3687 3912 vocatur
3715 3876 3751 3913 a

2088 3944 2370 4010 Godvino,
2390 3943 2452 3997 in
2473 3944 2765 4015 episcopis
2788 3943 3274 4010 Eboracensibus,
3296 3945 3502 4000 mulier
3520 3950 3752 4002 sanctis-

2087 4037 2260 4101 sima,-
2284 4051 2317 4088 a
2340 4034 2490 4088 Foxo
2524 4033 2582 4087 in
2603 4033 2763 4087 Actis
2786 4032 2931 4100 suis,
2951 4035 3161 4104 femina
3185 4033 3403 4089 erudita
3438 4042 3489 4089 et
3525 4035 3748 4103 devota;

2090 4140 2124 4178 a
2153 4123 2342 4194 Spedo
2373 4122 2412 4176 l.
2436 4139 2534 4188 v11,
2563 4138 2613 4175 c.
2637 4122 2727 4187 30,
2752 4124 2847 4191 pia
2874 4131 2927 4178 et
2953 4121 3205 4188 erudita;
3236 4139 3269 4177 a
3301 4122 3557 4179 Lelando
3589 4126 3750 4197 apud

2091 4211 2327 4266 Baleum
2361 4215 2512 4265 cent.
2540 4211 2703 4275 10,’c.
2733 4211 2818 4277 16,
2841 4212 3052 4280 femina
3082 4212 3566 4283 incomparabilis;
3587 4217 3647 4268 ct
3676 4215 3753 4269 ab

2091 4299 2338 4372 Illyrico,
2363 4301 2476 4355 fide
2500 4299 2735 4354 Lclandi
2759 4304 2817 4354 et
2854 4299 3011 4354 Balei
3035 4299 3092 4354 in
3114 4300 3410 4373 Catalogo,
3433 4309 3613 4357 mater
3648 4305 3755 4357 mi-

2089 4389 2426 4459 sericordia},
2450 4388 2588 4443 dono
2623 4389 3024 4443 miraculorum
3055 4389 3328 4456 illustris,-
3360 4405 3394 4443 a
3422 4390 3595 4445 Baleo
3626 4391 3756 4462 ipso

2093 4482 2243 4534 cent.
2289 4480 2337 4546 1,
2383 4495 2433 4532 c.
2473 4480 2563 4545 80,
2606 4478 2779 4532 mulir
2818 4480 2934 4549 pia,
2972 4477 3236 4549 prudens,
3284 4479 3543 4547 litterata,
3574 4484 3633 4534 et
3681 4480 3756 4535 ab

321 4578 439 4626 tum
467 4571 530 4625 in
558 4570 794 4644 praefata
837 4568 1125 4639 provincia
1175 4575 1380 4622 retenta
1406 4588 1425 4633 ;
1453 4567 1649 4624 deinde
1676 4569 1743 4625 ab
1774 4569 1982 4626 Aidano
2014 4591 2059 4653 Β
2091 4568 2293 4623 eodem
2317 4584 2367 4621 c.
2391 4567 2480 4633 9i,
2503 4567 2710 4621 mulier
2735 4569 3123 4634 sanctissima,-
3155 4584 3189 4621 a
3209 4567 3587 4624 Wilhelmino
3618 4570 3762 4624 Mal-

317 4660 562 4732 episcopo
611 4661 673 4714 in
718 4659 963 4730 patriam
1012 4664 1282 4723 revocata,
1333 4658 1537 4728 accepit
1585 4659 1762 4713 locum
1816 4661 1983 4715 unius

317 4748 558 4820 familia
598 4745 669 4801 ad
715 4747 1192 4819 septentrionalem
1236 4747 1458 4818 plagam
1507 4748 1663 4802 Viuri
1707 4749 1978 4818 ﬂuminis,

320 4835 416 4891 ubi
442 4850 601 4907 azque
626 4852 770 4892 anno
800 4852 910 4891 uno
945 4836 1321 4891 monachicam
1347 4852 1472 4889 cum
1500 4839 1788 4908 perpaucis
1816 4841 1979 4894 sociis

315 4925 487 4979 vitam
513 4923 723 4993 agebat,
755 4929 866 4979 etc.
907 4924 1143 4994 Contigit
1184 4941 1307 4979 eam
1348 4928 1625 4996 suscipere
1667 4935 1980 4982 construen-

320 5013 455 5067 dum
480 5013 598 5067 sive
639 5011 1009 5067 ordinandum
1039 5014 1434 5068 monasterium
1465 5016 1525 5067 in
1556 5014 1668 5070 loco
1710 5018 1805 5086 qui
1834 5033 1983 5071 vora-

320 5109 412 5156 tur
438 5099 845 5168 Streanshalch,
877 5100 1016 5173 quod
1045 5118 1176 5172 opus
1204 5102 1315 5157 sibi
1340 5103 1646 5173 tnjunetum.
1676 5121 1785 5157 non
1805 5109 1981 5176 segni-

319 5197 400 5245 ter
422 5187 685 5259 implevit.
707 5188 949 5242 Faciunt
971 5189 1149 5243 etiam
1172 5191 1243 5243 ad
1268 5189 1377 5244 hoc
1401 5190 1738 5246 institutum
1765 5211 1830 5247 ea
1854 5212 1979 5265 quze

320 5276 382 5331 in
439 5275 723 5331 Chronico
782 5275 1069 5332 Saxonico
1127 5279 1531 5349 reperiuntur,
1588 5282 1745 5350 quod
1804 5298 1980 5353 Opera

319 5364 632 5435 studioque
653 5362 722 5416 V.
742 5363 852 5418 CL.
871 5364 1166 5419 Edmundi
1187 5366 1472 5432 Gibsonii,
1494 5370 1977 5426 rcvcrendissimo

318 5450 757 5523 archiepiscopo
778 5450 1184 5507 Cantuaricnsi
1218 5470 1249 5507 a
1282 5454 1465 5509 sacris
1506 5459 1562 5509 et
1602 5456 1972 5527 bibliotheca,

319 5558 472 5598 anno
505 5538 645 5595 1692
662 5537 866 5593 Oxonii
897 5537 1130 5608 prodiit.
1165 5540 1355 5595 Verba
1395 5558 1461 5595 ex
1494 5542 1974 5616 interpretatione

319 5631 527 5688 Latina
566 5629 686 5685 hanc
725 5631 902 5683 sunt:
932 5626 997 5679 Et
1032 5626 1213 5682 eodem
1243 5646 1387 5685 anno
1418 5629 1644 5686 decessit
1671 5634 1852 5703 Hilda,
1885 5637 1975 5690 ab-

2095 4655 2487 4711 mcsburiensi
2521 4656 2600 4711 De
2631 4657 2814 4727 gestis
2846 4673 3051 4727 regum
3081 4656 3458 4728 Anglicorum
3487 4656 3527 4710 l.
3556 4675 3597 4725 ι,
3622 4661 3760 4715 insi-

2093 4748 2215 4816 gnis
2248 4747 2533 4816 religionis
2571 4747 2801 4816 femina.
2838 4743 3104 4800 Meminit
3140 4746 3313 4801 etiam
3358 4746 3538 4817 hujus
3569 4747 3755 4801 Ililda:

2095 4833 2349 4900 Simeon,
2386 4834 2710 4890 monachus
2759 4834 3196 4903 Dunelmensis,
3229 4835 3384 4906 apud
3434 4835 3753 4891 Seldcnum

2093 4940 2148 4994 p.
2181 4925 2253 4977 75
2282 4923 2554 4979 editionis
2588 4922 3000 4989 Londinensis,
3029 4924 3145 4990 cui,
3175 4929 3241 4979 ut
3268 4928 3522 4979 testatur
3552 4927 3756 4996 praefa-

2092 5014 2194 5079 tio,
2229 5013 2337 5067 hoc
2369 5031 2516 5083 opus
2551 5012 2877 5085 plurimum
2912 5014 3105 5068 debet.

2164 5101 2380 5155 llorum
2414 5099 2757 5154 auctoritate
2790 5117 2946 5155 nunc
2978 5100 3125 5155 satis
3155 5101 3509 5173 abundeque
3540 5104 3757 5159 evinci-

2091 5196 2207 5258 tur,
2232 5189 2461 5244 Hildam
2493 5189 2730 5243 natione
2770 5189 2953 5244 fuisse
2998 5190 3269 5261 Anglam,
3303 5194 3361 5245 et
3396 5191 3454 5244 in
3486 5195 3752 5248 cwnobio

2092 5278 2531 5335 Streanesheale
2554 5297 2587 5333 a
2607 5296 2668 5334 se
2693 5283 3031 5334 constructo
3055 5280 3241 5335 sacris
3260 5280 3592 5351 virginibus
3616 5300 3753 5353 prce-

2088 5370 2320 5435 fertam,
2337 5369 2535 5439 ibique
2554 5385 2620 5423 eo
2644 5367 2905 5439 pressula:
2927 5386 3170 5425 munere
3194 5386 3379 5440 usque
3400 5370 3473 5424 ad
3501 5376 3753 5426 mortem

2088 5459 2445 5521 defunctam,
2470 5459 2790 5528 eodemque
2815 5457 2873 5511 in
2896 5458 3255 5514 monasterio
3278 5456 3599 5529 sepultam,
3618 5477 3753 5517 ossa

2086 5554 2283 5602 tamen
2307 5546 2515 5600 deinde
2540 5550 2778 5617 propter
2796 5546 3098 5602 Danorum
3141 5547 3526 5604 excursiones
3551 5548 3757 5605 (ilasco

2085 5638 2244 5691 niam
2277 5633 2582 5689 translata.
2608 5635 2836 5700 Quibus
2881 5636 3056 5693 rebus
3086 5636 3276 5693 evenit
3305 5639 3369 5692 ut
3396 5652 3468 5692 ex
3498 5635 3645 5693 solis
3675 5637 3754 5694 lo-
