3900 6360
128 364 239 432 me

1512 356 2129 423 PROLEGOMEN’A.

3415 363 3531 426 95!

129 500 276 559 ricus
305 497 460 557 enim
491 494 948 570 Roswithae,qui
969 494 1130 553 solus
1162 495 1405 553 seorsim
1437 496 1627 552 editus
1660 500 1767 561 est,
1800 493 1856 561 Α
1889 496 2171 553 reswitha
2200 495 2409 569 Angla,
2450 495 2646 569 ibique
2698 493 2756 552 in
2802 494 3037 570 aliquod
3088 496 3534 569 monasterium,

132 596 192 648 ut.
219 591 323 647 sub
346 591 522 645 finem
554 589 734 660 hujus
754 587 1111 659 pra‘fationis
1131 587 1442 653 indicatur,
1463 604 1635 659 Opera
1651 587 1778 657 ejus

132 698 240 736 non
256 677 717 750 comprehendit.
735 676 950 731 lterum
976 676 1048 730 ab
1071 675 1164 730 his
1188 675 1512 730 rationibus
1534 674 1783 730 discedit

133 766 691 838 Tritbemius,plane
724 765 815 820 sui
844 766 1092 820 fortasse
1125 765 1435 829 oblitus,et
1468 765 1612 822 alias
1638 766 1784 836 prio-

133 859 290 914 ribus
320 856 645 912 contrarias
670 854 1119 926 supputationes
1139 852 1395 908 instituit
1420 855 1474 907 in
1498 855 1784 908 Chronico

136 946 445 1018 Ilirsaugia:
480 944 664 1000 tom.I
694 943 1032 1008 Annalium,
1057 943 1533 1014 quandoquidem
1572 944 1648 997 ibi
1682 945 1786 997 lto-

136 1036 404 1093 switham
428 1036 498 1089 ad
528 1052 747 1089 annum
772 1032 988 1087 Christi
1010 1036 1109 1087 U71
1141 1034 1381 1103 ponit,et
1408 1039 1555 1086 recte
1576 1033 1784 1088 smculu

138 1126 351 1180 decimo
376 1141 505 1179 eam
527 1122 1082 1187 ascribit.Quamvis
1101 1127 1265 1175 Vetus
1283 1121 1587 1175 'I‘rithemii
1610 1122 1785 1175 editio

137 1214 469 1285 imperfecta
498 1212 682 1281 hujus
723 1210 1018 1276 Chroniei,
1055 1229 1088 1265 a
1137 1210 1487 1281 Marquarth
1540 1210 1786 1265 Frehere

141 1300 492 1358 Francoi'urti
522 1301 650 1353 1601
690 1298 988 1369 evulgato,
1020 1299 1196 1353 unius
1228 1300 1362 1353 anni
1399 1299 1785 1354 differentiam

139 1391 469 1456 constituat,
503 1406 569 1443 ac
603 1392 780 1459 ponat
804 1404 1028 1442 annum
1062 1388 1275 1442 Christi
1309 1388 1786 1459 070,pariterque

140 1481 401 1536 eumdem
434 1494 657 1533 annum
685 1477 868 1531 970m
886 1477 1156 1547 Catalogo
1189 1475 1507 1531 illustrium
1528 1478 1786 1532 virorum

139 1573 419 1634 numeret,
446 1570 785 1639 repetatque
837 1584 891 1637 p.
946 1566 1067 1619 129.
1115 1568 1304 1631 Quare
1366 1566 1563 1620 mirari
1628 1567 1789 1621 subit

140 1659 302 1731 plane
326 1657 436 1712 sibi
469 1673 584 1711 non
617 1655 951 1710 constitisse
975 1654 1388 1721 Tritbemium,
1420 1655 1788 1726 rationesque

141 1752 465 1819 temporum
498 1744 738 1800 omnino
770 1744 1177 1810 conturbasse,
1210 1749 1265 1798 et
1298 1761 1553 1799 errorem
1599 1762 1790 1799 errore

1891 587 2059 657 cujus
2092 604 2304 641 nomen
2338 587 2650 659 scriptores
2681 591 2893 655 tacent,
2929 588 3185 644 intravit.
3222 592 3356 655 Qum
3402 607 3538 646 vero

1893 677 2043 747 apud
2071 676 2473 730 Mabillonium
2492 676 2549 730 in
2565 676 2786 732 Socculo
2808 677 2857 732 II
2878 676 3333 745 Benedictino,in
3352 679 3540 751 elogio

1894 764 2535 831 S.Theoledrhedis,ad
2570 765 2677 819 hoc
2710 766 3042 821 institutum
3076 768 3539 838 pertinentia'le-

1893 859 2133 923 guntur,
2150 855 2372 907 lubrico
2406 856 2674 908 nituntur
2698 856 3094 922 fundamento,
3113 874 3215 911 nec
3236 858 3376 912 tanti
3402 863 3541 914 sunt

1896 947 1959 996 ut
1991 961 2083 997 me
2119 944 2172 997 in
2207 945 2333 1013 ejus
2369 944 2718 998 sententiam
2740 946 3025 999 adducere
3044 946 3285 1017 possint.
3307 948 3543 1003 Rectius

1898 1030 2095 1101 utique
2128 1037 2329 1087 contra
2382 1033 2784 1089 Mabillonium
2835 1040 2922 1089 est
2973 1037 3350 1090 statuendum
3385 1038 3541 1109 quod

1857 1165 1861 1168 .
1898 1120 2264 1174 Ιῐριψιςκγίιῐιίι
2296 1122 2481 1190 Angla
2514 1141 2624 1176 non
2660 1124 2807 1177 facta
2842 1124 3014 1178 fuerit
3046 1125 3313 1179 monialis
3336 1143 3543 1181 mona-

1898 1210 2056 1263 sterii
2091 1210 2350 1265 Calensis
2384 1212 2439 1264 in
2474 1212 2661 1265 Gallia
2692 1213 2808 1277 siti,
2832 1220 2905 1278 et,
2930 1214 3037 1268 fide
3071 1216 3547 1271 Sammarthono-

1898 1316 2027 1352 rum
2065 1300 2305 1352 fratrum
2343 1300 2399 1353 in
2433 1300 2620 1354 Gallia
2651 1301 3001 1370 Christiana,
3036 1320 3068 1356 a
3098 1303 3229 1357 diva
3259 1304 3544 1372 Bathilde,

1898 1387 2163 1441 Clodovei
2198 1388 2244 1442 ll
2278 1387 2431 1457 regis
2464 1391 2731 1459 conjuge,
2767 1389 3022 1457 fundati;
3057 1409 3245 1463 neque
3264 1393 3550 1448 Jotrcnsis

1900 1477 2264 1542 monasterii,
2299 1478 2518 1547 pariter
2548 1478 2603 1531 in
2637 1477 2823 1533 Gallia
2856 1479 2973 1547 siti,
3002 1485 3176 1551 atque
3222 1499 3255 1536 a
3285 1482 3344 1536 S.
3399 1482 3550 1537 Ado-

1901 1582 1990 1631 ne,
2028 1566 2088 1619 B.
2121 1566 2382 1620 Audonei
2420 1567 2616 1635 fratre,
2649 1567 2900 1634 conditi;
2936 1586 3123 1640 neque
3162 1570 3307 1625 Jotri
3360 1570 3553 1642 sepul-

1898 1658 1977 1721 ta,
2013 1658 2078 1708 ut
2110 1652 2381 1726 praeclare
2412 1655 3080 1713 demonstratAntonius
3103 1658 3237 1731 Pagi
3266 1658 3325 1713 in
3343 1658 3557 1715 Critica

1902 1744 2228 1797 Baroniana
2258 1744 2542 1798 adversus
2584 1744 3014 1815 Mabillonium,
3046 1750 3188 1801 tom.
3225 1748 3293 1815 II,
3325 1750 3397 1803 ad
3450 1767 3555 1805 an-

141 1834 489 1902 cumulasse,
544 1850 610 1889 ac
660 1832 1029 1888 Roswitham
1082 1850 1217 1887 mox
1264 1834 1335 1886 ad
1389 1832 1669 1888 saeculum
1711 1851 1786 1901 Ix,
1823 1867 1870 1931 Β
1902 1848 2042 1886 num
2074 1831 2285 1887 Christi
2320 1835 2445 1901 680,
2478 1832 2577 1904 qui
2611 1851 2679 1888 ea
2728 1834 3032 1889 occasione
3080 1852 3337 1891 errorem
3388 1838 3553 1893 Beda:

142 1942 269 1981 mox
312 1925 384 1979 ad
435 1921 717 1979 szeculum
768 1939 823 1989 x,
877 1938 1011 1976 mox
1063 1921 1135 1975 ad
1183 1920 1535 1993 principium
1593 1922 1788 1977 smculi

142 2032 239 2079 xu,
262 2012 842 2069 retulisse.Attamen
874 2028 988 2064 non
1022 2010 1235 2065 desunt
1265 2009 1365 2081 qui
1397 2011 1790 2065 Trithemium

142 2103 210 2157 ab
231 2102 337 2157 hoc
368 2117 567 2156 errore
598 2098 892 2154 vindicare
927 2099 1190 2165 student,
1224 2097 1375 2152 inter
1406 2116 1552 2169 quos
1585 2099 1793 2170 impri-

145 2191 253 2245 mis
278 2189 677 2245 nominandus
709 2191 797 2243 est
824 2187 1114 2242 Antonius
1149 2187 1497 2242 l’ossevinus
1531 2188 1585 2241 in
1611 2189 1795 2259 Appa-

146 2283 268 2336 ratu
320 2277 688 2333 bibliotheca:
736 2294 933 2342 sacrm,
985 2276 1073 2331 vir
1121 2277 1392 2347 equidem
1455 2277 1682 2340 doctus,
1733 2281 1793 2331 at

145 2369 296 2439 gravi
336 2385 602 2424 censurm
653 2366 959 2431 obnoxius,
990 2383 1107 2437 qua
1155 2383 1290 2419 eum
1344 2366 1565 2419 notavit
1616 2366 1793 2420 David

146 2456 475 2512 Biondellus
496 2456 557 2510 in
590 2455 1098 2519 Pseudo-Isidoro,
1128 2454 1355 2509 Baronii
1382 2455 1795 2527 cxscriptorem

146 2544 628 2612 nominans,licet
657 2561 790 2600 cum
824 2562 890 2599 eo
914 2543 1116 2598 mitius
1146 2545 1373 2614 egerint
1403 2543 1669 2599 Valerius
1690 2546 1799 2598 An-

147 2635 311 2689 dreas
328 2634 652 2700 Desselius,
674 2633 732 2687 in
756 2633 1092 2705 praefatione
1116 2633 1187 2687 ad
1222 2632 1639 2687 Bibliothecam
1668 2634 1796 2689 Bel-

148 2723 355 2796 gicam,
408 2728 470 2778 et
518 2721 723 2776 Daniel
773 2722 979 2793 Georg.
1014 2720 1347 2777 Morhosius
1398 2721 1455 2775 in
1492 2721 1798 2794 Polyhist.,

149 2828 273 2884 cap.
308 2813 395 2866 16.
431 2811 537 2867 Hic
568 2810 724 2866 enim
758 2809 1128 2865 Possevimus
1167 2810 1462 2865 existimat
1512 2828 1627 2864 non
1677 2811 1800 2865 haec

148 2900 282 2955 talia
303 2901 609 2973 ignorasse
647 2898 1230 2969 Tritbemium,quod
1264 2898 1567 2953 Roswitha
1602 2904 1803 2955 nostra

148 2989 356 3045 saeculo
384 2989 618 3045 decimo
652 2987 931 3055 floruerit,
958 2992 1016 3042 et
1044 2986 1137 3041 vix
1169 2987 1522 3042 credendum
1556 2987 1632 3043 sit
1656 2989 1802 3044 tales

147 3083 200 3133 et
230 3082 347 3134 tam
379 3078 675 3135 absurdae
700 3082 1030 3149 temporum
1063 3075 1316 3131 rationes
1350 3076 1421 3130 ab
1451 3093 1518 3131 eo
1549 3094 1676 3132 esse
1701 3077 1805 3131 ini-

148 3171 254 3236 tas,
287 3174 500 3225 contra
531 3167 725 3240 potius
759 3166 1138 3222 statuendum
1170 3164 1453 3233 videatur,
1490 3167 1563 3221 ab
1614 3165 1801 3221 alieno

1900 1923 2189 1988 emendat,
2225 1921 2383 1976 aliud
2414 1922 2471 1975 in
2503 1921 2690 1977 Gallia
2721 1924 3142 1981 monasterium
3177 1942 3278 1997 pro
3314 1924 3557 1982 .Calcnsi

1904 2011 2258 2065 monasterio
2307 2012 2615 2066 sumentis.
2642 2013 2685 2065 A
2718 2013 2872 2070 Beda
2916 2012 3193 2084 deceptus
3242 2019 3330 2069 est
3370 2015 3549 2070 etiam

1903 2100 2209 2154 Matthzeus
2266 2100 2936 2167 Westmonastcriensis,
2999 2119 3132 2157 cum
3194 2104 3266 2158 ad
3324 2121 3548 2158 annum

1903 2186 2116 2242 Christi
2149 2190 2262 2241 (380
2285 2187 2485 2243 scribit
2516 2188 2947 2244 llereswitham
2978 2191 3317 2262 prmdictam
3340 2190 3559 2248 monia-

1906 2275 2017 2331 lem
2052 2277 2232 2331 fuisse
2266 2277 2527 2332 Calensis
2550 2278 3079 2351 monasterii,quod
3115 2283 3310 2335 tamen
3341 2284 3561 2353 tempo-

1907 2383 2036 2419 rum
2070 2366 2398 2420 rationibus
2426 2366 2595 2438 plane
2619 2384 2733 2421 non
2768 2369 3457 2440 congruit.Docentenim
3479 2388 3557 2426 ea;

1907 2456 2061 2526 quod
2095 2455 2463 2510 llereswitha
2489 2455 2675 2528 Angla
2706 2460 2838 2512 ante
2869 2474 3089 2512 annum
3121 2460 3227 2513 647
3273 2458 3435 2531 virgo
3466 2476 3558 2514 sa-

1908 2545 2112 2598 cerdos
2144 2545 2293 2598 facta
2328 2545 2518 2611 fuerit,
2546 2546 2699 2617 quod
2730 2550 2989 2617 tempore
3013 2546 3251 2603 Calense
3273 2551 3562 2603 monaste-

1912 2632 2062 2686 rium
2100 2634 2359 2687 nondum
2389 2638 2791 2688 constructum
2822 2638 2963 2688 erat.
2998 2635 3071 2689 Ut
3098 2654 3231 2691 vero
3263 2655 3297 2691 a
3326 2636 3556 2692 Hildam

1909 2722 2163 2788 redeam,
2188 2722 2243 2775 id
2278 2722 2712 2777 admonendum
2746 2722 2855 2777 erit
2887 2723 3035 2778 hanc
3067 2724 3306 2795 quidem
3340 2725 3397 2779 in
3430 2725 3558 2780 Gal-

1908 2809 2049 2864 liam
2083 2810 2193 2863 iter
2224 2810 2563 2864 meditatam
2600 2810 2916 2879 fuisse,sed
2941 2827 3006 2866 eo
3038 2829 3342 2884 nunquam
3365 2830 3559 2885 perve-

1912 2898 2066 2953 nisse
2096 2898 2184 2952 vel
2218 2898 2411 2970 potius
2441 2915 2670 2970 semper
2700 2898 2759 2953 in
2789 2899 2997 2971 Anglia
3027 2901 3337 2969 mansisse,
3374 2920 3558 2973 quan-

1911 3004 2087 3058 quam
2120 2986 2254 3041 huic
2280 2987 2580 3041 sententize
2600 2994 2887 3059 repugnat
2901 2989 3185 3045 Henricus
3207 2991 3557 3047 Meibomius

1911 3076 2106 3131 senior
2136 3076 2195 3130 in
2225 3076 2359 3131 Vita
2391 3076 3087 3143 Roswithze,existimans
3106 3078 3337 3134 Hildam
3370 3080 3429 3135 ln
3452 3098 3562 3135 οω-

1914 3166 2104 3221 nobiis
2136 3166 2448 3221 Britannia;
2481 3183 2545 3221 ac
2577 3165 2773 3221 Gallia:
2815 3185 3000 3222 annos
3050 3172 3168 3224 tres
3218 3173 3275 3224 et
3320 3170 3565 3242 triginta

148 3255 676 3329 bomineimpcrito
694 3255 779 3310 vel
801 3255 1118 3327 impostore
1132 3272 1249 3321 cas,
1269 3254 1461 3309 verbis
1484 3254 1800 3326 aliquando
1832 3233 1875 3300 Ο
1912 3254 2252 3310 confecisse.
2288 3258 2359 3309 At
2382 3255 2676 3310 enimvero
2704 3256 2751 3311 si
2785 3257 2959 3311 verba
2987 3258 3152 3313 Bedre
3176 3259 3447 3331 proprius
3480 3259 3560 3314 in-

152 3346 448 3403 nonnullis
464 3344 704 3411 additis,
726 3343 972 3400 hislocis
986 3344 1235 3399 insertas
1261 3344 1461 3399 fuisse.
1480 3345 1659 3399 Fatur
1675 3344 1805 3398 Pos-

154 3436 384 3493 sevinus
414 3436 473 3491 in
510 3437 804 3506 Apparatu
843 3450 1009 3489 sacro
1038 3433 1123 3487 ita
1145 3450 1156 3487 :
1178 3433 1414 3487 Alterius
1444 3435 1625 3504 potius
1642 3450 1805 3504 quam

158 3520 434 3578 Triania:
462 3537 581 3578 esse
606 3522 1152 3593 opinoerpostores
1181 3522 1331 3575 enim
1354 3522 1532 3576 nostri
1549 3522 1804 3592 temporis

150 3609 307 3683 hujus
334 3612 489 3667 modi
515 3611 689 3665 multa
725 3611 784 3665 in
812 3611 1035 3682 scriptis
1083 3609 1478 3664 catholicorum
1528 3610 1805 3665 doctorum

153 3701 522 3767 inseruerunt,
556 3703 667 3755 etc.
703 3698 852 3767 Quod
882 3701 941 3753 in
976 3699 1283 3754 Tritheimii
1307 3699 1543 3753 secunda
1571 3699 1806 3754 editione

147 3789 384 3860 ejusdem
434 3790 572 3845 libri
619 3789 694 3843 De
739 3788 1096 3860 scriptoribus
1127 3789 1505 3843 ecclesiasticis
1538 3790 1802 3859 fecerunt,

147 3891 311 3949 caque
341 3880 703 3934 inseruerunt
728 3892 853 3948 qua:
890 3876 1216 3932 Trithemius
1242 3892 1527 3949 nunquam
1551 3879 1807 3947 cogitave-

148 3973 245 4021 rat.
280 3967 582 4023 Gerardus
605 3966 863 4022 Joannes
893 3965 1140 4021 Vossius
1161 3966 1241 4020 De
1263 3965 1559 4021 historicis
1586 3966 1805 4021 Latinis

147 4052 245 4108 lib.
266 4073 327 4124 II,
346 4074 378 4112 c
419 4056 516 4125 41,
531 4055 808 4110 eumdem
833 4053 1161 4109 Tritheimii
1184 4072 1439 4110 errorem
1459 4055 1803 4123 observavit,

147 4144 242 4198 sed
272 4144 499 4217 pariter
519 4142 715 4215 ipsum
749 4143 821 4198 ab
840 4142 1052 4198 erroris
1070 4143 1406 4215 suspicione
1424 4142 1709 4211 liberavit,
1727 4147 1804 4212 et,

147 4231 474 4290 abhomino
490 4237 823 4303 temporum
840 4248 1049 4304 parum
1064 4230 1424 4304 intelligente
1442 4232 1669 4302 adjecta
1680 4248 1808 4287 esse

151 4321 489 4379 arbitratur.
503 4321 696 4377 Verba
723 4319 915 4377 Vossii
948 4320 1068 4374 haec
1101 4324 1288 4388 sunt;
1323 4320 1624 4391 Nequc‘hoc
1641 4323 1811 4376 nesci-

148 4410 632 4477 valTritheimius,
653 4408 928 4465 etc.Illud
960 4412 1156 4464 tamen
1189 4407 1282 4463 hic
1315 4408 1480 4480 angit
1509 4408 1808 4477 Vossium,

150 4498 730 4569 quarevﬂoswitham
765 4496 1151 4552 Trltheimius
1182 4496 1333 4552 inter
1363 4496 1676 4568 scriptores
1707 4499 1805 4569 qui

1916 3343 2116 3416 Spicio,
2151 3345 2509 3399 contrarium
2562 3346 2790 3413 docent,
2824 3350 2881 3401 et
2929 3352 3133 3401 contra
3180 3348 3557 3403 Meibomium

1915 3432 2299 3503 comprobant
2332 3432 2561 3486 Hildam
2596 3450 2900 3505 nunquam
2921 3433 2977 3487 in
3010 3434 3255 3490 Galliam
3288 3436 3557 3491 intrasse.

1914 3521 2060 3573 Tota
2090 3520 2169 3574 rei
2203 3519 2519 3575 difﬁcultas
2552 3520 2663 3575 sita
2692 3525 2780 3575 est
2812 3521 2867 3574 in
2900 3522 2993 3576 his
3025 3522 3302 3589 verbis,in
3324 3527 3563 3595 pur/uta

1911 3610 2194 3680 provincia
2227 3616 2431 3662 retenta
2460 3617 2556 3674 est,
2593 3626 2719 3679 quae
2767 3608 2847 3663 ita
2894 3608 3239 3681 explicanda
3286 3611 3557 3682 arbitror,

1915 3700 1981 3751 ut
2004 3697 2073 3751 de
2091 3695 2301 3768 Anglia
2322 3695 2585 3751 orientali
2606 3695 3024 3767 intelligantur,
3045 3701 3219 3769 atque
3235 3700 3377 3754 adeo
3396 3701 3561 3755 Beda)

1916 3801 2179 3849 sensum,
2211 3785 2529 3839 obscurum
2558 3785 2665 3839 hoc
2697 3784 2754 3838 in
2789 3784 2935 3852 loco,
2969 3786 3124 3841 hunc
3149 3802 3278 3842 sese
3308 3788 3560 3859 affirmo,

1916 3875 2072 3947 quod
2123 3873 2292 3931 Ililda
2321 3892 2389 3928 ex
2420 3872 2609 3944 patria
2646 3874 3069 3931 Northumbria
3112 3874 3450 3948 migraverit
3496 3877 3563 3932 in

1914 3962 2183 4035 Angliam
2216 3960 2574 4029 orientalem,
2597 3978 2731 4017 eum
2763 3962 2842 4016 ibi
2875 3962 2945 4017 de
2977 3961 3200 4030 itinere,
3224 3963 3281 4018 in
3313 3963 3560 4020 Galliam

1916 4053 1987 4107 ad
2022 4068 2279 4107 sororem
2300 4051 2730 4106 Hereswitham
2747 4050 3140 4124 suscipiendo,
3157 4052 3565 4126 cogitaret,per

1917 4158 2139 4197 annum
2171 4138 2482 4206 mansisse,
2517 4141 2672 4210 quod
2700 4140 2776 4195 ab
2808 4140 3051 4208 Aidano,
3096 4142 3563 4199 Lindisfurnensi

1917 4230 2210 4301 episcopo,
2245 4229 2302 4283 in
2336 4229 2585 4301 patriam
2635 4230 3120 4285 Northumbriam
3175 4236 3561 4305 revocaretur.

1919 4320 2029 4374 Sed
2062 4319 2219 4373 enim
2253 4321 2466 4373 sanctae
2506 4316 2750 4389 virginis
2796 4318 3109 4374 consilium
3158 4320 3591 4391 proficiscendi.

1918 4412 2078 4464 extra
2108 4405 2469 4461 Britanniam
2519 4422 2797 4460 successu
2849 4407 3054 4473 caruit,
3088 4407 3562 4479 quandoquidem

1916 4497 2091 4552 verba
2122 4495 2287 4550 Beda:
2320 4493 2496 4549 aliam
2536 4493 3075 4565 interpretationem
3126 4495 3437 4566 recipiunt,
3470 4500 3562 4551 ut-

148 4593 283 4657 post
308 4587 700 4645 millesimum
727 4591 787 4644 et
805 4587 1193 4642 centesimum
1214 4602 1438 4641 annum
1460 4586 1803 4653 ﬂoruerunt,
1838 4603 1884 4667 D
1904 4590 2049 4658 :pote
2078 4601 2192 4639 non
2225 4581 2753 4649 asscverantis,sed
2775 4586 3007 4638 tantum
3023 4586 3561 4653 commemorantis,

149 4675 378 4745 referat,
391 4678 499 4733 sed
522 4677 606 4732 ad
639 4676 763 4732 haac
793 4677 1144 4748 respondere
1175 4675 1511 4750 expedi-tum
1537 4678 1807 4748 est,quod

144 4762 556 4833 Tritheimius,
590 4764 954 4836 in'Catalogo
1002 4765 1327 4820 illustrium
1377 4764 1634 4820 virorum
1685 4782 1801 4821 non

143 4858 343 4910 exacte
364 4855 642 4911 observet
670 4852 936 4911 ordinem
989 4857 1343 4926 temporum,
1380 4858 1557 4925 atque
1602 4858 1803 4911 aetates

146 4939 504 5013 scriptorum
536 4942 861 4998 secundum
894 4959 1079 4998 annos
1096 4959 1213 4997 non
1245 4958 1477 5013 semper
1500 4947 1800 5014 supputet.

188 5028 797 5103 ~Igitur.speeiosiusl
841 5031 1051 5103 magis
1082 5047 1262 5103 quam
1319 5030 1514 5086 verius
1570 5031 1805 5088 fecisset

147 5114 508 5175 Hnmfredus
538 5120 588 5174 si
619 5119 1324 5186 Hereswitham,natione
1350 5119 1804 5191 Anglam,Annaa

148 5208 299 5278 regis
329 5209 710 5265 orientalium
736 5209 1061 5282 Anglorum
1103 5211 1434 5282 conjugem,
1477 5227 1611 5265 cum
1662 5212 1805 5266 Ros-

147 5295 337 5351 witha
386 5303 663 5353 nostratc
719 5300 1104 5354 confudisset.
1168 5300 1357 5364 Forte,
1417 5300 1491 5355 ob
1547 5300 1807 5371 aliquam

148 5386 404 5445 nominis
433 5389 851 5460 cognationem
882 5388 1079 5460 plures
1123 5388 1502 5460 applausores
1562 5390 1812 5445 invenis-

147 5476 253 5543 set,
272 5474 513 5547 quibus
559 5476 616 5531 id
666 5478 1021 5549 persuadere
1069 5483 1129 5532 et
1174 5477 1447 5533 credulos
1499 5477 1559 5531 in
1612 5494 1809 5555 errore

145 5557 421 5620 inducam
452 5566 765 5637 potuisset.
801 5567 954 5622 Nam
985 5567 1213 5621 vivente
1244 5567 1550 5633 marito,et
1580 5583 1646 5622 eo
1680 5568 1808 5639 qui-

149 5648 276 5707 dem
310 5656 740 5723 consentiente,
772 5656 834 5711 in
864 5655 1114 5711 Galliam
1144 5655 1415 5711 discessit
1447 5656 1665 5725 conjux
1700 5657 1806 5712 He-

1917 4674 2078 4729 illam
2114 4675 2399 4728 retentam
2433 4688 2560 4726 esse
2590 4670 2649 4725 in
2687 4670 2981 4743 prtedicta,
3009 4671 3066 4726 id
3116 4675 3205 4726 est
3248 4671 3307 4726 in
3359 4673 3561 4728 eadem

1913 4761 2377 4837 provincia,quaz
2402 4778 2541 4816 sane
2565 4760 2674 4815 fuit
2694 4758 3017 4832 Anglorum
3041 4761 3415 4817 orientalium
3439 4780 3567 4835 pro-

1910 4853 2124 4923 vincia,
2158 4853 2228 4907 de
2260 4868 2377 4923 qua
2404 4849 2943 4923 Anglo-Saxonicus
2987 4851 3288 4923 presbyter
3332 4850 3565 4907 locutus

1914 4943 2122 5009 fuerat,
2158 4940 2503 5013 neutiquam
2535 4955 2668 4994 vero
2700 4938 2761 4994 in
2797 4937 3006 5006 Gallia,
3041 4956 3219 5011 quam
3265 4939 3421 4995 idem
3471 4941 3567 4997 ille

1914 5036 2087 5087 antea
2117 5028 2481 5103 provinciam
2516 5044 2632 5083 non
2665 5027 2906 5083 dixerat.
2943 5028 3050 5085 Pro
3097 5046 3228 5084 mea
3278 5031 3567 5085 sententia

1915 5125 2032 5177 stat
2063 5120 2371 5176 Matthzeus
2391 5117 3072 5173 chstmonasteriensis
3088 5119 3161 5172 ad
3194 5136 3415 5184 annum
3438 5121 3565 5187 680,

1919 5210 2018 5283 qui
2048 5209 2142 5264 his
2176 5210 2365 5263 utitur
2393 5208 2584 5263 verbis
2618 5224 2631 5261 :
2668 5208 2819 5262 Anno
2850 5209 3048 5277 gratitv
3079 5208 3190 5263 680
3221 5208 3381 5263 Ilihlat
3402 5209 3565 5263 abba-

1919 5304 2072 5368 tissa,
2107 5317 2229 5355 eum
2261 5301 2321 5353 in
2352 5298 2539 5353 habitu
2571 5306 2776 5353 sancte
2805 5298 3092 5368 religionis
3135 5298 3280 5370 apud
3320 5298 3566 5352 Strcncs-

1921 5389 2051 5445 halh
2081 5406 2257 5443 XXXIII
2286 5389 2450 5442 annis
2481 5388 2649 5441 vitam
2683 5387 2949 5452 du.cz'ssct,
2999 5386 3066 5442 de
3111 5386 3313 5442 mundo
3362 5388 3565 5456 migra-

1920 5480 1998 5533 vit
2027 5477 2096 5532 ad
2130 5478 2446 5532 Dominum.
2488 5476 2617 5531 Π.Ἐο
2645 5483 2824 5530 autem
2880 5478 3030 5546 virgo
3081 5475 3411 5543 beatissima,
3443 5490 3567 5529 cum

1919 5574 2054 5623 esset
2082 5566 2148 5619 de
2176 5567 2349 5635 sirpe
2378 5566 2518 5634 regis
2548 5564 2810 5618 Eudwini
2836 5572 3177 5633 generosa,et
3203 5563 3273 5617 ad
3299 5562 3565 5633 prmdica-

1921 5659 2119 5712 tionem
2154 5653 2295 5708 beati
2346 5652 2576 5707 Paulini
2611 5651 2679 5705 ad
2723 5651 2884 5722 ﬁdem
2936 5668 3209 5715 conversa,
3238 5657 3439 5720 postea,
3476 5664 3560 5702 re-
