3900 6408
275 333 395 398 955

279 475 404 533 licto
434 472 626 532 habitu
653 468 935 537 saeculari,
963 469 1248 544 preposuit
1272 472 1570 543 transferre
1614 487 1672 527 se
1717 469 1786 526 ad
1814 486 1928 527 mo-
1957 465 2013 533 Α

274 567 578 623 nasterium
611 564 781 629 Calae,
832 562 930 617 ubi
974 578 1129 617 soror
1172 563 1347 632 ipsius
1393 562 1707 627 Hereswita,
1756 568 1931 617 mater

278 655 583 727 Aitdulphi,
616 655 759 723 regis
790 652 1147 707 orientalium
1185 651 1504 721 Anglorum,
1539 656 1647 706 Deo
1695 652 1930 721 feliciter

275 744 569 800 militabat.
594 741 697 796 Sed
726 747 932 795 retenta
960 747 1040 794 est
1080 756 1116 794 a
1154 741 1391 811 pra‘sule
1439 740 1665 807 Aidano,
1699 749 1751 795 et
1784 743 1925 812 facta

274 834 569 898 abbatissa,
619 830 689 885 ad
738 831 1011 900 Ilertcscy,
1057 836 1108 883 et
1149 837 1269 901 post
1318 831 1374 884 in
1416 832 1744 886 monasterio
1789 831 1929 886 Stre-

271 922 501 994 nefhalh
548 921 836 992 appellato,
870 918 1010 990 quod
1061 922 1176 989 ipsa
1225 918 1570 989 fundaverat,
1612 923 1719 975 etc.
1774 922 1924 975 Tum

274 1012 632 1080 suffragatur
662 1006 797 1062 huic
829 1008 1133 1061 sententia:
1167 1012 1376 1063 IIOSII‘EB
1426 1010 1714 1063 Antonius
1767 1010 1922 1081 Pagi,

272 1102 332 1155 in
365 1099 580 1155 Critica
612 1097 960 1163 Baroniana,
995 1101 1137 1151 tom.
1170 1098 1266 1165 III,
1317 1099 1387 1152 ad
1441 1116 1663 1153 annum
1710 1099 1924 1155 Christi

269 1190 395 1255 680,
413 1186 668 1242 Matthaci
702 1186 1346 1243 Westm'onastoriensis
1368 1188 1717 1241 sententiam
1745 1190 1927 1259 gravi-

270 1280 382 1334 bus
426 1277 784 1332 conﬁrmans
834 1275 1221 1347 argumentis.
1280 1277 1438 1330 Inter
1485 1276 1600 1331 alia
1650 1277 1785 1347 Pagi
1840 1279 1923 1332 sic

270 1369 352 1423 ait
386 1385 399 1421 :
428 1367 694 1439 Quisquis
725 1366 873 1420 enim
902 1372 1098 1419 attente
1128 1373 1295 1420 totum
1323 1365 1484 1422 Beda:
1533 1367 1708 1421 locum
1756 1384 1926 1438 supra

269 1459 557 1513 recitatum
583 1456 794 1526 legerit,
837 1455 1104 1524 intelliget
1151 1454 1351 1509 Bedam
1390 1456 1539 1510 nihil
1581 1456 1738 1511 aliud
1784 1457 1926 1512 indi-

226 1573 239 1582 -
268 1562 392 1602 care
422 1561 585 1618 quam
613 1543 833 1599 Hildam
863 1560 932 1599 ea
954 1544 1345 1599 Northumbria
1372 1547 1556 1615 patria
1586 1562 1687 1600 sua
1732 1547 1793 1600 in
1822 1546 1925 1601 Αη-

268 1638 439 1708 gliam
468 1634 813 1706 perrexisse;
844 1640 894 1688 et
926 1634 983 1687 in
1009 1648 1092 1700 ea,
1126 1650 1251 1687 cum
1271 1634 1336 1688 de
1360 1636 1693 1705 profectione
1724 1637 1783 1690 in
1807 1635 1924 1691 Gal-

271 1727 405 1781 liam
434 1723 781 1796 suscipienda
809 1724 1083 1793 cogitaret,
1113 1739 1213 1794 per
1267 1740 1477 1778 annum
1518 1727 1804 1791 mansisse,
1836 1725 1924 1781 do-

267 1831 366 1898 nec
393 1820 638 1869 revocata
666 1820 746 1869 est
772 1812 840 1867 ab
888 1811 1097 1868 Aidano
1144 1814 1202 1867 in
1248 1815 1491 1884 patriam
1538 1830 1633 1869 seu
1682 1816 1738 1869 in
1784 1815 1919 1871 Nor-
1953 1842 2001 1906 B

268 1894 621 1958 thumbriam.
682 1902 1034 1973 Propositum
1092 1903 1264 1971 igitur
1316 1905 1710 1974 peregrinandi
1767 1913 1924 1961 extra

267 1993 620 2047 Britanniam
661 1992 999 2045 exsecutioni
1059 2007 1171 2045 non
1236 1990 1519 2046 mandavit
1566 1991 1751 2058 Hilda,
1802 2010 1925 2048 cum

269 2079 410 2136 illud
437 2079 580 2134 Beda
610 2095 721 2133 non
747 2079 1019 2149 affirmet;
1050 2079 1158 2132 imo
1202 2078 1424 2144 scribat,
1459 2079 1616 2133 illam
1662 2086 1925 2135 retentam

267 2185 382 2226 esse
402 2170 463 2223 in
492 2167 680 2223 eadem
704 2168 1016 2239 provincia,
1040 2166 1263 2238 ideoque
1295 2168 1353 2221 in
1379 2170 1665 2238 provincia
1691 2169 1925 2224 orienta-

270 2258 408 2313 lium
436 2256 755 2327 Anglorum,
785 2254 850 2309 de
875 2271 984 2327 qua
1033 2256 1242 2309 locutus
1290 2256 1496 2325 fuerat,
1534 2273 1645 2311 non
1690 2274 1813 2312 vero
1862 2259 1923 2313 in

270 2346 474 2416 Gallia,
507 2361 669 2417 quam
699 2343 841 2400 Beda
874 2351 1034 2398 antea
1068 2346 1409 2415 provinciam
1435 2362 1542 2400 non
1573 2348 1892 2418 appellarat.

340 2434 504 2501 Quod
534 2449 693 2488 nunc
724 2432 935 2487 attinet
952 2433 1023 2487 ad
1043 2432 1361 2488 Roswithaa
1390 2436 1667 2490 nostratis
1692 2452 1921 2491 morum

268 2523 659 2594 doctrinisque
690 2520 1252 2594 magistras,habuit
1282 2522 1382 2577 illa
1414 2522 1749 2594 plures,sed
1774 2526 1922 2582 duas

268 2612 562 2685 imprimis
604 2611 891 2678 nominat,
928 2609 1142 2682 quibus
1191 2612 1390 2667 omnia
1437 2614 1614 2669 refert
1658 2619 1918 2687 accepta,

268 2718 484 2773 easque
516 2700 768 2756 summis
786 2704 955 2755 ornat
983 2697 1380 2771 elogiis,et,ut
1410 2706 1688 2773 perpetua
1710 2702 1920 2759 harum

267 2790 551 2847 memoria
584 2789 936 2845 feminarum
954 2789 1025 2844 ad
1046 2806 1281 2844 omnem
1302 2791 1705 2862 posteritatem
1731 2809 1924 2865 perve-

267 2881 414 2946 niat,
430 2880 486 2934 in
503 2878 860 2953 praefatione,
879 2877 937 2932 in
959 2894 1135 2950 opera
1157 2895 1264 2934 sua
1284 2880 1550 2934 versibus
1569 2882 1920 2953 conscripta,

266 2969 519 3044 graviter
547 2966 1056 3040 expressit.Verba
1086 2966 1206 3022 haec
1236 2969 1608 3024 suntzPrimo
1636 2972 1921 3041 sapientis-

266 3062 446 3124 simae,
479 3066 639 3130 atque
669 3057 1082 3127 benignissime
1113 3055 1401 3111 Rikkardis
1441 3060 1740 3127 magistrae,
1774 3059 1917 3113 alia-

268 3164 500 3219 rumque
526 3161 648 3202 suaz
676 3146 811 3200 vicis
843 3146 1144 3199 instruente
1170 3146 1503 3214 magisterio,
1519 3145 1731 3212 deinde,
1743 3162 1920 3217 prona

264 3209 479 3309 favente
507 3235 793 3290 clementia
822 3234 991 3303 regia?
1024 3232 1225 3287 indolis
1257 3209 1555 3302 berbergaz,
1587 3209 1919 3304 cujusnune
1947 3209 1990 3275 C

265 3324 469 3381 subdor
518 3322 762 3378 dominio
808 3321 1057 3388 abbatiaz,
1111 3336 1235 3392 quae
1281 3328 1435 3375 (etate
1482 3323 1684 3388 minor,
1714 3323 1826 3391 sed,
1862 3333 1923 3380 ut

268 3412 612 3486 imperialem
657 3410 872 3466 decebat
914 3416 1144 3480 neptem,
1195 3410 1423 3465 scientia
1466 3412 1787 3481 provectior,
1819 3414 1922 3468 ali-

269 3510 397 3576 quot
423 3509 667 3558 auctores
700 3516 829 3572 quos
859 3500 978 3571 ipsa
1022 3499 1180 3569 prior
1225 3516 1257 3553 a
1302 3499 1725 3570 sapimztissimts
1768 3501 1920 3556 dedi-

268 3593 361 3657 cit,
395 3607 480 3646 me
507 3588 799 3644 admodum
825 3589 917 3659 pie
944 3587 1202 3642 erudivit.
1234 3588 1423 3658 Atque
1455 3586 1537 3642 ita
1569 3592 1798 3644 constat
1829 3608 1925 3663 po-

270 3679 574 3737 steriorem
608 3677 950 3750 magistram
983 3676 1356 3749 Garburgim,
1392 3675 1523 3731 aliis
1557 3677 1920 3750 Gerbirgam,

271 3770 453 3825 fuisse
486 3767 834 3833 antistitam,
866 3764 1040 3839 vulgo
1070 3764 1538 3833 abbatissimam,
1576 3766 1633 3820 in
1667 3767 1775 3822 hoc
1812 3785 1922 3824 cm-

270 3858 638 3930 nobio,quod
672 3873 813 3912 sane
842 3856 913 3911 de
944 3854 1122 3927 priori
1155 3872 1272 3910 non
1294 3854 1408 3909 dici
1436 3872 1623 3927 neque
1646 3871 1714 3911 ex
1733 3858 1925 3913 verbis

271 3950 606 4003 memoratae
639 3944 997 4018 praefationis
1029 3942 1224 4017 colligi
1258 3947 1469 4016 potest.
1504 3945 1698 4001 Nihilo
1730 3950 1926 4002 tamen

275 4037 466 4093 secius
498 4033 765 4091 nonnulli
800 4033 1172 4105 reperiuntur
1202 4033 1301 4104 qui
1335 4032 1585 4105 priorem
1609 4035 1926 4092 ROSWIthtB

273 4126 620 4198 magistram
654 4122 990 4178 Ricbardim
1008 4121 1372 4176 abbatissam
1394 4138 1486 4193 pan
1502 4122 1612 4177 iter
1627 4122 1805 4195 hujus
1824 4144 1930 4181 ca:-

275 4213 434 4269 nobii
465 4211 648 4267 fuisse
661 4212 868 4278 ferant,
883 4209 1065 4264 haudi
1080 4208 1193 4265 alio
1208 4208 1326 4264 nixi
1349 4210 1731 4269 fundamento
1749 4232 1927 4287 quam

276 4302 433 4374 quod
464 4301 523 4357 in
554 4300 665 4356 hac
686 4297 1024 4372 praefatione
1046 4302 1218 4353 antea
1239 4299 1540 4355 nominata
1561 4304 1927 4373 ponunt.Sed

274 4392 369 4448 his
384 4408 499 4446 non
517 4389 831 4463 applaudo,
846 4404 1048 4444 verum
1072 4388 1270 4460 potius
1288 4387 1347 4442 in
1362 4393 1559 4460 partes
1583 4393 1927 4464 negantium

274 4499 362 4550 eo,
384 4495 629 4553 reorque
663 4478 1023 4544 Richardim,
1037 4476 1145 4544 vel,
1162 4482 1227 4531 ut
1247 4476 1346 4532 alii
1368 4478 1684 4549 appellant,
1705 4482 1926 4539 Rikkar-

1489 327 1594 396 ΑΒ
1638 332 1899 396 OPERA
1937 326 2491 398 HRO'I‘SUI'I‘H/E.

3581 330 3707 397 956

2148 467 2244 523 IV.
2280 466 2593 526 IIroswita.

2145 557 2214 613 V.
2249 558 2606 631 Luthgardis
2639 559 2681 615 Ι.

2145 648 2239 704 VI.
2272 649 2724 722 Windelgardis.

2055 807 2060 812 ἢ
2144 738 2266 793 VII.
2301 738 2623 809 Garburgis
2655 739 2724 794 II.
2769 739 2902 807 (Sub
2951 739 3053 795 hac
3104 739 3374 811 Garburgi
3423 740 3705 796 Roswitha

2143 836 2328 883 nostra
2369 830 2632 883 monialis
2683 830 2848 883 vitam
2897 831 3006 901 egit
3050 846 3114 885 ae
3151 830 3373 896 claruit,
3415 828 3707 902 eidemque

2142 932 2331 986 poema
2356 933 2521 970 suum
2550 916 2874 984 dedicavit.)

2146 1003 2293 1060 VIII.
2330 1005 2569 1077 Sophia.

2146 1096 2233 1150 IX.
2266 1095 2598 1150 Adelheidis
2634 1096 2675 1150 I.

2143 1185 2207 1239 X.
2234 1185 2482 1239 Beatrix.

2141 1274 2232 1329 XI.
2266 1273 2601 1329 Adelheidis
2635 1274 2703 1328 II.

2140 1364 2259 1419 XII.
2297 1363 2716 1427 Frederuntha,

2141 1454 2287 1508 XIII.
2321 1455 2513 1525 Agnes
2541 1453 2580 1507 Ι.

2139 1541 2278 1598 XIV.
2316 1541 2652 1597 Adclheidis
2692 1541 2789 1596 III.

2139 1631 2257 1686 XV.
2294 1632 2463 1687 Berta
2493 1631 2536 1686 Ι.

2140 1720 2282 1776 XVI.
2319 1720 2673 1793 Luthgardis
2711 1720 2779 1775 II.

2139 1810 2303 1866 XVII.
2339 1810 2675 1865 Adelhcidis
2702 1809 2791 1864 IV.

2139 1898 2339 1954 XVIII.
2370 1898 2652 1954 Adheidis
2680 1898 2747 1952 V.

2140 1988 2280 2043 XIX.
2316 1987 2639 2044 Mathildis.

2141 2078 2254 2133 XX.
2290 2079 2460 2133 Berta
2491 2078 2558 2133 II.
2798 2137 2811 2150 ,

2104 2167 2320 2223 Verum
2344 2166 2437 2223 hic
2470 2167 2631 2222 nulla
2652 2165 2953 2222 abbatissa
2981 2171 3281 2238 comparet
3301 2185 3427 2240 quae
3451 2168 3698 2223 Richar-

2033 2256 2124 2311 dis
2152 2254 2387 2312 nomine
2415 2256 2493 2311 sit
2512 2255 2889 2328 insignita,et
2920 2254 3157 2311 illorum
3188 2260 3544 2327 temporum,
3565 2257 3700 2329 qui-

2032 2346 2144 2401 bus
2173 2345 2480 2401 lloswitha
2522 2343 2798 2401 monialis
2825 2344 3382 2400 Gandesheimensis
3433 2344 3576 2400 vixit
3620 2363 3698 2402 ac

2034 2434 2263 2502 claruit,
2299 2432 2564 2505 aequalis.
2598 2433 2714 2488 Nec
2760 2449 2894 2488 vero
2943 2432 3053 2488 hoc
3083 2433 3194 2489 tale
3225 2433 3533 2490 Riehardis
3584 2453 3694 2492 no-

2033 2541 2166 2578 men
2202 2522 2491 2595 reperitur
2520 2522 2580 2577 in
2615 2522 2764 2577 serie
2807 2521 3019 2577 barum
3068 2521 3524 2593 abbatissarum,
3559 2542 3693 2597 quae

2032 2616 2220 2668 exstat
2251 2613 2406 2685 apud
2440 2610 2769 2668 Gabrielem
2804 2610 3173 2679 Bucelinum,
3204 2615 3261 2666 et
3311 2611 3515 2668 multis
3545 2612 3694 2670 locis

2032 2719 2067 2757 a
2094 2701 2272 2774 priori
2303 2702 2532 2757 diversa
2552 2700 2722 2755 estin
2755 2703 2978 2771 partem
3002 2699 3328 2755 Germanim
3360 2702 3694 2773 topo-chro-

2032 2796 2423 2847 nostemmato
2459 2790 2750 2863 graphice:
2784 2805 2982 2844 saeraa.
3017 2789 3207 2845 Series
3249 2789 3691 2849 abbatissarum

2030 2882 2360 2936 secundum
2391 2878 2738 2935 Bucelinum
2765 2878 2888 2933 haec
2920 2882 3009 2933 est
3042 2895 3054 2932 :

2139 2974 2180 3025 Ι.
2216 2969 2542 3025 Habundis.

2138 3058 2210 3112 II.
2245 3057 2495 3129 Gerbiga
2522 3055 2561 3111 Ι.

2137 3146 2234 3201 ΙΙΙ.
2270 3144 2584 3201 Christina.

2138 3234 2231 3290 IV.
2267 3232 2681 3290 Rodeswinda.

2135 3322 2203 3376 V.
2236 3321 2683 3394 Wendelgarda.

2136 3412 2230 3468 VI.
2265 3412 2556 3482 Gerberga
2602 3411 2671 3466 ΙΙ.
2722 3410 2854 3479 (Sub
2913 3426 3040 3481 qua,
3089 3411 3155 3463 ut
3212 3409 3296 3463 ait
3343 3410 3696 3483 Bucelinus,

2139 3502 2340 3557 claruit
2366 3500 2629 3556 monialis
2658 3499 2897 3572 ejusdem
2926 3498 3157 3553 acnobii
3184 3497 3520 3568 doctissima,
3537 3505 3702 3576 cujus

2143 3592 2389 3662 insignia
2408 3597 2622 3646 exstant
2647 3590 2909 3661 praeclari
2958 3590 3173 3659 ingenii
3199 3590 3540 3646 monimenta
3585 3594 3706 3650 his-

2142 3683 2313 3737 torica
2340 3688 2392 3735 et
2414 3681 2675 3752 poetica.)

2140 3770 2261 3825 VII.
2299 3768 2538 3841 Sophia.

2141 3859 2294 3915 VIII.
2326 3856 2703 3913 Atbelbeides
2734 3856 2776 3912 Ι.

2144 3949 2232 4005 ΙΧ.
2270 3946 2502 4004 Bertba.

2143 4039 2208 4094 X.
2246 4036 2565 4093 Loicardis.

2143 4128 2236 4183 XI.
2269 4125 2602 4182 Atelheides
2634 4125 2704 4193 II,
2740 4128 2849 4178 etc.

2036 4218 2273 4275 Certum
2304 4215 2484 4290 igitur
2510 4213 2665 4287 apud
2700 4229 2794 4268 me
2824 4215 2915 4268 est
2943 4210 3287 4279 Richardin,
3309 4212 3430 4267 sive
3459 4212 3705 4269 Richar-

2039 4308 2196 4375 dam,
2244 4323 2360 4362 non
2420 4303 2481 4360 in
2537 4302 2976 4360 abbatissarum
3035 4300 3698 4370 Gandesheimensium,

2038 4397 2138 4453 sed
2173 4394 2542 4462 monialium,
2559 4408 2803 4448 numero
2834 4407 2963 4447 esse
2982 4390 3401 4462 reponendum.
3418 4388 3480 4446 Id
3497 4393 3701 4448 tamen

2037 4486 2205 4544 fateri
2236 4503 2329 4541 me
2359 4487 2608 4558 oportet,
2641 4481 2853 4538 harum
2884 4480 3093 4536 talium
3125 4478 3334 4536 seriem
3366 4478 3699 4552 primarum

275 4571 391 4626 dim
421 4570 601 4643 hujus
632 4566 975 4623 monasterii
1018 4565 1199 4621 fuisse
1250 4565 1587 4635 monialem,
1623 4587 1926 4643 nunquam
1961 4585 2006 4649 D
2039 4577 2201 4633 illius
2234 4574 2576 4631 monasterii
2606 4572 3063 4637 abbatissarum,
3096 4586 3224 4642 qua:
3257 4567 3413 4641 apud
3462 4567 3703 4623 Buceli-

274 4677 408 4715 vero
441 4659 513 4714 ad
546 4657 860 4714 abbatissae
899 4656 1246 4728 dignitatem
1296 4660 1575 4712 avectam.
1612 4659 1694 4714 Ex
1733 4662 1928 4718 verbis

277 4751 611 4803 memoratae
638 4745 996 4818 przefationis
1018 4744 1128 4800 hoc
1152 4748 1380 4799 tantum
1399 4747 1748 4805 concludere
1770 4749 1927 4819 licet,

184 4904 187 4909 ι
279 4837 432 4908 quod
466 4835 775 4891 Richardis
807 4835 1044 4908 sapiens
1077 4834 1363 4906 doctaque
1392 4834 1552 4909 virgo
1580 4838 1756 4894 fuerit
1776 4840 1928 4896 vixe-

277 4925 473 4996 ritque
504 4924 561 4978 in
593 4923 968 4991 monasterio,
1003 4927 1175 4996 atque
1224 4924 1487 4979 docuerit
1538 4926 1928 4997 Roswitham,

277 5027 395 5065 non
428 5006 621 5064 tamen
659 5010 788 5064 ideo
819 5010 1109 5067 llic/tardis
1138 5010 1439 5067 abbatissa
1486 5014 1687 5070 statim
1739 5017 1931 5073 vocari

280 5104 490 5172 potest,
521 5117 653 5154 cum
688 5100 745 5153 id
779 5101 989 5172 virgini
1022 5119 1255 5173 quoque
1286 5103 1570 5157 sacerdoti
1603 5108 1927 5176 conveniat,

280 5194 407 5243 tum
441 5188 614 5243 etiam
649 5187 706 5242 in
739 5190 893 5259 quod
918 5195 1095 5261 caput
1120 5190 1199 5245 rei
1234 5196 1653 5263 est,nusqua1n
1685 5213 1934 5253 comme-

283 5280 561 5331 moretur.
589 5276 780 5331 Series
813 5278 1244 5333 abbatissarum
1279 5281 1929 5353 Uandcsheimensium,

283 5382 461 5437 quam
495 5382 562 5419 ex
592 5368 960 5436 syntagmate
992 5367 1245 5422 Bodonis
1275 5368 1501 5441 collegi,
1534 5370 1656 5428 haec
1686 5379 1773 5429 est
1809 5392 1821 5428 :

391 5454 433 5509 Ι.
468 5452 861 5518 Hatbumoda,
899 5452 1030 5507 aliis
1060 5454 1384 5511 IIabundis.

390 5542 461 5597 II.
497 5539 815 5613 Garburgis
848 5541 889 5610 Ι,
926 5540 1054 5597 aliis
1087 5543 1386 5616 Gerbirga.

392 5631 487 5690 III.
524 5629 839 5685 Christina.

2041 4683 2185 4721 num
2219 4664 2453 4737 legitur,
2487 4661 2854 4732 mutilam,et
2882 4676 2951 4715 ex
2981 4657 3234 4714 Bodonis
3258 4656 3545 4713 Chronico
3562 4673 3705 4729 sup-

2041 4755 2320 4828 plendam
2362 4751 2578 4824 pariter
2622 4768 2689 4807 ac
2741 4748 3172 4805 emendandam
3219 4763 3368 4802 esse.
3402 4746 3698 4801 Eumdem

2040 4843 2299 4900 Bucelini
2344 4841 2610 4898 ordinem
2652 4839 2829 4895 habet
2875 4842 2933 4893 et
2982 4839 3207 4909 Gaspar
3255 4834 3577 4891 Bruschius
3631 4833 3696 4891 in

2041 4932 2348 4989 centuriai
2370 4929 2863 4987 monasteriorum
2887 4926 3210 4984 Germanias
3242 4924 3698 4998 praecipuorum,

2041 5025 2223 5096 p.66.
2266 5022 2378 5078 Sed
2430 5019 2584 5076 ultro
2635 5019 2851 5075 fatetur
2899 5033 3033 5072 eum
3084 5033 3211 5071 esse
3258 5012 3696 5085 imperfectum.

2043 5114 2202 5170 Idem
2235 5115 2324 5167 est
2352 5109 2449 5165 ille
2476 5108 2818 5174 Bruschius,
2851 5122 3027 5178 quem
3059 5104 3237 5177 plagii
3267 5102 3564 5158 accusavit
3594 5101 3703 5156 La«

2041 5202 2189 5269 zius,
2222 5205 2280 5255 et
2310 5218 2345 5255 a
2376 5198 2683 5254 Francisco
2734 5194 3152 5263 Guillimanno,
3200 5193 3260 5247 in
3307 5189 3703 5262 Chronologia

2042 5290 2452 5363 episcoporum
2503 5284 3111 5360 Argentoratensium,
3162 5297 3314 5353 stupe
3362 5280 3702 5351 iterumque

2043 5384 2280 5436 notatus
2312 5383 2420 5447 est,
2455 5382 2511 5433 et
2540 5376 2778 5449 quidem
2812 5390 2880 5429 cx
2904 5370 3119 5428 tabulis
3171 5370 3324 5425 veris
3371 5385 3439 5424 ac
3489 5367 3701 5439 primis

2043 5468 2380 5540 quibusque
2406 5462 2919 5522 monumentis.De
2951 5464 3079 5533 ejus
3110 5462 3297 5515 morte
3326 5456 3502 5512 refert
3531 5455 3699 5512 Chri-

2044 5556 2278 5613 stianus
2312 5556 2586 5622 Matthiae,
2632 5555 2868 5610 Theatr.
2921 5551 3129 5607 histor.
3175 5565 3232 5620 p.
3274 5547 3434 5613 1030,
3485 5543 3700 5600 misere

2044 5644 2283 5716 periisse
2318 5644 2515 5717 selopo
2545 5645 2859 5715 trajectum
2888 5641 2949 5698 in
2973 5638 3218 5697 Francia
3247 5631 3542 5692 orientali.
