3936 6454
178 434 290 501 ’ΞΠ
1058 434 1749 515 .T’R/ELOOUIORUM
1789 436 1994 506 LIBBI
2038 440 2214 504 SEX.
2246 471 2329 488 -
2358 439 2505 505 LIB.
2549 437 2660 505 III.

3469 438 3590 507 218

191 590 277 628 rus
302 571 356 629 in
378 567 674 645 trigonum
707 571 940 642 ductus,
973 573 1174 630 decem
1208 580 1265 630 et
1296 579 1425 631 octo
1474 575 1631 631 facit.
1666 576 1812 641 Quia
1842 585 1893 648 Α
1924 576 2292 650 capessenda
2325 573 2534 633 salutis
2566 566 2857 648 acquiras;
2892 580 2947 633 et
2978 589 3049 633 ne
3078 561 3435 635 inveteratus
3467 578 3588 635 die-

187 678 305 737 ergo
330 663 517 730 homo,
550 663 655 736 qui
688 667 848 720 sexto
879 663 972 719 die
1004 662 1194 721 factus
1209 669 1317 733 est,
1348 666 1606 739 perfecta
1638 682 1815 739 opera

187 751 375 809 habere
397 752 606 821 noluit,
640 754 742 809 sed
771 758 906 810 ante
957 753 1166 825 legem,
1199 756 1310 810 sub
1343 754 1489 829 lege,
1548 761 1723 828 atque
1754 756 1814 813 in

188 840 332 897 initio
359 841 686 899 inchoantis
717 843 916 915 gratize
948 843 1220 900 inﬁrmus
1250 845 1489 911 exstitit,
1523 846 1725 901 decem
1757 849 1815 901 et

184 934 294 986 octo
318 930 480 986 annis
515 930 729 987 mulier
758 949 935 988 curva
978 933 1107 988 fuit.
1143 956 1170 982 ››
1200 936 1389 1006 Atque
1443 939 1573 1006 post
1626 952 1814 1007 pauca

185 1020 288 1091 (ubi
309 1036 421 1092 sup.
444 1038 503 1075 η.
537 1022 617 1091 7);
651 1043 680 1071 ‹‹
713 1021 1064 1093 Plerumque
1098 1021 1364 1078 videmus
1414 1040 1541 1093 quis
1586 1024 1812 1094 agenda

181 1113 320 1173 sunt,
352 1109 447 1165 sed
481 1109 607 1164 haec
639 1127 809 1182 opere
836 1127 951 1165 non
983 1111 1323 1183 implemus;
1351 1112 1598 1166 nitimur
1639 1117 1696 1167 et
1722 1112 1810 1166 in-

182 1198 479 1265 firmamur;
511 1183 979 1271 mensjudiciuin
992 1200 1200 1256 rectitu
1215 1201 1362 1256 “linis
1376 1201 1683 1274 conspicit,
1709 1201 1811 1257 sed

177 1286 238 1341 ad
263 1286 405 1344 hanc
434 1288 631 1360 operis
662 1288 941 1344 fortitudo
973 1290 1325 1358 succumbit;
1357 1289 1495 1362 quia
1526 1291 1810 1346 nimirum

173 1378 280 1445 jam
308 1376 375 1431 de
404 1394 578 1449 poena
609 1377 827 1449 peccati
860 1383 968 1443 est,
987 1384 1057 1451 ut
1084 1381 1228 1434 bene
1248 1379 1485 1451 quidem
1502 1382 1652 1451 (121)
1683 1397 1813 1452 pos-

175 1465 242 1520 sit
268 1464 476 1521 bonum
492 1466 775 1539 conspici,
791 1468 891 1522 sed
908 1468 980 1524 ab
1012 1485 1077 1523 eo
1095 1470 1250 1539 quod
1283 1470 1659 1542 conspicitur,
1681 1488 1815 1525 eon-

176 1553 343 1627 tingat
373 1555 466 1611 75
504 1573 606 1628 per
639 1556 913 1611 meritum
942 1557 1165 1629 repelli.
1191 1558 1417 1613 Usitata
1448 1559 1605 1613 enim
1637 1558 1813 1631 culpa

174 1641 372 1714 obligat
403 1648 686 1711 mentem,
722 1648 788 1700 ut
831 1661 1204 1717 nequaquam
1237 1646 1425 1719 possit
1472 1663 1711 1719 surgere
1741 1646 1812 1701 ad

174 1730 588 1788 rectitud‘inem.
621 1737 877 1789 Conatur
905 1739 962 1789 et
993 1732 1234 1801 labitur;
1284 1735 1423 1806 quia
1454 1736 1553 1790 ubi
1605 1741 1815 1806 sponte

172 1818 259 1874 diu
289 1821 564 1892 perstitit,
598 1821 678 1877 ibi
703 1827 779 1888 et,
822 1838 959 1877 cum
1014 1821 1294 1888 noluerit,
1347 1828 1546 1879 coacta
1574 1823 1749 1879 cadit.
1785 1846 1814 1872 ››

174 1907 316 1964 Item:
349 1931 379 1960 «
412 1910 473 1966 Si
510 1911 643 1983 ipsa
673 1925 736 1967 se
760 1910 959 1965 anima
997 1910 1072 1966 ad
1106 1912 1224 1966 ima
1244 1912 1571 1983 appetenda
1589 1929 1704 1967 non
1722 1913 1817 1969 de-

164 1994 294 2067 jicit,
324 2002 538 2054 contra
574 1998 727 2053 hanc
781 1999 1118 2054 daemonum
1166 2000 1515 2072 perversitas
1563 1999 1810 2056 nullate-

172 2101 268 2141 nus
293 2086 676 2153 convalescit,
710 2090 769 2142 et
801 2087 1054 2143 transire
1102 2103 1209 2159 per
1254 2104 1383 2144 eam
1436 2105 1550 2144 non
1600 2088 1811 2157 valent,

171 2188 327 2244 quam
355 2179 569 2231 contra
599 2192 663 2230 se
696 2174 945 2247 rigidam
992 2177 1436 2247 pertimescunt.
1490 2179 1606 2233 Nos
1655 2195 1812 2250 ergo,

172 2262 378 2331 fratres,
412 2281 526 2320 nos
561 2263 715 2318 viam
752 2263 1024 2337 malignis
1058 2264 1367 2336 spiritibus
1408 2266 1643 2333 damus,
1677 2283 1812 2321 cum

168 2354 381 2409 terrena
408 2352 912 2424 concupiscimus,
964 2369 1096 2408 cum
1129 2354 1202 2409 ad
1257 2354 1605 2427 temporalia
1634 2371 1811 2428 appe-

166 2441 327 2496 tenda
354 2458 693 2499 curvamur.
727 2442 1100 2515 Pudeatergo
1122 2448 1354 2499 terrena
1378 2444 1811 2517 concupiscere,

170 2532 221 2583 et
242 2529 410 2587 dorsa
439 2530 733 2586 mentium
757 2531 1108 2587 adversariis
1120 2533 1575 2589 ascendentibus
1599 2535 1814 2607 praebe-

170 2620 479 2675 re.Terram
493 2620 1133 2693 semperintuetur,qui
1149 2638 1362 2676 curvus
1374 2627 1547 2688 est;et
1560 2639 1675 2694 quo
1688 2639 1813 2695 pre-

169 2706 240 2763 tio
262 2707 604 2782 redemptus
628 2710 728 2774 sit,
762 2726 879 2765 non
912 2710 1185 2765 meminit
1217 2712 1317 2782 qui
1350 2710 1471 2767 ima
1517 2712 1748 2783 quierit.
1785 2734 1813 2761 »

170 2798 321 2853 Item:
353 2820 380 2848 «
413 2797 524 2862 Qui
560 2798 807 2870 gibbum
839 2797 1066 2865 tolerat,
1099 2798 1222 2853 ima
1264 2815 1497 2871 semper
1527 2799 1810 2856 intuetur.

169 2885 207 2938 A
234 2886 550 2943 sacerdotio
583 2903 722 2958 ergo
753 2887 1071 2959 repellitur,
1090 2888 1228 2959 quia
1241 2888 1516 2960 quisquis
1540 2888 1681 2944 solis
1704 2894 1816 2944 ter-

170 2972 312 3031 renis
339 2974 607 3032 intentus
637 2981 748 3041 est,
781 2976 909 3049 ipse
940 2976 1050 3031 sibi
1084 2977 1252 3032 testis
1282 2981 1391 3043 est,
1425 2978 1578 3048 quod
1627 2994 1813 3033 mem-

168 3059 325 3119 brum
354 3064 581 3121 summi
614 3064 944 3121 Sacerdotis
976 3082 1092 3121 non
1122 3069 1229 3121 est.
1268 3088 1295 3114 ››
1320 3066 1485 3121 Item:
1508 3090 1535 3117 «
1559 3066 1618 3122 Si
1641 3067 1817 3122 virtu-

1924 681 2057 721 rum
2091 664 2382 721 malorum
2417 664 2526 721 rite
2553 665 2844 733 vociteris,
2877 666 3004 721 dies
3024 667 3323 737 tuos,jam
3340 683 3499 740 rogo,
3522 672 3588 725 ut

1922 754 2253 822 dimidiare,
2288 753 2431 809 dum
2452 752 2630 823 vales,
2651 755 2913 821 studeas,
2939 760 2995 810 et
3027 755 3237 827 spiritu
3258 756 3472 812 mentis
3494 773 3585 813 re-

1922 842 2121 900 novari
2154 845 2495 900 contendas.
2528 844 2599 899 Et
2629 845 2768 916 quia
2799 842 3107 917 hucusque
3138 848 3193 900 te
3241 843 3378 917 plus
3417 845 3584 917 justo

1922 932 2257 989 carnalibus
2288 932 2555 988 refudisti
2588 933 2647 986 in
2667 932 2962 1003 sensibus,
2989 937 3045 987 te
3065 933 3135 987 ad
3171 937 3224 988 te
3255 932 3588 1007 colligas,et

1923 1038 2106 1082 novus
2136 1022 2312 1078 homo
2336 1023 2463 1093 jam
2498 1021 2705 1077 saltem
2737 1039 2913 1089 nunc,
2948 1027 3137 1077 vetere
3159 1027 3353 1088 exuto,
3378 1040 3588 1096 repue-

1922 1127 2121 1166 rascas
2175 1111 2313 1177 Deo;
2376 1127 2563 1165 annos
2620 1110 2915 1182 octoginta
2970 1115 3071 1165 aut
3130 1111 3428 1183 proximos
3479 1118 3584 1169 aut

1919 1204 2252 1255 transactos
2283 1204 2382 1253 aut
2406 1199 2745 1258 insistentes
2768 1199 3043 1271 aspicias,
3070 1200 3581 1271 supervenientem

1921 1288 2436 1345 mansuetudinem
2459 1288 2559 1344 Dei
2592 1305 2661 1343 nc
2675 1293 3038 1355 contemnas,
3061 1304 3130 1343 ne
3161 1288 3581 1346 correctionem

1920 1378 2129 1434 durius
2176 1378 2498 1441 sustinens,
2552 1379 2755 1433 ﬂorem
2806 1376 2894 1432 tui
2945 1377 3157 1449 capitis
3199 1378 3584 1452 amygdalum

1922 1468 2073 1540 (122)
2104 1468 2396 1523 advertas.
2452 1467 2613 1531 Quod
2649 1466 2698 1521 si
2747 1472 2805 1522 et
2859 1466 3052 1521 adhuc
3104 1466 3353 1534 locusta,
3407 1467 3467 1523 id
3499 1472 3590 1525 est

1923 1557 2155 1629 agilitas
2196 1557 2495 1628 quondam
2546 1572 2882 1628 gressuum,
2934 1560 3167 1611 tumore
3215 1557 3433 1628 pedum
3487 1563 3589 1614 aut

1923 1650 2076 1701 certe
2099 1645 2380 1700 tibiarum
2405 1646 2532 1717 jam
2561 1644 3048 1718 estimpinguata;
3077 1649 3347 1701 autcerte
3377 1662 3586 1702 secun-

1924 1734 2067 1789 dum
2100 1739 2358 1805 poetam.

2707 1838 2972 1901 Lapidosa
3001 1838 3246 1902 chiragra

2050 1902 2166 1951 Jam
2196 1902 2321 1951 facit
2351 1901 2600 1951 articulos
2628 1903 2825 1952 veteris
2854 1902 3079 1952 ramalia
3106 1901 3231 1966 fagi,

1929 2002 2241 2072 suspectus
2271 1999 2635 2071 pavidusque
2656 1998 2861 2055 horam
2882 1997 3042 2054 illam
3060 2003 3351 2072 exspecta,
3371 2014 3489 2071 qua
3503 1999 3587 2056 ire

1925 2089 1997 2143 ad
2028 2090 2271 2143 domum
2302 2087 2646 2143 teternitatis
2675 2088 2812 2144 boni
2847 2091 2949 2143 aut
2978 2087 3116 2143 mali
3147 2088 3360 2144 debeas
3385 2090 3585 2160 (Eccle.

1923 2195 2024 2241 χιι,
2055 2177 2135 2247 5);
2170 2176 2307 2249 quia
2338 2176 2866 2249 postea,quidquid
2883 2175 3155 2249 planctus
3185 2177 3270 2231 tui
3293 2194 3474 2233 causa
3492 2195 3588 2235 ac-

1925 2265 2130 2321 ciderit
2159 2266 2217 2320 in
2234 2264 2552 2337 plateis.nil
2584 2265 2883 2336 tejuvabit
2899 2266 3155 2337 positum
3172 2267 3233 2320 in
3251 2267 3584 2336 tormentis,

1923 2354 2024 2427 qui
2056 2355 2197 2411 dum
2232 2354 2325 2410 hic
2351 2359 2650 2427 superstes
2673 2371 2856 2421 esses,
2889 2355 2997 2410 tibi
3020 2354 3345 2423 consulere,
3381 2360 3438 2411 et
3457 2354 3589 2411 tibi-

1924 2449 2044 2499 met
2073 2448 2277 2499 contra
2309 2448 2530 2499 tantam
2559 2447 2996 2515 superventurae
3027 2442 3383 2499 calamitatis
3405 2460 3591 2516 angu-

1924 2533 2099 2588 stiam
2134 2532 2450 2588 consilium
2481 2549 2711 2603 capere,
2753 2533 2895 2587 dum
2946 2529 3321 2587 immutabile
3350 2530 3407 2586 id
3459 2548 3590 2589 esse

1925 2622 2145 2694 optime
2175 2621 2377 2685 scires,
2411 2619 2767 2675 detrectasti.
2787 2619 3027 2675 Interim
3060 2636 3197 2692 ergo
3215 2618 3357 2674 dum
3382 2636 3591 2692 oppor-

1922 2711 2148 2766 tunitas
2178 2710 2356 2766 ﬂendi
2389 2709 2705 2776 fructuose,
2740 2708 2884 2764 dum
2914 2711 3151 2782 tempus
3200 2708 3582 2781 acceptabile,

1925 2799 2052 2855 dies
2084 2799 2277 2855 adhuc
2309 2798 2540 2865 salutis,
2580 2799 2677 2854 76
2692 2799 2831 2854 dum
2854 2798 3022 2864 vivis,
3050 2799 3193 2854 dum
3217 2797 3409 2854 adhuc
3433 2815 3467 2854 a
3491 2798 3592 2855 Ju-

1925 2888 2051 2943 dice
2084 2887 2233 2959 (123)
2263 2887 2594 2955 sustinet-is,
2613 2888 2814 2942 hortor
2836 2894 2899 2943 ut
2929 2887 2986 2942 in
3005 2887 3219 2943 melius
3241 2887 3585 2945 concitaris.

1923 2980 2073 3031 Dum
2104 2975 2202 3032 ille
2232 2977 2456 3032 securis
2487 2977 2682 3032 differt
2711 2978 2917 3043 ictum,
2950 2982 3013 3032 tu
3046 2978 3118 3032 de
3148 2981 3204 3053 te
3229 2992 3371 3050 cape
3391 2977 3582 3033 consi-

1923 3065 2092 3134 lium;
2125 3066 2268 3121 dum
2298 3065 2395 3121 ille
2425 3065 2733 3138 suspendit
2760 3066 3103 3134 vindictam,
3147 3069 3213 3122 tu
3243 3066 3470 3139 corrige
3495 3065 3581 3121 vi-

168 3152 282 3206 tum
294 3168 531 3211 summa
542 3152 775 3225 operari
790 3170 905 3210 non
925 3170 1265 3225 possumus,
1290 3155 1414 3226 ipse
1439 3155 1594 3211 Deus
1613 3159 1812 3212 nostro
1912 3157 2066 3211 tam.
2097 3155 2225 3211 Non
2254 3159 2345 3211 est
2365 3157 2522 3228 apud
2553 3161 2733 3212 Deum
2753 3155 3012 3211 difﬁcilis
3031 3158 3133 3211 aut
3148 3156 3315 3211 tarda
3340 3171 3588 3211 conver-

171 3239 368 3310 gaudet
389 3240 759 3298 lamento.Ex
777 3242 902 3313 ipsa
917 3242 966 3296 ei
978 3243 1227 3313 justitize
1242 3242 1615 3298 inchoatione
1628 3243 1814 3316 place-

1924 3246 2034 3315 sio,
2067 3244 2160 3301 cui
2192 3243 2322 3317 ipsa
2342 3245 2591 3316 justitia:
2605 3244 3234 3316 placetinchoatio.Va3
3266 3242 3586 3314 autemilli,

171 3324 369 3396 bimus,
402 3331 503 3402 qui
536 3330 785 3401 injuste,
820 3348 947 3402 qua:
973 3332 1238 3398 fecimus,
1260 3331 1561 3402 punimus.
1599 3353 1627 3381 »
1653 3333 1815 3388 Istud
1848 3324 1891 3392 C
1924 3334 2016 3389 cui
2049 3350 2164 3389 non
2192 3334 2535 3389 conceditur
2563 3338 2699 3389 ante
2721 3333 3156 3406 corrigi,quam
3182 3331 3443 3405 defungi:
3465 3348 3590 3388 ma-

170 3418 382 3474 tantum
395 3420 719 3476 extraviam
736 3419 1013 3492 prepositi
1025 3420 1259 3487 ,amceni
1271 3423 1383 3475 late
1399 3426 1516 3477 tam
1532 3421 1814 3496 ﬂorigera:

171 3503 464 3565 viriditatis
496 3508 652 3582 prati
667 3508 1144 3573 delectatum,me
1157 3510 1419 3566 sufacciat
1436 3512 1811 3583 processisse.

232 3596 314 3651 36.
344 3595 512 3653 Nunc
542 3598 621 3653 ad
655 3602 730 3663 te,
762 3614 833 3652 ne
864 3613 1012 3669 opus
1046 3598 1103 3652 in
1135 3597 1333 3670 aliquo
1380 3600 1581 3655 videar
1633 3600 1814 3654 inter-

168 3682 395 3755 rupisse,
422 3703 726 3743 reversus.
763 3687 1131 3759 suggerendo
1160 3688 1470 3747 admoneo.
1517 3688 1811 3759 siquidem

170 3776 533 3832 reverentiam
572 3775 679 3832 tibi
711 3775 921 3832 debere
969 3793 1073 3849 pro
1123 3776 1334 3831 canitie
1385 3777 1528 3842 scio,
1582 3781 1646 3831 ut
1693 3776 1815 3832 hsce

1924 3439 2101 3494 gnam
2131 3421 2663 3488 enim,utdicitqui
2685 3423 2980 3492 superius,
2997 3420 3426 3475 contumaciam
3449 3437 3587 3475 con-

1922 3517 2157 3583 tomme
2190 3510 2665 3566 mansuetudinis
2696 3514 2753 3565 et
2783 3510 3005 3581 gratiae,
3032 3510 3223 3579 major
3242 3508 3409 3579 sequi
3435 3507 3587 3563 solet

1910 3601 2012 3655 “ira
2044 3600 2397 3663 vindictaa,et
2428 3598 2653 3652 diutius
2681 3601 3075 3668 exspectatus,
3130 3596 3339 3652 durius
3381 3595 3590 3652 feritur

1925 3705 2040 3743 non
2077 3704 2415 3752 conversus;
2441 3690 2499 3741 et
2520 3702 2698 3758 quam
2720 3685 2961 3758 largiter
2982 3690 3331 3759 prorogatur
3354 3685 3587 3741 miseri-

1924 3777 2123 3832 cordia
2152 3775 2211 3830 in
2246 3776 2538 3848 prmscnti,
2571 3779 2689 3830 tam
2723 3790 2920 3831 severe
2962 3774 3211 3849 ingratis
3265 3775 3589 3830 intentatur

170 3874 289 3919 cum
317 3865 726 3937 superioribus
758 3865 1043 3931 conferas,
1075 3870 1133 3922 et
1164 3864 1461 3937 negotium
1495 3864 1599 3921 tibi
1632 3883 1700 3922 ex
1722 3865 1814 3922 his
1916 3866 2213 3937 judicium
2248 3866 2306 3920 in
2340 3866 2555 3920 futuro.

231 3977 567 4055 (121)‘Apud
604 3981 951 4055 Gregorium
983 3986 1047 4036 ut
1076 3998 1146 4037 ex
1190 3981 1332 4055 dono
1377 3982 1616 4055 quidem.
1671 3982 1813 4037 Dein

171 4048 365 4131 melius
394 4048 503 4126 qdo
524 4048 1066 4131 pretio'redefnptus,
1101 4070 1282 4125 quam
1317 4048 1646 4126 in‘vulgatis
1677 4058 1812 4109 Gre-

168 4122 298 4196 gorii
327 4122 673 4196 quopr'emio
699 4126 773 4182 sit
792 4122 1116 4196 redeinplus.

232 4192 522 4263 (122)st
552 4198 731 4268 capiti
775 4192 1103 4269 amygdala:
1154 4213 1257 4268 pro
1312 4195 1523 4251 canitie
1577 4195 1807 4269 capitis,

1925 3980 2245 4064 senectutis
2277 3981 2494 4038 indicio
2525 3979 2832 4055 accipitur;
2864 3981 3036 4037 ﬂores
3067 3980 3225 4038 enim
3263 3979 3587 4055 amygdalae

1925 4054 2507 4195 alﬁiiinﬁegebatur
2535 4124 2594 4179 in
2625 4123 2798 4195 Vulg.
2834 4140 2870 4177 a
2908 4122 3103 4195 vidzoe,
3131 4122 3331 4195 Amale.
3384 4122 3588 4195 Levis-

1922 4193 2075 4253 slma
2105 4193 2434 4252 litterarum
2470 4193 2798 4250 mutatione
2839 4193 3284 4249 emendavimus
3325 4210 3360 4248 α
3383 4193 3584 4260 iudico.

1173 4385 1585 4472 INCIPIT
1645 4383 1991 4471 LIBER
2052 4381 2573 4471 TERTIUS.

178 4500 428 4566 Cattinet
486 4505 651 4568 istud
702 4505 826 4567 haec

881 4506 1361 4600 ηάιζοᾳᾳιάηιηί
1416 4507 1659 4600 1.-Ἰέρπξ
1702 4526 1770 4599 ἐς
1904 4504 2211 4566 delectatio
2288 4506 2460 4600 regia
2516 4513 2571 4565 te
2626 4504 2908 4564 instruat.
2968 4503 3065 4567 II.,
3108 4501 3392 4600 Discere?
3466 4520 3588 4581 qua

241 4581 1217 4679 intentioneuquismquidfaciat.
1285 4589 1384 4649 ill.
1458 4587 1598 4679 Non
1625 4587 1903 4679 Ivirtutis'
1941 4596 2260 4679 prae-texti:
2293 4581 2559 4679 aii'arum
2618 4603 2852 4679 rerum,
2868 4672 2875 4679 .
2903 4603 3053 4679 quae
3089 4593 3223 4643 sunt
3266 4581 3579 4679 Διιῖιῖςξρηελσιξ,

234 4665 503 4743 pudiare.
566 4663 672 4729 IV.
746 4663 1023 4728 Timendo
1079 4668 1270 4729 Deum
1326 4686 1463 4747 rege
1519 4668 1635 4728 tibi
1686 4663 2012 4747 commissa.
2074 4669 2144 4728 V.
2208 4665 2582 4747 Cat/romam
2640 4663 2770 4747 esse
2814 4663 3168 4747 Ecclesium,
3222 4672 3297 4747 εἰ⁸
3325 4663 3584 4725 cat/toli-

239 4761 358 4827 eas
409 4749 538 4827 eius
592 4766 712 4827 esse
764 4749 1051 4827 gratiam.
1113 4750 1215 4809 Vl.
1282 4747 1360 4811 Ut
1395 4743 1526 4808 ἠοη
1580 4767 1691 4808 rea:
1745 4745 2102 4825 dedignatur
2152 4745 2331 4807 subdi
2384 4746 2499 4808 Dei
2536 4745 2871 4825 judicibus.
2935 4746 3066 4806 VII.
3127 4743 3299 4820 Quod
3353 4763 3583 4827 oppro-

240 4822 447 4908 brium-
500 4836 561 4908 et
605 4822 990 4890 mbsdnnatio
1063 4828 1221 4908 facti
1268 4848 1491 4889 sumus.
1551 4829 1710 4908 YIII.
1772 4822 1943 4908 Quod
1993 4827 2149 4908 sicut
2197 4836 2339 4908 sunt
2393 4822 2656 4907 episEOpi
2703 4835 2889 4908 sortes
2936 4835 3281 4908 sanctorum
3365 4822 3578 4908 atticis-

240 4906 375 4967 terio
425 4907 685 4998 prdimls,
745 4908 830 4969 ita
850 4909 1035 4998 ginta
1063 4905 1493 4998 et_privilcgz_'o
1549 4905 1809 4998 lion-oris.
1872 4907 1974 4998 IX_.
2026 4906 2322 4998 Spiritum-
2382 4905 2649 4998 sanctum
2696 4905 3031 4998 negligenti
3108 4907 3286 4998 etiam
3355 4905 3585 4998 episco-

236 4985 560 5069 po_adesse
616 5007 788 5069 sape.
849 4988 920 5048 Χ.
987 4985 1241 5062 Οιιοᾱά
1297 4985 1524 5069 nomine
1594 4989 1714 5069 m'si
1767 5006 1807 5049 a
1844 4986 1983 5069 solo

2097 4926 2322 4967 mnum
2382 4926 2649 4967 sanetum
2696 4926 3022 4986 negligant:
3108 4926 3286 4966 etiam
3355 4926 3583 4983 episco-

2097 5006 2175 5069 ες
2222 4989 2415 5069 calcat
2473 4987 2760 5068 judicari
2809 4987 3133 5069 episcopus.
3204 4986 3305 5045 Xl.
3373 4983 3583 5045 Oratto

242 5064 344 5125 sub
368 5066 560 5130 altari
582 5064 1059 5131 constitutorum.
1096 5071 1229 5132 XlI.
1270 5068 1548 5149 Trifaria
1576 5068 1784 5130 divisio
1813 5066 2085 5146 ﬁliorum
2113 5066 2411 5129 Fcclesiw.

1656 5172 2085 5186 ﬂ-

233 5215 279 5271 1.
308 5212 724 5291 Superioribus
755 5219 988 5276 duobus
1009 5218 1226 5277 libellis
1259 5224 1809 5293 temporum,perso-

168 5316 383 5375 narum,
400 5308 764 5377 ofﬁciorum,
788 5326 1057 5378 sexuum,
1082 5308 1169 5365 vel
1191 5312 1430 5365 aetatum
1450 5309 1810 5383 prmloquiis,

172 5400 373 5462 quanta
396 5396 701 5454 valuimus
733 5399 1036 5466 brevitate,
1072 5399 1181 5454 etsi
1216 5414 1329 5454 non
1364 5403 1584 5470 quanto
1616 5400 1814 5461 decuit

168 5475 364 5554 Inpore,
396 5484 517 5542 Deo
548 5488 827 5553 donante,
855 5485 1407 5553 transcursis,nunc
1433 5487 1808 5560 dignitatum,

168 5569 419 5631 ordinum
450 5575 542 5633 vel
603 5576 921 5633 atl‘ectuum
975 5580 1191 5644 vastos,
1227 5579 1285 5630 et
1315 5592 1467 5648 szepe
1526 5576 1654 5632 ideo
1714 5594 1815 5649 per

233 5677 373 5746 (124)
402 5685 714 5737 Construe:
745 5699 894 5737 nunc
925 5685 1196 5737 tenhmtes
1245 5670 1690 5745 (transcurrere)
1718 5700 1817 5753 per

177 5752 316 5805 (Mus
342 5757 539 5822 vastos,
574 5761 629 5809 et
655 5754 775 5810 ideo
802 5770 940 5826 scapo
970 5755 1293 5823 naufragos,
1339 5756 1473 5825 quia
1522 5752 1814 5826 rc/‘ertivai-

1919 5217 2255 5289 naufragos,
2288 5216 2430 5290 quia
2473 5216 3005 5274 abundantissimis
3038 5214 3578 5288 promontoriorum

1922 5306 2191 5364 cautibus
2219 5305 2636 5362 refertissimos
2667 5310 2846 5363 aestus
2876 5307 3189 5368 tentantes,
3216 5302 3454 5358 flatibus
3478 5320 3586 5360 nos

1922 5395 2356 5452 committentes
2388 5394 2671 5460 adversis,
2706 5394 2902 5465 ipsum
2945 5392 3172 5449 obicem
3226 5390 3582 5462 cpponimus

1919 5485 2109 5542 Christ
2121 5482 2489 5554 um,tricipiti
2504 5482 2871 5537 voluminum
2891 5482 3062 5536 lintre
3078 5479 3315 5535 eosdem
3338 5478 3587 5550 gestien-

1920 5579 2010 5630 tes
2038 5571 2287 5638 sulcare,
2322 5570 2369 5626 si
2398 5568 2896 5625 tamenilliusnon
2913 5569 3064 5624 desit
3079 5566 3584 5641 remigium(t24),

1922 5696 2039 5736 mos
2066 5677 2325 5755 cautibus
2380 5675 2875 5755 abundantissimi:
2902 5671 3447 5755 promontqriorimt;
3487 5686 3589 5743 per

1926 5760 2109 5819 mtas,
2136 5751 2395 5822 inquam,
2420 5746 2774 5816 dignitatum,
2817 5737 3096 5811 ordinum,
3127 5739 3213 5797 vel
3254 5737 3583 5812 αῇὶσὶωὶπι,
