3900 6354
144 410 256 477 961

1554 415 2174 484 PROLEGOMENM

3456 425 3574 492 962

146 561 303 614 nem,
333 546 545 602 harum
602 544 1082 613 lucubrationum
1137 550 1434 604 auctorem
1491 565 1641 616 esse,
1675 567 1801 622 qua:
1831 549 1886 624 Α
1915 567 1972 606 se
2002 552 2298 608 tenuerunt
2349 555 2517 607 annis
2575 555 2792 610 circiter
2847 551 3045 610 decem.
3079 556 3146 611 Et
3179 557 3352 628 paulo
3404 565 3535 631 post
3565 581 3579 618 :

146 637 443 698 sententia
463 653 581 707 prae
603 635 850 706 reliquis
873 636 1016 691 mihi
1037 637 1214 692 etiam
1239 637 1448 708 placet.
1465 639 1588 693 Non
1613 644 1808 694 autem

115 771 123 776 .
148 722 379 794 primus
409 724 784 780 Eistettensis
814 724 1128 796 episcopus
1157 726 1540 782 Willibaldus
1568 727 1678 782 fuit
1709 744 1810 782 na-

111 860 121 866 .
148 810 306 868 tione
337 813 582 879 Saevus,
609 829 799 884 neque
829 814 1065 870 natione
1114 815 1347 881 Scotus,
1379 815 1488 869 etsi
1523 817 1812 888 posterius

148 901 216 955 D.
240 900 468 957 Oleario
502 901 561 957 in
595 902 775 962 abaco
807 902 1049 974 placuit,
1086 905 1185 958 sed
1218 904 1422 974 Anglis
1453 904 1571 958 sive
1601 905 1813 974 Anglo-

149 989 481 1047 Saxonibus
505 991 884 1046 annumerari
917 993 1109 1059 debet,
1139 998 1202 1047 ut
1235 1001 1388 1048 recte
1422 1000 1551 1064 post
1582 997 1815 1050 Grc-lse-

150 1095 282 1135 rum
303 1079 365 1134 in
387 1079 896 1135 observationibus
920 1081 990 1135 ad
1027 1080 1277 1152 Philippi
1312 1083 1815 1137 Comumutarium

151 1186 277 1240 cap.
301 1169 1015 1239 3,judicarunt0udinus
1049 1169 1107 1224 in
1141 1169 1561 1242 Supplementa
1595 1173 1663 1225 ad
1701 1171 1818 1225 Bcl-
1869 1168 1873 1172 ’

151 1256 494 1324 larminum,
517 1273 574 1327 p.
603 1257 722 1324 199,
747 1261 804 1312 ct
823 1257 1112 1327 Dupinius
1137 1263 1277 1311 tom.
1302 1258 1372 1312 1V
1396 1259 1562 1312 Nova:
1597 1257 1814 1312 Biblio-

153 1343 332 1400 theca:
355 1349 666 1400 auctorum
699 1343 1484 1412 ecclesiasticorum.Quibus
1502 1351 1560 1402 et
1581 1347 1816 1419 applau-

151 1434 238 1489 dit
269 1434 496 1490 Caveus
533 1432 594 1489 in
635 1433 893 1490 Historia
931 1433 1215 1490 litteraria
1245 1436 1599 1507 scriptorum
1630 1437 1817 1492 eccle-

152 1522 552 1581 siasticarum.
586 1522 785 1594 Neque
837 1540 973 1579 cum
1023 1523 1131 1579 hoc
1173 1524 1514 1581 Willibaldo
1545 1525 1816 1598 episcopo

125 1611 495 1669 'Eistettensi
554 1612 1009 1669 confundendus
1061 1618 1151 1668 est
1181 1613 1276 1669 ille
1307 1613 1687 1670 Willibaldus
1717 1615 1816 1686 qui

150 1701 345 1758 Vitam
389 1703 468 1759 .S.
522 1701 803 1758 Bonifacii
862 1703 1234 1776 conscripsit,
1297 1721 1423 1776 qua:
1486 1707 1688 1775 postea
1745 1703 1816 1759 ab

153 1791 429 1859 Othlono,
455 1791 752 1848 undecimi
785 1791 982 1847 sreculi
1017 1792 1327 1860 monacho,
1356 1791 1644 1864 epistolis,
1671 1793 1816 1848 actis

150 1879 540 1936 conciliorum
586 1878 835 1951 aliisque
881 1879 1184 1944 nonnullis
1215 1887 1386 1935 aucta
1416 1885 1524 1935 est.
1559 1881 1624 1935 lli
1659 1881 1816 1936 enim

150 1970 365 2026 diversi
398 1973 542 2025 sunt
563 1974 759 2025 etase
791 1968 1037 2024 invicem
1071 1969 1354 2040 distingui
1416 1969 1649 2037 debent,
1684 1969 1819 2026 licet

155 2057 478 2124 Serrarius,
513 2055 552 2111 l.
587 2073 649 2112 In
696 2056 912 2112 Rerum
971 2057 1500 2128 Moguntiaearum,
1564 2063 1682 2113 not.
1746 2059 1814 2124 1;

157 2145 538 2203 Mabillonius
571 2146 629 2200 in
659 2145 1166 2200 observationibus
1225 2145 1453 2216 prmviis
1506 2147 1574 2200 ad
1624 2145 1816 2200 Vitam

159 2234 339 2304 illam,
372 2239 434 2291 et
464 2235 731 2292 Cointius
793 2235 852 2289 in
909 2233 1238 2288 Annalibus
1295 2233 1706 2290 ecclesiasticis
1747 2235 1817 2290 ad

158 2339 382 2378 annum
440 2321 657 2377 Christi
704 2323 834 2389 712,
870 2338 928 2375 n.
966 2322 1050 2388 12,
1087 2338 1280 2376 errore
1325 2322 1507 2390 ducti,
1560 2323 1820 2379 diversos

158 2413 263 2468 hos
287 2429 392 2484 pro
415 2410 627 2466 iisdem
652 2410 986 2465 habuerint.
1004 2409 1154 2465 Illud
1179 2416 1373 2465 tamen
1395 2411 1488 2466 hic
1523 2429 1636 2466 non
1669 2430 1818 2483 queo

159 2500 427 2566 inﬁciari,
464 2499 696 2555 nullum
718 2499 1076 2554 Richardum
1099 2499 1320 2570 Anglia:
1342 2517 1560 2572 regem,
1577 2501 1678 2572 qui
1712 2519 1818 2574 pa-

160 2596 244 2646 ter
263 2592 323 2646 S.
343 2587 676 2644 ‘Willibaldi
714 2587 970 2660 episcopi
1010 2589 1401 2656 Eistettensis,
1431 2589 1571 2644 item
1605 2595 1819 2647 Wune-

162 2679 316 2734 baldi
367 2677 626 2745 abbatis,
647 2681 717 2746 ‘et
746 2677 806 2732 S.
833 2675 1196 2748 Walpurgis,
1229 2677 1541 2733 abbatissa:
1573 2679 1818 2733 Ileidcn-

163 2767 505 2836 beimcnsis,
539 2765 732 2832 fuerit,
767 2765 827 2820 in
859 2765 1008 2822 serie
1058 2782 1261 2837 regum
1300 2765 1519 2838 Anglize
1556 2767 1817 2838 reperiri,

164 2875 347 2930 neque
379 2858 514 2929 ejus
544 2855 805 2910 nominis
836 2871 1030 2927 regem
1063 2854 1292 2926 uspiam
1330 2855 1388 2910 in
1422 2857 1821 2912 monumentis

163 2946 447 3020 Anglicis,
481 2945 699 3002 nedum
751 2944 810 2998 in
847 2945 1022 3010 Beda,
1055 2944 1156 3016 qui
1189 2949 1456 3000 accurate
1488 2963 1690 3016 regum
1723 2962 1825 3017 ge-

165 3035 464 3107 nealogias
521 3031 832 3098 recensuit,
884 3031 1153 3086 inveniri.
1201 3031 1418 3086 Omitto
1475 3032 1824 3088 recentiores

153 3124 548 3184 .Wilhelmum
581 3119 1533 3187 Malmesburiensem,Matthaeum
1566 3121 1826 3176 Vestmo-

167 3214 612 3278 nasteriensem,
647 3209 958 3266 Henricum
993 3209 1821 3278 Huntindoniensem,Floreu-

1921 643 2156 696 Devictis
2185 648 2344 712 atque
2382 644 2578 698 amotis
2621 642 2952 713 subregulis,
2989 644 3304 702 Ceadwalla
3349 651 3586 720 suscepi:

1922 731 2236 800 imperium.
2268 732 2458 801 Atque
2487 731 2621 786 inde
2643 731 2874 801 judicat
2903 731 3188 800 Cointius,
3221 734 3582 798 Richardum

1923 823 2189 872 nostrum
2221 835 2289 873 ex
2322 819 2557 873 illorum
2590 818 3042 890 subregulorum
3089 837 3334 877 numero
3375 823 3579 880 fuisse.

1924 906 2240 961 Bollandus
2267 907 2484 978 pariter
2509 907 2862 962 itit-bardum
2891 925 3084 979 regem
3117 909 3390 982 appellat,
3425 914 3581 984 apud

1925 1011 2097 1064 quem
2121 995 2297 1049 etiam
2321 997 2450 1065 ejus
2471 995 2697 1062 Vita,cx
2717 995 2874 1051 Actis
2898 1001 3236 1052 sanctorum
3261 992 3580 1056 Willibaldi

1925 1088 1982 1138 et
2001 1084 2340 1138 Wunibaldi
2363 1084 2633 1154 inprimis
2663 1086 2944 1152 confecta,
2969 1086 3042 1140 ad
3073 1086 3230 1140 diem
3262 1088 3582 1158 septimum

1927 1173 2064 1226 ldus
2088 1173 2385 1227 Februarii
2407 1172 2640 1243 legitur,
2665 1173 2764 1243 qui
2797 1174 2922 1227 dies
2947 1175 3002 1227 in
3037 1175 3203 1230 fastis
3234 1177 3585 1232 ecclesiasti-

1927 1261 2011 1317 cis
2043 1263 2103 1314 S.
2141 1261 2410 1314 ltichardi
2474 1261 2766 1314 memoria:
2825 1261 3053 1316 dicatus
3101 1268 3210 1317 cst.
3246 1263 3461 1318 Verum
3505 1266 3581 1320 ab

1927 1349 2238 1420 utriusque
2295 1349 2584 1404 sententia
2643 1349 2860 1403 recedit
2911 1349 3124 1418 Pagius
3154 1354 3298 1404 tom.
3331 1352 3408 1406 111
3437 1351 3580 1408 Crit.

1929 1439 2136 1494 Baron.
2170 1439 2242 1493 ad
2265 1455 2488 1493 annum
2524 1437 2738 1494 Christi
2759 1439 2888 1506 750,
2911 1443 2968 1492 et
2993 1440 3052 1494 S.
3078 1438 3436 1496 Richardum
3467 1458 3584 1497 non

1925 1525 2146 1598 Anglia:
2177 1543 2372 1597 regem
2405 1526 2508 1582 sed
2537 1525 2794 1582 nobilem
2827 1530 2885 1581 et
2915 1526 3278 1598 praedivitcm
3330 1527 3586 1601 Anglum

1926 1615 2111 1670 fuisse
2124 1615 2513 1686 tradit,eoque
2538 1614 2773 1670 nomine
2796 1619 2958 1669 notat
2981 1613 3329 1672 Bollandum
3349 1615 3586 1674 etCoin-

1927 1703 2076 1758 tium
2137 1704 2294 1776 quod
2325 1720 2386 1758 se
2418 1721 2452 1759 a
2482 1703 2727 1759 Baronio
2759 1703 2819 1757 in
2852 1719 3109 1760 errorem
3167 1703 3367 1760 induci
3426 1705 3588 1778 passi

1927 1793 2163 1859 fuerint,
2198 1809 2331 1847 cum
2365 1799 2560 1848 tamen
2604 1791 2886 1848 Baronius
2919 1791 3064 1847 nihil
3097 1791 3312 1849 habeat
3337 1795 3498 1850 unde
3525 1795 3585 1850 id

1927 1881 2153 1953 probet,
2186 1898 2362 1953 quam
2410 1897 2478 1936 ex
2527 1881 2831 1952 supposito
2864 1881 2918 1936 S.
2958 1879 3232 1936 Richardi
3263 1881 3582 1954 epitaphio,

1926 1969 2095 2042 longe
2127 1975 2258 2040 post
2305 1971 2434 2040 ejus
2493 1975 2741 2025 mortem
2799 1969 3150 2042 conscripto,
3185 1971 3339 2042 quod
3371 1970 3584 2029 fabula:

1927 2059 2123 2131 potius
2145 2076 2320 2130 quam
2348 2059 2602 2114 historia:
2635 2059 3050 2114 ascribendum
3083 2059 3178 2115 sit.
3213 2061 3394 2126 Quem
3427 2077 3584 2116 erro-

1928 2165 2049 2202 rem
2103 2149 2352 2219 ipsemet
2405 2149 2712 2215 Baronius,
2743 2153 2810 2203 ut
2838 2148 3089 2215 videtur,
3122 2153 3323 2219 postea
3351 2149 3589 2220 agnovit

1927 2237 1986 2290 in
2011 2238 2329 2308 appendice
2354 2237 2425 2291 ad
2451 2237 2606 2292 hunc
2629 2253 3015 2303 annum,cum
3040 2237 3256 2292 ibidem
3279 2237 3589 2293 S.Richar-

1929 2327 2092 2392 dum,
2127 2344 2240 2381 non
2270 2325 2488 2398 Anglim
2521 2327 2856 2398 regem,scd
2889 2325 3078 2380 virum
3112 2342 3308 2397 genere
3340 2331 3397 2381 et
3425 2326 3587 2382 rebus

1929 2417 2142 2470 clm'um
2201 2415 2542 2470 nominavit.
2587 2416 2751 2481 Quod
2808 2432 2939 2470 vero
2999 2416 3068 2470 ad
3129 2415 3322 2470 Vitam
3380 2415 3590 2484 attinet

1931 2505 1990 2560 S.
2019 2504 2376 2576 Walpurgm,
2411 2503 2542 2559 aliis
2575 2505 2633 2558 S.
2663 2503 3020 2576 Walpurgis,
3055 2503 3410 2575 conscripsit
3455 2520 3586 2559 eam

1928 2591 2350 2658 Woltihardus,
2414 2590 2661 2645 coenobii
2722 2591 3125 2646 Hasenrietani
3195 2596 3328 2646 ante
3401 2607 3588 2647 annos

1931 2679 2337 2751 septingentos
2395 2678 2741 2747 monachus,
2776 2695 2954 2750 quam
2994 2677 3264 2734 Canisius
3295 2683 3496 2750 postea
3523 2679 3584 2736 in

1931 2765 2145 2833 lucem,
2181 2766 2290 2822 etsi
2325 2785 2438 2821 non
2470 2767 2778 2837 integram,
2813 2765 3030 2834 emisit,
3062 2765 3426 2838 inseruitque
3455 2767 3585 2838 ejus

1933 2860 2074 2909 tom.
2115 2855 2185 2910 1V
2213 2855 2601 2926 Antiquarum
2645 2853 3007 2921 Lectionum,
3042 2854 3138 2909 ubi
3190 2855 3305 2910 duo
3351 2859 3584 2910 tantum

1932 2942 2064 2998 libri
2121 2961 2189 2999 ex
2239 2949 2491 3016 quatuor
2549 2942 2665 2997 illis
2723 2942 3091 2998 exhibentur.
3153 2943 3369 2999 Omnes
3416 2943 3584 2999 enim

1931 3050 2148 3105 eosque
2175 3034 2450 3105 integros,
2486 3033 2778 3104 adjunctis
2810 3037 3006 3086 tamen
3038 3031 3386 3088 Canisianis.
3419 3031 3584 3088 Petro

1933 3123 2218 3178 Stevartio
2251 3123 2554 3189 debemus,
2589 3123 2760 3192 cujus
2819 3137 2961 3176 cura
3015 3137 3168 3176 anno
3201 3119 3416 3176 Christi
3449 3121 3588 3175 1616

1935 3211 2275 3284 Ingolstadii
2311 3212 2672 3284 prodierunt.
2703 3211 2912 3284 Ampio
2957 3211 3137 3266 etiam
3167 3201 3587 3267 commentario

167 3304 308 3359 tium
339 3299 836 3374 Wigorniensem,
870 3298 1309 3354 Ethelwerdum
1359 3303 1415 3354 et
1463 3299 1628 3367 alios,
1663 3291 1894 3372 apudC
1934 3301 2342 3374 S.Walpurgis
2370 3301 2561 3356 Vitam
2581 3300 2920 3372 complexus
2939 3305 3028 3356 est
3043 3300 3349 3372 Philippus
3371 3299 3592 3355 tricesi-

165 3407 312 3463 quos
343 3389 507 3446 nulla
537 3391 626 3444 est
657 3386 874 3442 mentio
924 3385 1199 3442 Richardi
1249 3388 1425 3458 regis,
1461 3387 1561 3458 qui
1597 3387 1668 3441 ad
1706 3387 1825 3441 hmo

169 3485 428 3552 tempora
487 3479 754 3533 refertur.
814 3475 1030 3530 Verum
1098 3480 1295 3530 tamen
1354 3491 1460 3546 ego
1520 3476 1590 3530 de
1647 3476 1825 3548 hujus

168 3568 418 3625 historia:
453 3568 568 3622 ﬁde
597 3583 702 3622 nec
733 3565 1058 3637 quidquam
1117 3565 1450 3620 detractum
1503 3581 1630 3620 esse
1671 3565 1820 3633 volo,

160 3659 268 3716 etsi
299 3655 656 3714 dissentiant
684 3655 1023 3710 Munsterus
1046 3653 1106 3708 in
1129 3653 1606 3726 Cosmographia,
1625 3653 1827 3709 Panta-

166 3745 290 3804 leon
311 3747 392 3803 De
413 3745 557 3802 viris
581 3744 936 3810 illustribus,
959 3742 1245 3798 Martinus
1267 3743 1510 3798 Crusius
1530 3743 1588 3798 in
1623 3744 1824 3799 Suevi-

167 3837 246 3893 cis
274 3835 362 3892 vel
393 3834 594 3908 potius
640 3831 976 3888 Volusianis
1028 3832 1152 3888 suis
1199 3831 1546 3900 Annalibus,
1582 3832 1823 3888 Nauclc-

167 3941 282 3993 rus,
319 3923 602 3989 Irenicus,
633 3921 961 3977 Chronicon
994 3921 1387 3993 Anonymnm,
1424 3939 1576 3977 anno
1610 3921 1824 3978 Christi

168 4013 300 4067 1494
327 4011 728 4082 Norimberga:
767 4009 1012 4076 editum,
1047 4009 1185 4064 item
1234 4008 1538 4080 Philippus
1571 4011 1629 4064 in
1661 4011 1827 4066 Com-

166 4101 448 4157 mentario
482 4101 562 4156 De
585 4098 732 4154 divis
766 4097 1115 4154 tutelaribus
1135 4097 1404 4153 Ecclesia:
1427 4097 1819 4166 Eistettensis,

165 4193 285 4246 tum
314 4190 570 4262 denique
601 4187 959 4244 Breviarium
987 4186 1357 4255 Eistettensc,
1377 4187 1450 4242 ad
1483 4205 1667 4242 unum
1703 4205 1826 4243 om-

170 4295 267 4335 nes
319 4279 662 4346 sentientes,
696 4277 1056 4334 Richardum
1089 4276 1308 4331 Saevire
1368 4275 1578 4333 ducem
1619 4276 1821 4346 fuisse,

169 4369 266 4424 sed
289 4367 680 4426 nihilominus
701 4365 994 4424 assentior
1011 4364 1182 4421 Balco
1204 4370 1262 4420 et
1283 4367 1547 4422 Cretsero
1570 4383 1824 4422 comme-

171 4459 557 4524 morantibus,
588 4456 782 4512 virum
841 4455 1138 4512 exstitisse
1193 4454 1552 4511 Richardum
1595 4458 1826 4530 generis

169 4545 449 4620 dignitate
475 4545 854 4616 illustrem,et
876 4544 1112 4617 regibus
1135 4543 1467 4616 propinqua
1481 4546 1824 4616 cognatione

171 4637 568 4708 conjunctum.
593 4634 684 4690 Nil
709 4639 904 4690 tamen
929 4633 1350 4729 obsta-reputat
1373 4633 1578 4690 Petrus
1601 4635 1822 4690 Stevar-
1848 4663 1900 4729 Β

171 4723 283 4782 tius
317 4726 376 4781 in
412 4725 711 4784 notatione
735 4723 906 4780 tertia
927 4720 1187 4794 praedicti
1211 4719 1366 4789 libri,
1399 4723 1552 4794 quod
1587 4723 1824 4794 scripto-

171 4829 261 4869 res
288 4830 424 4870 eum
479 4813 949 4886 prmtermittant,
984 4827 1143 4878 cum,
1177 4809 1224 4864 si
1275 4827 1391 4865 non
1441 4811 1824 4869 administra-

171 4903 324 4960 tione
379 4909 579 4960 tamen
633 4919 864 4975 genere,
899 4901 948 4958 si
1008 4918 1123 4956 non
1178 4899 1370 4956 ofﬁcio
1401 4904 1597 4955 tamen
1631 4901 1824 4972 titulo,

174 5007 267 5046 rex
321 4993 522 5049 fuerit.
556 4993 836 5048 Praeterea
895 4990 1047 5046 hanc
1107 4990 1459 5046 sententiam
1516 4992 1828 5047 conﬁrmat

173 5078 408 5140 Carolus
466 5083 732 5138 Cointius
793 5080 851 5136 in
901 5078 1226 5136 Annalibus
1287 5078 1718 5147 ecclesiasticis,
1754 5081 1828 5137 ad

174 5183 390 5234 annum
439 5170 658 5227 Christi
702 5171 831 5238 738,
866 5187 924 5225 n.
961 5169 1016 5238 5,
1051 5169 1152 5224 sed
1211 5165 1385 5240 paulo
1443 5165 1612 5223 aliter
1645 5184 1658 5221 :
1691 5167 1831 5224 Vult

175 5257 324 5313 enim
355 5259 620 5316 Cointius
643 5259 826 5315 fuisse
850 5255 1257 5330 subregulum,
1284 5256 1560 5328 etprobat
1579 5274 1647 5312 ex
1663 5257 1829 5314 Beda:

177 5342 274 5400 lib.
305 5365 381 5418 ιν,
414 5365 544 5420 cap.
577 5350 664 5416 12,
698 5346 1047 5420 subregulos
1107 5344 1289 5402 fuisse
1347 5344 1480 5401 illos
1539 5345 1640 5417 qui
1699 5352 1832 5418 post

175 5431 508 5494 Conwalchi
532 5437 687 5510 regis
711 5437 937 5493 obitum
967 5434 1256 5507 tantisper
1283 5433 1626 5491 occidentali
1659 5436 1830 5492 Saxo-

178 5523 278 5584 niae
301 5528 825 5596 praefuerunt,dum
849 5523 1144 5584 Cedwalla
1165 5540 1410 5595 regnum
1439 5531 1826 5595 recuperaret.

179 5610 360 5670 Locus
396 5615 560 5672 Beda:
593 5616 688 5672 hic
719 5619 810 5672 est
840 5632 854 5670 :
892 5616 1034 5672 Cum
1079 5621 1326 5670 mortuus
1355 5620 1492 5670 esset
1521 5613 1824 5684 Conwulch,

176 5711 491 5779 acceperunt
541 5705 826 5778 subreguli
855 5720 1082 5781 regnum
1111 5705 1308 5778 gentis,
1341 5711 1394 5760 et
1419 5701 1659 5758 divisum
1689 5707 1832 5763 inter

1937 3409 2070 3447 mus
2101 3409 2290 3447 nonus
2321 3393 2634 3463 episcopus
2673 3390 3065 3456 Eistcttensis,
3099 3389 3200 3462 qui
3231 3389 3386 3460 apud
3418 3387 3588 3444 Cani-

1935 3480 2090 3536 sium
2121 3484 2308 3535 exstat
2335 3485 2476 3534 tom.
2512 3479 2584 3534 IV
2611 3481 2676 3533 A.
2712 3479 2774 3534 L.
2800 3481 2982 3544 Quem
3016 3477 3268 3548 Philippi
3298 3492 3590 3533 common-

1937 3569 2150 3624 tarium
2177 3575 2380 3640 postea
2398 3568 2470 3622 ab
2497 3584 2788 3639 anonymo
2810 3567 3068 3638 quodam
3088 3564 3148 3620 in
3171 3564 3588 3636 compendium

1933 3659 2262 3726 redactum,
2292 3656 2550 3728 primum
2598 3655 2782 3711 edidit
2831 3671 2982 3726 saepe
3014 3654 3351 3708 nominatus
3385 3653 3588 3712 Petrus

1935 3747 2278 3814 Stcvartius,
2310 3751 2366 3801 ct
2398 3745 2538 3800 Vitm
2571 3749 2746 3816 atque
2779 3742 3080 3798 miraculis
3112 3743 3170 3798 S.
3204 3741 3590 3814 Walpurgzea

1933 3836 2291 3894 Wolll'hardo
2322 3834 2600 3889 confectis
2621 3831 3166 3904 junxit.Rhythmis
3197 3829 3372 3886 etiam
3391 3829 3587 3886 Vitam

1935 3926 1992 3982 S.
2011 3925 2344 3996 Walpurgis
2367 3923 2606 3978 inclusit
2627 3921 3006 3977 Medibardus
3020 3937 3122 3976 seu
3138 3918 3586 3991 Medingaudus.

1935 4015 2218 4069 Prmterea
2237 4016 2703 4068 commemorant
2723 4011 3157 4066 Ccnturiatorcs
3180 4005 3588 4080 Magdeburgi-

1935 4103 2166 4171 ci,cent.
2203 4121 2304 4158 vm
2327 4108 2385 4158 et
2405 4101 2598 4158 Josias
2629 4099 2916 4157 Simlerus
2948 4098 3187 4155 Gesneri
3217 4098 3588 4170 epitomator,

1933 4197 2062 4248 tum
2085 4192 2295 4248 Baleus
2317 4197 2528 4248 cent.u
2551 4191 2915 4264 Scriptorum
2949 4187 3283 4253 Britanniae,
3316 4186 3374 4241 S.
3406 4183 3594 4241 Willi-

1935 4281 2180 4338 baldum
2227 4281 2422 4336 Vitam
2465 4284 2520 4336 et
2568 4297 2662 4336 res
2691 4283 2887 4352 gestas
2917 4277 2976 4333 S.
3006 4275 3344 4349 Walpurgis
3373 4272 3592 4332 sororis

1933 4387 2054 4427 sua:
2085 4369 2377 4426 memoria:
2410 4369 2761 4443 prodidisse,
2790 4366 2893 4422 sed
2924 4365 3048 4420 haec
3091 4362 3510 4420 commentatio
3535 4360 3589 4416 si

1935 4477 2198 4532 unquam
2211 4455 2545 4524 exstitit,vel
2562 4463 2893 4527 temporum
2917 4453 3136 4524 injuria
3159 4450 3458 4523 deperdita
3477 4454 3586 4516 est,

1933 4548 2021 4604 vel
2053 4549 2112 4602 in
2143 4547 2269 4603 loco
2328 4545 2584 4618 quodam
2641 4545 2890 4600 obscuro
2947 4540 3203 4614 reposita
3230 4543 3289 4594 et
3317 4537 3590 4610 squalere

1935 4639 2191 4694 obducta
2226 4635 2532 4692 delitescit.
2568 4636 2758 4701 Quare
2790 4629 2990 4687 mirari
3022 4628 3184 4685 subit
3212 4625 3512 4684 Oudinum
3533 4629 3591 4682 ct

1935 4726 2253 4798 Dupinium
2278 4742 2343 4780 eo
2375 4723 2644 4796 delapsos
2675 4738 2803 4778 esse
2836 4724 2900 4776 ut
2929 4716 3261 4792 putaverint
3289 4715 3396 4772 has
3426 4713 3590 4772 Vitas

1906 4818 1992 4873 .S.
2007 4814 2354 4874 Wunebaldi
2377 4817 2433 4870 et
2456 4813 2514 4869 S.
2532 4811 2847 4871 Willibaldi
2872 4806 3240 4865 Roswitham
3264 4807 3589 4862 nostratem

1935 4909 2230 4962 auctorem
2261 4918 2747 4976 agnoscerc,cum
2769 4904 2966 4955 tamen
2998 4896 3144 4970 ipsis
3173 4901 3506 4966 temporum
3535 4898 3592 4949 et

1933 4995 2196 5052 locorum
2245 4993 2498 5048 rationes
2545 4989 2784 5046 omnino
2835 4989 3186 5062 repugnent,
3221 4987 3366 5042 adeo
3407 4988 3474 5040 ut
3503 4981 3591 5039 vel

1938 5083 2100 5140 solus
2126 5080 2507 5138 Trilheimius
2527 5079 2659 5134 illos
2682 5079 2792 5134 hoc
2811 5079 3019 5133 docere
3038 5075 3352 5148 potuisset,
3387 5073 3488 5146 qui
3521 5089 3593 5127 ne

1936 5173 2110 5230 verbo
2135 5170 2372 5244 quidem
2389 5169 2449 5225 in
2466 5168 2840 5225 recensendis
2864 5165 3179 5223 Roswitha:
3201 5163 3477 5236 operibus
3496 5161 3594 5220 ha-

1939 5279 2069 5319 rum
2127 5261 2395 5318 Vitarum
2455 5257 2812 5316 mentionem
2868 5255 3048 5314 fecit:
3099 5255 3172 5310 de
3228 5271 3343 5326 quo
3398 5256 3592 5310 tamen

1939 5354 2329 5419 constat,cum
2351 5366 2452 5405 sex
2473 5349 2589 5404 fere
2614 5347 2802 5404 millia
2830 5347 3102 5404 codicum
3130 5343 3414 5400 librorum
3445 5355 3589 5396 mss.

1938 5445 2199 5498 veterum
2229 5439 2487 5495 maxima
2517 5455 2658 5494 cura
2686 5442 2745 5493 et
2775 5453 3009 5493 summo
3041 5433 3234 5492 studio
3263 5428 3587 5502 collegisse,

1938 5548 2007 5586 ex
2036 5529 2224 5602 iisque
2251 5527 2511 5586 collectis
2544 5526 2754 5584 deinde
2783 5544 2932 5600 opus
2963 5541 3136 5580 suum
3177 5522 3258 5578 De
3287 5517 3426 5574 viris
3455 5513 3589 5602 illu-

1941 5601 2163 5675 stribus
2176 5617 2401 5674 ordinis
2414 5615 2773 5672 Benedictini
2790 5601 3584 5686 inscriptum,composuisse,

1939 5712 2115 5790 prout
2135 5709 2192 5766 id
2217 5708 2372 5782 apud
2393 5705 2750 5766 Bilibaldum
2775 5701 3270 5764 Pirckhcimcrum
3293 5696 3352 5754 in
3365 5689 3590 5751 dedica-
