3900 6364
362 413 479 479 963

1575 413 1677 474 AD
1723 409 1984 473 QPERA
2029 407 2584 472 HROTSUITHAZ.

3690 409 3793 471 961

363 550 519 607 tione
570 548 861 620 Fulgentii
917 563 1069 602 anno
1119 545 1335 601 Christi
1368 546 1505 600 1519
1534 546 1604 600 ad
1646 544 2019 600 reverendam
2051 545 2106 609 Α
2136 542 2352 614 quippe
2382 542 2597 614 quibus
2627 540 2884 613 virgines
2916 556 3115 601 sacras
3134 542 3206 597 ad
3235 542 3570 598 castitatem
3607 542 3794 598 colen-

364 644 612 703 matrem
672 635 1212 701 Pirekheimeriam,
1262 634 1539 690 editionis
1598 633 2021 707 Haganoensis,

364 728 474 800 legi
484 726 919 796 mus,idemque
954 724 1246 781 Memoria;
1263 724 1644 779 Trevoltianaa
1666 724 1737 778 ad
1760 738 2023 815 mensem

359 815 620 888 Aprilem
697 813 837 869 anni
912 814 1072 881 1705,
1138 830 1194 884 p.
1255 814 1382 877 312,
1456 829 1563 868 suo
1639 812 2026 883 comprobant

362 904 717 960 testimonio.
805 901 1020 973 Ecquis
1104 901 1260 957 enim
1349 918 1544 956 rerum
1647 901 2021 955 Germanica-

364 1012 493 1049 rum
549 994 771 1066 peritus
829 1009 892 1047 se
949 991 1292 1063 persuaderi
1360 991 1635 1063 patiatur,
1701 994 1767 1044 ut
1825 990 2023 1044 credat

362 1102 429 1137 ex
460 1081 899 1138 lleidenheimio
932 1081 1451 1135 Gandcshcimium
1503 1079 1758 1150 exsculpi
1805 1079 2021 1150 posse?

361 1171 610 1226 Omnino
641 1171 797 1225 enim
830 1170 1059 1224 diversa
1088 1175 1227 1224 sunt
1258 1169 1635 1233 monasteria,
1669 1172 1726 1222 et
1763 1167 2018 1221 multum

360 1260 512 1315 inter
541 1277 602 1315 se
635 1260 878 1315 distant.
910 1257 1172 1312 Alterum
1199 1258 1355 1312 enim
1390 1259 1447 1312 in
1479 1258 1720 1312 Francia
1750 1256 2017 1311 orientali

359 1351 542 1406 situm
568 1367 581 1417 ;
607 1348 858 1404 alterum
883 1347 1094 1401 veteris
1126 1346 1388 1401 Saxonia:
1424 1346 1638 1402 finibus
1660 1346 2014 1400 continetur.

359 1439 445 1494 Ad
468 1438 631 1510 prius
654 1436 851 1491 referri
872 1434 1274 1508 oportetillam
1296 1435 1442 1490 sacri
1460 1434 1683 1489 ordinis
1708 1433 2013 1505 virginem,

359 1545 487 1601 qua:
514 1528 572 1582 S.
596 1523 948 1582 Wunebaldi
980 1528 1037 1579 et
1065 1522 1392 1579 Willibaldi
1416 1540 1507 1579 res
1540 1528 1736 1595 gestas
1768 1522 2019 1578 conscri-

357 1618 497 1690 psit,
531 1616 876 1686 neutiquam
908 1614 981 1669 ad
1014 1613 1308 1685 posterius
1340 1613 1641 1685 aggregari
1676 1613 1869 1667 debet.
1903 1612 2015 1684 Igi-

358 1712 457 1762 tur
485 1703 911 1761 monasterium
956 1700 1503 1769 Heidenheimense,
1539 1702 1694 1773 quod
1727 1719 1761 1757 a
1789 1701 2015 1757 Cointio

357 1797 469 1853 sub
492 1796 670 1851 ﬁnem
702 1792 847 1849 tomi
868 1791 916 1845 V
937 1791 997 1847 in
1020 1791 1211 1847 indice
1235 1791 1541 1863 posteriori
1565 1792 2013 1863 episcopatuum

357 1891 416 1943 et
447 1882 962 1948 monasteriorum,
996 1880 1174 1935 etiam
1221 1878 1718 1980 llildcnheimium
1752 1880 2013 1980 app—clla-
2042 1915 2089 1980 B

354 1983 472 2047 tur,
493 1992 608 2031 non
630 1975 690 2029 in
714 1971 965 2029 Saxonis
992 1975 1082 2027 est
1112 1970 1514 2043 quaerendum,
1544 1987 1732 2042 neque
1762 1970 1822 2025 in
1853 1970 2011 2025 Thu-

356 2064 546 2137 ringia
566 2061 1146 2133 investigandum,ut
1165 2076 1358 2115 errore
1391 2060 1605 2115 ductus
1638 2060 1865 2131 putavit
1892 2062 2013 2115 An-

354 2154 555 2209 tonius
578 2150 736 2223 Pagi,
763 2155 903 2205 tom.
930 2149 1005 2205 III
1027 2149 1167 2204 Crit.
1195 2149 1403 2205 Baron.
1428 2149 1500 2204 ad
1542 2166 1762 2204 annum
1795 2148 2013 2204 Christi

353 2244 483 2309 735,
516 2242 619 2297 sed
649 2242 777 2312 ejus
810 2239 979 2294 sedes
1010 2237 1069 2292 in
1107 2238 1432 2293 Franconia
1461 2238 1871 2293 constituenda
1901 2242 2010 2293 est.

356 2332 491 2389 Fuit
512 2335 709 2386 autem
734 2327 1243 2384 Heidenheimium
1266 2332 1323 2382 et
1355 2327 1779 2383 monachorum
1808 2332 1864 2382 et
1884 2344 2015 2382 san-

353 2416 780 2475 ctimonialium
813 2415 1256 2482 cmnobiumjta
1286 2419 1481 2470 tamen
1506 2419 1572 2469 ut
1603 2414 2014 2470 sanctimonia-

353 2508 502 2563 lium
535 2504 959 2562 monasterium
992 2504 1049 2557 in
1092 2502 1217 2559 loco
1277 2509 1433 2559 esset
1488 2503 1587 2576 qui
1646 2505 1950 2574 sejunctus
1980 2522 2013 2559 a

354 2595 709 2653 monasterio
742 2594 998 2650 virorum
1030 2597 1174 2648 erat.
1203 2593 1361 2648 Idem
1396 2598 1594 2647 monet
1626 2594 1856 2648 Marcus
1887 2592 2013 2648 Vel-

352 2704 521 2743 serus
568 2685 627 2739 in
678 2683 953 2757 operibus
1013 2682 1137 2737 suis
1170 2681 1207 2736 l.
1236 2699 1289 2748 v,
1326 2698 1381 2753 p.
1417 2683 1540 2737 147.
1572 2682 1667 2737 Ait
1713 2683 1869 2737 enim
1900 2682 2009 2736 ibi-

351 2778 486 2831 dem
521 2791 535 2828 :
569 2776 779 2830 Frater
808 2770 2012 2840 Villibaldi,Vunibaldus,Ileidenheimii

352 2867 613 2923 virorum
643 2859 1428 2934 monasterium,Valburgis
1455 2878 1624 2917 soror
1649 2861 2011 2935 feminarum

351 2954 651 3012 excitavit.
686 2954 852 3009 Nunc
882 2952 954 3007 ad
979 2952 1082 3022 jus
1114 2949 1309 3006 saeculi
1340 2951 1663 3006 redactum.

423 3044 719 3116 Sequitur,
752 3040 1027 3096 benevole
1068 3039 1271 3108 lector,
1302 3043 1369 3095 ut
1416 3058 1699 3112 exponam
1750 3040 2006 3096 instituti

352 3133 467 3190 mei
487 3129 1139 3201 eausam,quamobrem
1171 3128 1362 3183 denuo
1393 3130 1750 3189 edendorum
1787 3131 2009 3186 Roswi-

352 3222 465 3277 thze
498 3221 751 3291 Operum
790 3217 1051 3273 laborem
1101 3218 1483 3287 susceperim,
1517 3220 1687 3289 cujus
1719 3220 2008 3291 prmcipue

351 3310 473 3365 hzec
496 3324 731 3363 summa
754 3305 865 3361 fuit
886 3306 1038 3377 quod
1062 3322 1129 3360 eo
1150 3304 1387 3360 nomine
1408 3304 1639 3376 publice
1662 3324 1696 3362 a
1713 3307 1835 3362 viro
1859 3324 2009 3378 quo-
2040 3284 2084 3357 (ἶ

351 3400 510 3464 dam,
541 3398 711 3468 cujus
761 3396 915 3467 apud
958 3410 1052 3449 me
1084 3394 1403 3449 auctoritas
1434 3394 1607 3462 valet,
1639 3394 2007 3453 nobilissimo

351 3487 634 3543 invitatus
666 3483 896 3551 fuerim,
915 3482 1286 3538 existimante
1309 3483 1556 3554 dignum
1581 3485 1701 3538 fore
1724 3483 2005 3554 laborem,

350 3578 399 3632 si
426 3574 764 3640 Roswithze,
787 3571 1031 3644 virginis
1053 3572 1369 3638 Saxoniem,
1396 3572 1697 3643 opuscula,
1715 3590 1841 3645 qua:
1874 3579 2009 3630 ante

350 3666 634 3720 ducentos
648 3668 703 3719 et
716 3662 914 3735 plures
927 3660 1444 3732 annos,sigillatim
1467 3679 1620 3717 anno
1634 3662 1845 3717 Christi
1873 3666 2004 3719 1501

350 3755 488 3827 (non
532 3754 687 3820 1505,
731 3756 797 3807 ut
826 3751 913 3805 vir
944 3750 1198 3823 inclytus
1232 3750 1454 3823 putavit
1482 3750 1543 3806 in
1577 3752 2008 3809 introductione

350 3844 419 3898 ad
451 3842 663 3898 librum
688 3840 948 3914 proxime
978 3840 1222 3905 editum,
1258 3840 1352 3894 cui
1384 3839 1594 3895 titulus
1618 3845 1705 3895 est
1735 3840 2008 3898 Collectio

348 3932 713 4004 Scriptorum
776 3931 990 3984 Rerum
1052 3928 1638 4001 Brunswicensium),
1672 3947 1706 3984 a
1744 3931 2008 3987 Conrado

347 4019 505 4075 Celte
530 4018 925 4089 Norimbergaa
967 4018 1125 4071 edita
1162 4022 1320 4082 sunt,
1346 4022 1404 4072 et
1435 4019 1796 4074 nostratibus
1828 4019 1887 4073 ln
1920 4037 2007 4075 re-

348 4107 765 4179 gionibusjam
788 4106 880 4159 vix
906 4105 1359 4175 cognita,denuo
1374 4106 2004 4178 recudendaeurarem,

348 4201 405 4251 et
437 4196 509 4251 ab
542 4196 774 4249 inﬁceto
806 4193 1100 4249 scribendi
1136 4210 1296 4249 more
1327 4211 1723 4265 repurgarem.
1759 4199 1921 4262 Quod
1946 4203 2010 4253 ut

349 4283 663 4341 consilium
687 4282 1119 4355 inirem,operis
1142 4283 1487 4353 jucunditas
1517 4301 1610 4339 me
1641 4284 1870 4340 induxit
1892 4303 2011 4342 ma-

348 4375 666 4439 xime,cum
702 4372 1092 4444 intelligerem
1124 4371 1461 4427 institutum
1495 4372 1603 4428 hoc
1627 4373 1792 4441 mihi,
1814 4375 1870 4428 in
1904 4392 2007 4431 an-

348 4465 513 4538 tiqua
543 4462 795 4519 Saxonia
825 4465 984 4529 nato,
1020 4478 1134 4515 non
1186 4465 1415 4517 tantum
1469 4461 1857 4519 honorificum
1905 4466 2005 4521 sed

348 4555 523 4611 etiam
550 4553 804 4625 antiqua}
857 4552 1152 4607 Saxonum
1203 4550 1360 4622 genti
1411 4551 1733 4624 gloriosum
1782 4553 1921 4621 fore,
1957 4555 2007 4610 si

2135 632 2270 687 dam
2304 648 2450 686 novo
2481 629 2773 686 scribendi
2805 636 3153 703 argumento
3182 632 3490 688 exhortata
3513 637 3612 688 est
3638 651 3653 700 ;
3681 637 3792 687 tum

2133 725 2372 792 propter
2400 719 2710 775 lectionem
2743 721 2990 775 Vitarum
3015 721 3080 775 D.
3113 719 3306 777 Mariae
3344 722 3610 792 virginis,
3650 738 3796 775 mar—

2132 812 2326 881 tyrum
2345 814 2402 865 et
2424 815 2785 878 sanctorum,
2815 827 2963 882 quas
2996 811 3249 882 scriptas
3282 811 3543 884 reliquit,
3580 810 3797 883 aliquo-

2131 898 2242 954 ties
2264 916 2298 953 a
2321 900 2567 954 Baronio
2589 898 2650 954 in
2674 898 3086 971 Martyrologio
3111 899 3537 969 laudatas,tum
3564 906 3797 972 propter

2131 987 2436 1043 historiam
2462 988 2691 1044 Ottonis
2714 989 2931 1060 Magni,
2957 1007 3084 1059 qua}
3117 1006 3230 1044 non
3266 1007 3509 1061 parvum
3530 990 3606 1045 ad
3628 990 3792 1045 inte}.

2131 1076 2396 1147 ligendas
2432 1096 2521 1132 res
2552 1077 2610 1131 in
2642 1078 2955 1132 Germania
2976 1095 3041 1133 eo
3077 1082 3334 1149 tempore
3364 1084 3563 1150 gestas
3598 1079 3793 1133 lectori

2130 1165 2330 1221 lumen
2362 1168 2549 1221 aﬂ‘ert.

2124 1250 2129 1255 ’
2200 1257 2804 1329 Quibusargumentis
2818 1262 3118 1329 permotus
3132 1276 3264 1313 sum
3287 1264 3526 1315 utnovm
3547 1260 3792 1315 editioni

2128 1344 2400 1399 curanda:
2432 1345 2858 1411 incumbercm,
2890 1352 2948 1400 et
2980 1346 3295 1402 Itoswitha:
3326 1349 3621 1421 opuscula
3652 1349 3790 1404 inte-

2127 1449 2233 1505 gra
2263 1437 2319 1488 et
2349 1434 2503 1505 apud
2535 1451 2643 1490 nos
2672 1434 2992 1490 admodum
3035 1452 3187 1503 rara,
3223 1437 3414 1493 denuo
3465 1439 3790 1510 proferrem

2127 1522 2187 1576 in
2210 1522 2441 1592 lucem;
2482 1523 2660 1595 idque
2690 1523 2868 1579 simul
2900 1518 3277 1582 admonerem
3310 1532 3446 1583 ante
3477 1544 3575 1583 me
3612 1529 3793 1585 fuisse

2126 1610 2437 1684 plerosque
2466 1612 2569 1684 qui
2609 1613 2759 1668 hanc
2809 1631 3045 1686 operam
3079 1632 3291 1671 navare
3319 1616 3662 1685 voluerunt,
3698 1619 3790 1673 sed

2126 1717 2431 1773 nunquam
2454 1703 2508 1757 id
2534 1719 2595 1758 re
2625 1702 2754 1774 ipsa
2783 1703 3473 1775 prmstiterunt,vel,aliis
3503 1706 3792 1779 gravissi-

2125 1789 2240 1844 mis
2270 1791 2755 1863 occupationibus
2787 1792 3167 1864 impediti,vcl
3191 1795 3448 1851 contenti
3482 1796 3530 1851 si
3569 1795 3796 1853 Roswi.

2124 1876 2236 1931 thas
2268 1878 2687 1952 Panegyricum
2713 1880 3029 1936 inlaudem
3057 1887 3111 1937 et
3134 1887 3298 1955 gesta
3328 1883 3559 1940 Ottonis
3592 1885 3791 1957 Magni

2124 1967 2543 2039 conscriptum,
2579 1986 2786 2025 rursus
2818 1970 2876 2025 in
2912 1969 3101 2026 lucem
3142 1971 3500 2028 emisissent.
3536 1973 3630 2030 Ita
3658 1992 3792 2046 [ιι-ει)

2125 2054 2318 2111 dictus
2352 2056 2666 2113 Roswitha:
2700 2059 3090 2131 Panegyricus
3120 2061 3366 2117 seorsim
3398 2062 3598 2119 editus
3631 2068 3691 2118 et
3715 2064 3791 2118 in-

2126 2160 2308 2199 nexus
2363 2150 2452 2200 est
2498 2145 2832 2203 Collectioni
2893 2149 3247 2221 scriptorum
3305 2151 3658 2219 Germanice,
3694 2168 3790 2224 per

2122 2233 2356 2288 Justum
2383 2234 2736 2303 Reuberum,
2764 2237 3031 2293 Hanovim
3056 2239 3212 2306 1619,
3236 2243 3365 2294 tum
3383 2257 3594 2296 rursus
3620 2242 3789 2297 Fran

2124 2322 2335 2377 eofurti
2394 2324 2465 2378 ad
2526 2324 2784 2381 Moznum
2844 2325 3003 2398 prelo
3058 2327 3412 2384 Aubriorum
3473 2346 3786 2402 expressus

2123 2428 2277 2467 anno
2304 2414 2458 2479 1621,
2479 2418 2656 2485 atque
2688 2416 3031 2471 Witichindi
3055 2417 3319 2472 Historia:
3342 2419 3615 2490 junctus,
3651 2436 3785 2474 cura

2124 2500 2353 2555 Henrici
2380 2502 2673 2557 Meibomii
2700 2504 3085 2577 Senioris,qui
3117 2511 3287 2561 notas
3319 2508 3611 2579 quasdam
3637 2510 3784 2579 adjo-

2123 2589 2233 2657 cit;
2255 2589 2465 2646 deinde
2496 2590 2652 2647 haud
2686 2594 2912 2664 pridem
2933 2611 2966 2648 a
2983 2594 3224 2650 Juniore
3246 2595 3420 2651 Henr.
3446 2596 3781 2661 Meibomio,

2123 2678 2312 2733 amico
2344 2680 2544 2735 fratris
2577 2680 2690 2735 mei
2719 2681 3027 2753 singulari,
3063 2683 3162 2737 sed
3196 2699 3410 2755 magno
3460 2685 3781 2741 Germaniae

2121 2769 2338 2823 damno
2356 2769 2759 2840 superioribus
2779 2771 2949 2825 annis
2968 2772 3428 2842 defuncto,tomo
3446 2775 3577 2846 ejus
3594 2776 3781 2848 primo

2122 2858 2339 2914 Iterum
2372 2859 2850 2915 Germanicarum
2882 2861 3161 2916 insertus.

2190 2946 2275 3001 Ad
2308 2950 2635 3002 extremum
2695 2949 2767 3003 de
2826 2949 3092 3005 Conrado
3124 2949 3280 3006 Celte
3311 2956 3369 3007 et
3397 2952 3452 3007 id
3483 2953 3775 3009 observari

2120 3052 2226 3107 par
2255 3039 2364 3103 est,
2396 3036 2550 3107 quod
2583 3036 3042 3094 dissimulaverit
3088 3041 3535 3111 monasterium,
3569 3059 3638 3098 ex
3670 3060 3776 3115 quo

2119 3142 2254 3180 cum
2287 3142 2353 3180 eo
2384 3126 2565 3181 codex
2609 3143 2720 3181 ms.
2757 3126 3073 3182 Roswitha:
3125 3130 3239 3186 fuit
3285 3133 3777 3200 communicatus,

2119 3214 2596 3286 quandoquidem
2620 3214 2677 3269 id
2702 3214 2823 3269 haec
2839 3216 3015 3271 verba
3036 3221 3328 3275 testantur
3353 3238 3478 3292 qua:
3510 3221 3570 3276 in
3605 3221 3775 3278 Celtis

2120 3303 2456 3374 praefatione
2482 3303 2553 3357 ad
2588 3303 2958 3359 Roswitham
2989 3304 3446 3378 leguntur:Cum
3468 3312 3774 3382 itaque,ait,

2117 3409 2294 3464 nuper
2322 3394 2438 3464 ejus
2468 3394 2644 3464 gratia
2673 3409 2898 3465 peregre
2924 3398 3199 3466 profectus
3252 3400 3505 3468 fuissem,
3535 3401 3779 3471 for-tegas

2116 3483 2176 3535 in
2210 3481 2507 3536 aenobtu-m
2537 3481 2747 3537 ordinis
2778 3482 2834 3538 S.
2869 3484 3146 3541 Benedicti
3167 3490 3565 3558 concessissem,
3604 3488 3780 3560 τεινεβὶ

2117 3572 2536 3639 vetutissimmn,
2571 3572 2751 3627 littera
2793 3574 2966 3643 ferme
3011 3574 3223 3630 Gothica
3244 3581 3296 3630 et
3321 3576 3578 3631 mulieris
3612 3594 3773 3633 manu

2118 3662 2501 3731 conscriptum,
2532 3660 2787 3729 codicem,
2818 3662 2919 3717 sub
2974 3663 3130 3718 titulo
3180 3672 3233 3717 et
3278 3664 3652 3733 inscriptimze
3674 3668 3776 3721 vir-

2118 3751 2262 3819 ginis
2289 3756 2342 3804 et
2385 3750 2646 3804 monialis
2704 3750 3023 3816 Germanus,
3082 3758 3233 3821 gente
3289 3750 3598 3809 8axonica.
3665 3762 3775 3827 (κιο

2119 3838 2533 3893 continebuntur
2562 3855 2625 3893 ea
2656 3856 2775 3911 qua:
2806 3843 2862 3894 in
2910 3842 3087 3909 fronte
3132 3847 3184 3895 et
3222 3839 3403 3895 indice
3432 3841 3606 3915 hujus
3639 3846 3774 3901 volu-

2116 3930 2288 3982 minis
2318 3930 2885 3994 eontinentur.Quare
2913 3929 3168 3983 Joannes
3198 3930 3527 3987 Aventinus
3552 3932 3612 3988 in
3639 3951 3774 4006 prir-

2119 4018 2335 4071 fatione
2367 4017 2424 4071 in
2454 4016 2648 4071 Vitam
2682 4018 2908 4073 llenriei
2943 4017 3294 4087 IV,Czcsaris
3324 4021 3702 4092 Augustini:
3722 4039 3775 4077 se

2119 4105 2417 4161 continere
2439 4106 2630 4178 potuit
2651 4107 2794 4178 quin
2820 4106 3271 4178 reprehenderet
3289 4110 3516 4165 Conrad
3529 4129 3629 4166 um
3654 4111 3776 4167 Cel-

2116 4201 2258 4263 tem,
2292 4211 2467 4266 quem
2500 4200 2913 4268 prmeeptorem
2960 4213 3135 4251 suum
3164 4202 3331 4252 vocat
3360 4198 3418 4252 in
3450 4200 3774 4255 Annalibus

2118 4284 2327 4352 Boicis,
2372 4301 2428 4356 p.
2482 4285 2532 4352 1,
2596 4285 2748 4356 quod
2808 4286 3107 4341 reticuerit
3162 4303 3372 4342 nomen
3434 4290 3770 4345 monasterii

2118 4374 2176 4429 S.
2206 4372 2647 4441 Emmerammi,
2677 4374 2831 4445 quod
2868 4373 3199 4445 Ratispona:
3231 4374 3464 4430 Theodo
3524 4377 3770 4447 primus,

2118 4479 2234 4517 non
2297 4461 2613 4528 secundus,
2680 4461 2787 4516 etsi
2849 4478 3043 4516 rerum
3097 4462 3403 4518 Boiearum
3460 4465 3771 4538 scriptores

2117 4557 2437 4623 utrumque
2468 4551 2841 4605 'I‘bcodouem
2866 4568 2970 4622 pro
2997 4568 3114 4607 uno
3135 4551 3772 4621 habeant,condidit;et

348 4648 604 4716 emptum
629 4642 939 4699 consilium
966 4657 1368 4714 persequerer,
1394 4640 1738 4713 eruditoque
1760 4643 1884 4697 orbi
1907 4643 2004 4698 de-
2036 4656 2084 4721 D
2115 4642 2442 4697 etiamnum
2504 4656 2717 4711 magna
2748 4643 2805 4693 et
2836 4637 2999 4693 urbis
3048 4644 3105 4694 et
3159 4640 3383 4696 ordinis
3441 4641 3770 4697 celebritate

349 4732 629 4787 clararem
650 4732 883 4803 qualem
918 4729 1167 4785 Saxonia
1197 4729 1481 4800 virginem
1527 4731 1795 4802 genuerit
1832 4736 2007 4803 atque

350 4821 407 4874 in
434 4821 565 4874 sinu
590 4837 696 4875 suo
719 4818 1187 4883 aluerit,sie.culis
1210 4819 1339 4873 istis
1364 4820 1685 4890 praesertim
1717 4820 2004 4891 obscuris,

351 4908 567 4979 quibus
612 4908 776 4960 boum
835 4912 991 4962 artes
1031 4912 1088 4961 et
1122 4907 1321 4962 littera:
1351 4925 1383 4962 a
1416 4907 1553 4962 viris
1586 4909 1829 4963 aberant
1862 4915 1917 4965 et
1947 4911 2005 4964 in

350 4998 662 5051 Germania
714 5000 827 5051 fere
874 4999 1290 5053 exsolevcrant.
1326 5000 1490 5053 Certe
1521 5000 1856 5067 miriﬁcum,
1893 5018 2006 5073 quo

350 5083 624 5155 pollebat,
661 5083 955 5155 ingenium
994 5087 1134 5140 adeo
1167 5086 1432 5157 probavit
1466 5087 1760 5155 omnibus,
1798 5094 1861 5143 ut
1891 5107 2004 5144 non

351 5175 583 5228 tantum
612 5172 1045 5238 smeuli,verum
1076 5175 1253 5230 etiam
1290 5173 1558 5230 mulieris
1589 5180 1825 5247 captum
1850 5195 2006 5233 exce-

350 5261 763 5330 (leret,magn0
785 5277 924 5315 sane
945 5262 1224 5325 Suxonim,
1250 5266 1307 5316 et
1336 5263 1405 5317 ad
1438 5280 1673 5318 omnem
1707 5266 2007 5336 posterita-

349 5355 468 5405 tem
499 5349 896 5420 propagando,
932 5349 1197 5403 mulieris
1237 5351 1686 5421 sapientissimae
1718 5356 2001 5427 exemplo.

349 5440 498 5493 Tum
522 5454 655 5491 vero
682 5436 834 5489 lectu
861 5436 1027 5490 utilia
1057 5437 1178 5491 hmo
1210 5439 1493 5509 opuscula
1514 5441 1753 5496 omnino
1779 5446 2001 5513 censui,

349 5544 482 5581 cum
518 5530 753 5599 propter
784 5524 945 5593 pium
978 5528 1323 5594 castumque
1352 5527 1596 5597 virginis
1626 5529 2005 5599 animum,re-

350 5614 707 5687 ligiososque
757 5627 948 5665 mores
1007 5614 1463 5680 cognoscendos,
1496 5615 1596 5686 qui
1643 5616 1699 5671 in
1729 5621 2003 5676 conuediis

351 5718 470 5773 sex,
530 5702 601 5760 ad
649 5700 1060 5761 aemulationem
1117 5698 1348 5756 Terentii
1405 5702 1661 5779 scriptis,
1721 5705 1998 5783 elucent;

2118 4730 2403 4801 splendet,
2434 4730 2693 4799 cxcujus
2718 4726 3072 4783 bibliotheca
3093 4733 3288 4783 tamen
3312 4730 3511 4784 omnia
3532 4750 3639 4785 sua
3672 4733 3768 4786 de-

2119 4823 2451 4888 sumpserat
2471 4835 2484 4885 ;
2506 4822 2561 4871 et
2581 4818 2906 4871 secundum
2928 4822 3116 4884 vetus,
3142 4818 3297 4889 quod
3323 4818 3398 4873 ibi
3420 4826 3766 4885 asservatur,

2120 4906 2436 4963 lloswithm
2468 4905 2766 4978 exemplar
2793 4906 3108 4961 editionem
3151 4924 3320 4961 suam
3382 4908 3542 4979 prelo
3596 4910 3768 4981 expri-

2117 4997 2391 5052 mendam
2417 5001 2739 5050 curaverat.
2756 4994 2942 5050 Verba
2962 4995 3228 5049 Aventini
3254 4996 3372 5050 haec
3396 5002 3564 5052 sunt:
3592 5000 3769 5053 Exstat

2115 5095 2165 5141 et
2196 5086 2273 5141 ibi
2304 5084 2385 5151 (in
2420 5083 2775 5137 bibliotheca
2803 5082 2917 5137 divi
2952 5067 3277 5137 liemerami
3332 5084 3765 5156 Reginoburgii)

2115 5174 2396 5245 exemplar
2451 5172 2775 5227 veneramle
2834 5174 3111 5227 vetustatis
3182 5173 3487 5240 Roswithw,
3550 5177 3765 5246 femina:

2114 5275 2365 5334 sacrate,
2400 5265 2540 5339 quod
2571 5260 2905 5321 Chunrmlus
2948 5261 3110 5315 Celtis
3139 5262 3471 5317 rommodato
3500 5273 3763 5336 acceptum

2113 5371 2273 5426 opera
2304 5372 2405 5409 sua
2462 5350 2837 5411 excedendum
2888 5352 3119 5405 curavit.
3155 5350 3545 5414 Quamobrem
3580 5359 3759 5407 autem

2113 5443 2169 5497 id
2202 5443 2532 5507 obticuerit,
2567 5442 2710 5497 satis
2744 5438 2941 5494 mirari
2986 5456 3098 5493 non
3158 5457 3421 5511 possum.
3455 5440 3537 5495 De
3570 5444 3757 5497 eodem

2113 5532 2268 5587 Celte
2301 5536 2355 5587 et
2384 5532 2439 5586 id
2472 5530 2773 5585 admoneri
2806 5529 2997 5594 debet,
3033 5529 3187 5598 quod
3247 5529 3419 5584 fuerit
3451 5529 3679 5601 primus
3706 5527 3755 5581 in

2112 5622 2425 5676 Germania
2478 5618 2875 5691 imperatoriis
2933 5619 3206 5673 manibus
3250 5623 3417 5690 poeta
3449 5617 3752 5683 laureatas,

2112 5716 2311 5788 utpote
2342 5710 2440 5787 qui
2473 5706 2751 5767 Friderici
2784 5707 2879 5776 IlI,
2915 5706 3175 5770 Saxonis“:
3205 5706 3493 5779 electoris,
3528 5704 3756 5786 consiliq
