3900 6374
129 503 248 572 965

1538 502 1960 572 PROLEGOM
1971 509 2068 570 EN
2075 511 2148 570 Α.

3443 511 3566 574 966

132 647 190 698 et
219 640 456 698 hortatu
487 653 764 695 coronam
805 635 1094 710 poeticam
1145 657 1179 694 a
1226 639 1449 695 Caesare
1497 641 1786 697 Friderico
1816 643 1868 710 Α
1900 643 1990 692 Est
2019 643 2147 692 mihi
2167 657 2519 754 (persuasum,
2545 643 2764 706 dignam
2795 658 2911 693 esse
2951 645 3006 717 _in
3037 657 3262 708 corpore
3318 646 3568 707 formam,

135 729 212 754 In
267 727 653 754 lt-_:....:1:..._:
689 728 710 754 ι
738 732 905 754 ...ά-η
946 727 1003 754 ε...
1041 743 1169 754 ..-ιη
1203 728 1673 754 n1....:....t.-_._-_.-:
1702 747 1769 754 .._
1968 706 2031 754 Et
2057 721 2162 754 duo
2232 721 2341 754 non
2371 722 2551 754 SOL’UIS
2581 721 2768 754 servus
2796 722 2992 754 amoris
3023 722 3188 754 eram.

135 729 235 802 III,
267 727 657 785 Maximiliani
689 728 711 784 Ι
738 732 926 800 patre,
946 727 1007 782 in
1040 743 1170 782 arce
1203 728 1676 800 Norimbcrgensi
1700 747 1798 785 an-

133 835 209 874 no
240 818 374 874 1491
407 817 1041 890 obtinuit,primusque
1065 819 1194 889 ejus
1217 817 1524 890 dignitatis
1557 819 1796 874 titulum

135 912 194 963 et
210 906 468 980 insignia
489 907 643 978 apud
666 906 989 961 Germanos
1019 906 1205 978 gessit
1239 923 1252 962 :
1288 924 1466 978 quam
1521 925 1796 963 coronam

134 996 396 1052 lauream
429 995 622 1050 adhuc
652 994 827 1050 hodie
857 994 1213 1052 Vindobonze
1247 997 1531 1050 asservari
1562 998 1802 1052 tradunt

136 1084 700 1156 scriptores.Nactus
723 1088 920 1138 autem
938 1088 1028 1138 est
1050 1083 1201 1138 hanc
1224 1084 1570 1155 dignitatem
1590 1085 1802 1140 Conra-

139 1175 248 1228 dus
270 1173 464 1228 Celtes
482 1190 635 1228 anno
649 1171 835 1226 aetatis
847 1190 966 1227 sua:
980 1171 1310 1228 triccscimo
1325 1175 1802 1240 secunde.Quare
1857 1179 1860 1184 ’

140 1279 300 1318 error
314 1259 762 1328 Eschenbachii,
773 1260 829 1315 in
845 1265 1176 1332 temporum
1193 1261 1520 1317 rationibus
1532 1263 1804 1317 commis-

141 1351 580 1420 sus,emendari
606 1350 940 1418 debet,cum
963 1350 1046 1404 ait
1067 1350 1400 1405 Conradum
1440 1351 1659 1406 Celtem
1701 1369 1798 1406 co-

141 1445 414 1499 renatum
445 1440 520 1496 ab
550 1439 900 1512 imperatore
929 1456 1082 1494 anno
1113 1438 1328 1494 Christi
1362 1441 1522 1508 1487,
1541 1457 1676 1496 cum
1709 1444 1802 1496 ta-

142 1547 276 1588 men
307 1546 445 1586 eum
477 1528 733 1586 scribere
761 1527 1120 1601 Oportuisset
1152 1529 1310 1584 1491.
1340 1529 1502 1595 Quod
1553 1529 1644 1584 vel
1693 1529 1803 1584 hoc

142 1621 493 1694 argumento
525 1621 774 1686 constat,
809 1616 858 1674 si
890 1621 1068 1674 natus
1096 1617 1400 1674 Conradus
1431 1617 1618 1674 Celtes
1649 1635 1803 1674 anno

141 1708 360 1767 Christi
390 1707 554 1778 1‘59,
586 1711 643 1764 et
666 1706 853 1763 aetatis
883 1723 1036 1764 anno
1066 1705 1362 1762 tricesimo
1393 1708 1651 1762 secundo
1678 1706 1803 1764 lau-

143 1816 301 1857 ream
331 1797 624 1873 poeticam
637 1795 983 1864 obtinuit,ut
1013 1795 1141 1869 ipse
1168 1795 1647 1852 Eschenbachius
1668 1796 1806 1852 fate-

143 1890 733 1961 tur,eonsequensest
745 1885 1326 1957 utafﬁrmemipsum
1357 1885 1428 1941 ab
1456 1885 1805 1957 imperatore

146 1981 502 2078 coronatum.
529 1975 732 2044 fuisse,
764 1991 880 2078 non
913 1991 1070 2078 anno
1101 1975 1257 2078 “Si,
1293 1975 1392 2030 sed
1430 1975 1597 2075 1491..
1621 1977 1803 2041 Quem
1839 2013 1886 2078 Β

145 2083 454 2136 errrorem,
484 2065 608 2138 jam
651 2068 786 2121 ante
827 2063 1334 2120 Eschenbachium
1385 2065 1810 2120 commiserunt

147 2157 404 2214 Joannes
435 2155 649 2211 Petrus
700 2152 1002 2233 Lotichius
1056 2153 1116 2208 in
1167 2151 1536 2207 Bibliotheca:
1573 2152 1809 2224 poeticae

149 2250 422 2318 partem,
457 2260 518 2316 p.
550 2243 606 2311 9,
641 2245 699 2298 et
731 2240 948 2298 Paulus
983 2240 1271 2297 Freherus
1302 2240 1361 2295 in
1395 2241 1644 2296 Theatro
1670 2240 1813 2296 viro-

149 2351 279 2391 rum
313 2331 650 2390 eruditione
680 2330 974 2387 clarorum
1003 2348 1060 2404 p.
1095 2330 1222 2384 213.
1253 2330 1388 2402 Legi
1421 2329 1537 2386 huc
1569 2333 1816 2402 possunt

149 2424 412 2495 ejusdem
434 2418 1813 2492 ConradiCeltisprmfatio,quatuoripsiuslibris

149 2515 427 2570 Amorum
467 2508 1004 2584 praeﬁxa,tumlibri
1033 2508 1421 2580 0darum,qui
1447 2507 1813 2581 Argentorati

152 2618 300 2658 anno
335 2601 482 2658 1513
514 2597 1108 2672 prodierunt,quibus
1127 2601 1184 2652 et
1204 2597 1507 2668 praemissa
1537 2599 1666 2668 ejus
1683 2596 1816 2652 Vita

153 2708 186 2746 a
212 2689 540 2746 Sodalitate
569 2685 858 2743 litteraria
887 2685 1170 2741 Rhenana
1202 2690 1328 2740 tum
1361 2685 1643 2758 temporis
1687 2701 1817 2740 con-

155 2777 520 2852 scripta.Sub
544 2777 722 2832 ﬁnem
744 2775 924 2847 hujus
947 2773 1081 2830 libri
1103 2773 1466 2846 conspicitur
1486 2773 1660 2829 etiam
1686 2774 1816 2844 ejus

156 2866 768 2942 epitaphium,quippe
798 2863 955 2936 quod
993 2863 1162 2919 docet
1181 2863 1399 2918 Celtem
1423 2868 1609 2918 morte
1626 2864 1820 2917 deces-

158 2959 304 3014 sisse
333 2973 492 3014 anno
523 2953 742 3010 Christi
775 2955 931 3020 1508,
965 2951 1152 3026 pridie
1182 2955 1330 3008 Non.
1385 2952 1575 3019 Febr.;
1606 2952 1819 3008 vixisse

162 3047 330 3104 annis
361 3047 452 3116 49,
478 3044 692 3100 diebus
722 3042 778 3112 3,
801 3042 1086 3098 traditum
1118 3039 1432 3114 sepultura:
1461 3040 1818 3096 Vindobonaa

159 3137 322 3208 juxta
338 3137 528 3192 aedem
551 3133 667 3188 divi
687 3131 1238 3204 Stephani.Lapidis
1260 3130 1456 3202 itaque
1476 3129 1820 3202 sepulcralis

164 3231 218 3282 et
233 3225 568 3282 carminum
586 3222 646 3278 in
663 3222 840 3277 busta
853 3221 902 3292 ej
913 3237 982 3276 us
997 3218 1454 3291 compositorum
1476 3220 1824 3275 auctoritate

1968 706 2031 769 Et
2057 706 2199 769 quod
2232 721 2341 754 non
2371 707 2551 767 segnis
2581 721 2768 756 servus
2796 708 2992 757 amoris
3023 706 3188 757 eram.

1903 765 2053 832 Adde
2078 765 2252 832 genus
2280 765 2439 826 longe
2462 783 2782 832 proavorum
2807 773 3088 820 stemmate
3121 771 3340 830 clarum,

1966 831 2132 879 Minus
2160 831 2251 880 ubi
2281 831 2472 893 gelidis
2503 845 2710 880 cornua
2738 833 2902 882 ﬂectit
2933 834 3106 893 aquis.

1909 892 2020 949 ilic,
2049 893 2140 941 ubi
2172 892 2494 942 Francorum
2527 895 2654 942 urbs
2685 894 2874 944 illustri
2905 892 3038 943 valle
3069 895 3296 955 levatur,

1969 955 2148 1017 Deque
2178 957 2373 1018 Ἰζρέϐου
2405 960 2587 1005 (inm-0
2620 958 2839 1006 nomine
2869 958 3011 1006 dicta
3040 958 3196 1020 polis.

1910 1086 2129 1142 llurum
2164 1088 2342 1158 igitur
2370 1088 2626 1142 locorum
2661 1088 3006 1143 auctoritate
3034 1090 3340 1146 Conradus
3380 1093 3569 1150 Celtes

1911 1177 1980 1230 de
2012 1177 2328 1248 semetipso
2361 1181 2607 1231 testatur
2655 1195 2716 1232 se
2769 1177 2950 1233 fuisse
3001 1179 3158 1234 haud
3196 1183 3395 1252 procul
3429 1185 3571 1238 urbe

1912 1265 2204 1336 llerbipoli
2240 1271 2467 1320 natum.
2495 1267 2652 1320 Idem
2684 1266 2791 1320 hoc
2825 1267 2952 1335 ejus
2981 1267 3135 1334 Vita,
3171 1287 3205 1324 a
3244 1271 3567 1327 Sodalitate

1912 1353 2131 1408 litteria
2162 1354 2443 1409 Rhenana
2472 1356 2756 1422 confecta,
2787 1355 3009 1409 indicat
3039 1357 3208 1426 cujus
3239 1359 3411 1414 verba
3439 1359 3562 1415 haec

1912 1447 2054 1498 sunt
2087 1459 2100 1496 :
2135 1443 2415 1498 Conradus
2447 1444 2635 1510 Celtes,
2667 1445 2958 1499 Protucius
2987 1446 3209 1514 familia
3239 1446 3440 1502 Celtica
3479 1448 3568 1504 ho-

1910 1540 2064 1587 nesta
2117 1540 2170 1588 et
2214 1531 2360 1604 apud
2407 1533 2563 1604 longe
2610 1532 2677 1587 ab
2727 1533 3066 1604 llerebipoli,
3117 1535 3455 1592 Francorum
3515 1539 3576 1592 in

1915 1621 2205 1676 Germania
2233 1621 2537 1692 metropoli.
2573 1620 2825 1676 Protucii
2857 1639 3072 1676 nomen
3118 1628 3209 1678 est
3240 1623 3465 1694 ﬁctum,
3495 1629 3572 1694 et,

1913 1710 1987 1766 ob
2017 1709 2460 1765 dissimulatum
2489 1709 2636 1764 forte
2668 1709 2868 1781 patria:
2894 1727 3127 1779 nomen,
3155 1711 3228 1767 ab
3259 1729 3326 1769 eo
3351 1731 3579 1770 assum-

1913 1804 2104 1872 ptum.
2138 1801 2326 1866 Quare
2371 1799 2571 1855 mirari
2621 1798 2784 1855 subit
2833 1816 2938 1854 cur
2985 1800 3203 1858 Paulus
3261 1803 3573 1872 Freherus,

1915 1888 2207 1944 Gerardus
2255 1888 2512 1944 Joannes
2559 1887 2825 1957 Vossius,
2873 1894 2930 1944 et
2980 1894 3112 1961 post
3158 1889 3266 1946 hos
3313 1891 3576 1949 Eschen-

1915 1976 2184 2044 bachius,
2229 1976 2405 2032 Celtis
2457 1975 2712 2032 natalem
2768 1977 2961 2033 locum
2997 1978 3344 2036 Suevofurto
3393 1981 3574 2036 ascri-

1919 2065 2169 2137 pserint;
2204 2065 2304 2136 qui
2337 2069 2532 2121 tamen
2561 2065 2698 2121 alibi
2723 2067 3167 2138 quaerendus,et
3185 2067 3341 2124 haud
3373 2069 3577 2141 procul

1921 2154 2214 2225 llcrbipoli
2265 2154 2638 2210 collocandus
2687 2159 2831 2210 erat.
2885 2156 3073 2225 Certe,
3135 2157 3185 2212 si
3245 2157 3578 2214 Suevofurti

1919 2243 2108 2297 lucem
2168 2243 2510 2314 aspexisset,
2563 2243 2766 2314 utique
2816 2261 2931 2298 non
2983 2245 3310 2316 scripturus
3370 2246 3582 2302 fuisset

1922 2348 1984 2386 se
2030 2331 2189 2386 haud
2233 2331 2434 2404 procul
2479 2332 2773 2404 Herbipoli
2828 2337 3033 2388 natum
3096 2351 3244 2390 esse.
3297 2335 3442 2390 Nam
3477 2351 3579 2407 ep-

1923 2421 2127 2492 pidum
2161 2421 2572 2476 Suevofurtum
2605 2426 2694 2476 est
2723 2421 2923 2494 procul
2960 2423 3254 2494 Herbipoli
3296 2407 3475 2480 situm
3527 2429 3584 2480 et

1925 2510 2184 2581 quinque
2215 2509 2570 2565 milliaribus
2625 2510 2699 2565 ab
2748 2527 2816 2565 ea
2865 2511 3066 2566 distat.
3099 2511 3318 2568 Verum
3368 2513 3440 2568 ab
3491 2513 3584 2568 his

1925 2615 2133 2653 rursus
2175 2597 2595 2653 discessionem
2626 2598 2767 2654 facit
2797 2597 3180 2667 Trithemius,
3215 2605 3291 2667 et,
3326 2600 3376 2656 si
3410 2601 3586 2656 verba

1925 2688 2054 2757 ejus
2084 2686 2488 2758 inspicio,qum
2519 2690 2751 2741 exstant
2781 2687 2983 2742 tom.II
3010 2687 3324 2744 Annalium
3350 2689 3585 2744 Hirsau-

1925 2775 2240 2848 giensium,
2275 2791 2332 2846 p.
2363 2776 2491 2843 636,
2525 2773 2700 2830 aliam
2731 2773 2903 2846 plane
2934 2775 3186 2846 patriam
3219 2776 3364 2832 Celti
3393 2777 3584 2832 vindi-

1926 2869 2080 2930 cant,
2115 2869 2310 2935 atque,
2345 2881 2412 2918 ex
2445 2880 2594 2936 pago
2624 2863 2897 2934 Wupfed,
2933 2863 3032 2936 qui
3074 2865 3422 2920 Suevofurto
3452 2882 3584 2937 pro-

1928 2953 2056 3026 plor
2084 2957 2192 3019 est,
2226 2952 2562 3007 oriundium
2596 2953 2973 3021 confirmant;
3026 2969 3205 3024 quam
3236 2954 3294 3008 in
3328 2971 3453 3009 rem
3504 2953 3587 3010 ita

1927 3041 2188 3114 loquitur
2217 3059 2229 3097 :
2265 3041 2546 3096 Conradus
2574 3042 2761 3107 Celtes,
2801 3045 3024 3098 natione
3054 3043 3372 3110 Germanus,
3401 3045 3588 3115 patria

1929 3132 2170 3186 Francus
2225 3131 2532 3197 orientalis,
2581 3147 2651 3186 ex
2715 3130 2968 3202 Wulfeld,
3015 3148 3184 3204 prope
3224 3131 3594 3204 Schweinfurt

1930 3219 2200 3276 oriundus
2222 3241 2241 3279 :
2273 3220 2373 3275 sed
2424 3219 2547 3275 hmo
2596 3237 2786 3292 neque
2835 3219 3033 3288 Celtis,
3069 3239 3258 3294 neque
3286 3221 3433 3276 Vitae
3463 3223 3594 3293 ejus

167 3315 470 3371 Conradus
488 3309 856 3370 Gesnerusin
877 3309 1321 3375 Bibliotheca,et
1335 3309 1824 3380 ejusepitomator
1868 3380 1897 3384 _
1933 3309 2126 3365 verbis
2157 3309 2276 3364 ullo
2309 3309 2481 3365 modo
2516 3310 2888 3382 respondent.
2911 3309 3058 3365 Nam
3089 3309 3138 3365 si
3175 3311 3233 3366 in
3266 3309 3392 3367 loco
3415 3315 3592 3384 Wup-

165 3404 356 3461 Josias
385 3400 698 3468 Simlerus,
733 3398 1038 3456 commode
1077 3397 1318 3454 refutari
1369 3401 1636 3468 possunt,
1685 3414 1821 3452 cum
1856 3380 1898 3446 (ἶ
1937 3397 2037 3454 felt
2067 3403 2220 3452 esset
2252 3402 2426 3452 natus
2457 3380 2728 3453 accurate
2760 3396 3052 3470 loquendo
3081 3399 3276 3470 potius
3308 3380 3593 3470 scripsis-

167 3493 371 3550 dicunt
403 3509 417 3548 :
452 3491 674 3547 Claruit
701 3487 978 3544 Conradus
1010 3487 1177 3544 Celtes
1205 3501 1350 3542 anno
1395 3486 1617 3542 Domini
1661 3486 1816 3540 1370.

167 3581 422 3638 Profecto
456 3579 724 3636 nondum
757 3577 830 3632 iis
861 3575 1218 3649 temporibes
1278 3578 1453 3630 natus
1503 3575 1633 3629 fuit.
1667 3574 1822 3631 Vidit

167 3672 318 3728 enim
350 3671 402 3726 is
429 3669 630 3724 lucem
653 3666 875 3733 ol459,et
897 3665 1094 3721 floruit
1111 3663 1402 3736 imprimis
1425 3663 1579 3719 circa
1598 3663 1819 3718 exitum

167 3760 357 3816 seaculi
388 3757 607 3815 decimi
639 3754 916 3828 quinti,et
938 3753 1174 3809 initium
1205 3751 1627 3809 sazculidecimi
1650 3751 1818 3808 sexti.

165 3849 352 3905 Patria
381 3849 518 3920 ejus
547 3847 619 3901 ad
654 3843 1102 3910 anum,haud
1126 3841 1298 3913 longe
1319 3841 1392 3896 ab
1416 3841 1557 3896 urbe
1581 3841 1823 3896 Franco.

168 3955 294 3994 rum
317 3933 619 4006 Herbipoli
641 3933 1260 4002 distans,memoratur
1290 3931 1348 3985 in
1379 3930 1506 4001 ejus
1535 3928 1821 4000 Vita,qua:

168 4043 200 4082 a
227 4025 546 4082 Melchiore
573 4021 781 4079 Adami
813 4019 1169 4092 transcripta
1197 4019 1414 4091 legitur
1433 4018 1490 4072 in
1513 4018 1642 4088 ejus
1673 4017 1823 4074 libro

167 4115 244 4170 De
273 4115 406 4172 vitis
439 4110 930 4187 philosophorum
961 4106 1690 4178 Germanorum,;titulum
1737 4106 1822 4162 fe-

166 4208 342 4260 rente.
392 4202 513 4260 Sed
561 4200 728 4257 locus
777 4199 996 4254 ibidem
1043 4213 1158 4254 non
1217 4202 1306 4252 est
1354 4196 1718 4268 designatus,
1768 4199 1826 4252 et

169 4308 510 4366 quanquam
543 4288 838 4347 Gerardus
867 4287 1122 4344 Joannes
1151 4285 1394 4342 Vossius
1423 4285 1526 4340 lib.
1561 4303 1645 4353 in,
1694 4302 1822 4358 cap.

172 4383 255 4450 10,
270 4381 350 4440 De
378 4378 682 4438 historicis
712 4377 957 4446 Latinis,
989 4380 1047 4433 et
1069 4392 1138 4432 ex
1165 4392 1232 4432 eo
1255 4375 1516 4432 Andreas
1548 4373 1826 4430 Christia-

171 4487 281 4527 nus
297 4465 871 4532 Eschenbachius,in
905 4464 1325 4522 Dissertatione
1353 4463 1426 4518 de
1453 4462 1642 4536 poetis
1661 4463 1826 4520 Chri-

172 4559 375 4616 stianis
405 4555 616 4625 sacris,
657 4573 716 4611 n.
748 4556 839 4623 53,
872 4559 999 4610 tum
1033 4553 1341 4610 Matthaeus
1373 4551 1593 4607 Merian
1626 4553 1686 4607 in
1716 4553 1827 4608 To-

170 4649 494 4723 pographia
525 4645 860 4703 Franconize
891 4643 1142 4716 patriam
1175 4641 1479 4709 deliniant,
1515 4646 1573 4696 et
1612 4643 1828 4698 Suevo-

1931 3491 2018 3542 set
2037 3485 2224 3540 Celtes
2257 3501 2318 3540 se
2351 3502 2528 3557 prope
2560 3485 2973 3541 Suevofurtum
3005 3503 3136 3542 esse
3197 3491 3424 3553 natum,
3455 3503 3594 3542 cum

1931 3592 2116 3648 pagus
2144 3572 2420 3644 Wupfeld
2453 3590 2631 3645 prope
2663 3573 3076 3630 Suevolurtum
3127 3574 3204 3630 sit
3249 3575 3424 3630 situs.
3459 3575 3588 3630 Cte-

1929 3669 2120 3720 terum
2152 3662 2224 3717 de
2255 3661 2440 3733 poetis
2461 3660 2740 3718 laureatis
2770 3660 2883 3734 legi
2915 3667 3166 3733 possunt
3213 3662 3477 3735 Scaliger
3531 3664 3591 3719 in

1927 3751 2281 3808 Ausonianis
2313 3749 2706 3817 Lectionibus,
2740 3749 2894 3806 idem
2946 3749 3047 3806 lib.
3097 3768 3114 3806 ι
3160 3751 3315 3806 Poet.
3372 3751 3591 3808 Christ.

1929 3843 2020 3910 Μ,
2054 3840 2154 3896 ubi
2185 3839 2364 3894 tradit
2393 3855 2462 3894 ex
2495 3837 2768 3904 Martiali,
2810 3837 3080 3895 heroicus
3138 3844 3342 3911 poetas
3395 3840 3593 3896 Roma:

1931 3947 2155 4004 querna
2185 3945 2398 3984 corona
2434 3927 2636 3982 donari
2679 3927 2912 3996 solitos;
2948 3932 3074 3983 tum
3108 3929 3368 3984 Thomas
3393 3929 3598 3984 Reine-

1933 4021 2057 4076 sius
2097 4019 2157 4074 in
2185 4017 2378 4072 Variis
2410 4015 2786 4072 Lectionibus
2833 4014 2938 4071 lib.
2997 4034 3038 4083 1,
3090 4033 3218 4089 cap.
3255 4017 3340 4087 19,
3371 4017 3504 4073 ubis
3543 4017 3594 4072 is

1933 4107 2210 4180 Scaligeri
2272 4106 2624 4161 sententiam
2675 4105 2747 4161 ab
2803 4122 3114 4177 operarum
3176 4106 3410 4162 mendis
3467 4124 3594 4179 qum

1935 4215 2175 4256 sensum
2207 4195 2460 4252 nimium
2493 4195 2822 4266 turbarent,
2854 4195 3148 4267 purgavit,
3183 4199 3240 4250 et
3279 4195 3364 4250 sic
3415 4194 3594 4252 Scali-

1933 4303 2140 4362 gerum
2187 4290 2390 4341 contra
2446 4283 2763 4356 Casparem
2821 4283 3596 4353 Hotfmannum,medicum

1935 4378 2323 4450 professorem
2346 4373 2645 4440 Noricum,
2673 4371 2932 4428 defendit
2967 4389 2980 4428 :
3016 4373 3258 4429 Carolus
3292 4373 3434 4428 item
3467 4373 3598 4430 Pas-

1937 4467 2164 4523 chalius
2192 4464 2252 4519 in
2283 4461 2684 4520 eruditissimo
2715 4461 2796 4516 De
2843 4461 3074 4518 coronis
3127 4478 3300 4533 opere
3329 4466 3386 4518 ct
3415 4461 3592 4518 Joan-

1937 4573 2042 4613 nes
2076 4553 2291 4610 Frider.
2329 4549 2634 4607 lleckelius
2679 4550 2760 4606 De
2810 4551 3040 4605 coronis
3071 4554 3400 4622 poetarum.
3464 4549 3598 4606 Fuit

1939 4663 2078 4703 sane
2107 4641 2560 4714 antiquissimus
2589 4644 2646 4695 et
2673 4639 2834 4695 omni
2867 4639 3038 4694 laude
3070 4639 3286 4712 dignus
3317 4637 3413 4693 hic
3447 4654 3586 4710 poe-

165 4737 389 4794 furtum
411 4737 474 4792 in
501 4733 742 4792 Francis
764 4731 1032 4788 orientali
1059 4732 1131 4786 ad
1155 4730 1598 4801 Mcenum,quod
1621 4729 1826 4803 vulgas
1856 4749 1902 4812 D
1942 4741 2032 4792 tas
2063 4731 2410 4790 honestandi
2443 4747 2592 4795 mos,
2627 4730 2726 4784 sed
2759 4745 2934 4802 quem
2987 4729 3058 4784 ab
3110 4727 3336 4800 aliquot
3366 4726 3600 4783 saeculis

171 4825 527 4898 Suinfurtum
574 4823 862 4891 nominat,
916 4821 1098 4876 fuisse
1154 4820 1412 4887 tradant,
1455 4823 1651 4880 tamen
1701 4821 1828 4894 ipso
1938 4821 2365 4887 intermissum,
2401 4837 2553 4875 anno
2582 4818 2795 4874 Christi
2843 4819 2974 4873 1341
3021 4817 3308 4874 revocavit
3339 4817 3598 4888 primum

171 4912 342 4972 Celtis
370 4912 712 4970 testimonio
747 4909 1118 4966 refelluntur.
1150 4909 1470 4964 Conﬁrmat
1499 4909 1656 4964 enim
1688 4909 1833 4966 illud
1943 4915 2108 4971 urbis
2143 4915 2333 4968 Romae
2366 4913 2626 4974 senatus,
2651 4913 2825 4980 atque
2856 4913 3038 4980 poeta
3072 4906 3314 4962 laureati
3352 4905 3601 4980 dignita-

173 5001 473 5059 Conradus
506 4999 697 5056 Celtes
727 4999 787 5054 in
823 4997 1024 5054 libello
1056 5014 1163 5054 suo
1195 4997 1275 5052 De
1305 4995 1550 5068 origine,
1583 4998 1834 5065 situ,mo

175 5091 334 5148 ribus
363 5095 423 5148 et
455 5089 758 5146 institutis
789 5085 1406 5160 Norimbergae,verbis
1429 5086 1831 5156 sequentibus.

177 5179 286 5248 Quo
314 5189 491 5238 tractu
520 5180 682 5247 silva,
714 5190 839 5234 cum
866 5193 1027 5234 amne
1051 5175 1427 5249 progrediens,
1469 5192 1596 5232 mea:
1635 5194 1836 5234 nomen

174 5284 209 5326 a
231 5271 480 5341 collibus,
519 5285 628 5343 qua
654 5285 712 5324 se
741 5271 802 5323 in
833 5267 1025 5322 larvam
1069 5267 1337 5336 fastigiat,
1387 5267 1604 5337 accipit,
1639 5267 1838 5322 Franci

173 5373 361 5432 sceque
391 5355 840 5430 Steigervald,id
861 5363 940 5413 est
967 5355 1155 5410 ardua
1184 5352 1347 5421 silva,
1379 5351 1834 5425 dicitur.Deinde,

175 5446 272 5503 ubi
313 5449 574 5521 proprior
619 5445 802 5502 Rheno
849 5444 1052 5500 Mimas
1099 5444 1276 5514 factus
1323 5448 1418 5508 est,
1470 5443 1835 5497 vetustissima

177 5535 310 5592 urbe
347 5542 623 5610 Ἔρέϐιπολ,
651 5535 988 5593 Francorum
1032 5531 1338 5603 metropoli,
1390 5531 1640 5599 irrigata,
1691 5529 1836 5585 unde

179 5631 228 5680 et
251 5625 410 5682 nobis
441 5626 594 5696 origo
623 5632 720 5680 est.
753 5623 1071 5679 Commode
1102 5625 1298 5676 autem
1321 5635 1455 5673 cum
1486 5617 1580 5672 his
1609 5618 1835 5690 conspi-

180 5717 307 5767 rant
335 5730 404 5770 ea
433 5730 562 5785 quae
592 5713 748 5768 idem
777 5711 967 5768 Celtes
999 5711 1176 5767 habet
1203 5709 1306 5766 lib.
1338 5725 1357 5765 ι
1391 5711 1688 5778 Amorum,
1714 5707 1834 5763 ele-

183 5795 281 5894 gia
314 5803 401 5862 12.
419 5801 612 5864 Verba
638 5801 761 5865 haec
790 5805 932 5885 sunt
965 5816 983 5885 ξ

1947 5010 2062 5060 tem
2118 5001 2178 5056 in
2223 4998 2598 5056 Franciscum
2653 4994 3024 5051 Petrarcham
3073 4993 3342 5062 contulit,
3378 4997 3444 5048 ut
3471 4993 3600 5064 ejus

1942 5093 2074 5147 Vita
2106 5094 2373 5146 testatur.
2410 5088 2608 5158 Itaque
2642 5083 2841 5140 mirari
2875 5084 3038 5139 subit
3071 5101 3250 5156 quare
3283 5087 3407 5137 tam
3457 5081 3604 5136 anti-

1945 5198 2122 5254 quam
2155 5184 2212 5235 et
2243 5177 2599 5234 laudabilem
2629 5173 3138 5241 consuetudinem,
3173 5177 3230 5227 et
3278 5170 3493 5244 saepius
3527 5169 3598 5224 ab

1949 5269 2404 5342 imperatoribus
2451 5263 2789 5336 expolitam,
2843 5263 3121 5319 Suetonio
3183 5266 3354 5328 teste,
3412 5259 3601 5314 rideat

1944 5365 2148 5415 auctor
2179 5359 2396 5429 Satyrs:
2431 5353 2772 5426 Menippea).

2017 5538 2145 5593 Haec.
2179 5539 2340 5602 sunt,
2375 5533 2652 5588 benevole
2685 5532 3146 5605 lector,quorum
3175 5545 3352 5586 causa
3383 5529 3436 5580 te
3467 5539 3605 5594 pra:-

1943 5625 2305 5682 monendum
2338 5622 2500 5676 duxi.
2532 5621 2692 5690 Vale,
2725 5627 2782 5677 et
2813 5622 3123 5678 conatibus
3155 5619 3302 5674 meis
3330 5616 3474 5670 fave.
3508 5609 3602 5664 Vi-

1942 5713 2254 5784 tembergae
2289 5711 2612 5780 Saxonum,
2644 5727 2742 5780 xu,
2781 5709 3068 5768 Kalendas
3098 5705 3328 5776 Junias,
3353 5716 3505 5758 anno
3521 5713 3606 5756 re-

1943 5806 2158 5894 seae
2187 5797 2397 5885 satis
2419 5798 2596 5880 1292.
