3900 6396
144 431 304 491 973

1338 437 1751 502 (ΙΟΜΟΕΒΗΕ
1794 444 1965 503 SEX.
2001 476 2076 486 --
2110 445 2543 508 PREFATIO.

3531 462 3649 524 9'14

141 564 423 661 eodem
466 566 802 622 dictationis
852 584 1081 638 genere,
1125 586 1238 641 quo
1291 574 1482 643 turpia
1534 573 1883 631 lascivarum
1914 578 1967 643 Α
2000 580 2285 648 ponebam
2332 580 2588 649 imitari;
2642 583 2738 650 sit,
2791 586 3098 643 sententiis
3150 591 3454 647 concedo:
3506 593 3653 666 ipsis

144 650 450 709 incesta
464 654 815 711 feminarum
834 658 944 711 reci
956 659 1571 725 tabantur,laudabilis
1586 668 1883 720 sacrarum

139 742 333 795 casti
348 743 1083 816 moniavirginum,juxta
1098 748 1208 803 mei
1229 748 1563 804 facultatem
1584 751 1879 822 ingenioli,

142 828 635 887 celebraretur.
654 832 771 887 Hoc
800 836 997 888 tamen
1035 834 1173 889 facit
1201 853 1311 890 non
1344 854 1474 892 raro
1498 841 1881 895 verecundari

142 919 501 990 gravique
534 920 743 977 rubore
770 923 1067 993 perfundi,
1100 925 1276 994 quod,
1304 925 1481 995 hujus
1507 929 1665 981 modi
1690 931 1883 999 specie

145 1007 561 1064 dictationis
595 1016 858 1081 cogente,
884 1012 1286 1067 detestabilem
1322 1014 1520 1069 illicito
1554 1018 1880 1073 amantium

145 1097 580 1152 dementiam
626 1105 682 1153 et
732 1099 882 1153 male
929 1100 1124 1155 dulcia
1174 1102 1463 1174 colloquia
1495 1123 1717 1171 eorum,
1753 1124 1879 1177 qua)

150 1203 286 1240 nec
350 1190 575 1241 nostro
624 1189 849 1241 auditui
885 1190 1323 1260 permittuntur,
1359 1194 1406 1249 2
1448 1197 1876 1251 :u-muninmlari
1924 1194 1927 1197 λ

148 1276 494 1329 dictando
530 1282 723 1330 mente
755 1278 993 1331 tractavi
1027 1283 1083 1332 et
1124 1281 1256 1349 styli
1308 1283 1499 1335 ot'tiein
1551 1285 1873 1353 designavi.

149 1364 324 1429 Sed,
362 1364 421 1418 si
458 1364 580 1419 haec
610 1367 1003 1420 erubescendo
1028 1368 1408 1439 negligerem,
1438 1388 1539 1425 nec
1578 1374 1875 1444 proposito

149 1454 640 1522 satisfacerem,
676 1472 780 1510 nec
812 1456 1215 1511 innocentium
1250 1458 1484 1514 laudem
1519 1462 1661 1514 adeo
1704 1462 1873 1532 plene

142 1543 359 1615 juxta
380 1559 598 1597 meum
613 1559 786 1614 posse
798 1547 1320 1617 exponerem,quia
1334 1553 1553 1619 quanto
1575 1549 1871 1605 blanditiae

151 1632 547 1689 amantium
580 1633 651 1688 ad
684 1632 1045 1688 illiciendum
1073 1636 1659 1707 promptiores,tanto
1692 1644 1747 1693 et
1777 1657 1872 1695 su-

151 1721 356 1795 perni
395 1720 697 1792 adjutoris
727 1720 914 1794 gloria
944 1723 1256 1779 sublimior
1284 1729 1340 1779 et
1370 1725 1867 1797 triumphantium

144 1810 449 1866 victoria
469 1810 753 1882 probatur
781 1810 1083 1882 gloriosor,
1102 1814 1427 1883 praesertim
1461 1832 1594 1869 cum
1619 1817 1870 1873 feminea

149 1899 497 1972 fragilitas
528 1898 805 1967 vinceret,
831 1904 888 1954 et
915 1899 1076 1955 virile
1109 1902 1289 1956 robur
1316 1903 1643 1958 confusioni
1674 1906 1868 1976 subja—

151 1994 361 2045 ceret.
409 1988 548 2043 Non
570 1987 727 2043 enim
769 1988 973 2043 dubito
1025 1989 1169 2043 mihi
1221 1990 1293 2046 ab
1344 1990 1643 2061 aliquibus
1692 1994 1868 2063 objici

153 2075 340 2149 quod
379 2073 579 2145 hujus
608 2073 801 2129 vilitas
824 2076 1160 2131 dictationis
1186 2077 1371 2132 multo
1397 2078 1653 2147 inferior,
1679 2081 1864 2137 multo

156 2165 585 2233 contractior,
621 2163 971 2236 penitusque
1002 2165 1310 2222 dissimilis
1341 2168 1491 2237 ejus,
1529 2186 1702 2239 quem
1736 2186 1865 2241 pro-

1996 670 2193 721 tamen
2226 669 2508 723 denuntio
2550 686 2642 725 me
2693 672 2751 726 in
2800 672 2908 727 hoc
2947 674 3084 745 jure
3131 678 3480 749 reprehendi
3531 697 3649 738 non

1994 768 2187 839 posse,
2222 754 2390 824 quasi
2427 754 2517 809 his
2548 756 2754 811 vellem
2789 759 3027 817 abusive
3058 762 3506 839 assimilari,qui
3528 769 3648 825 mei

1993 838 2262 895 inertiam
2296 842 2464 914 longe
2494 851 2915 915 prmcesscrunt
2937 848 2994 902 in
3028 851 3272 908 scientia
3293 838 3644 913 sublimiori.

1991 928 2106 982 Nec
2137 930 2293 984 enim
2328 934 2500 986 tanta:
2536 950 2666 987 sum
2692 935 3094 1007 jactantize,ut
3122 939 3211 995 vel
3242 944 3518 999 extremis
3543 961 3639 1001 me

1992 1033 2343 1086 priesumam
2377 1021 2637 1075 conferre
2669 1028 2975 1080 auctorum
3007 1026 3400 1100 alumnis,sed
3425 1031 3533 1087 hoc
3555 1050 3643 1088 so-

1990 1103 2109 1157 lum
2145 1108 2319 1176 nitor,
2361 1114 2447 1173 ut,
2483 1109 2615 1163 licet
2665 1112 3003 1168 nullatenus
3033 1116 3258 1173 valeam
3308 1124 3461 1190 apte,
3495 1140 3643 1195 sup-

1990 1192 2125 1264 plici
2158 1198 2352 1248 tamen
2389 1203 2582 1252 mente
2614 1200 3252 1275 devotione,acceptum
3286 1207 3344 1262 in
3378 1192 3641 1266 datore‘m

1991 1288 2359 1354 retnrqueam
2398 1286 2719 1355 ingenium.
2747 1290 2995 1361 Ideoque
3021 1310 3134 1347 non
3158 1313 3288 1349 sum
3312 1298 3455 1352 adeo
3477 1316 3639 1354 ama-

1987 1373 2099 1425 trix
2133 1375 2266 1438 mei,
2286 1380 2349 1428 ut
2382 1392 2486 1445 pro
2520 1377 2755 1431 vitanda
2782 1380 3252 1449 reprehensione,
3278 1384 3516 1454 Christi,
3538 1388 3639 1458 qui

1985 1459 2043 1512 in
2078 1462 2299 1516 sanctis
2330 1466 2913 1534 cperatur,virtutem
2935 1471 3307 1542 (quocunque
3328 1472 3452 1545 ipse
3475 1474 3641 1530 dabit

1984 1550 2175 1621 posse)
2205 1567 2427 1607 cessem
2462 1554 2873 1623 przedicare.Si
2905 1557 3062 1611 enim
3096 1558 3269 1615 alicui
3302 1559 3491 1632 placet
3511 1580 3643 1620 mea

1982 1639 2547 1712 devotio,gaudebo;
2574 1643 2620 1697 si
2656 1647 2872 1710 autem,
2897 1644 2984 1701 vel
3011 1663 3117 1718 pro
3148 1648 3262 1703 mei
3292 1650 3637 1722 abjectione,

1979 1726 2065 1781 vel
2089 1744 2192 1798 pro
2215 1728 2407 1784 vitiosi
2441 1730 2730 1787 sermonis
2763 1732 3088 1790 rusticitate
3120 1736 3264 1793 nulli
3297 1736 3638 1811 placet,me-

1980 1816 2291 1887 metipsam
2325 1821 2520 1873 tamen
2544 1818 2713 1889 juvat
2733 1821 2885 1890 quod
2911 1821 3018 1876 feci
3038 1840 3051 1891 ;
3072 1825 3233 1896 quia,
3249 1825 3391 1882 dum
3416 1829 3635 1900 proprii

1976 1903 2261 1961 vilitatem
2293 1905 2509 1961 laboris
2542 1907 2599 1962 in
2634 1907 2764 1964 aliis
2797 1925 2937 1965 mea:
2971 1910 3290 1970 inscientia:
3331 1916 3632 1988 opusculis

1978 1992 2208 2049 heroico
2239 1994 2479 2066 ligatam
2513 1996 2796 2068 strophio,
2831 1997 2890 2053 in
2923 1998 3030 2054 hac
3062 2001 3425 2074 dragmatica
3447 2005 3627 2075 junc-

1977 2085 2108 2137 tura
2140 2083 2287 2137 serie
2319 2082 2465 2152 colo,
2500 2085 2857 2155 perniciosas
2890 2086 3200 2159 gentilium
3231 2090 3473 2149 delicias
3504 2094 3632 2150 abs-

1978 2171 2215 2227 tinendo
2242 2172 2451 2227 devito.

1816 2384 3629 2410 mw

1348 2550 1905 2638 EPISTOLA
1964 2552 2085 2639 EJ
2102 2553 2490 2642 USDEM

431 2754 546 2818 Ad
575 2754 860 2836 quosdam
892 2756 1181 2835 sapientes
1212 2753 1391 2833 huius
1423 2753 1570 2816 libri
1592 2754 1861 2833 fautores
1891 2764 1946 2817 et
1975 2754 2374 2819 emendatores
2406 2758 2761 2837 priusquam
2794 2756 2973 2818 libros
3000 2776 3133 2818 suos
3159 2757 3377 2820 ederet.

243 3098 297 3154 ³
320 3096 511 3152 Plene
536 3094 674 3151 sciis
697 3100 753 3150 et
779 3096 924 3151 bene
942 3096 1328 3164 moratis,nec
1356 3095 1542 3151 alieno
1568 3097 1850 3168 profectui

168 3184 624 3251 invidentibus,
641 3184 764 3251 sed,
785 3187 851 3238 ut
873 3184 1037 3239 decet
1067 3200 1195 3237 vere
1219 3184 1531 3254 sapientes,
1549 3188 1851 3253 congratu-

1964 3097 2230 3169 gaudeo;
2266 3097 2365 3151 sed
2399 3097 2587 3169 major
2617 3113 2796 3169 quam
2845 3097 2958 3153 sim
3009 3097 3194 3153 videri
3243 3097 3444 3169 timeo,
3479 3101 3621 3173 quia

1964 3190 2282 3257 utrumque
2314 3187 2475 3240 nefas
2509 3202 2634 3241 esse
2668 3204 2781 3241 non
2814 3185 3142 3259 ambigo,et
3172 3188 3497 3259 gratuitum
3515 3190 3616 3247 Dei

168 3274 477 3341 lantibus,
512 3271 860 3328 Hrotsuitha
909 3272 1183 3339 nesciola,
1236 3272 1513 3344 nullaque
1562 3273 1848 3344 probitate
1880 3257 1922 3323 C
1962 3275 2183 3329 donum
2217 3279 2653 3346 negare,ctnon
2673 3257 3297 3346 acceptum'accepisse
3313 3276 3611 3336 simulare.

164 3362 417 3430 idonea,
455 3377 721 3434 prmsens
748 3360 937 3415 valere
971 3365 1027 3414 et
1073 3377 1279 3432 perpes
1327 3362 1599 3431 gaudere.
1633 3361 1848 3416 Vestra:

168 3451 362 3524 igitur
403 3449 723 3506 laudandae
780 3448 1133 3504 humilitatis
1183 3450 1651 3520 magnitudinem
1703 3451 1848 3505 satis

167 3540 470 3596 admirari
507 3555 757 3610 nequeo,
792 3538 1254 3610 magnificaeque,
1284 3538 1435 3593 circa
1468 3540 1580 3593 mei
1628 3539 1846 3594 utilita-

173 3634 314 3695 tem,
372 3627 728 3699 benigitatis
787 3631 963 3698 atque
1014 3626 1346 3682 dilectionis
1398 3627 1844 3699 plenitudinem,

170 3717 625 3789 eondignarum
651 3716 1191 3787 recompensatione
1224 3716 1549 3786 gratiarum
1591 3717 1845 3772 remetiri

173 3822 293 3862 non
357 3804 625 3872 sufficio,
688 3804 846 3876 quia,
910 3820 1045 3859 cum
1104 3804 1526 3876 philosophicis
1584 3806 1847 3876 apprime

171 3894 398 3950 studiis
461 3892 714 3949 enutriti
785 3897 843 3948 et
902 3893 1148 3948 scientia
1205 3892 1374 3959 longe
1432 3892 1846 3948 excellentibus

174 3982 309 4038 sitis
361 3981 638 4055 perfecti,
690 3981 803 4036 mei
864 3980 1214 4052 opusculum
1274 3982 1405 4037 vilis
1464 3981 1842 4050 muliercula),

172 4076 375 4129 vestra
401 4070 798 4129 admiratione
828 4070 1073 4141 dignum
1106 4070 1378 4138 duxistis,
1412 4075 1469 4126 et
1510 4070 1843 4141 largitorem

179 4159 241 4214 in
272 4177 371 4216 me
404 4159 712 4234 operantis
743 4160 943 4232 gratia:
986 4158 1239 4215 fraterno
1287 4160 1494 4214 ail'eetu
1544 4159 1844 4231 gratulan-

180 4252 270 4304 tes
318 4248 643 4317 laudastis,
676 4247 1029 4303 arbitrantes
1081 4246 1225 4301 mihi
1274 4247 1466 4302 inesse
1510 4246 1843 4319 aliquantu-

182 4334 303 4393 lam
352 4336 669 4395 scientiam
722 4336 960 4405 artium,
1014 4352 1267 4408 quarum
1320 4334 1615 4391 subtilitas
1674 4335 1844 4408 longe

183 4427 445 4496 praeterit
468 4441 671 4481 meum
692 4423 975 4480 muliebre
998 4423 1595 4497 ingenium.Denique
1620 4424 1842 4479 rustici-

182 4516 362 4571 tatem
397 4532 546 4573 mem
598 4512 1029 4569 dictatiunculze
1082 4512 1368 4568 hactenus
1415 4512 1509 4567 vix
1556 4513 1843 4568 audebam

1960 3363 2123 3419 Unde
2156 3380 2269 3419 non
2303 3365 2525 3436 denego
2574 3368 2889 3434 praestante
2938 3364 3128 3435 gratia
3171 3363 3462 3421 Creatoris
3510 3383 3616 3439 per

1960 3452 2240 3523 dynamin
2274 3469 2367 3507 me
2395 3457 2548 3507 artes
2579 3452 2904 3523 scire,quia
2933 3468 3065 3507 sum
3089 3452 3308 3509 animal
3331 3470 3514 3526 capax
3533 3454 3617 3510 di-

1964 3539 2245 3611 sciplinae,
2280 3541 2380 3595 sed
2422 3557 2524 3611 per
2553 3541 2848 3612 energiam
2881 3540 3064 3595 fateor
3092 3542 3333 3595 omnino
3364 3542 3609 3599 nescire.

1959 3628 2266 3701 Perspicax
2278 3645 2508 3699 quoque
2527 3628 2827 3699 ingenium
2860 3628 3144 3684 divinitus
3165 3628 3311 3683 mibi
3332 3628 3611 3687 collatum

1959 3734 2085 3772 esse
2118 3717 2501 3788 agnosco,sed
2534 3716 2952 3787 magistrorum
2985 3720 3253 3772 cessante
3283 3716 3607 3791 diligentia,

1954 3804 2241 3860 incultum
2263 3810 2319 3860 et
2340 3808 2585 3877 propria:
2618 3805 2856 3877 pigritia
2884 3798 3105 3860 inertiae
3130 3809 3180 3861 4
3204 3809 3393 3878 torpet
3418 3804 3613 3880 negle-

1956 3895 2534 3964 ctum.Quapropter,
2552 3909 2623 3947 ne
2654 3892 2711 3946 in
2745 3909 2837 3948 me
2858 3893 3079 3948 donum
3102 3893 3205 3948 Dei
3225 3892 3612 3951 annularetur

1956 3983 2029 4039 ob
2061 3982 2477 4055 negligentiam
2508 3982 2643 4049 mei,
2666 3982 2713 4038 si
2739 3998 2855 4054 qua
2876 3982 3022 4037 forte
3044 3981 3144 4037 ﬁla
3163 3980 3252 4038 vel
3272 3982 3449 4039 etiam
3475 3983 3611 4041 ﬂoc-

1957 4088 2055 4127 cos
2088 4072 2158 4126 de
2192 4070 2524 4143 panniculis
2546 4088 2579 4125 a
2594 4075 2753 4125 veste
2771 4070 3154 4142 philosophiae
3180 4071 3446 4143 abruptis
3466 4072 3610 4128 evel-

1956 4158 2071 4215 lere
2103 4160 2285 4231 quivi,
2318 4160 2552 4231 przefato
2602 4157 2884 4231 opusculo
2928 4159 3185 4215 inserere
3234 4161 3452 4229 curavi,
3487 4177 3604 4233 quo

1953 4248 2149 4304 vilitas
2181 4265 2321 4303 meae
2356 4248 2676 4304 inscientia)
2709 4246 3141 4305 intermixtione
3172 4247 3475 4328 nobilioris
3491 4266 3611 4305 ma-

1954 4336 2110 4392 teriae
2142 4335 2628 4404 illustraretur,et
2658 4336 2901 4409 largitor
2920 4336 3140 4409 ingenii
3170 4340 3332 4393 tanto
3354 4337 3610 4410 amplius

1953 4425 2013 4481 in
2037 4442 2129 4481 me
2138 4425 2274 4497 jure
2295 4424 2886 4495 1audaretur,quanto
2904 4424 3252 4481 mulieribus
3268 4440 3479 4481 sensus
3499 4428 3612 4480 tar-

1955 4514 2084 4571 dior
2104 4531 2232 4570 esse
2264 4513 2541 4570 creditur.
2576 4512 2705 4568 Haec
2739 4528 2870 4567 mea
2899 4512 2959 4566 in
3011 4512 3286 4567 dictando
3336 4510 3603 4581 intentio,

87 4656 92 4660 .
182 4604 389 4673 paucis
423 4622 492 4661 ac
526 4602 898 4660 solummodo
930 4601 1321 4659 familiaribus
1348 4601 1491 4656 meis
1512 4602 1841 4670 ostendere;
1874 4625 1921 4690 D
1953 4604 2074 4659 hzec
2107 4603 2231 4659 sola
2262 4602 2374 4657 mei
2410 4601 2644 4657 sudoris
2675 4604 2765 4656 est
2800 4616 3000 4669 causa,
3033 4615 3221 4670 neque
3269 4596 3606 4655 simulando

182 4693 337 4749 unde
369 4710 522 4766 pene
550 4709 728 4764 opera
757 4692 1004 4747 cessavit
1026 4691 1283 4747 dictandi
1307 4690 1458 4745 ultra
1485 4690 1705 4762 aliquid
1736 4690 1845 4745 hu-

176 4777 465 4851 jusmodi,
503 4782 664 4854 quia,
697 4779 851 4837 sicut
881 4778 1049 4851 pauci
1082 4780 1240 4834 fuere
1280 4779 1379 4850 qui
1415 4796 1506 4834 me
1562 4779 1841 4850 prodente

183 4871 604 4941 perspicerent,
638 4869 721 4925 ita
750 4886 865 4925 non
898 4868 1089 4935 multi,
1122 4869 1245 4940 qui,
1280 4867 1363 4922 vel
1397 4868 1535 4939 quid
1555 4868 1844 4939 corrigen-

187 4953 325 5011 dum
357 4958 583 5016 inesset
614 4956 1009 5025 enuclearent,
1028 4955 1111 5012 vel
1147 4956 1217 5010 ad
1250 4956 1586 5010 audendum
1616 4955 1840 5027 aliquid

186 5041 321 5100 huic
351 5047 548 5104 simile
578 5049 976 5120 provocarent.
1008 5048 1080 5099 At
1110 5044 1439 5115 nunc,quia
1471 5044 1650 5098 trium
1683 5045 1844 5099 testi-

190 5134 453 5192 monium
499 5139 730 5193 constat
775 5152 906 5192 esse
953 5150 1176 5201 verum,
1210 5132 1417 5189 vestris
1468 5133 1840 5188 corroborata

188 5225 515 5295 sententiis,
532 5224 865 5281 ﬁducialius
886 5240 1179 5295 praesumo
1193 5229 1249 5278 et
1266 5222 1686 5293 componendis
1704 5235 1837 5292 ope-

192 5322 312 5365 ram
345 5313 507 5383 dare,
543 5315 591 5371 si
625 5314 864 5386 quando
894 5312 1047 5369 Deus
1076 5311 1349 5367 annuerit
1381 5327 1574 5381 posse,
1603 5315 1660 5365 et
1691 5327 1840 5381 quo-

191 5411 579 5476 rumcumque
612 5401 968 5475 sapientium
1001 5418 1240 5457 examen
1276 5400 1492 5455 subire.
1527 5400 1681 5454 Inter
1718 5399 1837 5453 haec

195 5483 432 5548 diversis
463 5491 790 5559 affectibus,
823 5490 1038 5563 gaudio
1069 5487 1336 5543 videlicet
1364 5492 1421 5543 et
1451 5492 1631 5555 metu,
1656 5488 1715 5542 in
1746 5488 1839 5542 di-

193 5588 419 5635 versum
457 5581 676 5638 trahor.
711 5580 867 5636 Deus
918 5595 1195 5649 namque,
1244 5577 1414 5647 cujus
1467 5575 1836 5632 solummodo

197 5665 376 5736 gratia
404 5684 537 5729 sum
569 5670 628 5729 id
660 5667 815 5745 quod
847 5666 1077 5737 sum,in
1111 5682 1202 5724 me
1235 5663 1461 5722 laudari
1492 5666 1838 5727 cordetenus

1954 4709 2046 4747 me
2077 4692 2301 4746 nescita
2332 4690 2481 4745 scire
2504 4688 2801 4761 jacto,sed
2833 4691 3123 4759 quantum
3145 4687 3216 4742 ad
3251 4703 3345 4743 me
3370 4691 3603 4744 tantum

1950 4781 2069 4835 scio
2101 4780 2254 4852 quod
2288 4779 2505 4834 nescio.
2542 4778 2689 4844 Quia
2717 4778 2875 4832 enim
2908 4780 3130 4833 attactu
3161 4776 3339 4832 vestri
3389 4776 3604 4835 favoris

1950 4873 2123 4940 atque
2155 4867 2451 4939 petitionis
2482 4866 2804 4922 arundineo
2830 4883 2991 4922 more
3020 4863 3300 4921 inclinata
3313 4864 3604 4935 libellum,

1951 4974 2125 5028 quem
2158 4955 2258 5011 tali
2292 4956 2615 5011 intentione
2645 4955 2930 5026 disposui,
2964 4954 3066 5010 sed
3097 4971 3286 5027 usque
3332 4954 3448 5012 huc
3498 4974 3603 5029 pro

1952 5046 2042 5101 sui
2076 5045 2297 5099 vilitate
2315 5043 2609 5099 occultare
2628 5060 2803 5115 quam
2827 5043 2886 5098 in
2906 5043 3101 5116 palam
3120 5043 3377 5116 proferre
3395 5044 3601 5115 malui,

1949 5132 2113 5188 vobis
2146 5131 2635 5203 perscrutandum
2667 5130 2905 5200 tradidi,
2927 5131 3081 5187 dicet
3109 5134 3175 5187 ut
3210 5148 3326 5188 non
3358 5132 3605 5189 minoris

1949 5221 2255 5294 diligentia
2287 5219 2704 5276 sollicitudinis
2734 5236 2870 5275 eum
2902 5220 3269 5276 emendando
3300 5220 3607 5295 investige-

1948 5311 2046 5378 tis,
2081 5326 2256 5382 quam
2290 5308 2509 5381 proprii
2543 5308 2753 5365 seriem
2786 5308 3032 5378 laboris;
3066 5312 3125 5365 et
3152 5308 3235 5367 sic
3260 5309 3499 5366 tandem
3530 5310 3603 5366 ad

1949 5415 2216 5454 normam
2268 5397 2639 5455 rectitudinis
2700 5399 3081 5457 reformatum
3114 5397 3259 5454 mihi
3300 5398 3598 5465 remittite,

1951 5488 2269 5561 quo,vestri
2302 5485 2638 5559 magisterio
2670 5492 3153 5559 praemonstrante
3168 5485 3227 5543 in
3258 5486 3602 5569 quibusmu-

1948 5578 2102 5634 xime
2135 5591 2469 5648 peccassem
2503 5576 2725 5649 possim
2756 5592 3090 5651 agnoscere.
3350 5580 3393 5593 ‘“
3474 5588 3483 5591 '
