3936 6374
392 401 513 473 219

1315 402 1693 471 RATHERII
1734 398 1982 471 EPISC.
2029 397 2318 467 VERON.
2365 404 2538 472 OPP.
2584 406 2788 473 PARS
2830 405 2880 472 Ῑ.

3683 403 3797 471 220

395 540 566 613 cujus
597 537 656 598 in
688 536 801 599 isto
823 553 888 598 eo
901 538 1090 616 magis
1103 535 1439 615 ﬂagitamus
1456 538 1626 598 nobis
1649 539 2042 598 necessarium
2071 536 2126 604 Α
2157 554 2368 616 gamus
2394 542 2698 617 dignitatis
2715 540 3016 612 chordam,
3049 544 3115 599 ut
3129 536 3432 599 citharcsdi
3461 537 3607 615 (128)
3623 542 3797 598 tacea-

396 631 593 689 adfore
622 629 929 698 auxilium,
982 648 1096 704 quo
1128 631 1240 688 scit
1292 649 1399 689 nos
1448 631 1504 687 id
1538 647 1687 705 Opus
1744 648 2044 689 assumere

393 725 555 777 tanto
582 720 972 789 dubitantius,
1003 725 1220 793 quanto
1251 720 1657 793 periculosius.
1682 722 1826 777 Nam
1845 740 1911 777 ex
1930 739 2045 777 uno

393 809 571 866 latere
601 809 835 882 superni
870 810 1234 881 spectatoris,
1267 827 1336 865 ex
1365 810 1477 864 alio
1510 809 1615 865 sali
1636 810 1814 880 hujus
1840 810 2046 865 immo-

394 900 521 955 dice
552 899 824 955 ferventis
854 915 1123 954 veremur
1151 898 1487 972 procellam;
1510 900 1788 971 navisque
1812 906 2040 964 DOSiI‘tB,

393 989 564 1061 cujus
587 989 714 1060 jam
746 988 924 1042 fracto
974 1004 1154 1054 remo,
1207 989 1427 1043 amisso
1463 990 1552 1044 77
1612 987 1797 1053 clavo,
1853 989 2043 1043 fessus

392 1076 734 1149 multigenis
754 1076 1029 1147 collisusq
1042 1094 1111 1131 ue
1129 1077 1408 1149 sc0pulis,
1428 1077 1637 1148 sopitis
1661 1077 1904 1142 viribus,
1926 1095 2040 1131 non

392 1167 632 1237 quidem
663 1162 881 1236 scapha
902 1167 1289 1236 portatus,sed
1312 1167 1754 1236 undajactatus,
1774 1166 2043 1221 tremulis

391 1254 656 1327 linguam
686 1254 875 1326 ipsum
909 1256 1183 1310 mordens
1201 1256 1493 1322 dentibus,
1515 1256 1571 1309 in
1600 1273 1716 1311 uno
1740 1258 1888 1327 (125)
1919 1256 2044 1311 bre-

390 1342 552 1398 vium
573 1344 733 1415 jacet
746 1343 1077 1411 nauclerus,
1094 1344 1756 1414 omnimodisjacturam
1772 1350 2042 1400 tenemus

392 1433 454 1503 [ι.
484 1432 809 1502 timemus],
838 1448 970 1487 cum
1005 1431 1162 1487 hunc
1193 1431 1243 1486 ei
1272 1423 1665 1487 miserabilem
1713 1432 2040 1497 incursum,

390 1523 626 1594 propter
654 1520 1008 1592 praecipitem
1037 1537 1301 1588 cursum,
1335 1521 1474 1576 dum
1494 1538 1693 1576 cavere
1725 1522 2038 1593 ancipitem

388 1608 633 1665 nescivit
647 1624 982 1676 excursum,
1000 1608 1323 1681 contigisse
1339 1610 2043 1681 nov'erimus(126).Quan-

388 1714 565 1770 quam
579 1697 735 1753 enim
747 1698 1045 1769 Scriptura
1057 1697 1305 1753 dicente:
1317 1699 1524 1767 Lingna
1548 1701 1789 1771 sapienti
1794 1717 1883 1753 um
1899 1702 2041 1754 sicut

384 1786 983 1855 stimuli,etsicutclavi
1003 1788 1058 1841 in
1082 1786 1437 1857 altumdeﬁati
1454 1788 1670 1858 (Eccles.
1696 1805 1793 1852 xu,
1823 1789 1925 1853 lt);
1943 1804 2040 1842 no-

2160 649 2293 689 mus
2322 649 2655 704 personam;
2682 633 2766 689 sic
2781 632 3152 705 alloquamur
3163 630 3450 698 ordinem,
3471 635 3536 687 ut
3555 630 3796 687 ordinati

2158 723 2500 777 omittamus
2532 737 2767 788 nomen,
2801 721 2887 776 sic
2916 721 3210 789 affectum,
3244 724 3309 775 ut
3338 720 3641 776 charitatis
3689 737 3795 776 non

2158 812 2454 884 patiamur
2484 811 2797 877 defectum,
2833 811 3003 882 cujus
3034 810 3129 865 hic
3162 826 3511 883 magnopere
3549 824 3797 882 quazrere

2156 901 2440 956 debemus
2472 901 2815 972 proiectum;
2846 899 3166 971 praesertim
3186 915 3318 954 cum
3338 916 3443 954 nec
3470 899 3797 955 defuturam

2158 1006 2395 1045 osorum
2432 990 2740 1043 credamus
2760 988 3063 1054 invidiam,
3097 987 3193 1059 qui
3215 991 3476 1043 nostram
3498 987 3608 1043 hac
3628 986 3797 1043 etiam

2156 1078 2214 1132 in
2247 1082 2409 1149 parte
2439 1077 2859 1147 reprehendere
2890 1095 3004 1132 non
3036 1077 3306 1131 dubitent
3322 1076 3648 1142 audaciam,
3668 1093 3795 1131 cum

2154 1172 2362 1239 praeter
2391 1166 2819 1235 auctoritatem,
2853 1167 3013 1221 salva
3043 1165 3220 1221 ofﬁcii
3266 1166 3604 1233 reverentia,
3645 1164 3795 1220 haud

2154 1256 2435 1328 aliquam,
2468 1254 2690 1310 nullam
2711 1271 2941 1328 quoque
2960 1255 3128 1310 nobis
3147 1255 3414 1311 noverint
3430 1254 3795 1326 suppeditare

2154 1344 2480 1410 scientiam,
2513 1345 2685 1415 cujus
2719 1343 2811 1399 hic
2846 1360 3079 1416 quoque
3107 1343 3188 1398 rei
3220 1358 3516 1399 enormem
3540 1343 3684 1398 satis
3708 1358 3796 1397 ca-

2154 1450 2288 1507 pere
2318 1432 2548 1487 valeant
2579 1434 2999 1502 conjecturam.

2630 1523 2752 1577 Trr.
2786 1522 2829 1588 Ι,
2864 1553 2932 1562 -
2962 1526 3045 1578 De
3075 1524 3326 1592 regibusr

2221 1616 2274 1667 2.
2310 1612 2430 1666 Rex
2458 1610 2551 1666 es?
2577 1610 2860 1683 Dignitas,
2899 1628 3055 1684 rogo,
3086 1611 3215 1683 ipsa
3245 1615 3300 1666 te
3344 1610 3489 1666 dum
3533 1608 3796 1677 delectat,

2149 1699 2421 1755 instruat.
2470 1701 2620 1755 Sunt
2668 1701 2938 1772 qumdam
2988 1700 3201 1773 regalis
3250 1699 3474 1755 ordinis
3521 1698 3793 1771 insignia,

2151 1789 2367 1860 quibus
2398 1788 2542 1853 sine,
2573 1788 2681 1843 etsi
2715 1805 2928 1843 nomen
2983 1794 3303 1860 utcunque,
3338 1805 3398 1844 re
3427 1791 3624 1843 tamen
3673 1803 3798 1843 vera

385 1875 863 1932 verimusdivinte
877 1875 1889 1932 auctoritatisitaconstantissimam
1906 1893 2038 1931 con-
2072 1907 2120 1972 Β
2149 1882 2301 1933 certe
2332 1894 2445 1932 non
2479 1882 2668 1949 potest
2696 1878 3016 1933 consistere
3048 1877 3304 1950 dignitas
3321 1880 3502 1931 tanta.
3535 1875 3640 1931 His
3669 1891 3797 1949 ergo

387 1964 690 2032 stantiam,
722 1967 788 2018 ut
818 1962 963 2018 nulli
981 1980 1234 2034 parcere,
1252 1965 1525 2020 neminen
1544 1965 1870 2035 noveritpal
1884 1980 2039 2037 pare;

2152 1970 2333 2033 utere,
2368 1965 2461 2021 his
2502 1982 2785 2033 exercere,
2839 1966 2931 2021 his
2991 1982 3289 2021 exornare.
3338 1966 3477 2021 Esto
3526 1964 3797 2038 prudens,

388 2049 1113 2123 tamennovimusabipsis
1131 2053 1612 2123 quoqueurbantc
1638 2053 2041 2109 scicntiznviris
2144 2056 2367 2125 justus,
2401 2054 2565 2109 fortis
2598 2058 2655 2109 et
2704 2058 3085 2125 temperatus.
3140 2055 3257 2109 Hac
3300 2053 3471 2125 quasi
3520 2053 3800 2127 quadriga

391 2140 567 2196 hodie
596 2156 831 2195 summa
875 2138 1179 2211 diligentia
1222 2141 1538 2206 observari,
1592 2142 1733 2212 quid
1790 2143 2039 2209 cautius,

393 2245 569 2301 quam
604 2227 745 2301 quid
778 2228 1076 2301 proferant
1102 2228 1316 2295 verius;
1354 2228 1557 2285 utilius
1588 2230 1861 2285 zestimari
1887 2230 2042 2302 quod

393 2310 562 2365 docet
588 2308 866 2373 comicus,
901 2324 1080 2379 quam
1112 2307 1253 2380 quid
1284 2308 1697 2364 interminatur
1740 2310 2040 2374 Dominus;

393 2396 581 2471 pluris
609 2396 784 2469 pendi
816 2396 1060 2452 dictum:

618 2485 945 2549 Obsequium
971 2485 1188 2545 amicos,
1221 2485 1418 2553 veritas
1448 2486 1629 2536 odium
1660 2486 1814 2549 parit.

465 2574 740 2646 (Tenum.
800 2573 970 2629 Andr.
1031 2574 1075 2640 Ι,
1130 2573 1192 2645 ι),
1272 2590 1451 2645 quam
1508 2577 1606 2647 qui
1680 2591 1767 2630 me
1812 2575 2042 2631 erubue—

390 2665 545 2720 ritet
589 2679 734 2719 meos
790 2677 1081 2729 sermones,
1141 2667 1193 2718 et
1224 2662 1368 2717 hunc
1407 2664 1561 2734 ﬁlius
1618 2664 1862 2719 hominis
1915 2681 2041 2719 eru-

394 2753 585 2820 bescet,
616 2767 741 2806 cum
768 2752 976 2807 venerit
1007 2752 1155 2823 (Luc.
1182 2768 1259 2818 Ix,
1289 2752 1403 2823 2G);
1434 2756 1490 2807 et
1523 2753 1663 2807 forte
1692 2752 1857 2822 illud,
1906 2752 2046 2825 quia

396 2839 565 2910 quasi
597 2838 892 2905 disertius,
924 2839 1053 2895 ideo
1083 2844 1323 2911 putatur
1346 2840 1571 2909 utilius;
1601 2841 1741 2914 quia
1761 2842 2045 2914 pompati-

397 2943 555 2995 cum,
586 2926 715 2982 ideo
726 2926 1029 2995 judicatur
1044 2925 1521 2997 saluberrimum;
1538 2930 1716 2995 istud,
1731 2930 1869 3001 quia
1888 2930 2045 2985 folio-

397 3033 530 3073 rum
552 3016 1025 3087 venustate,quin
1043 3016 1235 3088 potius
1248 3017 1520 3073 vanitatis
1540 3018 1894 3089 opacissima
1910 3020 2045 3073 den-

397 3106 569 3162 sitate
599 3104 909 3175 nudatum,
941 3104 1069 3160 ideo
1098 3104 1289 3160 saeculi
1322 3105 1709 3177 prudentibus
1756 3123 1858 3162 seu
1895 3106 2044 3162 sim-

399 3192 553 3267 plex,
587 3197 780 3266 atque,
814 3196 880 3248 ut
925 3192 1009 3248 ita
1056 3193 1304 3261 dicatur,
1349 3194 1657 3261 rusticum,
1712 3194 1811 3250 vili
1861 3212 2041 3268 penso

2152 2148 2385 2198 evectus
2412 2142 2573 2214 regni
2594 2144 2760 2205 ﬁnes,
2790 2141 3098 2213 perlustra;
3117 2142 3225 2198 hoc
3242 2144 3337 2199 78
3355 2142 3611 2214 denique
3632 2158 3797 2198 curru

2154 2232 2267 2286 ista
2299 2235 2457 2286 utere
2513 2231 2571 2285 in
2625 2229 2739 2298 via,
2795 2235 2861 2285 ut
2910 2247 3045 2285 cum
3106 2231 3481 2287 sanctissimo
3544 2230 3667 2286 Elia
3716 2229 3798 2285 vel

2150 2318 2344 2373 vocari
2379 2317 2661 2374 merearis
2692 2318 2896 2391 auriga
2944 2319 3033 2392 (IV
3071 2321 3197 2387 Reg.
3252 2335 3315 2386 ιι,
3349 2319 3460 2390 42.)
3493 2318 3614 2375 Hoc
3664 2334 3799 2392 qua-

2154 2407 2403 2480 druplici
2449 2407 2715 2462 munitus
2765 2408 3022 2472 thorace,
3073 2408 3343 2464 hostibus
3400 2424 3474 2465 ne
3518 2406 3801 2465 cunctaris

2155 2496 2588 2568 imperterritus
2618 2514 2938 2565 occurrere;
2956 2514 3064 2553 nec
3096 2498 3253 2552 enim
3272 2495 3488 2570 poteris
3511 2497 3801 2570 aliquibus

2154 2585 2415 2641 adversis
2443 2585 2692 2651 devinei,
2724 2585 2769 2640 si
2804 2590 2967 2641 tanta
2992 2586 3240 2642 tuitione
3269 2584 3471 2643 vallari
3496 2584 3797 2643 merueris.

2154 2674 2427 2729 Ti'r.ll.—
2448 2674 2878 2730 Discernendum
2892 2692 2999 2747 qua
3013 2677 3321 2730 intentione
3332 2676 3455 2748 quis
3471 2673 3607 2747 quid
3619 2674 3798 2748 faciat.

2218 2765 2274 2819 3.
2311 2764 2371 2818 In
2403 2762 2610 2835 primis
2642 2764 2859 2835 itaque,
2894 2767 3208 2835 antequam
3242 2764 3466 2820 scilicet
3501 2767 3793 2821 tentemus

2153 2850 2268 2907 alia
2297 2855 2407 2906 tuae
2439 2851 2733 2907 serenitati
2768 2852 3171 2923 congruentia,
3195 2852 3266 2906 de
3297 2852 3391 2908 his
3412 2851 3659 2925 singalis
3682 2854 3795 2905 tam

2152 2944 2228 3003 te,
2264 2957 2441 3013 quam
2468 2956 2693 3004 omnes,
2726 2940 2824 3011 qui
2847 2945 2988 2995 sunt
3013 2940 3071 2995 in
3096 2940 3461 2996 sublimitate
3478 2939 3793 3001 constituti,

2151 3028 2280 3084 volo
2314 3029 2621 3084 instruere:
2660 3028 2768 3083 hoc
2800 3028 3104 3099 adjicicns.
3157 3033 3222 3084 ut
3273 3028 3524 3085 sollicite
3573 3028 3797 3085 studeat

2152 3116 2286 3189 quis
2317 3116 2666 3182 discernere,
2687 3115 2826 3188 quld
2859 3116 3314 3189 quaintentione
3347 3117 3543 3173 faciat.
3562 3117 3635 3173 Ut
3649 3115 3794 3172 enim

2153 3210 2210 3262 et
2239 3206 2633 3278 experimento
2665 3222 2734 3260 ex
2766 3206 2935 3260 nobis
2967 3206 3133 3277 ipsis,
3167 3210 3222 3261 et
3272 3205 3521 3262 lectione
3565 3224 3633 3263 ex
3657 3203 3796 3261 anti-

399 3258 419 3267 -
540 3258 547 3262 .
667 3258 685 3266 -
770 3258 773 3259 ν
1292 3258 1297 3261 .
1645 3258 1652 3261 .
1862 3258 1878 3268 .
2159 3258 2206 3262 ρ
2972 3258 3133 3277 τη,
3175 3258 3221 3261 --
3414 3258 3516 3262 --η
3571 3258 3633 3263 -_
3661 3258 3747 3261 ην

397 3282 631 3337 ducitur
658 3280 925 3353 dignum,
945 3298 1078 3336 cum
1095 3299 1200 3337 nec
1213 3282 1410 3338 minus
1423 3283 1757 3339 cautelmeis
1778 3285 2044 3339 videatur
2072 3258 2116 3326 α
2155 3310 2404 3365 quorum
2432 3294 2812 3366 cognovimus
2828 3293 3381 3367 dictis,plerumque
3396 3294 3543 3351 vitia
3563 3295 3799 3351 virtutes

397 3372 600 3427 aﬁ‘erre
629 3370 930 3442 negotium
963 3372 1298 3443 suspectius
1322 3372 1468 3445 (127)
1488 3372 1826 3429 dicentium:
1854 3376 2043 3431 Viden-

396 3459 559 3526 tibus,
591 3459 762 3515 nolite
788 3458 991 3526 videre;
1029 3468 1082 3515 et
1138 3462 1543 3532 aspicientibus,
1590 3462 1763 3518 nolite
1806 3464 2047 3534 aspicere

393 3548 550 3605 nobis
576 3564 662 3612 ea,
688 3565 810 3621 qua:
838 3556 984 3605 recta
1014 3548 1293 3615 videntur;
1321 3551 1619 3622 loquimini
1644 3554 1801 3607 nobis
1825 3554 2046 3624 placen-

396 3638 494 3703 tia,
525 3636 698 3693 videte
724 3638 879 3693 nobis
906 3654 1118 3694 errores
1149 3641 1301 3705 (Isai.
1335 3657 1470 3708 xxx,
1506 3641 1614 3708 10).
1659 3639 1874 3695 Verum
1923 3658 2045 3695 ma-

398 3725 580 3798 gistra
604 3726 828 3791 eadem,
862 3743 990 3797 quae
1021 3732 1078 3782 et
1104 3727 1197 3783 via
1227 3732 1333 3795 est,
1381 3728 1655 3795 Veritate,
1711 3734 1886 3801 atque
1944 3746 2048 3802 per

399 3812 714 3885 quemdam
748 3813 819 3866 de
851 3829 912 3868 se
942 3814 1071 3885 ipsa
1100 3815 1346 3872 dicente:
1366 3818 1491 3871 "(re
1512 3820 1620 3886 via,
1653 3820 1933 3874 ambulate
1947 3836 2049 3890 per

400 3919 519 3958 eam
550 3901 761 3973 [supple
792 3907 848 3956 et
877 3919 991 3956 non
1023 3903 1371 3977 decliuetis],
1412 3923 1583 3978 neque
1628 3907 1698 3961 ad
1745 3907 2044 3975 dexteram,

398 4006 572 4063 neque
599 3989 670 4045 ad
715 3992 1003 4046 sinistram
1056 3992 1207 4063 (Isai.
1240 4009 1371 4060 xxx,
1402 3996 1515 4063 21),
1567 3998 1907 4065 satagamus
1938 3995 2049 4052 hac

401 4083 523 4134 arte
552 4095 883 4135 sermonem
916 4080 1203 4135 moderari
1224 4086 1514 4147 nostrum,
1547 4087 1612 4137 ut
1640 4083 1827 4140 necad
1861 4084 2051 4139 dexte-

399 4184 525 4223 ram
553 4166 761 4223 altiora
794 4167 963 4223 nobis
994 4170 1406 4241 prmsumptive
1439 4174 1732 4227 tentantes
1758 4189 1945 4243 usque
1976 4173 2049 4228 ad

398 4255 699 4312 sinistram
728 4255 1109 4326 declinemus,
1136 4255 1375 4312 falsitati
1397 4256 1598 4313 timide
1621 4259 1912 4316 cedentes:
1933 4277 2049 4332 quo

398 4345 483 4413 ﬁt,
517 4349 582 4401 ut
607 4344 692 4401 ita
718 4343 875 4417 loqui
891 4362 1228 4418 quanquam
1247 4346 1702 4415 absurdeliceat,
1728 4352 1916 4403 utnec
1940 4350 2049 4403 Te-

382 4434 627 4499 rentius
653 4432 905 4504 alicujus
943 4435 1141 4490 minus
1192 4435 1428 4506 provide
1481 4435 1679 4491 odium
1714 4435 1774 4491 in
1820 4436 2069 4493 nosmet

397 4521 719 4587 exacuisse,
749 4538 853 4576 nec
883 4521 1152 4577 Christus
1183 4521 1435 4595 alicujus
1488 4523 1808 4579 amicitiam
1851 4526 2047 4581 minus

2154 3399 2217 3439 se
2247 3398 2375 3438 esse
2406 3382 2791 3437 mentiuntur.
2824 3382 2986 3437 Unde
3018 3383 3162 3437 satis
3207 3382 3449 3454 pulchre
3499 3384 3717 3442 Seneca
3744 3380 3800 3435 in

2156 3470 2498 3543 proverbiis,
2534 3470 2789 3537 Timidus,
2833 3470 2937 3538 ait,
2984 3488 3039 3528 se
3066 3479 3290 3527 cautum
3333 3480 3507 3539 vocat,
3559 3470 3801 3529 sordidus

2151 3576 2400 3634 parcum.
2437 3559 2723 3616 Calliditas
2744 3558 2921 3624 enim,
2936 3564 3002 3614 ut
3024 3560 3333 3632 etquidem
3350 3560 3431 3615 ait
3445 3564 3802 3625 nostrorum,

2150 3649 2444 3722 prudentia
2478 3649 2593 3703 vult
2622 3663 2766 3720 saepe
2780 3648 2975 3717 videri,
2988 3648 3256 3704 videlicet
3276 3653 3361 3717 ut,
3380 3650 3526 3721 dum
3551 3647 3800 3721 aliquem

2157 3738 2289 3793 dolo
2320 3737 2611 3809 capimus,
2646 3738 2967 3809 prudenter
3008 3753 3116 3793 nos
3161 3738 3371 3793 fecisse
3420 3737 3799 3811 gratulemur;

2156 3827 2311 3898 quod
2346 3829 2547 3881 contra
2567 3824 2909 3896 Psalmista(
2916 3826 2972 3881 id
2992 3825 3147 3897 quod
3171 3836 3228 3882 et
3247 3826 3452 3883 Petrus
3481 3826 3554 3884 de
3580 3825 3801 3882 Christo

2156 3916 2203 3987 [Ι
2231 3917 2374 3980 Petr,
2426 3931 2489 3981 ιι,
2546 3915 2686 3984 22)).·
2739 3915 2850 3984 Qui
2905 3915 3150 3986 loquitur
3203 3917 3492 3972 veritatem
3540 3917 3604 3970 in
3654 3912 3803 3971 corde

2155 4020 2271 4070 suo,
2304 4005 2402 4075 qui
2430 4020 2541 4058 non
2569 4005 2681 4071 egit
2707 4002 2897 4057 dolum
2929 4006 2988 4057 in
3012 4004 3207 4075 lingua
3237 4020 3339 4059 sua
3387 4005 3564 4072 (Psal.
3609 4018 3722 4069 xxv,
3751 4002 3801 4065 3)

2158 4096 2614 4163 nostrorumque
2640 4091 2905 4164 quidam,
2940 4091 3141 4160 Dolus,
3176 4093 3280 4160 ait,
3311 4095 3373 4148 in
3402 4093 3580 4162 corde,
3612 4098 3803 4166 quanto

2159 4181 2307 4251 apud
2340 4181 2588 4235 homines
2627 4180 2953 4252 prudentius
2998 4182 3180 4248 callet,
3238 4189 3388 4238 tanto
3444 4181 3591 4254 apud
3645 4181 3805 4237 Deum

2156 4269 2377 4324 stultius
2428 4268 2652 4339 decipit.
2705 4269 2965 4341 Itemque
3026 4270 3356 4327 Psalmista:
3417 4271 3640 4340 Inimici
3690 4269 3804 4340 ejus

2160 4361 2365 4413 terram
2392 4359 2601 4427 lingent
2625 4358 2797 4429 (Psal.
2832 4374 2955 4420 Lxx.
2988 4360 3066 4429 9).
3119 4360 3361 4415 Terram
3424 4360 3643 4431 quippe
3697 4355 3802 4411 lin-

2158 4462 2311 4519 gere,
2340 4450 2429 4501 est
2472 4445 2760 4501 sermonis
2811 4447 3096 4503 suavitate
3143 4448 3216 4502 ab
3260 4446 3457 4521 aliquo
3509 4452 3803 4504 terrenum

2158 4533 2381 4606 aliquid
2414 4534 2660 4591 auferre.
2696 4535 2859 4598 Quod
2889 4534 3097 4591 vitium
3128 4552 3262 4591 cum
3295 4536 3600 4593 urbanitas
3626 4551 3664 4591 a
3691 4532 3807 4605 qui-

398 4608 579 4698 libere
610 4612 770 4664 notet
796 4609 1026 4698 veritati
1057 4611 1402 4682 praetulisse.
1435 4612 1597 4677 Quod
1625 4629 1697 4668 ne
1728 4615 2049 4687 contingat,
2082 4620 2131 4687 Ι)
2162 4623 2411 4679 busdam
2442 4622 2755 4695 deputetur
2781 4622 3176 4693 smcularium,
3201 4629 3365 4681 tanto
3397 4642 3432 4680 a
3458 4624 3573 4698 piis
3603 4619 3804 4679 menti-

408 4696 562 4751 inter
592 4700 841 4767 utraque
857 4696 980 4753 haec
995 4703 1164 4753 cauto
1175 4700 1518 4770 gaudientes
1535 4702 1799 4773 vestigio,
1829 4703 1913 4758 sic
1927 4708 2055 4759 tan-

400 4804 797 4881 committgntes
824 4818 921 4857 nos
947 4805 1173 4881 ﬂatibus
1199 4805 1459 4881 adversis,
1510 4810 1831 4881 opponimus
1876 4810 2058 4881 ipsum

401 4876 612 4930 obicem
641 4873 940 4938 Christum,
972 4876 1255 4945 gestientes
1281 4877 1498 4932 sulcare
1522 4873 1733 4933 eosdem
1763 4873 1931 4935 lintr'c
1950 4887 2053 4936 trt-

401 4947 562 5016 cipiti
573 4946 1001 5022 voluminumﬁd
1013 4946 1460 5022 est,trib_usﬁaliis
1476 4946 1640 5022 libris
1655 4950 2056 5022 tertio,quarto

403 5015 464 5071 et
487 5015 737 5088 quinto),
769 5018 821 5072 si
850 5024 1026 5072 tamen
1060 5033 1171 5073 non
1201 5019 1347 5088 desit
1373 5020 1655 5073 aiwilium
1680 5015 1999 5088 illiusfetc.

476 5087 627 5157 (125)
662 5088 856 5143 Brevia
888 5088 1165 5143 dicuntur
1197 5087 1321 5144 loca
1350 5089 1531 5143 maris
1562 5092 1779 5146 vadosa
1809 5087 1867 5147 et
1896 5092 2054 5149 navi-

404 5157 683 5230 gantibus
710 5157 1056 5229 periculosa;
1090 5160 1246 5215 unde
1273 5159 1554 5232 Virgilius
1582 5161 1802 5218 /Eneid.
1837 5180 1877 5218 1.

658 5275 1682 5327 ............Eurusabalto

623 5337 683 5385 In
712 5336 899 5386 brevia
926 5342 980 5386 et
1009 5341 1180 5402 syrtes
1210 5342 1381 5401 urget.

406 5440 554 5518 (126)
613 5440 939 5518 Coustrue:_
976 5452 1026 5499 et
1082 5445 1359 5518 timemus
1394 5445 1718 5518 omnimodis
1778 5447 2058 5518 jacturam

405 5513 562 5585 navis
590 5521 818 5568 nostrae.
849 5515 1309 5585 cujusnauclerus
1329 5515 1450 5584 jam
1465 5516 1640 5585 functo
1661 5513 1825 5585 remo,
1854 5522 2056 5577 amisso

405 5583 579 5661 clavo,
608 5586 779 5654 fessus
810 5583 1117 5661 etcollisuo
1147 5583 1383 5657 scapulis
1405 5583 1737 5661 multigenis,
1758 5583 1949 5661 sopitis
1976 5595 2055 5648 vi-

405 5655 582 5730 ribus,
614 5670 725 5730 non
757 5656 978 5730 quidem
1006 5655 1253 5730 portatus
1272 5656 1493 5730 scapha,
1517 5655 1855 5729 sedjactalus
1884 5664 2053 5730 unda,

405 5724 657 5783 mordens
688 5724 867 5801 ipsam
898 5724 1148 5801 linguam
1192 5724 1437 5785 dentibus
1481 5724 1759 5800 tremulis,
1801 5735 1948 5811 jacet
1997 5724 2057 5791 in

2166 4712 2278 4767 bus
2302 4715 2393 4766 est
2421 4710 2729 4767 sollicitius
2746 4711 3092 4777 cavendum,
3110 4719 3329 4785 quanto
3347 4713 3459 4769 hoc
3479 4708 3805 4769 testimonio

2165 4832 2274 4872 uno
2307 4816 2575 4891 brevium;
2605 4818 2881 4883 timemus,
2906 4820 3155 4891 inquam,
3186 4819 3341 4874 navis
3362 4820 3664 4891 jactur-am,
3688 4830 3805 4891 cum

2163 4890 2477 4943 noverimus
2504 4889 2649 4942 hunc
2692 4888 3063 4944 miserabilem
3115 4888 3399 4944 incursum
3446 4889 3731 4957 contigisse
3758 4888 3807 4939 et

2160 4963 2384 5031 propter
2410 4976 2631 5014 cursum
2673 4962 3032 5032 prazcipitem,
3079 4960 3213 5015 dum
3260 4963 3484 5017 nescivit
3531 4973 3715 5015 cavere
3740 4971 3806 5011 ex

2164 5047 2387 5085 cursum
2415 5032 2735 5101 ancipitem.

2236 5102 2386 5174 (127)
2418 5101 2729 5174 Negotium
2757 5103 3079 5173 suspectius,
3102 5104 3256 5173 quod
3282 5102 3504 5160 scilicet
3530 5101 3805 5174 majorem

2166 5172 2561 5241 suspicionem
2592 5173 2776 5228 aﬁ'ert.
2850 5172 2855 5173 ⁷
2881 5184 2892 5197 ⁸

2238 5238 2382 5314 ([28)
2416 5243 2714 5318 Qitharardi
2760 5259 2896 5298 voce
2941 5259 3135 5318 regem
3187 5244 3475 5318 designat,
3537 5257 3711 5316 quem
3749 5238 3804 5318 in

2166 5315 2547 5385 sequentibus
2600 5330 2917 5385 suppresso
2976 5314 3213 5371 nomine
3244 5314 3659 5385 perstricturus
3700 5314 3803 5367 est.

2165 5384 2331 5463 Hunc
2366 5384 2773 5463 autem’fui’sse
2804 5385 3110 5463 Hugonem
3142 5384 3322 5463 Italiae
3363 5387 3599 5463 Regem,
3634 5396 3803 5463 a_quo

2166 5461 2372 5527 captus
2405 5457 2539 5530 etin
2562 5455 3140 5530 Papiensem'turrim
3173 5455 3473 5530 conjectus
3497 5457 3626 5523 fuit,
3649 5455 3805 5530 dein-

2166 5524 2302 5608 ceps
2332 5527 2571 5608 patebit.
2606 5524 2781 5608 Pprro
2811 5527 3020 5608 ordinis
3050 5524 3702 5608 nomineepiscopatum
3724 5524 3807 5577 in-

2167 5544 2302 5651 celps
2332 5544 2571 5608 patebit.
2606 5544 2781 5583 rorro
2811 5544 3020 5583 ordinis
3050 5545 3288 5586 nomine
3302 5544 3702 5608 episcopatum
3724 5544 3807 5577 m-

2167 5601 2220 5652 te
2250 5598 2395 5685 ligit;
2431 5598 3530 5685 nonnullosenimcpiscoposejusdem,
3564 5609 3807 5685 quoipse

2163 5667 2477 5749 eminebat,
2510 5670 2753 5749 ordinis,
2770 5667 3179 5749 dissimulatis
3209 5667 3429 5749 pariter
3474 5667 3805 5730 nominibus

2167 5740 2489 5799 identidem
2520 5740 2832 5801 vellicabit.
