3900 6360
100 422 229 485 981

796 572 1143 613 CONSTANTIA
1151 597 1164 611 .

189 644 433 702 Placet.
469 644 955 715 (lntroducantur
984 644 1347 712 honorifice.)
1369 646 1611 701 Amator
1629 643 1817 716 Virgi-

110 733 351 790 nitatis
389 737 447 790 et
476 734 797 807 inspirator
817 734 1129 802 castitatis,
1156 733 1407 802 Christe,
1432 735 1533 806 qui
1566 749 1659 789 me
1691 745 1816 806 pre'

117 825 314 880 cibus
351 823 633 896 martyris
662 827 772 878 tua
801 824 1044 894 Agnetis
1067 840 1100 878 a
1122 822 1282 895 lepra
1311 822 1528 895 pariter
1556 821 1814 894 corporis

117 917 183 969 et
220 914 308 968 ab
347 929 547 967 errore
576 911 829 983 eripiens
860 910 1227 983 gentilitatis,
1252 911 1512 967 invitasti
1542 912 1613 967 ad
1645 912 1815 984 virgi-

120 1018 325 1059 neum
354 1000 443 1056 tui
465 1000 769 1073 genitricis
791 1000 1142 1068 thalamum,
1160 1000 1219 1055 in
1240 1017 1355 1072 quo
1377 1006 1441 1055 tu
1463 1000 1813 1055 manifestus

118 1111 188 1149 es
222 1107 417 1147 verus
447 1090 624 1157 Deus,
655 1094 807 1145 retro
851 1090 1155 1144 exordium
1205 1092 1379 1144 natus
1411 1106 1444 1144 a
1473 1088 1589 1144 Deo
1622 1089 1809 1157 Patre,

117 1183 428 1251 idemque
460 1195 633 1233 verus
656 1177 830 1233 homo
855 1195 923 1233 ex
942 1184 1129 1233 matre
1151 1183 1325 1232 natus
1356 1178 1415 1232 in
1447 1182 1728 1250 tempore,
1754 1182 1811 1233 te

107 1286 332 1325 veram
382 1272 444 1323 et
492 1271 842 1322 comternam
877 1266 1028 1323 Patri
1078 1267 1450 1339 sapientiam,
1482 1282 1585 1338 per
1630 1283 1810 1338 quam

109 1359 284 1414 facta
320 1359 473 1411 sunt
496 1355 697 1411 omnia
726 1359 782 1410 et
804 1357 974 1426 cujus
1002 1355 1383 1426 dispositione
1405 1354 1736 1411 consistunt
1756 1360 1812 1411 et

111 1447 531 1502 moderantur
561 1442 856 1513 universa,
889 1444 1233 1516 suppliciter
1271 1460 1441 1499 exoro
1474 1448 1538 1498 ut
1569 1443 1812 1500 Gallica-

110 1551 297 1604 num,
336 1532 449 1606 qui
484 1534 570 1589 tui
604 1531 664 1588 in
706 1550 799 1589 me
843 1550 1103 1589 amorem
1153 1532 1532 1605 subripiendo
1564 1536 1811 1588 conatur

118 1624 547 1695 exstinguere,
574 1627 707 1695 post
726 1628 782 1677 te
810 1622 1097 1678 trahendo
1130 1622 1203 1677 ab
1236 1622 1458 1693 injusta
1490 1621 1812 1677 intentione

116 1728 441 1780 revocare,
466 1711 678 1783 suique
710 1712 861 1767 ﬁlias
887 1711 1147 1783 digneris
1168 1711 1276 1767 tibi
1308 1711 1610 1783 assignare
1640 1727 1809 1782 spon-

112 1819 240 1870 sas,
300 1805 365 1857 et
422 1798 649 1856 instilla
699 1800 1151 1872 cogitationibus
1200 1816 1401 1855 earum
1454 1800 1537 1855 tui
1590 1800 1807 1855 amoris

114 1889 539 1957 dulcedinem,
570 1894 864 1960 quatenus
898 1892 1263 1945 exsecrantes
1294 1888 1526 1944 carnale
1558 1905 1794 1945 consor-

114 1979 276 2035 tium
311 1978 627 2051 pervenire
658 1983 994 2034 mereantur
1018 1979 1090 2033 ad
1122 1994 1422 2035 sacrarum
1454 1977 1794 2035 societatem

116 2067 461 2143 virginum.

836 2175 1107 2214 ARTEMIA.

190 2250 337 2316 Ave,
374 2246 748 2314 Constantia,
782 2246 1102 2319 imperialis
1135 2248 1292 2303 hera.

786 2360 1137 2401 CONSTANTIA
1146 2386 1159 2399 .

193 2436 462 2505 Salvete,
494 2450 746 2501 sorores,
782 2434 973 2489 Attica
1003 2438 1060 2490 et
1095 2434 1384 2503 Artemia;
1421 2439 1596 2505 state,
1630 2440 1801 2504 state,

124 2543 198 2583 ne
231 2523 593 2600 procidatis,
626 2524 726 2579 sed
759 2523 935 2579 libate
966 2523 1110 2579 mihi
1143 2523 1410 2579 osculum
1454 2525 1692 2580 amoris.

830 2638 1101 2677 ABTEMIA.

192 2717 391 2768 Tuum
426 2711 505 2767 ad
537 2710 909 2782 obsequium,
934 2712 1194 2779 domina,
1219 2712 1397 2768 alacri
1428 2716 1627 2767 mente
1647 2713 1807 2781 veni_

123 2818 281 2869 mus,
310 2805 431 2856 tuas
467 2798 674 2854 ditioni
696 2816 931 2855 summa
952 2800 1254 2855 devotione
1284 2817 1389 2856 nos
1414 2801 1802 2878 subjecimus,

122 2894 385 2959 tantum,
420 2890 492 2946 ut
522 2891 626 2943 tua
657 2888 828 2944 nobis
860 2888 1119 2946 abundet
1149 2888 1355 2964 gratia.

784 3004 1153 3045 CONSTANTIA.

199 3078 400 3135 Unum
437 3076 762 3133 Dominum
792 3076 1082 3134 habemus
1120 3078 1181 3133 in
1220 3077 1405 3147 cmlis,
1435 3078 1529 3134 cui
1562 3079 1807 3135 debetur

131 3164 367 3221 devotio
393 3168 613 3219 nostra:
645 3164 967 3231 servitutis,
988 3166 1053 3221 in
1080 3166 1251 3237 cujus
1274 3166 1388 3221 ﬁde
1413 3170 1471 3222 et
1495 3165 1806 3224 dilectione

134 3253 564 3321 condecet,nos
596 3256 823 3307 servata
842 3254 1100 3325 corporis
1130 3254 1463 3326 integritate
1494 3256 1793 3311 unanimi-

133 3344 220 3396 ter
238 3358 638 3412 perseverare,
664 3344 729 3395 ut
747 3357 1080 3399 mereamur
1099 3344 1294 3399 aulam
1317 3344 1569 3402 caelestis
1592 3346 1792 3417 patria:

137 3443 269 3486 cum
302 3429 510 3502 palma
538 3429 897 3500 virginitatis
926 3431 1188 3488 introire.

836 3544 1107 3585 ΑΒἸἝΜῙΑ.

204 3614 268 3670 In
300 3615 467 3672 nullo
504 3614 886 3686 reluctamur,
912 3619 1014 3673 sed
1045 3623 1221 3675 testes
1253 3620 1312 3675 in
1346 3620 1621 3677 omnibus
1651 3638 1796 3693 prae-

138 3704 317 3774 ceptis
348 3720 559 3777 parere
590 3704 862 3775 nitimur,
893 3708 940 3763 θ
974 3708 1262 3780 praecipue
1293 3709 1353 3763 in
1384 3708 1677 3781 agnitione
1702 3728 1797 3767 ve-

138 3788 325 3848 ritatis
356 3798 416 3849 et
447 3794 748 3849 servandae
778 3796 1076 3867 proposito
1105 3796 1479 3869 virginitatis.

782 3907 1148 3949 CONSTANTIA.

204 3976 473 4051 Congrua
519 3980 666 4036 satis
717 3983 1043 4053 responsio,
1073 3987 1381 4054 vestraque
1431 3984 1793 4057 ingenuitate

137 4067 439 4141 condigna,
457 4085 566 4124 nec
583 4068 786 4124 dubito
804 4069 945 4141 quin
965 4070 1170 4127 divinae
1191 4072 1574 4144 inspiratione
1592 4073 1790 4145 gratiae

139 4154 206 4209 ad
236 4157 597 4213 credendum
627 4157 770 4213 estis
801 4164 1089 4230 perventte
1122 4159 1245 4232 [αι.,
1279 4161 1686 4234 perventurae].
1726 4218 1731 4221 .

830 4273 1101 4313 ARTEMIA.

204 4340 308 4406 Qui
338 4346 540 4414 posset
570 4343 696 4399 ﬁeri
730 4348 796 4400 ut
827 4345 1143 4403 servientes
1174 4346 1346 4403 idolis
1379 4364 1589 4404 sanum
1622 4364 1788 4419 sape-

142 4440 351 4499 remus,
386 4431 516 4488 sine
541 4430 932 4490 illustratione
966 4452 1233 4508 supernae
1261 4435 1541 4509 pietatis?

777 4548 1149 4588 CONSTANTIA.

207 4611 503 4674 Stabilitas
532 4622 738 4674 vestrae
773 4620 907 4676 ﬁdei
940 4637 1104 4693 spem
1136 4621 1281 4678 mihi
1317 4622 1528 4679 excitat
1558 4624 1629 4679 de
1661 4639 1787 4680 cre-

143 4668 737 4764 unmeaning}?
940 4668 1104 4693 ΨΜ
1137 4668 1281 4678 ””“’
1320 4668 1528 4679 "mm
1560 4668 1628 4679 “
1826 4668 1874 4735 Ι)

819 4816 1091 4855 ΑΒἸἘΜΙΑ.

208 4878 603 4941 Admoneatur
633 4890 896 4955 tantum;
930 4888 1089 4944 haud
1112 4889 1359 4946 dubium
1392 4891 1534 4962 quin
1567 4891 1785 4948 credat.

779 5001 1147 5042 CONSTANTIA.

214 5063 578 5127 Advoeentur
605 5072 863 5130 Joannes
895 5079 953 5130 et
984 5075 1222 5131 Paulus.

785 5180 1014 5237 SCENA
1048 5182 1145 5239 VI.

833 5287 1104 5329 JOANNESo

226 5342 430 5407 Praesto
465 5370 695 5426 sumus,
729 5357 890 5426 hera,
927 5375 1077 5430 quos
1105 5361 1344 5418 vocasti.

788 5473 1155 5515 CONSTANTIA.

230 5519 307 5621 Ite
336 5534 432 5592 citi
461 5542 535 5598 ad
568 5544 961 5613 Gallicanum,
992 5552 1049 5604 et
1091 5547 1441 5604 inhaerentes
1472 5550 1600 5621 ejus
1632 5551 1799 5610 lateri

170 5618 391 5709 suadete
436 5627 522 5685 illi
570 5634 855 5705 paulatim
904 5637 1253 5709 mysterium
1304 5618 1517 5693 nostris
1566 5640 1721 5709 fidei,
1751 5647 1801 5700 si

169 5698 350 5768 forsan
378 5698 729 5797 illum.-Deus
762 5698 1038 5797 dignetur
1068 5743 1169 5803 per
1199 5744 1304 5783 nos
1332 5724 1567 5784 lucrari.

1166 421 1579 485 COMGEDl/E
1623 419 1799 483 SEX.
1829 449 1910 464 —
1937 418 1987 481 Ι.
2035 416 2549 485 GALLICANUS.

1826 552 1883 622 Α
2623 568 2866 609 ΡΑυιυε.

3448 409 3568 477 989

1997 644 2151 700 Deus
2182 645 2279 700 det
2307 644 2690 716 proventum!
2726 643 2843 699 Nos
2874 640 3224 698 adhibemus
3248 638 3579 711 frequenta-

1923 734 2112 790 tiones
2142 733 2669 789 hortamentorum.

2508 838 2787 896 SCENA
2842 838 2991 894 VII.

2564 943 2934 984 GALLICANUS.

1992 1021 2331 1092 Opportune
2354 1017 2660 1085 advenitis,
2684 1017 2941 1073 Joannes
2963 1019 3017 1071 et
3040 1014 3241 1082 Paule;
3268 1013 3573 1086 suspensis

1871 1169 1874 1174 _
1921 1108 2021 1164 diu
2051 1106 2265 1163 animis
2296 1110 2556 1161 vestrum
2589 1104 2967 1178 prmstolabar
2997 1104 3332 1160 adventum.

2613 1219 2883 1258 JOANNES.

1991 1295 2065 1352 Ut
2095 1310 2293 1350 vocem
2319 1292 2585 1364 jubentis
2617 1293 2843 1346 domnae
2873 1290 3204 1358 hausimus,
3235 1289 3341 1345 tibi
3373 1288 3445 1345 ad
3476 1289 3574 1345 ob-

1920 1385 2286 1456 sequendum
2319 1380 2779 1438 convolavimus.

2560 1493 2933 1535 GALLICANUB.

1988 1571 2173 1629 Multo
2207 1571 2397 1643 magis
2429 1574 2622 1626 vestro
2674 1583 2853 1640 quam
2888 1565 3139 1623 aliorum
3190 1564 3444 1623 delector
3471 1565 3575 1622 ob-

1919 1662 2140 1734 sequio.

2621 1761 2868 1802 PAULUB.

1987 1842 2113 1897 Non
2164 1839 2480 1905 immerito,
2514 1852 2651 1892 nam
2700 1834 2875 1907 vulgo
2907 1832 3166 1889 dicitur:
3213 1832 3319 1899 Qui
3358 1831 3572 1889 dilectis

1818 1926 1866 1992 B
1906 1932 2237 2003 obsequitur,
2270 1936 2322 1984 et
2351 1929 2465 1999 ipse
2494 1928 2569 1982 sit
2595 1924 2845 1980 dilectus.

2556 2035 2907 2079 GALLICANUS
2916 2062 2928 2073 .

1984 2119 2225 2175 Verum.

2605 2215 2877 2257 JOANNES.

1987 2296 2228 2356 Dilectio
2261 2293 2554 2351 mittentis
2585 2291 2738 2347 hera:
2769 2286 3180 2345 reconciliatur
3200 2302 3307 2343 nos
3326 2284 3571 2343 familia—

1916 2389 2077 2446 ritati
2112 2390 2245 2442 tuae.

2413 2531 2424 2544 ,
2561 2482 2936 2526 sumemus.

1987 2569 2113 2624 Non
2164 2580 2333 2638 nego.
2366 2558 2701 2626 Convenite,
2746 2553 3205 2629 congregamini,
3245 2553 3469 2610 tribuni
3512 2556 3573 2612 et

1917 2655 2310 2721 centuriones,
2353 2662 2677 2720 omnesque
2716 2646 2829 2701 mei
2873 2644 3028 2715 juris
3068 2641 3307 2699 milites.
3338 2642 3570 2701 Adsunt

1915 2749 2172 2805 Joannes
2202 2748 2260 2800 et
2291 2739 2526 2806 Paulus,
2560 2750 2810 2808 quorum
2849 2732 3154 2790 detinebar
3196 2729 3466 2789 absentia
3492 2748 3565 2793 ne

1916 2849 2235 2912 pergerem.

2605 2928 2864 2972 TRIBUNI.

2785 3000 3087 3073 (Collectim
3112 2998 3512 3073 comitantur.)

2554 3116 2901 3160 GALLIGANUS
2910 3140 2923 3154 .

1987 3199 2340 3275 Capitolium
2362 3200 2418 3252 et
2437 3192 2657 3266 templa
2678 3189 2936 3264 primum
2958 3187 3129 3245 nobis
3150 3187 3446 3256 intranda,
3460 3203 3567 3243 nu-

1987 3013 2268 3073 Praoede.

1822 3297 1866 3365 C
1908 3293 2187 3363 minaque
2216 3289 2458 3344 deorum
2490 3280 2778 3355 placanda
2806 3282 2947 3334 sunt
2975 3276 3091 3334 ritu
3112 3276 3559 3345 sacriﬁciorum,

1909 3398 2024 3456 quo
2052 3379 2470 3453 prosperantur
2498 3370 2687 3429 exitus
2718 3384 2948 3441 pugnas.

2604 3482 2845 3523 TRIBUNI
2854 3506 2867 3518 .

1977 3568 2247 3624 Necesse.

2595 3658 2863 3699 JOANNES.

1974 3740 2402 3799 Subtrahamus
2434 3752 2541 3791 nos
2570 3728 2826 3787 interim.

2608 3843 2852 3885 PAULUS.

1976 3932 2168 3988 Decet.

2521 4008 2750 4066 SCENA
2783 4004 2936 4061 VIII.

2588 4111 2861 4153 JOANNES.

1971 4201 2076 4266 En,
2110 4198 2229 4252 dux
2248 4190 2572 4266 egreditur;
2597 4184 2987 4243 aseendamus
3009 4198 3211 4256 equos,
3236 4180 3552 4239 offeramus

1901 4306 2007 4346 nos
2039 4286 2289 4343 obviam.

2603 4379 2848 4421 PAULUS.

1970 4451 2049 4506 Ac
2080 4447 2215 4503 cito.

2540 4536 2910 4581 GALLICANUS.

1970 4626 2134 4684 Unde
2162 4619 2376 4693 venitis
2401 4618 2413 4673 l
2445 4615 2555 4673 Ubi
2583 4610 2781 4669 fuistis
2803 4609 2831 4664 ?

2583 4724 2833 4768 JOANNBS
2844 4749 2856 4763 .

1968 4812 2295 4873 Stravimus
2325 4801 2674 4869 sarcinulas,
2708 4796 3125 4872 praemisimus,
3153 4809 3270 4866 quo
3300 4789 3553 4865 expediti

1899 4911 2070 4963 tuum
2100 4902 2210 4957 iter
2240 4894 2536 4970 possimus
2566 4888 2856 4946 comitari.

2539 5001 2910 5045 GALLICANUS.

1972 5090 2184 5148 Placet.

2506 5165 2788 5224 SCENA
2840 5163 2944 5220 IX.

2543 5287 2913 5330 GALLICANUS.

1978 5378 2021 5434 Ο
2050 5369 2293 5437 tribuni,
2327 5365 2472 5439 proh
2525 5359 2787 5434 Jupiter!
2840 5357 3057 5431 aspicio
3103 5350 3517 5427 innumeraij

1908 5465 2194 5526 exercitus
2230 5456 2509 5529 legiones,
2558 5451 2736 5507 variis
2795 5463 3097 5504 armorum
3146 5444 3411 5501 instruo"

1908 5551 2237 5616 horribiles.

2602 5646 2864 5687 TRIBUNI.

1984 5731 2185 5795 Hercle
2210 5727 2412 5784 hostes
2438 5722 2450 5775 !
