3900 6354
719 558 1145 600 CONSTANTINUS
1156 586 1166 597 .

198 634 446 693 Curiose.

754 739 1126 779 GALLICANUS.

197 814 445 886 Expone.

722 917 1170 957 CONSTANTINL'S.

195 993 426 1064 Exopto.

758 1095 1129 1133 GALLICANUS.

201 1170 415 1236 Fateor,
452 1167 849 1223 sacratissime
896 1168 1231 1237 imperator,
1272 1168 1478 1233 iturus,
1519 1173 1581 1223 ut
1614 1170 1777 1240 obje-

134 1257 278 1327 cisti,
309 1258 523 1314 sacella
561 1257 793 1325 intravi,
828 1274 1037 1327 meque
1084 1257 1385 1314 daemoniis
1417 1264 1473 1313 et
1503 1258 1615 1313 diis
1648 1276 1779 1330 sup-

136 1346 260 1419 plex
289 1346 578 1402 commisi.

733 1452 1177 1492 CONSTANTlNUS.

208 1526 321 1582 Hoc
352 1526 633 1583 Romanis
664 1526 991 1597 antiquitus
1023 1526 1133 1580 fuit
1161 1526 1221 1582 in
1253 1543 1432 1582 more.

774 1631 1140 1671 GALLICANUB.

210 1703 360 1761 Mala
389 1705 771 1763 consuetudo.

736 1809 1180 1850 CONSTANTINUS.

207 1881 483 1941 Pessima.

772 1989 1141 2030 GALLICANUS.

206 2062 324 2127 Quo
354 2064 523 2133 pacto
557 2061 775 2117 tribuni
807 2078 940 2117 cum
976 2062 1098 2116 suis
1120 2062 1449 2133 legionibus
1478 2064 1779 2131 advenere,

137 2165 344 2223 meque
374 2154 616 2206 euntem
648 2150 1079 2223 undiquesecus
1113 2167 1362 2221 sepsere.

733 2256 1179 2297 CONSTANTINUS.

204 2327 488 2402 Pomposo
522 2329 843 2386 admodum
875 2333 1159 2400 apparatu
1189 2328 1603 2401 egrediebaris.

772 2434 1142 2474 GALLICANUS.

206 2504 628 2573 Promovimus,
684 2506 882 2560 hostes
933 2506 1315 2577 impcgimus,
1353 2508 1784 2575 commisimus,

138 2593 268 2649 victi
304 2612 535 2651 sumus.

739 2699 1187 2740 CONSTANTINUS.

206 2772 454 2829 Romani
484 2772 620 2828 victi
645 2772 658 2827 l

776 2878 1147 2918 GALLICANOS.

207 2931 466 2989 Penitus.

742 3035 1049 3077 CONSTAN'I'I
1058 3039 1133 3078 ΝΗ
1140 3040 1187 3079 So

204 3109 245 3165 Ο
276 3126 367 3166 res
399 3109 534 3166 dira
565 3110 958 3183 omnibusque
988 3111 1174 3167 saeclis
1209 3111 1509 3167 inaudita!

783 3215 1153 3255 GALLICANUS.

1138 410 1550 474 COMGSDUE
1594 410 1762 472 SEX.
1798 442 1877 454 ——
1904 409 1952 470 Ι.
2002 407 2516 472 GALLICANUS.

1801 542 1853 610 Α

3416 400 3536 467 986

2492 550 2921 599 COND‘MIHNUS.

1950 629 2217 685 Salubre.

2520 731 2883 777 GALLICAIUS.

1952 807 2321 879 Experiebar.
2356 807 2429 864 Ut
2461 826 2526 863 os
2558 809 2625 863 ad
2670 809 2996 863 vovendum
3043 809 3263 880 aperui,
3299 808 3533 865 caeleste

1876 900 2154 969 juvamen
2186 898 2362 952 sensi.

2487 999 2922 1043 CONSTANTINUS.

1957 1078 2077 1141 Quo
2114 1080 2280 1146 pacto
2302 1075 2329 1129 ?

2529 1178 2894 1220 GALLICANUS.

1957 1253 2242 1325 Apparuit
2266 1252 2408 1307 mihi
2433 1253 2668 1324 juvenis
2695 1268 2943 1324 procera:
2968 1253 3389 1326 magnitudinis
3412 1272 3542 1311 cru-

1890 1358 2016 1397 cem
2048 1344 2240 1397 ferens
2270 1341 2329 1396 in
2363 1341 2649 1407 humeris,
2684 1346 2739 1397 et
2771 1341 3044 1414 praecepit
3081 1346 3146 1397 ut
3174 1343 3378 1399 stricto
3406 1359 3541 1399 mu-

1890 1448 2063 1487 crone
2092 1430 2259 1486 illum
2292 1446 2582 1502 sequerer.

2496 1550 2929 1595 CONSTANTINUS.

1963 1626 2241 1697 Quisquis
2271 1625 2369 1684 ille
2398 1632 2543 1697 erat,
2577 1627 2807 1683 caelitus
2840 1628 3059 1685 missus
3092 1628 3300 1685 fuerat.

2533 1748 2814 1793 GALLICAH
2821 1749 2902 1791 US.

1963 1823 2379 1897 Comprobavi;
2416 1840 2521 1880 nec
2552 1840 2735 1892 mora,
2768 1823 3084 1881 astiterunt
3107 1823 3250 1880 mihi
3284 1843 3318 1883 a
3345 1827 3546 1887 dextra

1810 1912 2145 1985 Blaavaque
2194 1913 2411 1968 milites
2461 1913 2690 1981 armati,
2726 1929 2975 1984 quorum
3020 1912 3253 1971 vultum
3299 1914 3545 1977 minime

1895 2002 2122 2075 agnovi,
2156 2002 2563 2074 promittentes
2594 2000 2879 2065 auxilium
2910 2002 3024 2059 sui.

2496 2122 2935 2167 CONSTANTINUS.

1964 2198 2229 2255 Ccelestis
2260 2197 2489 2253 militia.

2532 2301 2816 2346 GALLICA]
2824 2301 2909 2345 σε.

1966 2378 2091 2433 Non
2115 2377 2456 2449 ambigo.At
2476 2376 2573 2431 ubi
2594 2393 2844 2448 sequens
2867 2376 3287 2448 praecedentem
3311 2382 3561 2436 secutus-

1895 2465 2019 2537 [leg.
2042 2464 2306 2536 securus]
2323 2465 2475 2518 inter
2490 2463 2715 2519 medias
2733 2463 2991 2521 hostium
3015 2464 3351 2536 ingrederer
3371 2466 3547 2534 acies,

1897 2555 2128 2626 perveni
2162 2554 2232 2607 ad
2266 2569 2461 2625 regem
2495 2569 2718 2620 eorum,
2745 2553 2981 2609 nomine
3010 2553 3265 2619 Bradan,
3286 2554 3387 2627 qui
3417 2572 3554 2611 mox

1897 2641 2227 2697 incredibili
2269 2642 2371 2697 12
2420 2645 2583 2697 metu
2632 2646 2957 2713 correptus,
3000 2642 3363 2713 pedibusque
3403 2642 3552 2700 meis

1897 2728 2258 2803 provolutus,
2283 2746 2346 2786 se
2365 2746 2502 2785 cum
2525 2729 2650 2786 suis
2677 2728 2959 2797 subdidit,
2983 2730 3285 2801 professus
3305 2746 3550 2789 censum

1897 2818 2148 2892 principi
2180 2817 2429 2876 Romani
2457 2817 2615 2875 orbis
2656 2817 2949 2874 finetenus
2978 2817 3343 2877 solvendum.

2501 2936 2935 2981 οοιητλιιτιιωε.

1971 3013 2173 3069 Grates
2213 3011 2614 3085 prosperitatis
2654 3011 2898 3080 auctori,
2929 3012 3031 3083 qui
3063 3011 3123 3068 in
3155 3030 3217 3070 se
3248 3018 3555 3086 sperantes

1902 3120 2016 3159 non
2047 3102 2267 3174 patitur
2296 3100 2598 3157 confundi.

2544 3219 2914 3266 GALLICAIUI.

203 3288 318 3361 Ego
351 3287 595 3360 quidem
629 3289 884 3344 nefanda
934 3289 1221 3344 sacrificia
1248 3290 1473 3359 iteravi,
1503 3307 1608 3346 nec
1650 3291 1791 3347 ado-
1822 3285 1866 3353 C
1976 3299 2388 3371 Experimento
2419 3297 2620 3353 didici.

141 3380 267 3430 rant
297 3378 396 3449 qui
432 3377 780 3448 adjuvarent
809 3376 919 3443 dii;
956 3379 1056 3431 sed
1101 3377 1486 3434 invalescente
1516 3396 1793 3454 congres-

142 3464 298 3521 sione
330 3465 575 3539 plurimi
606 3482 676 3521 cx
705 3464 923 3520 nostris
956 3467 1246 3521 interiere.

744 3570 1192 3611 CONSTAN’I‘INUS.

206 3642 551 3699 Confundor
584 3642 897 3699 audiendo.

781 3748 1152 3788 GALLICANUS.

209 3823 474 3878 Tandem
506 3822 729 3878 tribuni
772 3838 864 3876 me
905 3828 1268 3894 spreverunt,
1305 3841 1367 3879 se
1406 3824 1791 3881 tradiderunt.

743 3926 1195 3966 CONSTANTINUS.

208 3982 495 4045 Hostibus
513 3983 542 4036 ?

787 4088 1060 4127 GALLICAN
1069 4089 1157 4127 US.

210 4142 379 4214 Ipsis.

748 4246 1099 4293 CONSTANTIN
1108 4248 1197 4287 US.

205 4321 327 4379 Ah!
364 4320 511 4394 quid
543 4319 732 4378 fecisti
758 4320 783 4374 ?

784 4424 1157 4465 GALLICANUS.

209 4498 357 4563 Quid
390 4514 627 4571 possem
661 4497 868 4565 facere,
903 4498 1016 4554 nisi
1049 4499 1248 4571 fugam
1282 4503 1517 4570 captare
1538 4499 1564 4553 ?

746 4601 1095 4644 CONSTANTIN
1105 4603 1195 4645 US.

208 4674 355 4733 Non.

784 4780 1155 4821 GALLICANUS.

205 4833 425 4892 Etiam.

747 4940 1173 4980 CONSTANTINUS
1182 4967 1193 4978 .

204 5014 456 5079 Quantis
486 5018 630 5070 tunc
661 5013 952 5087 angustiis
995 5014 1317 5085 urgebatur
1350 5013 1677 5070 constantia
1706 5015 1793 5071 tui

134 5103 387 5169 pectoris
407 5104 420 5157 Ξ

782 5208 1131 5247 GALLICANUS
1144 5234 1155 5245 .

201 5261 504 5329 Maximis.

744 5354 1196 5407 consrim'rmus.

198 5437 269 5493 Et
299 5438 605 5511 quomodo
638 5438 876 5493 evasisti
896 5438 924 5492 ‘I

786 5544 1160 5583 GALLICANUS.

203 5614 314 5669 Mei
350 5615 677 5671 familiares
709 5616 850 5672 socii
881 5617 1137 5672 Joannes
1161 5620 1217 5672 et
1239 5617 1452 5672 Paulus
1484 5624 1798 5673 suaserunt

138 5703 281 5759 mihi
311 5708 520 5761 votum
552 5704 759 5763 fecisse
791 5706 1065 5763 Creatori.

2508 3417 2862 3462 CONSTAR'HN
2870 3418 2949 3460 US.

1972 3493 2195 3549 Vellem
2226 3491 2473 3566 experiri
2518 3491 2659 3563 quid
2709 3492 2921 3547 deinde
2968 3494 3199 3565 profugi
3250 3495 3571 3550 actitarcnt

1904 3582 2148 3638 tribuni.

2546 3682 2914 3725 αηωοηυε.

1976 3759 2353 3816 Maturabant
2388 3756 2771 3813 reconciliari.

2509 3876 2946 3921 CONSTANTINUS.

1975 3956 2327 4031 Recepistin‘
2357 3956 2541 4030 gratis
2558 3955 2586 4009 ‘?

2548 4076 2830 4122 GALLIO“
2840 4077 2868 4119 U
2875 4078 2920 4120 S.

1974 4156 2094 4230 Ego
2126 4153 2259 4212 illos
2288 4153 2491 4229 gratis,
2516 4154 2620 4227 qui
2646 4170 2740 4210 me
2767 4152 3022 4226 periclis,
3047 4155 3149 4228 qui
3172 4172 3237 4211 se
3265 4154 3562 4214 inimicis?

1906 4245 2064 4301 haud
2096 4244 2200 4301 ita.

2514 4344 2866 4390 CORSTARTIN
2874 4345 2954 4389 I18.

1977 4423 2048 4478 Et
2078 4421 2226 4493 qui?

2546 4521 2826 4565 GALLICA!
2835 4521 2915 4565 σε.

1977 4598 2259 4671 Proposui
2291 4597 2687 4670 promerendae
2718 4596 2921 4670 gratiis
2950 4596 3225 4669 pretium.

2509 4715 2950 4763 COMTANMUS.

1977 4793 2160 4862 Quale
2175 4794 2203 4848 Ἰ

2546 4892 2913 4941 σΑιιιιωιωε.

1974 4971 2260 5030 Videlicet
2283 4973 2502 5028 sectam
2523 4968 3027 5036 Christicolarum,
3051 4986 3232 5042 quam
3253 4971 3354 5043 qui
3370 4971 3569 5046 'elege-
3618 4988 3625 4999 ·

1904 5063 2001 5131 rit,
2034 5062 2284 5135 gratiam
2330 5060 2654 5131 susciperet
2702 5058 2956 5130 priorem
3002 5059 3405 5132 honoremque
3433 5078 3567 5116 am~

1904 5151 2181 5224 pliorem;
2210 5148 2312 5221 qui
2332 5165 2466 5203 vero
2489 5147 2789 5219 spreverit,
2812 5148 3004 5220 gratia
3030 5148 3213 5206 simul
3232 5149 3589 5223 privaretur

1904 5245 1963 5297 et
1992 5240 2224 5296 militia.

2510 5340 2948 5384 CONSTANTINUS.

1979 5421 2155 5475 Recta
2177 5417 2520 5489 propositio,
2546 5420 2764 5487 tuaque
2788 5418 3135 5473 auctoritate
3155 5417 3467 5489 condigna.

2553 5537 2918 5580 αΔιιιοΑιωε.

1976 5616 2095 5688 Ego
2128 5612 2386 5685 quidem,
2412 5611 2766 5683 baptismate
2793 5614 3079 5678 imbutus,
3104 5616 3290 5667 totum
3317 5627 3411 5666 me
3440 5612 3556 5667 Deo

1908 5701 2239 5777 subjugavi,
2274 5701 2333 5756 in
2362 5704 2617 5769 tantum,
2652 5707 2718 5758 ut
2762 5706 2872 5758 tua:
2906 5718 3085 5776 quam
3134 5718 3249 5775 prae
3283 5701 3557 5759 omnibus
