3900 6364
343 379 469 443 981-

345 608 639 683 placerem
669 604 927 679 Virginis
958 603 1128 678 proli.

955 707 1303 752 CONS‘I'ANTIN
1310 709 1391 751 US.

411 787 636 845 Accede
680 784 972 858 proprius,
1006 788 1074 839 ut
1104 784 1326 839 irruam
1373 784 1433 839 in
1486 788 1621 840 tuos
1669 783 1992 855 amplexus.

1147 382 1681 447 HROTSUITHZE
1724 380 2101 444 MONIALIS
2148 383 2962 455 GANDERSHEIMENSIS.

345 517 519 577 dilexi
552 516 1035 575 abrenunciarem
1068 515 1223 583 ﬁlim,
1250 532 1366 587 quo
1406 515 1709 573 abstinens
1742 514 2000 589 conjugii
2029 516 2085 585 Α

3657 400 3772 462 988

2755 540 3125 585 οΔιιιοΔιιυε.

2182 609 2326 679 Fiat,
2360 612 2463 668 fiat
2485 611 2497 666 l

2715 718 3064 763 CONSTANTIR
3071 722 3150 765 US.

2179 799 2322 852 Cum
2355 798 2657 857 vinculum
2686 801 2903 859 Christi
2940 805 3157 861 amoris
3189 806 3248 862 in
3279 808 3458 865 unius
3507 828 3620 868 nos
3672 830 3767 868 so-

339 878 508 934 Nunc
537 875 797 949 quidem,
832 890 991 929 nunc
1022 889 1213 973 ‘cogor
1261 872 1369 927 tibi
1418 873 1686 946 detegere
1717 873 1872 945 quod
1921 873 1996 929 ad
2106 884 2315 941 οίθιδιο
2344 890 2665 963 conjungat
2703 891 3023 964 religionis,
3059 895 3227 951 decet
3258 900 3341 964 ut,
3374 899 3545 970 quasi
3587 918 3767 973 gener

340 972 577 1039 tempus
610 964 921 1021 studebam
952 962 1161 1018 velare.

981 1066 1350 1110 GALLICANUS.

410 1146 558 1214 Quid
582 1145 609 1200 ?

944 1245 1381 1289 COES'I'ANTINUS.

2102 973 2524 1116 Aulgustorum,
2577 979 2896 1037 honoriﬁce
2958 982 3266 1041 nobiscum
3324 985 3557 1045 habites
3613 990 3767 1047 intra

2106 1078 2179 1116 na
2205 1063 2410 1116 atium.

2105 1063 2410 1133 palatium.

2744 1174 3113 1220 GALLICAIUS.

2172 1243 2345 1299 Nulla
2375 1247 2563 1319 magis
2586 1253 2676 1304 est
2700 1250 2936 1307 vitanda
2957 1255 3221 1325 tentatio,
3247 1272 3425 1328 quam
3453 1260 3761 1318 oculorum

407 1329 470 1384 Id
496 1323 784 1392 videlicet,
811 1321 967 1395 quod
993 1336 1126 1377 mea
1154 1324 1385 1392 tuaeque
1412 1323 1559 1376 nata:
1590 1320 1778 1376 eidem
1813 1337 1990 1391 quam
2101 1334 2601 1406 concupiscentia,

335 1415 565 1490 elegisti
597 1414 838 1470 student
869 1409 1157 1483 religioni.

979 1512 1341 1558 GALLICANUS.

406 1595 665 1653 Gaudeo.

940 1690 1375 1735 CONSTANTINUS.

405 1776 712 1843 Tantoque
755 1768 1053 1826 servandas
1083 1766 1437 1839 virginitatis
1484 1767 1737 1839 flagrant
1766 1783 1985 1835 amore,

2704 1441 3141 1489 οοιωτΑκτιιιυε.

2173 1512 2473 1587 Refragari
2511 1532 2756 1589 nequeo.

2738 1631 3111 1677 θΔιιιῐοΑιωε.

2170 1699 2332 1757 Unde
2364 1718 2479 1758 non
2521 1706 2752 1792 expedit
2794 1724 2889 1763 me
2932 1710 3296 1782 frequentius
3332 1714 3625 1788 virginem
3667 1717 3760 1773 in-

2097 1789 2269 1855 tueri,
2295 1806 2472 1862 quam
2495 1809 2611 1864 pm
2644 1789 3007 1866 parentibus,
3036 1815 3151 1871 pm
3180 1800 3316 1870 vita,
3340 1819 3456 1876 pm
3478 1805 3704 1877 anima,
3728 1825 3759 1863 a

329 1867 397 1920 ut
426 1878 534 1919 nec
564 1859 741 1916 minis
773 1873 879 1914 nec
923 1853 1345 1911 blandimentis
1376 1854 1630 1911 revocari
1661 1854 1890 1927 possint
1915 1854 1988 1911 ab
2017 1888 2066 1959 Β
2096 1893 2190 1934 me
2219 1853 2337 1936 δέ)ίέ
2366 1853 2570 1937 αωαὶί,

331 1950 678 2011 intentione.

972 2046 1341 2092 GALLICLNUS.

400 2130 793 2197 Perseverent,
826 2127 1050 2199 exopto.

935 2228 1145 2273 CONSTL
1152 2227 1285 2271 NTIN
1291 2226 1371 2271 es.

401 2312 768 2369 Introeamus
818 2306 879 2362 in
928 2303 1234 2377 palatium,
1276 2302 1377 2359 ubi
1426 2301 1567 2376 ipsas
1617 2319 1982 2360 commoran-

327 2406 445 2459 tur.
478 2430 481 2431 ν

972 2494 1343 2540 ῦΔιωοΑιιυε.

399 2578 687 2645 Pmcede,
719 2590 952 2647 sequar.

936 2675 1373 2719 οοιιετητιπυε.

396 2759 563 2826 Ecce,
598 2755 915 2812 occurrunt
957 2768 1091 2808 cum
1148 2752 1412 2823 Augusta
1460 2750 1677 2808 Helena
1725 2753 1839 2808 mei
1883 2768 1981 2825 ge-

324 2847 534 2906 nitrice
572 2844 847 2919 gloriosa,
880 2840 1276 2912 omnibusque
1323 2838 1592 2921 lacrymai
1642 2840 1836 2897 ﬂuunt
1864 2857 1981 2914 pm

325 2936 562 3015 gaudio.

949 3019 1177 3076 SCENA
1213 3018 1359 3075 XIII.

969 3121 1211 3165 GALLICA
1219 3123 1338 3165 μσς.

397 3202 584 3259 Vivite
612 3200 879 3264 feliciter,
902 3215 935 3253 o
978 3201 1195 3253 sanctae
1233 3196 1508 3270 virgines,
1541 3203 1977 3270 perseverantes

324 3293 385 3348 in
438 3290 541 3346 Dei
600 3288 830 3356 timore,
879 3286 1176 3356 decusque
1220 3285 1574 3359 virginitatis
1629 3287 1974 3345 inviolatum

322 3383 566 3447 servate,
600 3393 717 3450 quo
756 3375 943 3449 dignae
974 3374 1353 3431 inveniamini
1404 3376 1771 3450 amplexibus
1801 3379 1974 3453 Regis

325 3467 545 3528 (sterni.

965 3567 1330 3613 CONSTANTIA.

393 3649 473 3704 Eo
504 3644 752 3703 liberius
781 3643 1167 3711 servabimus,
1192 3660 1308 3716 quo
1329 3647 1385 3701 te
1408 3662 1524 3702 non
1546 3650 1748 3704 contra
1766 3647 1976 3707 luctari

323 3735 634 3795 sentimus.

966 3835 1335 3881 GALLICANUS.

391 3914 517 3969 Non
564 3916 770 3970 contra
813 3911 1025 3980 luctor,
1059 3929 1176 3968 non
1224 3911 1462 3983 renitor,
1496 3932 1611 3971 non
1660 3919 1974 3990 prohibeo;

322 4003 427 4060 sed
454 4002 666 4059 vestris
695 4001 756 4057 in
799 4000 910 4057 hoc
938 4000 1087 4057 votis
1117 4000 1306 4057 libens
1347 4006 1600 4061 concedo
1631 4007 1691 4062 in
1720 4012 1971 4078 tantum,

322 4095 389 4148 ut
416 4107 522 4146 nec
549 4094 627 4159 te,
662 4107 696 4146 o
726 4105 859 4146 mea
887 4091 1282 4159 Consatantia,
1307 4106 1485 4163 quam
1530 4094 1687 4152 haud
1720 4100 1978 4172 segniter

320 4178 436 4236 emi
467 4178 596 4234 vitae
625 4178 833 4250 pretio,
867 4177 1025 4234 aliud
1058 4195 1237 4251 quam
1269 4181 1496 4253 cmpisti
1525 4184 1669 4241 velle
1697 4203 1928 4261 cogam.

961 4280 1330 4325 COISTLNTIA.

391 4356 523 4413 Haac
554 4354 803 4412 mutatio
832 4355 1043 4412 dextras
1074 4355 1319 4413 Excelsi.
1392 4374 1395 4379 '

964 4459 1331 4503 ϐΔιιιιαΑιωε.

390 4535 450 4591 Si
474 4534 535 4591 in
562 4535 777 4592 melius
796 4539 1060 4593 mutatus
1085 4553 1200 4592 non
1222 4554 1434 4607 essem,
1460 4543 1573 4597 tua:
1596 4545 1971 4613 promissioni

318 4625 420 4682 18
450 4641 762 4682 assensum
794 4642 911 4682 non
941 4627 1279 4700 pmberem.

959 4729 1327 4773 οοιωτλπτῐι.

386 4800 628 4859 Amicus
654 4803 950 4875 pudicitia
979 4804 1283 4877 virginalis
1304 4809 1361 4862 et
1381 4807 1574 4865 fautor
1594 4812 1776 4869 totius
1808 4815 1972 4873 bonae

315 4888 657 4959 voluntatis,
691 4891 792 4963 qui
834 4896 891 4947 te
938 4892 1011 4948 ab
1042 4892 1266 4964 injusta
1293 4894 1616 4955 intentione
1664 4905 1969 4976 revocavit,

318 4994 630 5050 meamque
653 4978 1049 5053 virginitatem
1092 4983 1205 5039 sibi
1251 4985 1524 5057 signavit,
1556 4988 1834 5063 dignetur
1865 5011 1971 5051 nos

318 5083 424 5139 pro
467 5067 753 5139 corporali
802 5068 1049 5127 discidio
1079 5073 1432 5145 quandoque
1481 5078 1838 5138 associatum
1888 5083 1973 5139 ire

316 5154 379 5211 in
410 5159 623 5212 aeterno
652 5158 889 5229 gaudio.

1998 4631 2048 4698 D

2703 1987 2912 2034 COISTA
2919 1991 3138 2036 81⁵11138.

2167 2058 2240 2114 Ut
2268 2058 2427 2116 libet.

2736 2168 3109 2214 GALLICAIUS.

2165 2237 2329 2307 Ecce,
2362 2239 2545 2297 habes
2588 2244 3101 2317 quadruplicatum
3148 2250 3467 2307 exercitum
3515 2251 3753 2311 Christo

2093 2323 2322 2382 favente
2353 2332 2534 2385 etme
2582 2329 2909 2399 laborante,
2949 2340 3148 2406 patere
3197 2341 3262 2393 ut
3298 2355 3455 2395 nunc
3498 2341 3753 2400 militem

2092 2413 2452 2487 imperatori,
2477 2421 2649 2491 cuius
2670 2421 2975 2493 juvamine
3004 2425 3135 2493 vici,
3163 2431 3221 2483 et
3245 2427 3339 2484 cui
3371 2430 3551 2487 debeo
3586 2433 3757 2506 quid-

2093 2503 2236 2574 quid
2268 2503 2515 2562 feliciter
2542 2507 2677 2564 vixi.

2702 2623 2911 2668 CONSTA
2918 2626 3012 2669 l'l‘l
3020 2627 3051 2668 Π
3058 2627 3139 2669 σε.

2163 2691 2364 2764 Ipsum
2396 2694 2559 2751 decet
2588 2695 2719 2755 laus
2742 2702 2798 2755 et
2823 2699 3119 2772 jubilatio,
3142 2703 3253 2775 ipsi
3276 2705 3450 2762 debet
3470 2706 3749 2766 famulari

2092 2781 2286 2838 omnis
2317 2787 2605 2841 creatura.

2731 2889 3095 2937 GALLIGANUS.

2162 2959 2274 3015 Sed
2305 2960 2389 3015 illi
2422 2961 2820 3049 potissimum,
2852 2967 2985 3038 quis
3034 2969 3095 3024 in
3143 2971 3491 3030 necessitate
3522 2970 3748 3049 largius

2088 3050 2328 3118 praestat
2357 3048 2662 3105 auxilium.

2695 3160 3130 3208 CONSTARTINUS.

2160 3231 2233 3287 Ut
2258 3234 2493 3291 asseris.

2730 3340 3098 3385 GALLICANUS.

2155 3412 2383 3470 Partem
2414 3416 2826 3488 possessionis,
2851 3434 2980 3490 qua:
3013 3419 3085 3474 ad
3116 3419 3267 3476 ﬁlias
3296 3422 3576 3494 pertinet,
3603 3428 3747 3483 exci-

2084 3503 2201 3576 pio,
2216 3508 2557 3578 partemque
2573 3507 2645 3562 ad
2673 3508 3109 3580 susceptionem
3131 3511 3578 3584 peregrinorum
3598 3516 3743 3572 mibi

2085 3610 2336 3651 reservo.
2370 3594 2451 3650 De
2500 3595 2722 3668 reliquo
2772 3598 3041 3669 proprios
3091 3615 3288 3656 servos
3338 3600 3615 3661 libertate
3647 3606 3747 3662 do-

2085 3688 2254 3742 natos
2304 3683 2498 3752 ditari,
2533 3701 2976 3759 pauperumque
3028 3688 3409 3748 necessitates
3437 3692 3570 3750 volo
3618 3711 3747 3751 sus-

2086 3774 2322 3833 tentari.

2692 3877 3128 3924 CONSTANTINUS.

2158 3956 2480 4011 Prudenter
2536 3969 2811 4026 possessa
2860 3955 3154 4027 disponis,
3214 3973 3320 4014 nec
3378 3974 3587 4032 expers
3642 3961 3741 4018 ﬂes

2086 4051 2312 4103 aeterna:
2342 4043 2766 4102 retributionis.

2728 4156 3097 4201 GALLICANUS.

2157 4235 2247 4290 Me
2278 4234 2475 4306 ipsum
2505 4233 2681 4290 etiam
2731 4237 2932 4290 sancto
2961 4234 3084 4288 viro
3134 4232 3433 4291 Hilariano
3484 4234 3546 4291 in
3600 4238 3741 4293 urbe

2084 4323 2312 4380 ostendi
2345 4323 2419 4395 (2)
2451 4322 2821 4379 individuum
2864 4321 3126 4378 sodalem
3166 4323 3341 4379 ardeo
3381 4325 3738 4382 associatum

2083 4413 2153 4469 iri
2186 4429 2299 4486 quo
2331 4413 2551 4469 ibidem
2582 4411 2874 4484 reliquum
2902 4410 3034 4468 vita:
3064 4411 3125 4467 in
3171 4410 3272 4468 Dei
3311 4410 3483 4469 laude
3513 4429 3738 4488 paupe-

2082 4517 2333 4575 rumque
2360 4517 2559 4559 vacem
2590 4501 2983 4573 susceptione.

2691 4621 3124 4667 CONSTANTINUS.

2156 4709 2415 4781 Simplex
2441 4708 2604 4776 Esse,
2630 4709 2723 4765 cui
2745 4724 2976 4781 semper
2995 4712 3085 4764 est
3116 4725 3307 4780 posse,
3329 4707 3484 4765 sinat
3501 4709 3591 4764 tui
3613 4725 3731 4765 esse

2084 4798 2380 4873 prosperis
2411 4797 2885 4854 successionibus
2908 4798 3081 4869 juxta
3119 4798 3211 4853 sui
3259 4796 3406 4853 velle
3433 4796 3649 4869 vigere,
3679 4801 3733 4853 et

2084 4888 2367 4961 perducat
2404 4891 2461 4942 te
2507 4886 2581 4942 ad
2630 4885 2848 4959 gaudia
2897 4885 3261 4955 aeternitatis,
3295 4885 3397 4957 qui
3447 4889 3654 4958 regnat
3679 4889 3731 4941 et

2083 4976 2368 5051 gloriatur
2397 4975 2458 5031 in
2489 4975 2715 5032 unitate
2745 4974 3069 5031 Trinitatis.

2726 5094 3097 5139 θΑιωσΑιωε.

2150 5175 2355 5229 Amen.

496 5279 863 5372 Ig‘ovi‘ssimus
893 5282 1324 5342 Comoediarum
1366 5288 1719 5350 Hrotsuithzc
1750 5296 1939 5356 editor
1965 5300 2033 5367 Q.
2066 5299 2325 5372 Magnin,
2359 5298 2455 5354 hic
2487 5297 2801 5371 legendum
2850 5301 3049 5354 monet
3080 5297 3316 5354 Ostiensi
3345 5296 3471 5353 loco
3504 5293 3717 5353 ostendi.

318 5349 479 5406 Enrr.
514 5351 756 5409 PATROL.

1576 5582 2493 5628 ψ
