3900 6374
124 396 236 458 989

1133 389 1541 452 ΟΟΜΟΕΒΙᾸΕ
1587 389 1759 449 SEX.
1793 422 1872 432 —
1903 388 1947 450 Ι.
1998 388 2510 450 GALLICANUS.

1300 630 1670 718 ACTUS
1731 629 2338 718 SECUNDUS

1414 835 2193 898 INTERLOCUTORES
2223 854 2242 895 :

455 1027 803 1084 JULIANUS
836 1044 1179 1096 IMPERATOR,
1213 1042 1520 1094 CONSULES,
1554 1039 1798 1091 MILITES,
1830 1023 2372 1092 TERENTIANUS,
2408 1025 2747 1094 JOANNES,
2783 1045 3184 1087 cumsricouz.

791 1331 1016 1387 SCENA
1048 1331 1088 1385 Ι.

789 1436 1087 1475 JULIANUS.

186 1514 284 1567 ’l-l
320 1511 764 1566 Incommodum
796 1507 938 1563 satis
971 1514 1166 1564 nostro
1199 1509 1476 1580 probatur
1507 1525 1635 1564 esse
1656 1510 1763 1564 im-

116 1599 292 1671 perio,
328 1599 486 1670 quod
519 1596 825 1652 christiani
877 1597 1056 1651 libero
1113 1601 1362 1651 utuntur
1411 1595 1673 1663 arbitrio,
1709 1600 1765 1652 et

107 1688 329 1758 jactant
372 1703 436 1742 se
482 1687 638 1758 leges
697 1686 904 1740 debere
969 1685 1156 1756 sequi,
1201 1701 1347 1756 quas
1403 1684 1767 1756 accipiebant

114 1777 478 1848 temporibus
509 1775 892 1832 Constantini.

791 1878 1098 1918 CONSULES.

179 1957 386 2026 Turpe,
427 1954 475 2010 si
508 1952 748 2025 pateris.

792 2058 1093 2098 JULIANUS.

179 2131 304 2188 Non
335 2131 550 2204 patiar.

791 2236 1100 2276 CONSULES.

181 2309 371 2366 Decet.

788 2413 1087 2453 JULIANUS.

182 2486 507 2555 Omilites,
557 2486 953 2559 accingimini,
1016 2491 1071 2542 et
1131 2488 1347 2542 nudate
1406 2486 1770 2542 Christicolas

1797 1326 1852 1393 Α

2589 1347 2836 1390 MILITES.

1948 1419 2058 1473 Sed
2092 1419 2350 1475 Joannes
2386 1423 2442 1476 et
2473 1420 2689 1476 Paulus
2721 1426 2775 1477 te
2808 1424 3139 1481 fastidiunt.

2554 1527 2855 1569 JULIANUS.

1949 1596 2096 1665 Quid
2131 1599 2358 1670 agunt?

2583 1707 2832 1749 MILITBS.

1950 1774 2153 1831 Libere
2186 1780 2491 1849 vagantur,
2527 1777 2836 1835 thesauros
2867 1780 3223 1840 Constantia:
3270 1791 3526 1860 erogant.

2551 1883 2852 1924 JULIANUS.

1947 1953 2330 2009 Advocentur.

2583 2062 2648 2101 ΜῙ
2656 2061 2827 2104 ιιτιςε.

1947 2131 2198 2187 Adsunt.

2540 2222 2768 2278 SCENA
2805 2223 2872 2279 V.

2553 2329 2854 2370 JULIANUS.

1951 2399 2076 2454 Non
2133 2400 2326 2454 nescio
2382 2417 2504 2468 vos,
2539 2400 2796 2457 Joannes
2844 2407 2903 2458 et
2935 2403 3129 2472 Paule,
3163 2423 3195 2461 a
3227 2406 3535 2463 cunabulis

1878 2491 2276 2561 Augustorum
2310 2490 2675 2562 maneipatos
2707 2491 2887 2547 fuisse
2918 2493 3219 2565 obsequio.
3239 2492 3251 2504 ’

114 2575 588 2646 possessionibus
611 2575 1217 2648 propriis,objiciendo
1239 2575 1590 2631 sententiam
1613 2575 1772 2630 Chri-
2565 2596 2840 2638 JOANNES.

114 2664 182 2719 sti
216 2664 472 2719 dicentis
505 2681 517 2718 :
552 2665 660 2730 Qui
713 2682 828 2719 non
885 2665 1302 2720 renuntiaverit
1332 2666 1610 2722 omnibus
1641 2681 1768 2736 qua:
1799 2699 1848 2765 B
1952 2667 2213 2722 Fuimus.

115 2752 387 2823 possidet,
426 2753 496 2808 N.
533 2753 592 2808 Ρ.
627 2754 690 2808 Τ.
730 2753 806 2808 Μ.
841 2753 908 2808 ν.
943 2755 1006 2808 Ε.
1041 2755 1096 2810 S.
1135 2754 1194 2810 P.
1231 2755 1298 2810 T.

2555 2773 2853 2816 JULIANUSe

821 2859 1066 2898 mures.
1950 2843 2113 2898 Unde
2146 2844 2309 2899 decet
2337 2848 2402 2899 ut
2433 2861 2560 2900 meo
2598 2844 2949 2902 inhrerentes
2979 2846 3145 2902 lateri
3175 2850 3441 2906 servietis
3475 2850 3534 2906 in

184 2929 244 2986 In
278 2929 455 2987 nobis
482 2947 596 2987 non
628 2929 736 2986 erit
758 2947 940 2987 mora.
1880 2933 2116 3005 palatio,
2150 2933 2208 2987 in
2235 2950 2348 3005 quo
2381 2933 2585 2988 nutriti
2617 2933 2760 2989 estis
2791 2952 2824 2988 a
2855 2951 3054 3006 puero.

775 3038 1001 3095 SCENA
1043 3039 1112 3094 II.

2585 3037 2694 3076 PAU
2704 3037 2828 3077 LUS.

793 3144 1098 3183 CONSULEs,
1952 3111 2118 3166 Haud
2149 3111 2488 3165 serviemus.

183 3216 286 3282 En,
317 3214 541 3271 milites
576 3219 962 3272 revertuntur.
2557 3216 2858 3256 JULIANus.

790 3323 1093 3361 JULIANUS.
1953 3290 2158 3358 Mihin,
2194 3307 2307 3346 non
2341 3289 2649 3346 servietis?

185 3393 573 3450 Secundusne
602 3397 692 3449 est
721 3399 909 3450 vester
939 3395 1208 3450 reditus?
2571 3396 2844 3436 JOANNlis.

823 3500 1068 3539 MILITES.
1952 3469 2238 3524 Diximus.

185 3553 518 3610 Secundus.
2556 3574 2859 3614 JULIANUS.

794 3659 1092 3699 JULIANUS.
1953 3649 2105 3703 Num
2138 3664 2253 3701 non
2283 3647 2552 3701 videmur
2575 3647 2879 3718 Augustus
2899 3647 2926 3701 ?
2986 3648 2993 3654 ’

183 3733 252 3789 Et
281 3750 388 3790 cur
417 3737 543 3790 tam
576 3732 728 3788 citus
749 3734 776 3787 ‘?
2586 3751 2831 3791 munus.

822 3839 1064 3878 MILITES.
1954 3827 2064 3882 Sed
2099 3823 2402 3882 dissimilis
2434 3823 2750 3897 prioribus.

183 3910 463 3967 Dicemus
498 3927 510 3964 :
543 3910 815 3980 Castella,
846 3929 972 3983 quas
1001 3911 1334 3967 Gallicanus
1365 3912 1475 3968 sibi
1509 3912 1772 3984 retinuit,
2554 3929 2857 3970 JULIANUS.

116 3999 485 4056 decrevimus
517 4000 790 4068 intrasse,
826 4004 1056 4072 tumque
1109 4000 1371 4057 servituti
1403 4019 1722 4073 usurpasse
1754 4020 1766 4070 ;
1812 4069 1845 4076 _
1954 4007 2019 4061 In
2052 4004 2209 4076 quo?

117 4089 290 4155 sed,si
323 4089 464 4161 quis
494 4105 563 4145 ex
593 4089 811 4145 nostris
840 4091 1046 4162 pedem
1079 4090 1637 4162 admovit,lcprosus
1668 4107 1770 4148 seu
1801 4069 1846 4140 (ἶ
2575 4109 2845 4149 JOANNES.

113 4193 552 4251 energumenus
578 4183 668 4235 est
698 4179 909 4236 factus.
1957 4182 2255 4256 Religione
2286 4186 2343 4237 et
2373 4182 2600 4238 merito.

793 4285 1096 4326 JULIANUS.
2560 4288 2861 4328 JULIANUS.

185 4355 590 4425 Revertimini,
625 4357 937 4430 ipsumque
996 4356 1325 4430 compellite
1381 4358 1468 4413 vel
1524 4358 1774 4430 patriam
1955 4361 2177 4418 Vellem
2210 4359 2442 4434 plenius
2473 4361 2698 4416 audire.

119 4441 405 4513 deserere,
441 4444 531 4502 vel
565 4444 737 4502 idolis
769 4445 1117 4502 sacriﬁcare.
2591 4465 2834 4504 munus.

761 4534 988 4590 SCENA
1036 4535 1131 4592 III.

761 4639 1131 4680 GALLICANUS.

185 4710 266 4766 Ne
297 4710 654 4783 fatigemini,
683 4729 716 4768 ο
757 4711 1000 4782 milites,
1023 4713 1253 4769 inutilia
1285 4715 1606 4784 suadendo,
1639 4717 1777 4788 quia

118 4797 175 4851 in
205 4795 601 4855 aestimatione
661 4804 886 4856 aeterna:
933 4802 1061 4856 vitae
1111 4803 1274 4859 flocci
1307 4805 1453 4859 facio
1487 4805 1774 4877 quidquid

116 4885 365 4944 habetur
387 4889 504 4946 sub
526 4887 845 4945 sole.Unde
873 4890 1124 4962 patriam
1156 4893 1360 4948 desero
1391 4897 1449 4948 et
1477 4893 1640 4949 exsul
1672 4912 1775 4967 pro

116 4975 343 5034 Christo
384 4977 799 5034 Alexandriam
833 4983 985 5051 peto,
1020 4984 1230 5054 optans
1259 4981 1478 5038 ibidem
1510 4985 1774 5040 coronari

117 5066 416 5139 martyrio.

761 5158 988 5214 SCENA
1037 5158 1131 5213 ιν.
1217 5218 1228 5227 ,

823 5265 1069 5304 MILITES.

184 5333 548 5404 Gallicanus,
581 5341 648 5392 ut
677 5338 933 5409 jussisti,
968 5339 1154 5410 patria
1204 5339 1481 5412 expulsus
1531 5340 1774 5397 Alexan-

116 5420 303 5479 driam
331 5424 733 5499 petiit,ibique
752 5446 787 5484 a
804 5428 1100 5486 Rauciano
1123 5428 1334 5486 comite
1356 5433 1555 5486 tentus
1585 5430 1778 5502 gladio
1808 5446 1856 5510 Β

115 5515 200 5567 est
229 5518 593 5586 peremptus.

797 5625 1098 5664 JULIANUS.

186 5692 228 5747 Ο
259 5693 411 5750 bene
446 5695 666 5752 factum
693 5698 704 5752 Ξ

1955 4539 2243 4596 Volumus
2302 4538 2534 4594 dicere:
2572 4535 2990 4593 Gloriosissimi
3050 4542 3107 4593 et
3158 4539 3538 4595 famosissimi

1887 4631 2273 4700 imperatores
2293 4626 2738 4694 Constantinus,
2753 4626 3040 4682 Constans
3061 4632 3118 4682 et
3139 4627 3535 4696 Constantius,

1887 4735 2138 4791 quorum
2155 4718 2271 4773 fam
2281 4716 2590 4772 ulabamus
2604 4715 2681 4769 im
2690 4715 3035 4787 perio,fuere
3050 4715 3159 4770 viri
3171 4715 3540 4775 Christianis-

1887 4808 2044 4876 simi,
2078 4811 2135 4862 et
2164 4805 2567 4880 gloriabantur
2596 4822 2657 4860 se
2689 4821 2884 4860 servos
2914 4821 3042 4860 esse
3072 4804 3304 4861 Christi.

2560 4910 2860 4950 JULIANUS.

1959 4985 2221 5056 Memini,
2255 4985 2357 5041 sed
2391 5000 2505 5038 non
2536 4986 2671 5055 opto
2702 5000 2801 5038 eos
2832 4983 2890 5038 in
2923 4983 3032 5039 hoc
3063 4983 3250 5056 sequi.

2594 5089 2840 5128 PAULUS.

1957 5164 2254 5221 Deteriora
2281 5161 2552 5218 imitaris.
2587 5163 2693 5228 Qui
2743 5161 3020 5218 ecclesias
3068 5162 3538 5235 frequentabant,

1887 5259 1941 5310 et
1961 5270 2204 5310 excusso
2237 5253 2565 5308 diademate
2586 5251 2685 5307 l5
2704 5251 2980 5323 prostrati
3004 5253 3208 5310 Jesum
3240 5254 3538 5311 Christum

1887 5343 2228 5401 adorabunt.

2561 5447 2862 5488 JULIANUS.

1955 5523 2039 5578 Ad
2074 5521 2195 5576 haec
2227 5537 2321 5575 me
2351 5536 2466 5576 non
2498 5520 2728 5592 cogitis.

2575 5627 2846 5668 JOANNES.

1958 5700 2090 5755 Ideo
2121 5697 2236 5754 illis
2270 5714 2331 5755 es
2362 5697 2690 5756 dissimilis.
