3900 6364
290 400 406 462 991

997 530 1240 588 pAuws.

362 628 510 685 Nam
543 624 681 697 quia
710 623 1095 679 adolebantur
1132 620 1411 686 Creatori,
1446 619 1785 691 Augustalis
1814 620 1947 692 api-

1098 394 1630 460 HROTSUITHE
1673 392 2053 457 MONIALIS
2101 396 2917 465 GANDERSHEIMENSIS.

1974 528 2031 596 Α

3600 407 3711 471 992

2752 549 3024 594 JOANNES.

2126 622 2408 695 Acceptas
2442 640 2559 680 non
2588 625 2753 681 flocci
2776 626 3063 683 faciamus
3083 627 3374 696 inducias,
3407 629 3508 686 sed
3532 615 3706 687 facul-

291 732 417 773 cem
448 713 755 787 dignitatis
780 712 1070 768 ornabant
1089 715 1145 765 et
1166 710 1580 765 beatiﬁcabant
1611 708 1945 782 insignibus
2055 714 2206 767 tates
2238 713 2379 767 ocelo
2410 714 3077 788 permittamus,nosque
3090 716 3339 788 jejuniis
3370 723 3429 775 et
3454 720 3711 777 obsecra-

291 823 410 862 sum
441 802 749 875 probitatis
779 805 837 856 et
874 800 1226 871 sanctitatis,
1259 799 1671 873 prosperisque
1712 799 1781 854 ad
1815 802 1947 854 vota
2056 800 2318 857 tionibus
2348 802 2463 859 Deo
2495 804 2732 860 interim
2760 807 3265 862 commendemus.

289 891 763 950 successionibus
794 890 1110 963 pollebant.

963 1005 1265 1045 JULIANUS.

360 1083 522 1139 Certe
554 1097 679 1154 ego.

974 1183 1247 1225 JOANNBS.

355 1264 481 1319 Non
513 1260 694 1318 simili
734 1260 928 1327 modo,
964 1260 1103 1332 quia
1153 1275 1250 1315 eos
1299 1258 1495 1313 divina
1552 1259 1943 1319 comitabatur

282 1352 489 1427 gratia.
1611 1358 1626 1376 '

959 1454 1260 1495 JULIANUS.

355 1531 597 1589 Frivola.
631 1530 748 1603 Ego
811 1527 1108 1601 quondam
1169 1526 1387 1583 stultus
1430 1525 1571 1584 talia
1600 1527 1848 1595 exercui,
1885 1532 1941 1583 et

282 1620 620 1679 clericatum
651 1620 711 1675 in
741 1617 1001 1675 Ecclesia
1030 1615 1280 1672 obtinui.

972 1716 1242 1771 JOA'NNss.

351 1809 620 1868 Placetne
648 1807 778 1876 tibi,
813 1824 844 1863 ο
878 1805 1075 1874 Paule,
1106 1804 1354 1862 clericus
1373 1805 1401 1859 ?

985 1920 1228 1961 PAULUS.

348 1999 574 2058 Diaboli
606 1996 962 2070 capellanus.

952 2108 1252 2149 JULIANUS.

345 2191 419 2245 At
446 2187 549 2244 ubi
580 2184 726 2241 nihil
749 2182 1021 2239 utilitatis
1041 2182 1235 2238 inesse
1261 2180 1726 2255 deprehendi,ad
1751 2185 1936 2241 cultu-

276 2294 402 2336 ram
426 2277 671 2332 deorum
691 2288 785 2329 me
805 2271 1025 2340 inﬂexi,
1061 2286 1312 2345 quorum
1335 2272 1522 2343 pietas
1552 2289 1645 2330 me
1675 2275 1937 2345 provexit

274 2369 345 2424 ad
378 2365 679 2439 fastigium
709 2360 895 2435 regni.

966 2465 1216 2506 JOANNES
1225 2492 1237 2504 .

344 2543 645 2617 Abrupisti
681 2540 866 2597 nostri
894 2539 1238 2606 orationem,
1274 2556 1347 2595 ne
1377 2540 1610 2597 audires
1633 2543 1934 2613 justorum

274 2636 532 2693 laudem.

948 2733 1250 2791 mutamus.

343 2811 498 2885 Quid
518 2811 598 2869 ad.
622 2826 717 2868 me
735 2808 764 2863 ?

982 2912 1207 2956 PAULUS
1215 2940 1227 2955 .

342 2991 498 3048 Nihil
527 3008 541 3060 ;
575 2990 677 3047 sed
708 2986 1194 3059 subjungendum
1242 2991 1331 3045 est
1362 2990 1519 3061 quod
1550 2990 1621 3045 ad
1652 2995 1730 3045 te.
1766 2990 1928 3045 Post-

273 3098 452 3154 quam
487 3079 644 3135 enim
676 3077 937 3133 mundus
959 3076 1046 3131 eis
1068 3092 1185 3131 non
1218 3079 1344 3131 erat
1373 3077 1589 3149 dignus
1618 3078 1926 3146 habendis,

270 3167 528 3240 suscepti
559 3170 701 3223 sunt
732 3166 885 3220 inter
914 3163 1177 3235 angelos,
1210 3163 1434 3236 tibique
1486 3164 1686 3220 infelix
1730 3181 1930 3236 respu-

269 3257 425 3315 blica
456 3253 900 3325 relinquebatur
928 3251 1199 3323 regenda.

942 3363 1245 3407 JULIANUS.

339 3443 454 3499 Cur
482 3439 685 3496 infelix
705 3439 877 3512 juxta
903 3437 963 3492 id
992 3436 1276 3508 temporis
1297 3436 1327 3491 7

956 3558 1229 3599 πολίτης.

337 3638 421 3693 Ex
451 3634 733 3708 qualitate
765 3632 1030 3690 rectoris.

972 3742 1196 3786 PAULUS
1205 3770 1217 3783 .

339 3821 649 3896 Reliquisti
680 3837 914 3878 omnem
948 3818 1314 3892 religionem,
1339 3823 1397 3874 et
1427 3820 1694 3876 imitatus
1723 3839 1786 3880 es
1808 3824 1929 3881 ido-

265 3912 510 3969 lolatria:
568 3909 1069 3983 superstitionem.
1112 3908 1221 3963 Pro
1275 3908 1382 3963 hac
1443 3909 1769 3982 iniquitate,
1803 3918 1862 3969 et
1891 3931 1928 3972 a

266 4001 385 4059 tuis
417 3999 835 4073 conspectibus
864 4001 921 4052 et
950 4014 984 4052 a
1014 3999 1250 4053 tuorum
1312 3997 1586 4054 societate
1635 4017 1744 4056 nos
1787 4002 1928 4058 sub-

265 4088 576 4146 traximus.

942 4188 1245 4228 JULIANUS.

339 4266 501 4322 Licet
519 4264 663 4321 satis
686 4262 890 4320 multis
908 4279 941 4317 a
954 4261 1121 4317 vobis
1142 4260 1562 4318 dehonestatus
1594 4263 1929 4333 sim,adhuc

265 4360 465 4413 tamen
497 4369 745 4426 parcens
800 4350 1058 4408 audaciae
1091 4350 1264 4423 cupio
1293 4366 1399 4406 vos
1427 4350 1583 4408 inter
1611 4354 1833 4425 primos
1864 4358 1926 4413 in

267 4443 482 4516 palatio
511 4441 804 4498 extollere.

959 4543 1229 4585 JOANNBB.

338 4622 424 4681 his
451 4618 749 4712 fatigate,
774 4618 914 4691 quia
971 4633 1077 4673 nec
1136 4617 1335 4687 minis,
1370 4634 1477 4673 nec
1504 4617 1928 4681 blandimentis
1955 4645 2004 4712 ι)

267 4708 535 4782 cogimur
563 4706 788 4765 cedere.

941 4808 1245 4849 JULIANUS.
1315 4810 1320 4815 ’

336 4885 548 4942 Decem
572 4884 803 4939 dierum
826 4882 976 4938 dabo
1006 4881 1297 4948 inducias,
1311 4898 1428 4954 quo
1459 4886 1698 4941 tandem
1730 4888 1928 4961 resipi-

266 4977 495 5031 scentes
526 4972 682 5027 ultro
731 4970 1043 5027 maturetis
1087 4970 1450 5027 reconciliari
1480 4974 1680 5047 gratia:
1711 4982 1929 5033 nostra;

267 5060 596 5135 dignitatis.
634 5061 735 5116 Sin
767 5064 987 5128 autem,
1010 5060 1167 5131 quod
1197 5061 1535 5118 faciendum
1568 5068 1658 5120 est
1689 5065 1920 5137 faciam,

266 5168 385 5221 non
417 5149 575 5205 ultra
600 5148 765 5204 vobis
796 5148 1051 5204 ludibrio
1083 5149 1243 5205 fiam.

974 5262 1085 5302 PAU
1093 5262 1219 5303 LUS.

337 5337 499 5403 Quod
533 5336 797 5391 facturus
819 5335 934 5390 eris
967 5335 1140 5392 hodie
1169 5337 1402 5409 perfice,
1437 5337 1574 5410 quia
1603 5356 1707 5397 nec
1738 5344 1809 5398 ad
1841 5345 1927 5400 tui

267 5426 700 5493 salutationem,
735 5441 841 5480 nec
882 5426 951 5479 ad
999 5424 1306 5496 palatium,
1342 5444 1447 5482 nec
1500 5428 1571 5483 ad
1633 5430 1924 5489 culturam

267 5516 507 5596 deorum
542 5533 648 5572 nos
679 5514 898 5587 poteris
928 5530 1216 5569 revocare.
1462 5528 1465 5529 '

942 5628 1242 5668 JULIANUS.

337 5700 521 5769 Abite,
556 5700 857 5770 discedite,
894 5717 1021 5773 quae
1054 5701 1253 5757 monui
1288 5706 1633 5774 perpetrate.

2760 909 3005 950 PAULUS.

2125 978 2502 1052 Consequens
2533 985 2641 1038 est.

2707 1072 2934 1127 SCENA
2972 1072 3066 1129 VI.

2728 1176 3030 1218 JULIANUS.

2121 1247 2299 1316 Vade,
2335 1249 2703 1317 Terentiane,
2739 1250 2997 1323 sumptis
3026 1256 3222 1307 tecum
3256 1253 3543 1311 militibus
3560 1273 3711 1313 com-

2049 1335 2198 1409 pelle
2233 1337 2519 1393 Joannem
2552 1343 2609 1394 et
2639 1338 2886 1394 Paulum
2946 1340 3053 1395 deo
3100 1341 3229 1397 Jovi
3266 1342 3618 1402 sacrificare.
3650 1347 3707 1403 Si

2050 1428 2247 1481 autem
2298 1426 2591 1483 obstinato
2651 1426 2979 1483 resisterint
3032 1433 3286 1502 pectore,
3319 1432 3707 1508 perimantur,

2049 1530 2165 1569 non
2197 1513 2415 1587 palam,
2450 1516 2552 1573 sed
2585 1515 2838 1573 nimium
2869 1517 2972 1574 10
3004 1517 3254 1588 occulte,
3286 1520 3425 1593 quia
3463 1521 3705 1597 palatini

2048 1602 2228 1659 fuere.

2686 1695 2912 1752 SCENA
2948 1697 3072 1763 VII.

2665 1800 3062 1843 TERENTIANUS
3070 1830 3083 1842 .

1964 1904 2014 1968 Β
2118 1871 2442 1955 ῙΠῚΡΘΓᾶῒΟΤ
2471 1872 2747 1930 Julianus
2778 1873 3095 1947 cuipservio
3125 1874 3291 1932 misit
3310 1879 3498 1947 vobis,
3527 1880 3708 1938 Joan-

2043 1976 2148 2016 nes
2169 1965 2226 2017 et
2247 1938 2561 2033 Paule,pro
2584 1961 2676 2017 sui
2699 1962 3017 2020 clementia
3048 1980 3293 2022 aureum
3324 1967 3708 2027 simulacrum

2042 2048 2222 2120 Jovis,
2256 2050 2350 2104 cui
2381 2050 2555 2106 thura
2594 2051 2779 2124 gratis
2832 2051 3135 2125 imponere
3182 2055 3427 2113 debetis.
3461 2059 3627 2125 Quod
3660 2077 3713 2138 si

2046 2138 2373 2207 nolueritis,
2403 2139 2715 2212 capitalem
2749 2143 3100 2199 sententiam
3134 2144 3437 2203 subibitis.

2738 2246 2991 2288 JOANNBS
3000 2276 3013 2288 .

2116 2320 2175 2376 Si
2206 2318 2477 2375 Julianus
2498 2319 2575 2375 sit
2598 2322 2738 2375 tuus
2769 2320 3300 2390 dominus,habeto
3329 2341 3533 2397 pacem
3568 2345 3703 2386 cum

2044 2408 2168 2478 illo,
2201 2412 2259 2463 et
2302 2412 2464 2463 utere
2522 2409 2654 2479 ejus
2681 2407 2895 2480 gratia.
2929 2408 3112 2467 Nobis
3142 2428 3258 2468 non
3289 2418 3380 2470 est
3407 2414 3561 2474 alius
3594 2418 3707 2475 nisi

2043 2498 2332 2555 Dominus
2389 2500 2588 2553 noster
2634 2496 2809 2554 Jesus
2840 2496 3133 2568 Christus,
3164 2518 3270 2575 pro
3302 2504 3473 2576 cujus
3504 2521 3707 2564 amore

2043 2587 2448 2645 desideramus
2480 2585 2649 2657 mori,
2685 2602 2801 2658 quo
2833 2602 3169 2646 mereamur
3208 2592 3438 2650 aeternis
3467 2596 3705 2668 gaudiis

2044 2676 2265 2752 perfrui
2276 2719 2287 2731 .

2661 2780 3057 2823 TERENTIANUS
3066 2808 3079 2822 .

2113 2855 2260 2923 Quid
2292 2853 2558 2923 tardatis,
2592 2852 3133 2929 milites?stringite
3162 2857 3404 2931 ferrum,
3437 2865 3496 2921 et
3518 2862 3710 2922 inter-

2041 2945 2197 3001 ﬂcite
2226 2941 2597 3014 imperatoris
2649 2942 3012 3015 deorumque
3052 2946 3337 3015 rebelles;
3369 2940 3712 3011 interfectos”

2039 3033 2192 3091 clam
2224 3031 2283 3086 in
2314 3032 2488 3085 domo
2520 3029 2779 3101 sepelite,
2815 3030 3165 3105 nullumque
3197 3039 3508 3111 sanguinis
3536 3045 3713 3100 vesti.

2038 3122 2202 3196 gium
2238 3116 2571 3189 relinquite.

2744 3224 2989 3266 MILITBB.

1955 3270 2000 3338 α
2106 3300 2177 3355 Et
2209 3297 2349 3370 quid
2380 3296 2649 3354 dicemus
2679 3298 2865 3371 rogati
2890 3301 2916 3353 ἲ

2653 3391 3078 3445 τεκεητιλκσε.

2109 3474 2396 3533 Simulata
2426 3474 2598 3546 quasi
2630 3475 2837 3531 exsilio
2865 3476 2985 3532 sint
3016 3477 3314 3535 destinati.

2584 3580 2857 3633 JOANNES,
2902 3582 3148 3623 PAULUS.

2108 3656 2209 3721 Te,
2234 3652 2484 3721 Christe,
2518 3668 2655 3709 cum
2689 3653 2857 3709 Patre
2886 3658 2943 3709 et
2976 3658 3179 3712 sancto
3209 3657 3431 3730 Spiritu
3462 3677 3717 3736 regnan-

2036 3749 2177 3811 tem,
2217 3758 2405 3797 unum
2438 3741 2648 3811 Deum,
2682 3743 2792 3798 sub
2825 3742 2933 3798 hoc
2957 3744 3218 3815 periculo
3251 3745 3624 3823 invocamus,
3658 3759 3716 3812 te

2036 3832 2342 3889 moriendo
2374 3830 2727 3899 laudamus;
2760 3835 2824 3887 tu
2858 3833 3093 3906 suscipe
3126 3835 3376 3908 animas,
3408 3855 3515 3911 pro
3544 3846 3605 3898 te
3639 3845 3711 3901 de

2038 3920 2197 3978 lutea
2226 3917 2589 3975 habitatione
2619 3918 2973 3978 eliminatas.

2657 4025 2887 4082 SCENA
2924 4027 3074 4084 VIII.

2656 4131 3073 4173 TERENTIANUS.

2108 4207 2177 4262 Et
2206 4207 2343 4274 heu,
2374 4223 2406 4262 0
2432 4203 2815 4274 Christicolae,
2851 4206 2992 4279 quid
3051 4207 3273 4280 patitur
3302 4210 3515 4269 unicus
3547 4212 3712 4272 filius

2037 4313 2205 4353 meus
2225 4296 2253 4352 ?
2368 4364 2371 4369 η

2661 4399 2730 4439 CH
2737 4400 3068 4442 ΒῙΞΤῙΟΟῙΑΕ.

2108 4474 2327 4531 Stridet
2365 4474 2666 4544 dentibus,
2698 4479 2876 4546 sputa
2898 4476 3069 4546 jacit,
3105 4481 3339 4550 torquet
3370 4479 3582 4538 insana
3613 4480 3710 4538 lu-

2037 4563 2235 4632 mina;
2264 4579 2400 4619 nam
2432 4562 2643 4634 plenus
2672 4566 2763 4618 est
2793 4563 3123 4621 daemoniis.

2657 4669 3076 4712 TERENTIANUS.

2108 4741 2202 4798 νω
2234 4734 2427 4814 patri!
2463 4739 2564 4798 ubi
2599 4740 2877 4817 agitatur.

2661 4846 3067 4889 CHRISTICOLB.

2105 4922 2252 4977 Ante
2284 4919 2553 4995 sepulcra
2598 4923 2928 4994 martyrum
2956 4920 3207 4977 Joannis
3235 4925 3295 4979 et
3333 4922 3499 4980 Pauli
3529 4923 3705 4981 humi

2034 5008 2411 5082 provolvitur,
2445 5024 2625 5081 seque
2677 5010 2944 5082 ipsorum
2987 5011 3261 5083 precibus
3309 5012 3570 5086 torqueri
3627 5014 3709 5071 fa-

2031 5103 2209 5155 tetur.

2659 5186 3065 5227 TBRENTIANUS.

2109 5260 2237 5316 Mea
2268 5260 2460 5333 culpa,
2513 5276 2711 5316 meum
2759 5260 3011 5317 facinus.
3044 5260 3193 5317 Nam
3251 5277 3380 5318 meo
3435 5262 3705 5334 hortatu,

2036 5366 2165 5406 meo
2185 5351 2361 5423 jussu
2421 5350 2549 5422 ipse
2608 5348 2809 5406 infelix
2856 5350 3072 5423 impias
3116 5364 3330 5408 manus
3368 5351 3429 5417 in
3460 5358 3708 5411 sanctos

2037 5446 2325 5513 martyres
2358 5438 2538 5495 misit.

2669 5546 2738 5586 CH
2747 5545 3067 5587 RISTICOLIB.

2108 5619 2164 5673 Si
2199 5622 2253 5673 te
2301 5619 2572 5674 hortante
2631 5618 2900 5691 deliquit,
2938 5624 2993 5675 te
3049 5618 3440 5693 compatiente
3495 5636 3707 5691 poenas

2036 5706 2163 5763 luit.
