3900 6354
226 401 334 460 993

836 550 1150 591 ΤΕΜΝΤΙΛΝ
1158 549 1228 591 US
1237 574 1249 589 .

284 648 397 720 Ego
427 649 665 722 quidem
696 650 865 722 parui
891 652 1080 723 jussis
1113 651 1451 724 impiissimi
1491 652 1861 726 imperatoris

216 736 447 793 Juliani.

828 846 1240 886 ρυῆιετιρομε.

285 943 411 1000 Ideo
447 960 702 1017 namque
734 946 858 1019 ipse
890 947 1088 1001 divina
1130 946 1436 1019 perculsus
1464 952 1551 1001 est
1584 946 1824 1000 ultione.

821 1096 1239 1136 TEMNTIANUS.

279 1183 425 1253 Scio,
458 1200 644 1258 eoque
683 1186 873 1259 magis
908 1204 1179 1258 expaveo,
1213 1203 1328 1257 quo
1362 1184 1592 1240 nullum
1633 1184 1862 1240 hostem

206 1272 305 1330 Dei
336 1288 637 1332 servorum
667 1274 1027 1348 impunitum
1057 1274 1312 1332 evasisse
1344 1274 1688 1329 meminero.

825 1425 1230 1466 CHRISTICOLE.

273 1497 463 1555 Recte.

819 1628 1231 1670 TBRENTIANUS.

269 1736 418 1803 Quid
450 1737 500 1793 si
532 1751 765 1793 curram
796 1740 852 1792 et
884 1736 1173 1808 pmnitens
1223 1733 1461 1791 sceleris
1506 1733 1687 1787 sacris
1734 1748 1861 1802 pro-

197 1825 391 1883 volvar
421 1824 671 1882 tumulis
690 1826 718 1880 ?

823 1947 1231 1986 CHRISTICOLzﬁ.

266 2056 514 2112 Veniam
546 2055 886 2123 memberis,
910 2056 956 2109 si
994 2059 1187 2109 tamen
1222 2052 1574 2125 baptismate
1610 2050 1853 2106 munda-

198 2144 375 2202 beris.

1275 401 1691 464 COMCEDI/E
1736 404 1908 465 SEX.
1943 436 2017 448 «-
2049 404 2125 465 ΙΙ.
2160 406 2570 469 DULCITUS.

1892 539 1949 606 Α

3508 419 3625 479 994

2622 540 2849 598 SCENA
2890 542 2978 599 IX.

2592 647 3006 689 τεωΝτιΑΝυε.

2043 715 2286 771 Gloriosi
2320 722 2498 773 testes
2529 718 2766 788 Christi,
2796 721 3055 777 Joannes
3097 727 3155 777 et
3207 723 3380 780 Paule
3429 725 3625 783 imita-

1971 804 2115 858 mini
2148 806 2481 875 exemplum
2515 808 2782 877 magistri
2816 811 3018 866 eadem
3043 812 3328 882 jubentis,
3354 820 3412 869 et
3464 820 3627 870 orate

1971 908 2074 963 pro
2108 898 2546 964 persccutorum
2576 894 2824 951 delictis.
2842 898 2974 952 Este
2995 899 3415 970 oompatientes
3434 902 3624 956 orbati

1973 981 2155 1052 patris
2174 982 2460 1052 angustiis
2484 987 2542 1038 et
2561 984 2957 1040 misereamini
2982 987 3252 1044 furientis
3289 990 3411 1045 nati
3449 990 3624 1045 mise-

1973 1068 2216 1139 riis,quo
2230 1071 2402 1124 ambo
2426 1070 2587 1124 tincti
2612 1073 2767 1127 fonte
2791 1074 3164 1144 baptismatis
3187 1093 3626 1148 perseveremus

1938 1162 1940 1165 ’
1972 1157 2032 1212 in
2067 1158 2176 1212 ﬁdo
2208 1164 2421 1213 sancta:
2443 1159 2767 1216 Trinitatis.

2603 1263 3001 1306 CllRISTlCOLiﬁ.

2043 1336 2237 1403 Parce,
2259 1336 2625 1406 Terentiano,
2652 1340 2694 1395 ι
2708 1341 2747 1394 7
2774 1338 3067 1411 lacrymis,
3084 1346 3139 1396 et
3157 1358 3326 1413 parce
3348 1343 3625 1400 anxietati

1971 1424 2184 1481 cordis.
2209 1425 2314 1491 En,
2350 1424 2509 1481 {llius
2552 1429 2690 1483 tuus
2739 1426 3033 1499 resipiscit
3080 1432 3138 1485 et
3168 1446 3272 1502 per
3302 1436 3627 1505 martyrum

1971 1512 2252 1585 sutl‘ragia
2271 1530 2483 1570 sanum
2514 1514 2752 1586 recepit.

2592 1620 3006 1663 TERENTIANUS.
3624 1654 3637 1661 ,

2039 1691 2267 1747 Gratias
2282 1692 2455 1764 Regis
2466 1692 2940 1766 eternitatis,qui
2955 1694 3080 1752 suis
3093 1695 3383 1751 militibus
3399 1699 3627 1757 tantum

1968 1781 2238 1852 praestitit
2266 1781 2532 1853 honoris,
2557 1785 2623 1837 ut
2656 1798 2769 1837 non
2804 1782 2997 1839 solum
3030 1784 3240 1839 animae
3273 1786 3537 1857 gaudent
3567 1788 3627 1844 in

1968 1869 2246 1935 cmlo,sed
2279 1871 2456 1925 etiam
2491 1874 2721 1926 mortua
2753 1871 2811 1927 in
2841 1871 3087 1928 tumulis
3118 1889 3254 1929 ossa
3283 1875 3460 1930 variis
3512 1877 3624 1934 ful-

1964 1963 2103 2031 gent
2133 1959 2550 2014 miraculorum
2585 1958 2794 2025 titulis,
2833 1960 2891 2014 in
2922 1960 3327 2017 testimonium
3359 1964 3451 2019 sui
3484 1980 3626 2021 san-

1962 2047 2199 2114 ctitatis,
2235 2052 2545 2119 praestante
2582 2048 2822 2104 Domino
2853 2056 3053 2105 nostro
3085 2052 3224 2107 Jesu
3258 2051 3489 2109 Christo
3523 2070 3627 2126 qui

1961 2137 2100 2193 vivit
2131 2141 2187 2192 et
2217 2141 2443 2209 regnat.

1875 2511 1967 2614 ΙΙ

1434 2716 1681 2859 DU
1701 2714 2409 2857 LCITIUS

1035 3014 1898 3195 ARGUMENTUM
1954 3075 2085 3191 IN
2142 3073 2816 3190 DULClTlUM

265 3323 477 3401 Passio
498 3325 838 3401 sanctarum
870 3321 1165 3401 virginum
1188 3323 1435 3401 Agapes,
1455 3319 1712 3401 Chionia}
1734 3323 1792 3373 et
1822 3308 2020 3401 liena},
2037 3334 2183 3401 quas
2197 3317 2321 3401 sub
2349 3321 2636 3401 nocturno
2660 3318 2889 3401 silentio
2922 3317 3211 3401 pulei-tius
3234 3336 3447 3391 praeses
3471 3320 3622 3401 clam

195 3392 366 3473 adiit,
384 3392 636 3473 cupiens
657 3410 860 3473 earum
892 3388 1267 3473 amplexibus
1293 3388 1423 3473 satu
1434 3390 1569 3473 rari.
1595 3391 1707 3471 Sed
1740 3406 1876 3473 mox
1902 3394 1972 3473 ut
1999 3388 2476 3473 i‘ri'travitzmente
2496 3388 2877 3473 “captusnolla‘s
2898 3388 3310 3473 etlsart'agiiies
3331 3409 3434 3473 pro
3455 3392 3627 3473 virgi-

191 3460 376 3522 nibus
413 3460 826 3537 amptectendo
859 3460 1257 3529 osculabatur,
1276 3464 1477 3537 donec
1507 3463 1685 3537 facies
1712 3466 1769 3515 et
1796 3465 1987 3537 vestes
2019 3460 2283 3537 horribili
2310 3460 2613 3537 nigredine
2644 3460 3622 3537 inﬁciebantur._De_i_nde’Sisinnio

190 3538 400 3620 comiti
425 3530 612 3620 jussu
638 3537 1077 3620 perpunicndas
1118 3536 1308 3619 (leg.j.
1331 3532 1702 3620 imperatoris
1732 3532 1897 3620 pun.)
1919 3531 2173 3620 virgines
2206 3530 2516 3602 cessit,qui
2539 3532 2718 3587 etiam
2752 3531 2916 3587 miris
2937 3532 3128 3587 modis
3149 3531 3360 3588 illusus
3383 3534 3620 3590 tandem

188 3602 450 3682 Agaperi
473 3612 533 3666 et
555 3602 859 3665 Chioniam
889 3602 1245 3664 concremari
1263 3602 1323 3661 et
1356 3602 1583 3661 lrénam
1609 3602 1793 3673 jussit
1813 3602 2058 3675 perfodi,

1491 3873 2253 3949 INTERLOCUTORES
2297 3896 2315 3939 :

798 4048 1347 4119 DIOCLETIANUS,
1388 4050 1641 4119 AGAPE,
1685 4051 2000 4120 CHIONIA,
2044 4048 2285 4116 IRENA,
2325 4041 2729 4113 DULCITIUS,
2773 4061 3017 4100 mures.

869 4200 1098 4257 SCENA
1136 4200 1181 4256 Ι.

819 4314 1250 4354 ῡιοαιετιλκυε.

250 4396 571 4455 Parentele
588 4395 846 4467 claritas,
862 4395 1220 4468 ingenuitas,
1233 4400 1617 4468 vestrumque
1638 4397 1854 4452 sereni-

173 4492 271 4545 tas
301 4485 774 4561 pulchritudinis
792 4484 972 4557 exigit
1000 4502 1100 4540 vos
1131 4484 1379 4557 nuptiali
1412 4485 1537 4556 lege
1567 4484 1773 4557 primis
1795 4484 1854 4538 in

171 4576 407 4648 palatio
442 4574 727 4647 copulari,
760 4575 915 4647 quod
951 4572 1136 4629 nostri
1157 4574 1354 4645 jussio
1388 4573 1659 4629 annuerit
1706 4571 1851 4639 fieri,

171 4664 225 4720 ei
256 4664 580 4722 Christum
610 4678 822 4735 negare
853 4662 1190 4733 nostrisque
1221 4662 1335 4718 diis
1362 4662 1652 4717 sacriﬁcia
1666 4659 1855 4716 velitis

169 4754 354 4810 ferre.

916 4857 1097 4899 AGAPB
1108 4883 1120 4896 .

241 4942 393 4998 Esto
427 4955 678 4997 securus
711 4957 1009 5007 curarum,
1045 4955 1151 4995 nec
1182 4943 1235 4994 te
1268 4943 1467 5011 gravet
1515 4940 1847 4993 nostrarum

166 5029 540 5104 praeparatio
566 5029 929 5101 nuptiarum,
947 5028 1087 5099 quia
1107 5044 1212 5083 nec
1234 5027 1307 5083 ad
1327 5025 1697 5099 negationem
1721 5042 1852 5079 con-

164 5118 386 5175 ﬁtendi
424 5116 708 5186 nominis,
742 5133 849 5172 nec
897 5118 969 5171 ad
1017 5114 1453 5187 corruptionem
1498 5110 1850 5183 integritatis

164 5206 313 5263 ullis
347 5205 541 5263 rebus
571 5204 843 5278 compelli
872 5204 1219 5277 poterimus.

813 5335 1244 5380 DIOCLETIANUS.

237 5421 403 5490 Quid
440 5420 559 5477 sibi
587 5418 710 5477 vult
739 5419 857 5477 ista
878 5436 1006 5492 qua
1036 5436 1138 5476 vos
1171 5418 1356 5491 agitat
1387 5415 1628 5472 fatuitas
1646 5416 1673 5469 ?

235 5625 418 5695 ριξοὰ
451 5623 719 5697 βὶεηιιωι,
743 5552 1256 5685 fatuitagspliiobis
1302 5622 1497 5681 inesse
1527 5620 1846 5694 deprehen-

152 5712 312 5793 gis?

1878 5586 1927 5652 B

2504 4194 2606 4253 18
2638 4209 3068 4254 mocuruuns.

2038 4296 2287 4354 Evidens
2315 4309 2733 4367 magnumque.

2693 4408 2891 4448 ACAPB.

2037 4483 2100 4539 In
2134 4482 2292 4553 quo?

2575 4582 2910 4631 DIOCLE‘I'IAN
2916 4584 3007 4624 US.

2035 4667 2097 4722 In
2134 4666 2241 4722 hoc
2273 4665 2559 4739 praecipue
2574 4664 2749 4735 quod,
2765 4663 2967 4720 relicta
2987 4667 3225 4719 vetnstm
3243 4664 3616 4722 observantia

1963 4755 2280 4827 religionis,
2298 4752 2567 4809 inutilem
2593 4752 2936 4808 Christianae
2960 4752 3277 4808 novitatem
3297 4754 3614 4825 sequimini

1963 4843 2418 4917 superstitionis.

2686 4946 2883 4986 AGAPE.

2031 5033 2271 5087 Temere
2329 5026 2705 5085 calumniaris
2758 5031 2977 5084 statum
3026 5028 3125 5084 Dei
3169 5019 3609 5102 omnipotentis.

1961 5119 2309 5177 Periculum.

2571 5222 2998 5262 DIOCLETIANUS.

2031 5296 2249 5369 Cujus?

2680 5398 2860 5438 ΑΟᾹΡΒ
2869 5425 2882 5437 .

2032 5485 2141 5539 Tui
2175 5483 2374 5554 reique
2404 5479 2650 5553 publicae
2682 5496 2861 5551 quam
2892 5481 3207 5554 gubernas.

2570 5613 3000 5656 DIOCLETIANUS.

2032 5707 2150 5772 leta
2179 5705 2422 5768 insanit.
2453 5706 2828 5783 Amoveatur,
