  <div class='ocr_page' id='page_1' title='image "/cluster/home/n/w/nwhite01/storage/ocr_20150623/136-137/uc1.31175019686917/1179.png"; bbox 0 0 3900 6358; ppageno 0'>
   <div class='ocr_carea' id='block_1_1' title="bbox 348 420 471 484">
    <p class='ocr_par' dir='ltr' id='par_1_1' title="bbox 348 420 471 484">
     <span class='ocr_line' id='line_1_1' title="bbox 348 420 471 484; baseline -0.024 0"><span class='ocrx_word' id='word_1_1' title='bbox 348 420 471 484; x_wconf 80' lang='lat'>995</span> 
     </span>
    </p>
   </div>
   <div class='ocr_carea' id='block_1_2' title="bbox 1058 565 1306 606">
    <p class='ocr_par' dir='ltr' id='par_1_2' title="bbox 1058 565 1306 606">
     <span class='ocr_line' id='line_1_2' title="bbox 1058 565 1306 606; baseline -0.012 0"><span class='ocrx_word' id='word_1_2' title='bbox 1058 565 1306 606; x_wconf 74' lang='lat' dir='ltr'>CHIONIA.</span> 
     </span>
    </p>
   </div>
   <div class='ocr_carea' id='block_1_3' title="bbox 426 635 2012 714">
    <p class='ocr_par' dir='ltr' id='par_1_3' title="bbox 426 635 2012 714">
     <span class='ocr_line' id='line_1_3' title="bbox 426 635 2012 714; baseline -0.005 -16"><span class='ocrx_word' id='word_1_3' title='bbox 426 644 554 698; x_wconf 88' lang='lat' dir='ltr'>Mea</span> <span class='ocrx_word' id='word_1_4' title='bbox 582 656 862 714; x_wconf 86' lang='lat' dir='ltr'>germana</span> <span class='ocrx_word' id='word_1_5' title='bbox 893 656 1007 695; x_wconf 90' lang='lat' dir='ltr'>non</span> <span class='ocrx_word' id='word_1_6' title='bbox 1038 637 1389 708; x_wconf 86' lang='lat' dir='ltr'>insanit,sed</span> <span class='ocrx_word' id='word_1_7' title='bbox 1414 636 1500 693; x_wconf 91' lang='lat' dir='ltr'>tui</span> <span class='ocrx_word' id='word_1_8' title='bbox 1523 635 2012 708; x_wconf 85' lang='lat' dir='ltr'>stultitiamjuste</span> 
     </span>
    </p>
   </div>
   <div class='ocr_carea' id='block_1_4' title="bbox 353 729 746 805">
    <p class='ocr_par' dir='ltr' id='par_1_4' title="bbox 353 729 746 805">
     <span class='ocr_line' id='line_1_4' title="bbox 353 729 746 805; baseline -0.01 -17"><span class='ocrx_word' id='word_1_9' title='bbox 353 729 746 805; x_wconf 76' lang='lat' dir='ltr'>reprehendit.</span> 
     </span>
    </p>
   </div>
   <div class='ocr_carea' id='block_1_5' title="bbox 971 833 1399 874">
    <p class='ocr_par' dir='ltr' id='par_1_5' title="bbox 971 833 1399 874">
     <span class='ocr_line' id='line_1_5' title="bbox 971 833 1399 874; baseline 0 -1"><span class='ocrx_word' id='word_1_10' title='bbox 971 833 1399 874; x_wconf 71' lang='lat' dir='ltr'>DIOCLETIANUS.</span> 
     </span>
    </p>
   </div>
   <div class='ocr_carea' id='block_1_6' title="bbox 422 901 2007 971">
    <p class='ocr_par' dir='ltr' id='par_1_6' title="bbox 422 901 2007 971">
     <span class='ocr_line' id='line_1_6' title="bbox 422 901 2007 971; baseline -0.003 -8"><span class='ocrx_word' id='word_1_11' title='bbox 422 909 539 964; x_wconf 89' lang='lat' dir='ltr'>Ista</span> <span class='ocrx_word' id='word_1_12' title='bbox 580 907 993 964; x_wconf 84' lang='lat' dir='ltr'>inclementius</span> <span class='ocrx_word' id='word_1_13' title='bbox 1023 905 1364 971; x_wconf 87' lang='lat' dir='ltr'>bacchatur,</span> <span class='ocrx_word' id='word_1_14' title='bbox 1396 905 1552 960; x_wconf 87' lang='lat' dir='ltr'>unde</span> <span class='ocrx_word' id='word_1_15' title='bbox 1583 901 1800 959; x_wconf 83' lang='lat' dir='ltr'>nostris</span> <span class='ocrx_word' id='word_1_16' title='bbox 1837 918 2007 958; x_wconf 90' lang='lat' dir='ltr'>cons-</span> 
     </span>
    </p>
   </div>
   <div class='ocr_carea' id='block_1_7' title="bbox 350 986 1931 1070">
    <p class='ocr_par' dir='ltr' id='par_1_7' title="bbox 350 986 1931 1070">
     <span class='ocr_line' id='line_1_7' title="bbox 350 986 1931 1070; baseline -0.006 -17"><span class='ocrx_word' id='word_1_17' title='bbox 350 998 621 1070; x_wconf 88' lang='lat' dir='ltr'>pectibus</span> <span class='ocrx_word' id='word_1_18' title='bbox 650 1013 814 1069; x_wconf 64' lang='lat' dir='ltr'>eique</span> <span class='ocrx_word' id='word_1_19' title='bbox 845 986 1326 1062; x_wconf 84' lang='lat' dir='ltr'>subtrahatur,et</span> <span class='ocrx_word' id='word_1_20' title='bbox 1357 993 1528 1049; x_wconf 87' lang='lat' dir='ltr'>tertia</span> <span class='ocrx_word' id='word_1_21' title='bbox 1558 991 1931 1048; x_wconf 81' lang='lat' dir='ltr'>discutiatur.</span> 
     </span>
    </p>
   </div>
   <div class='ocr_carea' id='block_1_8' title="bbox 1083 1110 1277 1148">
    <p class='ocr_par' dir='ltr' id='par_1_8' title="bbox 1083 1110 1277 1148">
     <span class='ocr_line' id='line_1_8' title="bbox 1083 1110 1277 1148; baseline 0 -2"><span class='ocrx_word' id='word_1_22' title='bbox 1083 1110 1277 1148; x_wconf 77' lang='lat' dir='ltr'>IRENA.</span> 
     </span>
    </p>
   </div>
   <div class='ocr_carea' id='block_1_9' title="bbox 421 1177 2009 1253">
    <p class='ocr_par' dir='ltr' id='par_1_9' title="bbox 421 1177 2009 1253">
     <span class='ocr_line' id='line_1_9' title="bbox 421 1177 2009 1253; baseline -0.004 -14"><span class='ocrx_word' id='word_1_23' title='bbox 421 1184 680 1239; x_wconf 79' lang='lat' dir='ltr'>Tertiam</span> <span class='ocrx_word' id='word_1_24' title='bbox 712 1182 987 1239; x_wconf 86' lang='lat' dir='ltr'>rebellem</span> <span class='ocrx_word' id='word_1_25' title='bbox 1021 1182 1243 1253; x_wconf 78' lang='lat' dir='ltr'>tibique</span> <span class='ocrx_word' id='word_1_26' title='bbox 1283 1179 1518 1253; x_wconf 79' lang='lat' dir='ltr'>penitus</span> <span class='ocrx_word' id='word_1_27' title='bbox 1546 1178 1805 1251; x_wconf 85' lang='lat' dir='ltr'>probatis</span> <span class='ocrx_word' id='word_1_28' title='bbox 1859 1177 2009 1233; x_wconf 86' lang='lat' dir='ltr'>reni-</span> 
     </span>
    </p>
   </div>
   <div class='ocr_carea' id='block_1_10' title="bbox 348 1276 592 1330">
    <p class='ocr_par' dir='ltr' id='par_1_10' title="bbox 348 1276 592 1330">
     <span class='ocr_line' id='line_1_10' title="bbox 348 1276 592 1330; baseline -0.004 -2"><span class='ocrx_word' id='word_1_29' title='bbox 348 1276 592 1330; x_wconf 81' lang='lat' dir='ltr'>tentem.</span> 
     </span>
    </p>
   </div>
   <div class='ocr_carea' id='block_1_11' title="bbox 963 1376 1397 1416">
    <p class='ocr_par' dir='ltr' id='par_1_11' title="bbox 963 1376 1397 1416">
     <span class='ocr_line' id='line_1_11' title="bbox 963 1376 1397 1416; baseline -0.005 0"><span class='ocrx_word' id='word_1_30' title='bbox 963 1376 1397 1416; x_wconf 75' lang='grc' dir='ltr'>ωοαιετιΛΝυε.</span> 
     </span>
    </p>
   </div>
   <div class='ocr_carea' id='block_1_12' title="bbox 420 1444 2004 1522">
    <p class='ocr_par' dir='ltr' id='par_1_12' title="bbox 420 1444 2004 1522">
     <span class='ocr_line' id='line_1_12' title="bbox 420 1444 2004 1522; baseline -0.006 -13"><span class='ocrx_word' id='word_1_31' title='bbox 420 1452 606 1522; x_wconf 89' lang='lat' dir='ltr'>Irena,</span> <span class='ocrx_word' id='word_1_32' title='bbox 643 1467 777 1508; x_wconf 90' lang='lat' dir='ltr'>cum</span> <span class='ocrx_word' id='word_1_33' title='bbox 806 1449 888 1507; x_wconf 87' lang='lat' dir='ltr'>sis</span> <span class='ocrx_word' id='word_1_34' title='bbox 920 1450 1116 1507; x_wconf 90' lang='lat' dir='ltr'>minor</span> <span class='ocrx_word' id='word_1_35' title='bbox 1145 1453 1334 1518; x_wconf 64' lang='lat' dir='ltr'>aetate,</span> <span class='ocrx_word' id='word_1_36' title='bbox 1354 1449 1454 1504; x_wconf 86' lang='lat' dir='ltr'>ﬁto</span> <span class='ocrx_word' id='word_1_37' title='bbox 1487 1448 1677 1520; x_wconf 85' lang='lat' dir='ltr'>major</span> <span class='ocrx_word' id='word_1_38' title='bbox 1698 1444 2004 1520; x_wconf 79' lang='lat' dir='ltr'>dignitate.</span> 
     </span>
    </p>
   </div>
   <div class='ocr_carea' id='block_1_13' title="bbox 337 1535 1278 1603">
    <p class='ocr_par' dir='ltr' id='par_1_13' title="bbox 337 1535 1278 1603">
     <span class='ocr_line' id='line_1_13' title="bbox 337 1535 1278 1603; baseline 0 0"><span class='ocrx_word' id='word_1_39' title='bbox 337 1535 341 1541; x_wconf 68' lang='grc'><em>’</em></span> <span class='ocrx_word' id='word_1_40' title='bbox 1083 1564 1278 1603; x_wconf 80' lang='lat' dir='ltr'>IRBNA.</span> 
     </span>
    </p>
   </div>
   <div class='ocr_carea' id='block_1_14' title="bbox 423 1640 1308 1711">
    <p class='ocr_par' dir='ltr' id='par_1_14' title="bbox 423 1640 1308 1711">
     <span class='ocr_line' id='line_1_14' title="bbox 423 1640 1308 1711; baseline -0.007 -14"><span class='ocrx_word' id='word_1_41' title='bbox 423 1640 696 1709; x_wconf 78' lang='lat' dir='ltr'>Ostende,</span> <span class='ocrx_word' id='word_1_42' title='bbox 728 1653 948 1711; x_wconf 70' lang='lat' dir='ltr'>quaeso,</span> <span class='ocrx_word' id='word_1_43' title='bbox 972 1654 1087 1710; x_wconf 88' lang='lat' dir='ltr'>quo</span> <span class='ocrx_word' id='word_1_44' title='bbox 1119 1640 1308 1709; x_wconf 89' lang='lat' dir='ltr'>pacto.</span> 
     </span>
    </p>
   </div>
   <div class='ocr_carea' id='block_1_15' title="bbox 963 1750 1397 1791">
    <p class='ocr_par' dir='ltr' id='par_1_15' title="bbox 963 1750 1397 1791">
     <span class='ocr_line' id='line_1_15' title="bbox 963 1750 1397 1791; baseline -0.002 -1"><span class='ocrx_word' id='word_1_45' title='bbox 963 1750 1375 1791; x_wconf 77' lang='lat' dir='ltr'>DIOCLETIANUS</span> <span class='ocrx_word' id='word_1_46' title='bbox 1384 1775 1397 1788; x_wconf 87' lang='lat'>.</span> 
     </span>
    </p>
   </div>
   <div class='ocr_carea' id='block_1_16' title="bbox 419 1820 2005 1893">
    <p class='ocr_par' dir='ltr' id='par_1_16' title="bbox 419 1820 2005 1893">
     <span class='ocr_line' id='line_1_16' title="bbox 419 1820 2005 1893; baseline -0.003 -11"><span class='ocrx_word' id='word_1_47' title='bbox 419 1826 612 1883; x_wconf 83' lang='lat' dir='ltr'>Flecte</span> <span class='ocrx_word' id='word_1_48' title='bbox 636 1823 925 1881; x_wconf 78' lang='lat' dir='ltr'>cervicem</span> <span class='ocrx_word' id='word_1_49' title='bbox 956 1823 1166 1892; x_wconf 87' lang='lat' dir='ltr'>diis,et</span> <span class='ocrx_word' id='word_1_50' title='bbox 1193 1826 1319 1879; x_wconf 89' lang='lat' dir='ltr'>esto</span> <span class='ocrx_word' id='word_1_51' title='bbox 1351 1822 1653 1879; x_wconf 82' lang='lat' dir='ltr'>sororibus</span> <span class='ocrx_word' id='word_1_52' title='bbox 1674 1820 2005 1893; x_wconf 86' lang='lat' dir='ltr'>exemplum</span> 
     </span>
    </p>
   </div>
   <div class='ocr_carea' id='block_1_17' title="bbox 351 1911 1431 1974">
    <p class='ocr_par' dir='ltr' id='par_1_17' title="bbox 351 1911 1431 1974">
     <span class='ocr_line' id='line_1_17' title="bbox 351 1911 1431 1974; baseline -0.005 -2"><span class='ocrx_word' id='word_1_53' title='bbox 351 1912 727 1974; x_wconf 85' lang='lat' dir='ltr'>correctionis</span> <span class='ocrx_word' id='word_1_54' title='bbox 755 1918 813 1972; x_wconf 89' lang='lat' dir='ltr'>et</span> <span class='ocrx_word' id='word_1_55' title='bbox 840 1929 1019 1971; x_wconf 86' lang='lat' dir='ltr'>causa</span> <span class='ocrx_word' id='word_1_56' title='bbox 1045 1911 1431 1970; x_wconf 88' lang='lat' dir='ltr'>liberationis.</span> 
     </span>
    </p>
   </div>
   <div class='ocr_carea' id='block_1_18' title="bbox 1079 2027 1273 2067">
    <p class='ocr_par' dir='ltr' id='par_1_18' title="bbox 1079 2027 1273 2067">
     <span class='ocr_line' id='line_1_18' title="bbox 1079 2027 1273 2067; baseline -0.01 0"><span class='ocrx_word' id='word_1_57' title='bbox 1079 2027 1273 2067; x_wconf 77' lang='lat' dir='ltr'>IRENA.</span> 
     </span>
    </p>
   </div>
   <div class='ocr_carea' id='block_1_19' title="bbox 418 2098 2002 2175">
    <p class='ocr_par' dir='ltr' id='par_1_19' title="bbox 418 2098 2002 2175">
     <span class='ocr_line' id='line_1_19' title="bbox 418 2098 2002 2175; baseline -0.004 -17"><span class='ocrx_word' id='word_1_58' title='bbox 418 2102 881 2175; x_wconf 88' lang='lat' dir='ltr'>Conquiniscant</span> <span class='ocrx_word' id='word_1_59' title='bbox 921 2099 1117 2167; x_wconf 87' lang='lat' dir='ltr'>idolis,</span> <span class='ocrx_word' id='word_1_60' title='bbox 1146 2100 1248 2172; x_wconf 88' lang='lat' dir='ltr'>qui</span> <span class='ocrx_word' id='word_1_61' title='bbox 1297 2098 1479 2157; x_wconf 82' lang='lat' dir='ltr'>velint</span> <span class='ocrx_word' id='word_1_62' title='bbox 1509 2099 1805 2154; x_wconf 86' lang='lat' dir='ltr'>incurrere</span> <span class='ocrx_word' id='word_1_63' title='bbox 1854 2098 2002 2153; x_wconf 88' lang='lat' dir='ltr'>iram</span> 
     </span>
    </p>
   </div>
   <div class='ocr_carea' id='block_1_20' title="bbox 346 2187 2002 2264">
    <p class='ocr_par' dir='ltr' id='par_1_20' title="bbox 346 2187 2002 2264">
     <span class='ocr_line' id='line_1_20' title="bbox 346 2187 2002 2264; baseline -0.004 -17"><span class='ocrx_word' id='word_1_64' title='bbox 346 2190 783 2259; x_wconf 87' lang='lat' dir='ltr'>Celsitonantis,</span> <span class='ocrx_word' id='word_1_65' title='bbox 824 2206 930 2264; x_wconf 86' lang='lat' dir='ltr'>ego</span> <span class='ocrx_word' id='word_1_66' title='bbox 979 2190 1219 2262; x_wconf 89' lang='lat' dir='ltr'>quidem</span> <span class='ocrx_word' id='word_1_67' title='bbox 1269 2192 1445 2261; x_wconf 88' lang='lat' dir='ltr'>caput</span> <span class='ocrx_word' id='word_1_68' title='bbox 1492 2187 1671 2263; x_wconf 82' lang='lat' dir='ltr'>regali</span> <span class='ocrx_word' id='word_1_69' title='bbox 1705 2189 2002 2259; x_wconf 86' lang='lat' dir='ltr'>unguento</span> 
     </span>
    </p>
   </div>
   <div class='ocr_carea' id='block_1_21' title="bbox 346 2275 2000 2351">
    <p class='ocr_par' dir='ltr' id='par_1_21' title="bbox 346 2275 2000 2351">
     <span class='ocr_line' id='line_1_21' title="bbox 346 2275 2000 2351; baseline -0.004 -15"><span class='ocrx_word' id='word_1_70' title='bbox 346 2278 678 2336; x_wconf 89' lang='lat' dir='ltr'>delibutum</span> <span class='ocrx_word' id='word_1_71' title='bbox 700 2296 818 2336; x_wconf 87' lang='lat' dir='ltr'>non</span> <span class='ocrx_word' id='word_1_72' title='bbox 843 2278 1263 2347; x_wconf 87' lang='lat' dir='ltr'>debonestabo,</span> <span class='ocrx_word' id='word_1_73' title='bbox 1277 2277 1527 2351; x_wconf 88' lang='lat' dir='ltr'>pedibus</span> <span class='ocrx_word' id='word_1_74' title='bbox 1547 2275 2000 2334; x_wconf 81' lang='lat' dir='ltr'>simulacrorum</span> 
     </span>
    </p>
   </div>
   <div class='ocr_carea' id='block_1_22' title="bbox 347 2369 774 2426">
    <p class='ocr_par' dir='ltr' id='par_1_22' title="bbox 347 2369 774 2426">
     <span class='ocr_line' id='line_1_22' title="bbox 347 2369 774 2426; baseline -0.002 0"><span class='ocrx_word' id='word_1_75' title='bbox 347 2369 774 2426; x_wconf 89' lang='lat' dir='ltr'>submittendo.</span> 
     </span>
    </p>
   </div>
   <div class='ocr_carea' id='block_1_23' title="bbox 962 2472 1390 2514">
    <p class='ocr_par' dir='ltr' id='par_1_23' title="bbox 962 2472 1390 2514">
     <span class='ocr_line' id='line_1_23' title="bbox 962 2472 1390 2514; baseline -0.005 -1"><span class='ocrx_word' id='word_1_76' title='bbox 962 2472 1390 2514; x_wconf 80' lang='lat' dir='ltr'>DIOCLE‘I‘IANUS.</span> 
     </span>
    </p>
   </div>
   <div class='ocr_carea' id='block_1_24' title="bbox 415 2542 2000 2612">
    <p class='ocr_par' dir='ltr' id='par_1_24' title="bbox 415 2542 2000 2612">
     <span class='ocr_line' id='line_1_24' title="bbox 415 2542 2000 2612; baseline -0.004 -6"><span class='ocrx_word' id='word_1_77' title='bbox 415 2547 657 2606; x_wconf 83' lang='lat' dir='ltr'>Cultura</span> <span class='ocrx_word' id='word_1_78' title='bbox 684 2549 927 2605; x_wconf 90' lang='lat' dir='ltr'>deorum</span> <span class='ocrx_word' id='word_1_79' title='bbox 957 2563 1073 2603; x_wconf 91' lang='lat' dir='ltr'>non</span> <span class='ocrx_word' id='word_1_80' title='bbox 1125 2545 1366 2603; x_wconf 90' lang='lat' dir='ltr'>adducit</span> <span class='ocrx_word' id='word_1_81' title='bbox 1403 2545 1864 2612; x_wconf 90' lang='lat' dir='ltr'>dehonestatem,</span> <span class='ocrx_word' id='word_1_82' title='bbox 1898 2542 2000 2600; x_wconf 91' lang='lat' dir='ltr'>sed</span> 
     </span>
    </p>
   </div>
   <div class='ocr_carea' id='block_1_25' title="bbox 348 2637 1035 2711">
    <p class='ocr_par' dir='ltr' id='par_1_25' title="bbox 348 2637 1035 2711">
     <span class='ocr_line' id='line_1_25' title="bbox 348 2637 1035 2711; baseline -0.003 -18"><span class='ocrx_word' id='word_1_83' title='bbox 348 2638 711 2711; x_wconf 66' lang='lat' dir='ltr'>praecipuum</span> <span class='ocrx_word' id='word_1_84' title='bbox 733 2637 1035 2693; x_wconf 87' lang='lat' dir='ltr'>honorem.</span> 
     </span>
    </p>
   </div>
   <div class='ocr_carea' id='block_1_26' title="bbox 1076 2740 1270 2780">
    <p class='ocr_par' dir='ltr' id='par_1_26' title="bbox 1076 2740 1270 2780">
     <span class='ocr_line' id='line_1_26' title="bbox 1076 2740 1270 2780; baseline -0.005 0"><span class='ocrx_word' id='word_1_85' title='bbox 1076 2740 1270 2780; x_wconf 80' lang='lat' dir='ltr'><strong>IRENA.</strong></span> 
     </span>
    </p>
   </div>
   <div class='ocr_carea' id='block_1_27' title="bbox 413 2810 1997 2888">
    <p class='ocr_par' dir='ltr' id='par_1_27' title="bbox 413 2810 1997 2888">
     <span class='ocr_line' id='line_1_27' title="bbox 413 2810 1997 2888; baseline -0.003 -19"><span class='ocrx_word' id='word_1_86' title='bbox 413 2814 483 2870; x_wconf 88' lang='lat' dir='ltr'>Et</span> <span class='ocrx_word' id='word_1_87' title='bbox 510 2830 639 2888; x_wconf 65' lang='lat' dir='ltr'>quae</span> <span class='ocrx_word' id='word_1_88' title='bbox 670 2813 1013 2871; x_wconf 78' lang='lat' dir='ltr'>inhonestae</span> <span class='ocrx_word' id='word_1_89' title='bbox 1042 2812 1290 2884; x_wconf 88' lang='lat' dir='ltr'>turpior,</span> <span class='ocrx_word' id='word_1_90' title='bbox 1305 2828 1435 2885; x_wconf 68' lang='lat' dir='ltr'>quas</span> <span class='ocrx_word' id='word_1_91' title='bbox 1455 2811 1758 2884; x_wconf 90' lang='lat' dir='ltr'>turpitudo</span> <span class='ocrx_word' id='word_1_92' title='bbox 1790 2810 1997 2880; x_wconf 69' lang='lat' dir='ltr'>maior,</span> 
     </span>
    </p>
   </div>
   <div class='ocr_carea' id='block_1_28' title="bbox 345 2900 1485 2976">
    <p class='ocr_par' dir='ltr' id='par_1_28' title="bbox 345 2900 1485 2976">
     <span class='ocr_line' id='line_1_28' title="bbox 345 2900 1485 2976; baseline -0.005 -15"><span class='ocrx_word' id='word_1_93' title='bbox 345 2920 527 2976; x_wconf 87' lang='lat' dir='ltr'>quam</span> <span class='ocrx_word' id='word_1_94' title='bbox 559 2920 757 2961; x_wconf 90' lang='lat' dir='ltr'>servos</span> <span class='ocrx_word' id='word_1_95' title='bbox 784 2902 1048 2961; x_wconf 88' lang='lat' dir='ltr'>venerari</span> <span class='ocrx_word' id='word_1_96' title='bbox 1079 2905 1145 2957; x_wconf 89' lang='lat' dir='ltr'>ut</span> <span class='ocrx_word' id='word_1_97' title='bbox 1174 2900 1485 2958; x_wconf 84' lang='lat' dir='ltr'>dominos?</span> 
     </span>
    </p>
   </div>
   <div class='ocr_carea' id='block_1_29' title="bbox 782 3013 1394 3069">
    <p class='ocr_par' dir='ltr' id='par_1_29' title="bbox 782 3013 1394 3069">
     <span class='ocr_line' id='line_1_29' title="bbox 782 3013 1394 3069; baseline -0.007 -13"><span class='ocrx_word' id='word_1_98' title='bbox 782 3062 789 3069; x_wconf 45' lang='grc'>,</span> <span class='ocrx_word' id='word_1_99' title='bbox 961 3013 1394 3055; x_wconf 66' lang='grc' dir='ltr'>οιοαιρετιΑΝυε.</span> 
     </span>
    </p>
   </div>
   <div class='ocr_carea' id='block_1_30' title="bbox 411 3084 1998 3153">
    <p class='ocr_par' dir='ltr' id='par_1_30' title="bbox 411 3084 1998 3153">
     <span class='ocr_line' id='line_1_30' title="bbox 411 3084 1998 3153; baseline -0.004 -7"><span class='ocrx_word' id='word_1_100' title='bbox 411 3090 538 3146; x_wconf 91' lang='lat' dir='ltr'>Non</span> <span class='ocrx_word' id='word_1_101' title='bbox 570 3090 789 3147; x_wconf 87' lang='lat' dir='ltr'>suadeo</span> <span class='ocrx_word' id='word_1_102' title='bbox 819 3087 928 3143; x_wconf 92' lang='lat' dir='ltr'>tibi</span> <span class='ocrx_word' id='word_1_103' title='bbox 955 3086 1216 3143; x_wconf 89' lang='lat' dir='ltr'>venerari</span> <span class='ocrx_word' id='word_1_104' title='bbox 1248 3101 1465 3153; x_wconf 89' lang='lat' dir='ltr'>servos,</span> <span class='ocrx_word' id='word_1_105' title='bbox 1482 3085 1584 3141; x_wconf 89' lang='lat' dir='ltr'>sed</span> <span class='ocrx_word' id='word_1_106' title='bbox 1625 3084 1998 3140; x_wconf 89' lang='lat' dir='ltr'>dominorum</span> 
     </span>
    </p>
   </div>
   <div class='ocr_carea' id='block_1_31' title="bbox 339 3176 984 3251">
    <p class='ocr_par' dir='ltr' id='par_1_31' title="bbox 339 3176 984 3251">
     <span class='ocr_line' id='line_1_31' title="bbox 339 3176 984 3251; baseline -0.008 -17"><span class='ocrx_word' id='word_1_107' title='bbox 339 3177 793 3251; x_wconf 88' lang='lat' dir='ltr'>principumque</span> <span class='ocrx_word' id='word_1_108' title='bbox 824 3176 984 3232; x_wconf 88' lang='lat' dir='ltr'>deos.</span> 
     </span>
    </p>
   </div>
   <div class='ocr_carea' id='block_1_32' title="bbox 1075 3278 1262 3319">
    <p class='ocr_par' dir='ltr' id='par_1_32' title="bbox 1075 3278 1262 3319">
     <span class='ocr_line' id='line_1_32' title="bbox 1075 3278 1262 3319; baseline -0.016 0"><span class='ocrx_word' id='word_1_109' title='bbox 1075 3278 1262 3319; x_wconf 70' lang='lat' dir='ltr'>IRENA.</span> 
     </span>
    </p>
   </div>
   <div class='ocr_carea' id='block_1_33' title="bbox 410 3350 1996 3425">
    <p class='ocr_par' dir='ltr' id='par_1_33' title="bbox 410 3350 1996 3425">
     <span class='ocr_line' id='line_1_33' title="bbox 410 3350 1996 3425; baseline -0.001 -16"><span class='ocrx_word' id='word_1_110' title='bbox 410 3352 614 3409; x_wconf 90' lang='lat' dir='ltr'>Nonne</span> <span class='ocrx_word' id='word_1_111' title='bbox 642 3352 694 3408; x_wconf 88' lang='lat' dir='ltr'>is</span> <span class='ocrx_word' id='word_1_112' title='bbox 716 3352 1082 3425; x_wconf 90' lang='lat' dir='ltr'>estcujusvis</span> <span class='ocrx_word' id='word_1_113' title='bbox 1101 3368 1324 3421; x_wconf 90' lang='lat' dir='ltr'>servus,</span> <span class='ocrx_word' id='word_1_114' title='bbox 1341 3350 1441 3423; x_wconf 90' lang='lat' dir='ltr'>qui</span> <span class='ocrx_word' id='word_1_115' title='bbox 1467 3350 1539 3407; x_wconf 90' lang='lat' dir='ltr'>ab</span> <span class='ocrx_word' id='word_1_116' title='bbox 1563 3350 1789 3407; x_wconf 83' lang='lat' dir='ltr'>artifice</span> <span class='ocrx_word' id='word_1_117' title='bbox 1809 3350 1996 3422; x_wconf 90' lang='lat' dir='ltr'>pretio</span> 
     </span>
    </p>
   </div>
   <div class='ocr_carea' id='block_1_34' title="bbox 337 3440 1547 3515">
    <p class='ocr_par' dir='ltr' id='par_1_34' title="bbox 337 3440 1547 3515">
     <span class='ocr_line' id='line_1_34' title="bbox 337 3440 1547 3515; baseline -0.005 -16"><span class='ocrx_word' id='word_1_118' title='bbox 337 3445 735 3515; x_wconf 84' lang='lat' dir='ltr'>comparatur,</span> <span class='ocrx_word' id='word_1_119' title='bbox 769 3445 837 3498; x_wconf 89' lang='lat' dir='ltr'>ut</span> <span class='ocrx_word' id='word_1_120' title='bbox 866 3440 1213 3513; x_wconf 82' lang='lat' dir='ltr'>emptitius?</span> <span class='ocrx_word' id='word_1_121' title='bbox 1540 3448 1547 3453; x_wconf 88' lang='lat'><strong><em>‘</em></strong></span> 
     </span>
    </p>
   </div>
   <div class='ocr_carea' id='block_1_35' title="bbox 950 3555 1385 3596">
    <p class='ocr_par' dir='ltr' id='par_1_35' title="bbox 950 3555 1385 3596">
     <span class='ocr_line' id='line_1_35' title="bbox 950 3555 1385 3596; baseline -0.002 0"><span class='ocrx_word' id='word_1_122' title='bbox 950 3555 1385 3596; x_wconf 78' lang='lat' dir='ltr'>DIOCLETIANUS.</span> 
     </span>
    </p>
   </div>
   <div class='ocr_carea' id='block_1_36' title="bbox 413 3628 1997 3704">
    <p class='ocr_par' dir='ltr' id='par_1_36' title="bbox 413 3628 1997 3704">
     <span class='ocr_line' id='line_1_36' title="bbox 413 3628 1997 3704; baseline -0.001 -18"><span class='ocrx_word' id='word_1_123' title='bbox 413 3630 603 3703; x_wconf 84' lang='lat' dir='ltr'>Hujus</span> <span class='ocrx_word' id='word_1_124' title='bbox 634 3629 1015 3704; x_wconf 62' lang='lat' dir='ltr'>praesumptio</span> <span class='ocrx_word' id='word_1_125' title='bbox 1046 3628 1419 3686; x_wconf 88' lang='lat' dir='ltr'>verbositatis</span> <span class='ocrx_word' id='word_1_126' title='bbox 1454 3628 1711 3685; x_wconf 90' lang='lat' dir='ltr'>tollenda</span> <span class='ocrx_word' id='word_1_127' title='bbox 1732 3634 1822 3686; x_wconf 89' lang='lat' dir='ltr'>est</span> <span class='ocrx_word' id='word_1_128' title='bbox 1852 3645 1997 3702; x_wconf 88' lang='lat' dir='ltr'>sup-</span> 
     </span>
    </p>
   </div>
   <div class='ocr_carea' id='block_1_37' title="bbox 340 3719 555 3793">
    <p class='ocr_par' dir='ltr' id='par_1_37' title="bbox 340 3719 555 3793">
     <span class='ocr_line' id='line_1_37' title="bbox 340 3719 555 3793; baseline 0.005 -19"><span class='ocrx_word' id='word_1_129' title='bbox 340 3719 555 3793; x_wconf 88' lang='lat' dir='ltr'>pliciis.</span> 
     </span>
    </p>
   </div>
   <div class='ocr_carea' id='block_1_38' title="bbox 1064 3825 1258 3865">
    <p class='ocr_par' dir='ltr' id='par_1_38' title="bbox 1064 3825 1258 3865">
     <span class='ocr_line' id='line_1_38' title="bbox 1064 3825 1258 3865; baseline -0.01 -1"><span class='ocrx_word' id='word_1_130' title='bbox 1064 3825 1258 3865; x_wconf 75' lang='lat' dir='ltr'>IRENA.</span> 
     </span>
    </p>
   </div>
   <div class='ocr_carea' id='block_1_39' title="bbox 413 3895 1998 3971">
    <p class='ocr_par' dir='ltr' id='par_1_39' title="bbox 413 3895 1998 3971">
     <span class='ocr_line' id='line_1_39' title="bbox 413 3895 1998 3971; baseline -0.001 -16"><span class='ocrx_word' id='word_1_131' title='bbox 413 3898 533 3955; x_wconf 83' lang='lat' dir='ltr'>Hoc</span> <span class='ocrx_word' id='word_1_132' title='bbox 573 3902 870 3971; x_wconf 86' lang='lat' dir='ltr'>optamus,</span> <span class='ocrx_word' id='word_1_133' title='bbox 906 3897 1016 3955; x_wconf 90' lang='lat' dir='ltr'>hoc</span> <span class='ocrx_word' id='word_1_134' title='bbox 1064 3895 1497 3969; x_wconf 78' lang='lat' dir='ltr'>amplectimur,</span> <span class='ocrx_word' id='word_1_135' title='bbox 1520 3901 1587 3952; x_wconf 90' lang='lat' dir='ltr'>ut</span> <span class='ocrx_word' id='word_1_136' title='bbox 1636 3913 1739 3969; x_wconf 92' lang='lat' dir='ltr'>pro</span> <span class='ocrx_word' id='word_1_137' title='bbox 1782 3896 1998 3953; x_wconf 86' lang='lat' dir='ltr'>Christi</span> 
     </span>
    </p>
   </div>
   <div class='ocr_carea' id='block_1_40' title="bbox 339 3986 1242 4060">
    <p class='ocr_par' dir='ltr' id='par_1_40' title="bbox 339 3986 1242 4060">
     <span class='ocr_line' id='line_1_40' title="bbox 339 3986 1242 4060; baseline -0.003 -16"><span class='ocrx_word' id='word_1_138' title='bbox 339 4003 539 4044; x_wconf 88' lang='lat' dir='ltr'>amore</span> <span class='ocrx_word' id='word_1_139' title='bbox 567 3986 874 4060; x_wconf 88' lang='lat' dir='ltr'>suppliciis</span> <span class='ocrx_word' id='word_1_140' title='bbox 897 3986 1242 4044; x_wconf 87' lang='lat' dir='ltr'>laceremur.</span> 
     </span>
    </p>
   </div>
   <div class='ocr_carea' id='block_1_41' title="bbox 957 4099 1385 4141">
    <p class='ocr_par' dir='ltr' id='par_1_41' title="bbox 957 4099 1385 4141">
     <span class='ocr_line' id='line_1_41' title="bbox 957 4099 1385 4141; baseline -0.005 0"><span class='ocrx_word' id='word_1_141' title='bbox 957 4099 1385 4141; x_wconf 76' lang='lat' dir='ltr'>DIOCLKTIANUS.</span> 
     </span>
    </p>
   </div>
   <div class='ocr_carea' id='block_1_42' title="bbox 412 4172 2000 4244">
    <p class='ocr_par' dir='ltr' id='par_1_42' title="bbox 412 4172 2000 4244">
     <span class='ocr_line' id='line_1_42' title="bbox 412 4172 2000 4244; baseline 0.003 -14"><span class='ocrx_word' id='word_1_142' title='bbox 412 4174 541 4230; x_wconf 66' lang='lat' dir='ltr'>Ista</span> <span class='ocrx_word' id='word_1_143' title='bbox 558 4178 936 4230; x_wconf 87' lang='lat' dir='ltr'>contumaces</span> <span class='ocrx_word' id='word_1_144' title='bbox 952 4172 1288 4244; x_wconf 89' lang='lat' dir='ltr'>nostrisque</span> <span class='ocrx_word' id='word_1_145' title='bbox 1306 4173 1554 4229; x_wconf 88' lang='lat' dir='ltr'>decretis</span> <span class='ocrx_word' id='word_1_146' title='bbox 1571 4173 2000 4234; x_wconf 87' lang='lat' dir='ltr'>contraluctan-</span> 
     </span>
    </p>
   </div>
   <div class='ocr_carea' id='block_1_43' title="bbox 338 4260 1996 4335">
    <p class='ocr_par' dir='ltr' id='par_1_43' title="bbox 338 4260 1996 4335">
     <span class='ocr_line' id='line_1_43' title="bbox 338 4260 1996 4335; baseline -0.001 -14"><span class='ocrx_word' id='word_1_147' title='bbox 338 4268 429 4321; x_wconf 89' lang='lat' dir='ltr'>tes</span> <span class='ocrx_word' id='word_1_148' title='bbox 461 4262 682 4319; x_wconf 83' lang='lat' dir='ltr'>catenis</span> <span class='ocrx_word' id='word_1_149' title='bbox 703 4261 1063 4329; x_wconf 88' lang='lat' dir='ltr'>irretiantur,</span> <span class='ocrx_word' id='word_1_150' title='bbox 1078 4266 1136 4317; x_wconf 88' lang='lat' dir='ltr'>et</span> <span class='ocrx_word' id='word_1_151' title='bbox 1156 4260 1229 4317; x_wconf 93' lang='lat' dir='ltr'>ad</span> <span class='ocrx_word' id='word_1_152' title='bbox 1250 4277 1495 4318; x_wconf 83' lang='lat' dir='ltr'>examen</span> <span class='ocrx_word' id='word_1_153' title='bbox 1517 4261 1752 4318; x_wconf 90' lang='lat' dir='ltr'>Dulcitii</span> <span class='ocrx_word' id='word_1_154' title='bbox 1777 4280 1996 4335; x_wconf 73' lang='lat' dir='ltr'>praesu-</span> 
     </span>
    </p>
   </div>
   <div class='ocr_carea' id='block_1_44' title="bbox 339 4339 1993 4425">
    <p class='ocr_par' dir='ltr' id='par_1_44' title="bbox 339 4339 1993 4425">
     <span class='ocr_line' id='line_1_44' title="bbox 339 4339 1993 4425; baseline 0.001 -18"><span class='ocrx_word' id='word_1_155' title='bbox 339 4350 412 4409; x_wconf 87' lang='lat' dir='ltr'>lis</span> <span class='ocrx_word' id='word_1_156' title='bbox 438 4352 562 4425; x_wconf 82' lang='lat' dir='ltr'>(leg.</span> <span class='ocrx_word' id='word_1_157' title='bbox 583 4349 873 4424; x_wconf 53' lang='lat' dir='ltr'>praesidis)</span> <span class='ocrx_word' id='word_1_158' title='bbox 904 4350 1018 4407; x_wconf 88' lang='lat' dir='ltr'>sub</span> <span class='ocrx_word' id='word_1_159' title='bbox 1049 4348 1326 4407; x_wconf 89' lang='lat' dir='ltr'>carcerali</span> <span class='ocrx_word' id='word_1_160' title='bbox 1359 4348 1633 4421; x_wconf 90' lang='lat' dir='ltr'>squalore</span> <span class='ocrx_word' id='word_1_161' title='bbox 1672 4339 1993 4409; x_wconf 84' lang='lat' dir='ltr'>serventur.</span> 
     </span>
    </p>
   </div>
   <div class='ocr_carea' id='block_1_45' title="bbox 1001 4457 1343 4515">
    <p class='ocr_par' dir='ltr' id='par_1_45' title="bbox 1001 4457 1343 4515">
     <span class='ocr_line' id='line_1_45' title="bbox 1001 4457 1343 4515; baseline -0.006 0"><span class='ocrx_word' id='word_1_162' title='bbox 1001 4457 1231 4515; x_wconf 88' lang='lat' dir='ltr'>SCENA</span> <span class='ocrx_word' id='word_1_163' title='bbox 1270 4457 1343 4514; x_wconf 92' lang='grc' dir='ltr'>ΙΙ.</span> 
     </span>
    </p>
   </div>
   <div class='ocr_carea' id='block_1_46' title="bbox 1011 4569 1336 4612">
    <p class='ocr_par' dir='ltr' id='par_1_46' title="bbox 1011 4569 1336 4612">
     <span class='ocr_line' id='line_1_46' title="bbox 1011 4569 1336 4612; baseline -0.009 0"><span class='ocrx_word' id='word_1_164' title='bbox 1011 4569 1336 4612; x_wconf 74' lang='grc' dir='ltr'>ουιαιτιυε.</span> 
     </span>
    </p>
   </div>
   <div class='ocr_carea' id='block_1_47' title="bbox 413 4644 2077 4726">
    <p class='ocr_par' dir='ltr' id='par_1_47' title="bbox 413 4644 2077 4726">
     <span class='ocr_line' id='line_1_47' title="bbox 413 4644 2077 4726; baseline 0.001 -25"><span class='ocrx_word' id='word_1_165' title='bbox 413 4645 739 4714; x_wconf 90' lang='lat' dir='ltr'>Producite,</span> <span class='ocrx_word' id='word_1_166' title='bbox 768 4644 1005 4713; x_wconf 86' lang='lat' dir='ltr'>milites,</span> <span class='ocrx_word' id='word_1_167' title='bbox 1030 4644 1337 4715; x_wconf 90' lang='lat' dir='ltr'>producite</span> <span class='ocrx_word' id='word_1_168' title='bbox 1368 4659 1517 4715; x_wconf 90' lang='lat' dir='ltr'>quas</span> <span class='ocrx_word' id='word_1_169' title='bbox 1546 4644 1756 4700; x_wconf 86' lang='lat' dir='ltr'>tenetis</span> <span class='ocrx_word' id='word_1_170' title='bbox 1786 4644 1845 4700; x_wconf 91' lang='lat' dir='ltr'>in</span> <span class='ocrx_word' id='word_1_171' title='bbox 1872 4662 1996 4702; x_wconf 85' lang='lat' dir='ltr'>car-</span> <span class='ocrx_word' id='word_1_172' title='bbox 2029 4661 2077 4726; x_wconf 77' lang='grc' dir='ltr'>Ι)</span> 
     </span>
    </p>
   </div>
   <div class='ocr_carea' id='block_1_48' title="bbox 343 4749 500 4791">
    <p class='ocr_par' dir='ltr' id='par_1_48' title="bbox 343 4749 500 4791">
     <span class='ocr_line' id='line_1_48' title="bbox 343 4749 500 4791; baseline 0 0"><span class='ocrx_word' id='word_1_173' title='bbox 343 4749 475 4791; x_wconf 88' lang='lat' dir='ltr'>cere</span> <span class='ocrx_word' id='word_1_174' title='bbox 487 4775 500 4791; x_wconf 72' lang='grc' dir='ltr'>ς</span> 
     </span>
    </p>
   </div>
   <div class='ocr_carea' id='block_1_49' title="bbox 1045 4838 1294 4878">
    <p class='ocr_par' dir='ltr' id='par_1_49' title="bbox 1045 4838 1294 4878">
     <span class='ocr_line' id='line_1_49' title="bbox 1045 4838 1294 4878; baseline -0.004 0"><span class='ocrx_word' id='word_1_175' title='bbox 1045 4838 1294 4878; x_wconf 77' lang='lat' dir='ltr'>MILITES.</span> 
     </span>
    </p>
   </div>
   <div class='ocr_carea' id='block_1_50' title="bbox 411 4911 1279 4983">
    <p class='ocr_par' dir='ltr' id='par_1_50' title="bbox 411 4911 1279 4983">
     <span class='ocr_line' id='line_1_50' title="bbox 411 4911 1279 4983; baseline -0.003 -16"><span class='ocrx_word' id='word_1_176' title='bbox 411 4911 556 4967; x_wconf 85' lang='lat' dir='ltr'>Ecce</span> <span class='ocrx_word' id='word_1_177' title='bbox 587 4927 734 4983; x_wconf 89' lang='lat' dir='ltr'>quas</span> <span class='ocrx_word' id='word_1_178' title='bbox 763 4911 1002 4967; x_wconf 87' lang='lat' dir='ltr'>vocasti.</span> <span class='ocrx_word' id='word_1_179' title='bbox 1274 4918 1279 4923; x_wconf 89' lang='lat'>‘</span> 
     </span>
    </p>
   </div>
   <div class='ocr_carea' id='block_1_51' title="bbox 1002 5016 1330 5057">
    <p class='ocr_par' dir='ltr' id='par_1_51' title="bbox 1002 5016 1330 5057">
     <span class='ocr_line' id='line_1_51' title="bbox 1002 5016 1330 5057; baseline -0.003 -2"><span class='ocrx_word' id='word_1_180' title='bbox 1002 5017 1078 5056; x_wconf 88' lang='lat' dir='ltr'><strong>DU</strong></span> <span class='ocrx_word' id='word_1_181' title='bbox 1092 5016 1330 5057; x_wconf 82' lang='lat' dir='ltr'>LCITIUS.</span> 
     </span>
    </p>
   </div>
   <div class='ocr_carea' id='block_1_52' title="bbox 414 5087 2000 5165">
    <p class='ocr_par' dir='ltr' id='par_1_52' title="bbox 414 5087 2000 5165">
     <span class='ocr_line' id='line_1_52' title="bbox 414 5087 2000 5165; baseline 0.003 -20"><span class='ocrx_word' id='word_1_182' title='bbox 414 5087 606 5161; x_wconf 81' lang='lat' dir='ltr'>Papae!</span> <span class='ocrx_word' id='word_1_183' title='bbox 639 5105 815 5161; x_wconf 89' lang='lat' dir='ltr'>quam</span> <span class='ocrx_word' id='word_1_184' title='bbox 848 5088 1126 5162; x_wconf 81' lang='lat' dir='ltr'>pulchrae,</span> <span class='ocrx_word' id='word_1_185' title='bbox 1147 5106 1326 5162; x_wconf 91' lang='lat' dir='ltr'>quam</span> <span class='ocrx_word' id='word_1_186' title='bbox 1348 5095 1626 5160; x_wconf 80' lang='lat' dir='ltr'>venustae,</span> <span class='ocrx_word' id='word_1_187' title='bbox 1643 5108 1821 5165; x_wconf 88' lang='lat' dir='ltr'>quam</span> <span class='ocrx_word' id='word_1_188' title='bbox 1843 5107 2000 5165; x_wconf 85' lang='lat' dir='ltr'>egre-</span> 
     </span>
    </p>
   </div>
   <div class='ocr_carea' id='block_1_53' title="bbox 341 5176 791 5252">
    <p class='ocr_par' dir='ltr' id='par_1_53' title="bbox 341 5176 791 5252">
     <span class='ocr_line' id='line_1_53' title="bbox 341 5176 791 5252; baseline 0.002 -19"><span class='ocrx_word' id='word_1_189' title='bbox 341 5178 449 5252; x_wconf 64' lang='lat' dir='ltr'>gia</span> <span class='ocrx_word' id='word_1_190' title='bbox 479 5176 752 5252; x_wconf 69' lang='lat' dir='ltr'>puellula:</span> <span class='ocrx_word' id='word_1_191' title='bbox 778 5179 791 5234; x_wconf 81' lang='grc' dir='ltr'><strong>ι</strong></span> 
     </span>
    </p>
   </div>
   <div class='ocr_carea' id='block_1_54' title="bbox 1048 5285 1297 5326">
    <p class='ocr_par' dir='ltr' id='par_1_54' title="bbox 1048 5285 1297 5326">
     <span class='ocr_line' id='line_1_54' title="bbox 1048 5285 1297 5326; baseline -0.004 -1"><span class='ocrx_word' id='word_1_192' title='bbox 1048 5285 1297 5326; x_wconf 74' lang='lat' dir='ltr'>MILITBS.</span> 
     </span>
    </p>
   </div>
   <div class='ocr_carea' id='block_1_55' title="bbox 412 5356 934 5414">
    <p class='ocr_par' dir='ltr' id='par_1_55' title="bbox 412 5356 934 5414">
     <span class='ocr_line' id='line_1_55' title="bbox 412 5356 934 5414; baseline 0.004 -2"><span class='ocrx_word' id='word_1_193' title='bbox 412 5356 673 5413; x_wconf 79' lang='lat' dir='ltr'>Profecto</span> <span class='ocrx_word' id='word_1_194' title='bbox 695 5357 934 5414; x_wconf 73' lang='lat' dir='ltr'>decoras.</span> 
     </span>
    </p>
   </div>
   <div class='ocr_carea' id='block_1_56' title="bbox 1011 5464 1339 5505">
    <p class='ocr_par' dir='ltr' id='par_1_56' title="bbox 1011 5464 1339 5505">
     <span class='ocr_line' id='line_1_56' title="bbox 1011 5464 1339 5505; baseline 0 -3"><span class='ocrx_word' id='word_1_195' title='bbox 1011 5464 1339 5505; x_wconf 58' lang='lat' dir='ltr'>DULCITIUS.‘</span> 
     </span>
    </p>
   </div>
   <div class='ocr_carea' id='block_1_57' title="bbox 412 5534 1305 5608">
    <p class='ocr_par' dir='ltr' id='par_1_57' title="bbox 412 5534 1305 5608">
     <span class='ocr_line' id='line_1_57' title="bbox 412 5534 1305 5608; baseline -0.002 -15"><span class='ocrx_word' id='word_1_196' title='bbox 412 5536 631 5608; x_wconf 84' lang='lat' dir='ltr'>Captus</span> <span class='ocrx_word' id='word_1_197' title='bbox 662 5552 795 5592; x_wconf 90' lang='lat' dir='ltr'>sum</span> <span class='ocrx_word' id='word_1_198' title='bbox 828 5534 1063 5591; x_wconf 90' lang='lat' dir='ltr'>illarum</span> <span class='ocrx_word' id='word_1_199' title='bbox 1093 5537 1305 5608; x_wconf 88' lang='lat' dir='ltr'>specie.</span> 
     </span>
    </p>
   </div>
   <div class='ocr_carea' id='block_1_58' title="bbox 1054 5650 1296 5691">
    <p class='ocr_par' dir='ltr' id='par_1_58' title="bbox 1054 5650 1296 5691">
     <span class='ocr_line' id='line_1_58' title="bbox 1054 5650 1296 5691; baseline 0.008 -2"><span class='ocrx_word' id='word_1_200' title='bbox 1054 5650 1296 5691; x_wconf 79' lang='lat' dir='ltr'>MILITES.</span> 
     </span>
    </p>
   </div>
   <div class='ocr_carea' id='block_1_59' title="bbox 415 5722 723 5781">
    <p class='ocr_par' dir='ltr' id='par_1_59' title="bbox 415 5722 723 5781">
     <span class='ocr_line' id='line_1_59' title="bbox 415 5722 723 5781; baseline 0.003 -2"><span class='ocrx_word' id='word_1_201' title='bbox 415 5722 723 5781; x_wconf 86' lang='lat' dir='ltr'>Credibile.</span> 
     </span>
    </p>
   </div>
   <div class='ocr_carea' id='block_1_60' title="bbox 1161 409 2977 479">
    <p class='ocr_par' dir='ltr' id='par_1_60' title="bbox 1161 409 2977 479">
     <span class='ocr_line' id='line_1_60' title="bbox 1161 409 2977 479; baseline -0.001 -3"><span class='ocrx_word' id='word_1_202' title='bbox 1161 414 1689 479; x_wconf 70' lang='lat' dir='ltr'>HROTSUITH/E</span> <span class='ocrx_word' id='word_1_203' title='bbox 1732 409 2109 476; x_wconf 82' lang='lat' dir='ltr'>MONIALIS</span> <span class='ocrx_word' id='word_1_204' title='bbox 2155 409 2977 476; x_wconf 79' lang='lat' dir='ltr'>GANDERSHEIMENSIS.</span> 
     </span>
    </p>
   </div>
   <div class='ocr_carea' id='block_1_61' title="bbox 2032 542 2091 612">
    <p class='ocr_par' dir='ltr' id='par_1_61' title="bbox 2032 542 2091 612">
     <span class='ocr_line' id='line_1_61' title="bbox 2032 542 2091 612; baseline 0 0"><span class='ocrx_word' id='word_1_205' title='bbox 2032 542 2091 612; x_wconf 64' lang='grc' dir='ltr'>λι</span> 
     </span>
    </p>
   </div>
   <div class='ocr_carea' id='block_1_62' title="bbox 2033 1916 2082 1983">
    <p class='ocr_par' dir='ltr' id='par_1_62' title="bbox 2033 1916 2082 1983">
     <span class='ocr_line' id='line_1_62' title="bbox 2033 1916 2082 1983; baseline 0 0"><span class='ocrx_word' id='word_1_206' title='bbox 2033 1916 2082 1983; x_wconf 70' lang='lat' dir='ltr'>Il</span> 
     </span>
    </p>
   </div>
   <div class='ocr_carea' id='block_1_63' title="bbox 2025 3287 2073 3359">
    <p class='ocr_par' dir='ltr' id='par_1_63' title="bbox 2025 3287 2073 3359">
     <span class='ocr_line' id='line_1_63' title="bbox 2025 3287 2073 3359; baseline 0 0"><span class='ocrx_word' id='word_1_207' title='bbox 2025 3287 2073 3359; x_wconf 71' lang='grc' dir='ltr'><strong>(ἶ</strong></span> 
     </span>
    </p>
   </div>
   <div class='ocr_carea' id='block_1_64' title="bbox 2791 562 3098 603">
    <p class='ocr_par' dir='ltr' id='par_1_64' title="bbox 2791 562 3098 603">
     <span class='ocr_line' id='line_1_64' title="bbox 2791 562 3098 603; baseline 0.003 -1"><span class='ocrx_word' id='word_1_208' title='bbox 2791 562 3098 603; x_wconf 74' lang='grc' dir='ltr'>ουωιτιυε</span> 
     </span>
    </p>
   </div>
   <div class='ocr_carea' id='block_1_65' title="bbox 2193 632 3444 693">
    <p class='ocr_par' dir='ltr' id='par_1_65' title="bbox 2193 632 3444 693">
     <span class='ocr_line' id='line_1_65' title="bbox 2193 632 3444 693; baseline -0.002 -2"><span class='ocrx_word' id='word_1_209' title='bbox 2193 634 2458 692; x_wconf 69' lang='grc' dir='ltr'>Εχωεωο</span> <span class='ocrx_word' id='word_1_210' title='bbox 2488 635 2622 693; x_wconf 90' lang='lat' dir='ltr'>illas</span> <span class='ocrx_word' id='word_1_211' title='bbox 2651 636 2724 693; x_wconf 93' lang='lat' dir='ltr'>ad</span> <span class='ocrx_word' id='word_1_212' title='bbox 2755 636 2870 691; x_wconf 89' lang='lat' dir='ltr'>mei</span> <span class='ocrx_word' id='word_1_213' title='bbox 2902 650 3163 693; x_wconf 88' lang='lat' dir='ltr'>amorem</span> <span class='ocrx_word' id='word_1_214' title='bbox 3193 632 3444 691; x_wconf 86' lang='lat' dir='ltr'>trahere.</span> 
     </span>
    </p>
   </div>
   <div class='ocr_carea' id='block_1_66' title="bbox 2826 750 3072 790">
    <p class='ocr_par' dir='ltr' id='par_1_66' title="bbox 2826 750 3072 790">
     <span class='ocr_line' id='line_1_66' title="bbox 2826 750 3072 790; baseline -0.004 -1"><span class='ocrx_word' id='word_1_215' title='bbox 2826 750 3050 790; x_wconf 77' lang='lat' dir='ltr'>MILITES</span> <span class='ocrx_word' id='word_1_216' title='bbox 3059 775 3072 788; x_wconf 89' lang='lat'>.</span> 
     </span>
    </p>
   </div>
   <div class='ocr_carea' id='block_1_67' title="bbox 2191 821 2979 897">
    <p class='ocr_par' dir='ltr' id='par_1_67' title="bbox 2191 821 2979 897">
     <span class='ocr_line' id='line_1_67' title="bbox 2191 821 2979 897; baseline -0.001 -18"><span class='ocrx_word' id='word_1_217' title='bbox 2191 821 2530 880; x_wconf 80' lang='lat' dir='ltr'>Difﬁdimus</span> <span class='ocrx_word' id='word_1_218' title='bbox 2560 828 2618 879; x_wconf 93' lang='lat' dir='ltr'>te</span> <span class='ocrx_word' id='word_1_219' title='bbox 2648 822 2979 897; x_wconf 79' lang='lat' dir='ltr'>praevalere.</span> 
     </span>
    </p>
   </div>
   <div class='ocr_carea' id='block_1_68' title="bbox 2789 937 3110 978">
    <p class='ocr_par' dir='ltr' id='par_1_68' title="bbox 2789 937 3110 978">
     <span class='ocr_line' id='line_1_68' title="bbox 2789 937 3110 978; baseline -0.003 -1"><span class='ocrx_word' id='word_1_220' title='bbox 2789 937 3110 978; x_wconf 74' lang='lat' dir='ltr'>DULCITlUS.</span> 
     </span>
    </p>
   </div>
   <div class='ocr_carea' id='block_1_69' title="bbox 2190 1010 2424 1075">
    <p class='ocr_par' dir='ltr' id='par_1_69' title="bbox 2190 1010 2424 1075">
     <span class='ocr_line' id='line_1_69' title="bbox 2190 1010 2424 1075; baseline 0.004 -12"><span class='ocrx_word' id='word_1_221' title='bbox 2190 1012 2377 1075; x_wconf 87' lang='lat' dir='ltr'>Quare</span> <span class='ocrx_word' id='word_1_222' title='bbox 2396 1010 2424 1064; x_wconf 57' lang='grc' dir='ltr'>(Ι</span> 
     </span>
    </p>
   </div>
   <div class='ocr_carea' id='block_1_70' title="bbox 2344 1098 3063 1155">
    <p class='ocr_par' dir='ltr' id='par_1_70' title="bbox 2344 1098 3063 1155">
     <span class='ocr_line' id='line_1_70' title="bbox 2344 1098 3063 1155; baseline 0.007 -5"><span class='ocrx_word' id='word_1_223' title='bbox 2344 1098 2347 1103; x_wconf 55' lang='grc'><em>⁴</em></span> <span class='ocrx_word' id='word_1_224' title='bbox 2822 1116 3063 1155; x_wconf 71' lang='lat' dir='ltr'>mures.</span> 
     </span>
    </p>
   </div>
   <div class='ocr_carea' id='block_1_71' title="bbox 2188 1188 2767 1254">
    <p class='ocr_par' dir='ltr' id='par_1_71' title="bbox 2188 1188 2767 1254">
     <span class='ocr_line' id='line_1_71' title="bbox 2188 1188 2767 1254; baseline 0 -11"><span class='ocrx_word' id='word_1_225' title='bbox 2188 1188 2334 1254; x_wconf 86' lang='lat' dir='ltr'>Quia</span> <span class='ocrx_word' id='word_1_226' title='bbox 2359 1188 2601 1245; x_wconf 87' lang='lat' dir='ltr'>stabiles</span> <span class='ocrx_word' id='word_1_227' title='bbox 2631 1189 2767 1244; x_wconf 85' lang='lat' dir='ltr'>ﬁde.</span> 
     </span>
    </p>
   </div>
   <div class='ocr_carea' id='block_1_72' title="bbox 2790 1295 3111 1333">
    <p class='ocr_par' dir='ltr' id='par_1_72' title="bbox 2790 1295 3111 1333">
     <span class='ocr_line' id='line_1_72' title="bbox 2790 1295 3111 1333; baseline 0 0"><span class='ocrx_word' id='word_1_228' title='bbox 2790 1295 3111 1333; x_wconf 84' lang='lat' dir='ltr'>DULCITIUS.</span> 
     </span>
    </p>
   </div>
   <div class='ocr_carea' id='block_1_73' title="bbox 2189 1367 3217 1435">
    <p class='ocr_par' dir='ltr' id='par_1_73' title="bbox 2189 1367 3217 1435">
     <span class='ocr_line' id='line_1_73' title="bbox 2189 1367 3217 1435; baseline 0.001 -12"><span class='ocrx_word' id='word_1_229' title='bbox 2189 1368 2337 1435; x_wconf 88' lang='lat' dir='ltr'>Quid</span> <span class='ocrx_word' id='word_1_230' title='bbox 2362 1368 2409 1423; x_wconf 91' lang='lat' dir='ltr'>si</span> <span class='ocrx_word' id='word_1_231' title='bbox 2442 1368 2723 1425; x_wconf 89' lang='lat' dir='ltr'>suadeam</span> <span class='ocrx_word' id='word_1_232' title='bbox 2754 1367 3217 1424; x_wconf 83' lang='lat' dir='ltr'>blandimentis?</span> 
     </span>
    </p>
   </div>
   <div class='ocr_carea' id='block_1_74' title="bbox 2824 1482 3069 1522">
    <p class='ocr_par' dir='ltr' id='par_1_74' title="bbox 2824 1482 3069 1522">
     <span class='ocr_line' id='line_1_74' title="bbox 2824 1482 3069 1522; baseline -0.008 0"><span class='ocrx_word' id='word_1_233' title='bbox 2824 1482 3069 1522; x_wconf 76' lang='lat' dir='ltr'>MILITES.</span> 
     </span>
    </p>
   </div>
   <div class='ocr_carea' id='block_1_75' title="bbox 2187 1553 2606 1612">
    <p class='ocr_par' dir='ltr' id='par_1_75' title="bbox 2187 1553 2606 1612">
     <span class='ocr_line' id='line_1_75' title="bbox 2187 1553 2606 1612; baseline -0.005 -1"><span class='ocrx_word' id='word_1_234' title='bbox 2187 1553 2606 1612; x_wconf 89' lang='lat' dir='ltr'>Contemnunt.</span> 
     </span>
    </p>
   </div>
   <div class='ocr_carea' id='block_1_76' title="bbox 2777 1658 3104 1700">
    <p class='ocr_par' dir='ltr' id='par_1_76' title="bbox 2777 1658 3104 1700">
     <span class='ocr_line' id='line_1_76' title="bbox 2777 1658 3104 1700; baseline -0.006 0"><span class='ocrx_word' id='word_1_235' title='bbox 2777 1658 3104 1700; x_wconf 79' lang='lat' dir='ltr'>DULCITIUS.</span> 
     </span>
    </p>
   </div>
   <div class='ocr_carea' id='block_1_77' title="bbox 2188 1732 3080 1805">
    <p class='ocr_par' dir='ltr' id='par_1_77' title="bbox 2188 1732 3080 1805">
     <span class='ocr_line' id='line_1_77' title="bbox 2188 1732 3080 1805; baseline -0.004 -15"><span class='ocrx_word' id='word_1_236' title='bbox 2188 1734 2337 1801; x_wconf 88' lang='lat' dir='ltr'>Quid</span> <span class='ocrx_word' id='word_1_237' title='bbox 2370 1732 2419 1790; x_wconf 90' lang='lat' dir='ltr'>si</span> <span class='ocrx_word' id='word_1_238' title='bbox 2450 1737 2699 1791; x_wconf 88' lang='lat' dir='ltr'>terream</span> <span class='ocrx_word' id='word_1_239' title='bbox 2732 1732 3080 1805; x_wconf 85' lang='lat' dir='ltr'>suppliciis?</span> 
     </span>
    </p>
   </div>
   <div class='ocr_carea' id='block_1_78' title="bbox 2814 1845 3060 1888">
    <p class='ocr_par' dir='ltr' id='par_1_78' title="bbox 2814 1845 3060 1888">
     <span class='ocr_line' id='line_1_78' title="bbox 2814 1845 3060 1888; baseline -0.016 0"><span class='ocrx_word' id='word_1_240' title='bbox 2814 1845 3060 1888; x_wconf 74' lang='lat' dir='ltr'>MILITES.</span> 
     </span>
    </p>
   </div>
   <div class='ocr_carea' id='block_1_79' title="bbox 2184 1920 2659 1994">
    <p class='ocr_par' dir='ltr' id='par_1_79' title="bbox 2184 1920 2659 1994">
     <span class='ocr_line' id='line_1_79' title="bbox 2184 1920 2659 1994; baseline -0.002 -17"><span class='ocrx_word' id='word_1_241' title='bbox 2184 1920 2347 1977; x_wconf 88' lang='lat' dir='ltr'>Parvi</span> <span class='ocrx_word' id='word_1_242' title='bbox 2379 1921 2659 1994; x_wconf 87' lang='lat' dir='ltr'>pendunt.</span> 
     </span>
    </p>
   </div>
   <div class='ocr_carea' id='block_1_80' title="bbox 2753 2024 3078 2067">
    <p class='ocr_par' dir='ltr' id='par_1_80' title="bbox 2753 2024 3078 2067">
     <span class='ocr_line' id='line_1_80' title="bbox 2753 2024 3078 2067; baseline -0.009 -1"><span class='ocrx_word' id='word_1_243' title='bbox 2753 2024 3078 2067; x_wconf 79' lang='lat' dir='ltr'>DULCITIUS.</span> 
     </span>
    </p>
   </div>
   <div class='ocr_carea' id='block_1_81' title="bbox 2184 2099 2591 2172">
    <p class='ocr_par' dir='ltr' id='par_1_81' title="bbox 2184 2099 2591 2172">
     <span class='ocr_line' id='line_1_81' title="bbox 2184 2099 2591 2172; baseline -0.005 -17"><span class='ocrx_word' id='word_1_244' title='bbox 2184 2099 2251 2155; x_wconf 89' lang='lat' dir='ltr'>Et</span> <span class='ocrx_word' id='word_1_245' title='bbox 2279 2100 2420 2172; x_wconf 91' lang='lat' dir='ltr'>quid</span> <span class='ocrx_word' id='word_1_246' title='bbox 2446 2100 2545 2155; x_wconf 85' lang='lat' dir='ltr'>fiet</span> <span class='ocrx_word' id='word_1_247' title='bbox 2564 2099 2591 2153; x_wconf 83' lang='lat'><strong>?</strong></span> 
     </span>
    </p>
   </div>
   <div class='ocr_carea' id='block_1_82' title="bbox 2806 2204 3051 2244">
    <p class='ocr_par' dir='ltr' id='par_1_82' title="bbox 2806 2204 3051 2244">
     <span class='ocr_line' id='line_1_82' title="bbox 2806 2204 3051 2244; baseline -0.004 0"><span class='ocrx_word' id='word_1_248' title='bbox 2806 2204 3031 2244; x_wconf 77' lang='lat' dir='ltr'>MlLlTES</span> <span class='ocrx_word' id='word_1_249' title='bbox 3040 2229 3051 2242; x_wconf 83' lang='lat'>.</span> 
     </span>
    </p>
   </div>
   <div class='ocr_carea' id='block_1_83' title="bbox 2184 2279 2518 2352">
    <p class='ocr_par' dir='ltr' id='par_1_83' title="bbox 2184 2279 2518 2352">
     <span class='ocr_line' id='line_1_83' title="bbox 2184 2279 2518 2352; baseline -0.006 -17"><span class='ocrx_word' id='word_1_250' title='bbox 2184 2279 2518 2352; x_wconf 68' lang='lat' dir='ltr'>Praecogita.</span> 
     </span>
    </p>
   </div>
   <div class='ocr_carea' id='block_1_84' title="bbox 2781 2382 3106 2423">
    <p class='ocr_par' dir='ltr' id='par_1_84' title="bbox 2781 2382 3106 2423">
     <span class='ocr_line' id='line_1_84' title="bbox 2781 2382 3106 2423; baseline -0.009 0"><span class='ocrx_word' id='word_1_251' title='bbox 2781 2382 3106 2423; x_wconf 78' lang='lat' dir='ltr'>DULCITIUS.</span> 
     </span>
    </p>
   </div>
   <div class='ocr_carea' id='block_1_85' title="bbox 2184 2453 3777 2514">
    <p class='ocr_par' dir='ltr' id='par_1_85' title="bbox 2184 2453 3777 2514">
     <span class='ocr_line' id='line_1_85' title="bbox 2184 2453 3777 2514; baseline -0.001 0"><span class='ocrx_word' id='word_1_252' title='bbox 2184 2457 2385 2514; x_wconf 87' lang='lat' dir='ltr'>Ponite</span> <span class='ocrx_word' id='word_1_253' title='bbox 2406 2456 2539 2513; x_wconf 90' lang='lat' dir='ltr'>illas</span> <span class='ocrx_word' id='word_1_254' title='bbox 2555 2458 2656 2513; x_wconf 79' lang='lat' dir='ltr'>I9</span> <span class='ocrx_word' id='word_1_255' title='bbox 2678 2457 2739 2513; x_wconf 91' lang='lat' dir='ltr'>in</span> <span class='ocrx_word' id='word_1_256' title='bbox 2752 2455 3083 2512; x_wconf 84' lang='lat' dir='ltr'>custodiam</span> <span class='ocrx_word' id='word_1_257' title='bbox 3099 2454 3159 2510; x_wconf 92' lang='lat' dir='ltr'>in</span> <span class='ocrx_word' id='word_1_258' title='bbox 3177 2453 3516 2512; x_wconf 89' lang='lat' dir='ltr'>interiorem</span> <span class='ocrx_word' id='word_1_259' title='bbox 3527 2457 3777 2513; x_wconf 62' lang='lat' dir='ltr'>ofﬁcinae</span> 
     </span>
    </p>
   </div>
   <div class='ocr_carea' id='block_1_86' title="bbox 2111 2543 3775 2620">
    <p class='ocr_par' dir='ltr' id='par_1_86' title="bbox 2111 2543 3775 2620">
     <span class='ocr_line' id='line_1_86' title="bbox 2111 2543 3775 2620; baseline -0.002 -16"><span class='ocrx_word' id='word_1_260' title='bbox 2111 2547 2384 2617; x_wconf 64' lang='lat' dir='ltr'>aedem,in</span> <span class='ocrx_word' id='word_1_261' title='bbox 2403 2547 2497 2619; x_wconf 89' lang='lat' dir='ltr'>cuj</span> <span class='ocrx_word' id='word_1_262' title='bbox 2507 2564 2577 2604; x_wconf 90' lang='lat' dir='ltr'>us</span> <span class='ocrx_word' id='word_1_263' title='bbox 2589 2546 2852 2620; x_wconf 90' lang='lat' dir='ltr'>proaulio</span> <span class='ocrx_word' id='word_1_264' title='bbox 2872 2543 3279 2603; x_wconf 89' lang='lat' dir='ltr'>ministrorum</span> <span class='ocrx_word' id='word_1_265' title='bbox 3293 2550 3606 2603; x_wconf 88' lang='lat' dir='ltr'>servantur</span> <span class='ocrx_word' id='word_1_266' title='bbox 3615 2564 3775 2604; x_wconf 86' lang='lat' dir='ltr'>vasa.</span> 
     </span>
    </p>
   </div>
   <div class='ocr_carea' id='block_1_87' title="bbox 2811 2658 3060 2700">
    <p class='ocr_par' dir='ltr' id='par_1_87' title="bbox 2811 2658 3060 2700">
     <span class='ocr_line' id='line_1_87' title="bbox 2811 2658 3060 2700; baseline -0.008 0"><span class='ocrx_word' id='word_1_267' title='bbox 2811 2658 3060 2700; x_wconf 69' lang='lat' dir='ltr'>MILITES.</span> 
     </span>
    </p>
   </div>
   <div class='ocr_carea' id='block_1_88' title="bbox 2183 2732 2705 2808">
    <p class='ocr_par' dir='ltr' id='par_1_88' title="bbox 2183 2732 2705 2808">
     <span class='ocr_line' id='line_1_88' title="bbox 2183 2732 2705 2808; baseline -0.004 -16"><span class='ocrx_word' id='word_1_268' title='bbox 2183 2734 2256 2793; x_wconf 93' lang='lat' dir='ltr'>Ut</span> <span class='ocrx_word' id='word_1_269' title='bbox 2284 2735 2428 2808; x_wconf 88' lang='lat' dir='ltr'>quid</span> <span class='ocrx_word' id='word_1_270' title='bbox 2457 2752 2524 2792; x_wconf 91' lang='lat' dir='ltr'>eo</span> <span class='ocrx_word' id='word_1_271' title='bbox 2555 2732 2705 2791; x_wconf 82' lang='lat' dir='ltr'>loci?</span> 
     </span>
    </p>
   </div>
   <div class='ocr_carea' id='block_1_89' title="bbox 2782 2838 3107 2879">
    <p class='ocr_par' dir='ltr' id='par_1_89' title="bbox 2782 2838 3107 2879">
     <span class='ocr_line' id='line_1_89' title="bbox 2782 2838 3107 2879; baseline -0.006 0"><span class='ocrx_word' id='word_1_272' title='bbox 2782 2838 3107 2879; x_wconf 79' lang='lat' dir='ltr'>DULCITIUS.</span> 
     </span>
    </p>
   </div>
   <div class='ocr_carea' id='block_1_90' title="bbox 2181 2910 3359 2984">
    <p class='ocr_par' dir='ltr' id='par_1_90' title="bbox 2181 2910 3359 2984">
     <span class='ocr_line' id='line_1_90' title="bbox 2181 2910 3359 2984; baseline -0.004 -12"><span class='ocrx_word' id='word_1_273' title='bbox 2181 2917 2305 2983; x_wconf 88' lang='lat' dir='ltr'>Quo</span> <span class='ocrx_word' id='word_1_274' title='bbox 2337 2931 2371 2972; x_wconf 90' lang='lat' dir='ltr'>a</span> <span class='ocrx_word' id='word_1_275' title='bbox 2392 2929 2486 2971; x_wconf 87' lang='lat' dir='ltr'>me</span> <span class='ocrx_word' id='word_1_276' title='bbox 2517 2910 2866 2984; x_wconf 69' lang='lat' dir='ltr'>smpiuscule</span> <span class='ocrx_word' id='word_1_277' title='bbox 2897 2910 3126 2983; x_wconf 89' lang='lat' dir='ltr'>possint</span> <span class='ocrx_word' id='word_1_278' title='bbox 3152 2911 3359 2968; x_wconf 87' lang='lat' dir='ltr'>videri.</span> 
     </span>
    </p>
   </div>
   <div class='ocr_carea' id='block_1_91' title="bbox 2821 3025 3048 3071">
    <p class='ocr_par' dir='ltr' id='par_1_91' title="bbox 2821 3025 3048 3071">
     <span class='ocr_line' id='line_1_91' title="bbox 2821 3025 3048 3071; baseline -0.013 -8"><span class='ocrx_word' id='word_1_279' title='bbox 2821 3025 3048 3071; x_wconf 67' lang='grc' dir='ltr'>κιυτεε.</span> 
     </span>
    </p>
   </div>
   <div class='ocr_carea' id='block_1_92' title="bbox 2180 3099 2472 3173">
    <p class='ocr_par' dir='ltr' id='par_1_92' title="bbox 2180 3099 2472 3173">
     <span class='ocr_line' id='line_1_92' title="bbox 2180 3099 2472 3173; baseline -0.014 -16"><span class='ocrx_word' id='word_1_280' title='bbox 2180 3100 2254 3157; x_wconf 90' lang='lat' dir='ltr'>Ut</span> <span class='ocrx_word' id='word_1_281' title='bbox 2276 3099 2472 3173; x_wconf 89' lang='lat' dir='ltr'>jubes.</span> 
     </span>
    </p>
   </div>
   <div class='ocr_carea' id='block_1_93' title="bbox 2765 3184 3112 3242">
    <p class='ocr_par' dir='ltr' id='par_1_93' title="bbox 2765 3184 3112 3242">
     <span class='ocr_line' id='line_1_93' title="bbox 2765 3184 3112 3242; baseline -0.009 0"><span class='ocrx_word' id='word_1_282' title='bbox 2765 3184 2992 3242; x_wconf 87' lang='lat' dir='ltr'>SCENA</span> <span class='ocrx_word' id='word_1_283' title='bbox 3034 3184 3112 3240; x_wconf 91' lang='lat' dir='ltr'><strong>III</strong></span> 
     </span>
    </p>
   </div>
   <div class='ocr_carea' id='block_1_94' title="bbox 2796 3292 3477 3331">
    <p class='ocr_par' dir='ltr' id='par_1_94' title="bbox 2796 3292 3477 3331">
     <span class='ocr_line' id='line_1_94' title="bbox 2796 3292 3477 3331; baseline -0.006 0"><span class='ocrx_word' id='word_1_284' title='bbox 2796 3292 3087 3331; x_wconf 83' lang='lat' dir='ltr'>DULCITIUS.</span> <span class='ocrx_word' id='word_1_285' title='bbox 3474 3321 3477 3327; x_wconf 92' lang='lat'>.</span> 
     </span>
    </p>
   </div>
   <div class='ocr_carea' id='block_1_95' title="bbox 2178 3362 3661 3440">
    <p class='ocr_par' dir='ltr' id='par_1_95' title="bbox 2178 3362 3661 3440">
     <span class='ocr_line' id='line_1_95' title="bbox 2178 3362 3661 3440; baseline 0 -15"><span class='ocrx_word' id='word_1_286' title='bbox 2178 3368 2328 3436; x_wconf 88' lang='lat' dir='ltr'>Quid</span> <span class='ocrx_word' id='word_1_287' title='bbox 2358 3370 2541 3440; x_wconf 78' lang='lat' dir='ltr'>agunt</span> <span class='ocrx_word' id='word_1_288' title='bbox 2570 3364 2812 3437; x_wconf 72' lang='lat' dir='ltr'>captiva:</span> <span class='ocrx_word' id='word_1_289' title='bbox 2838 3363 2947 3421; x_wconf 91' lang='lat' dir='ltr'>sub</span> <span class='ocrx_word' id='word_1_290' title='bbox 2976 3362 3085 3418; x_wconf 89' lang='lat' dir='ltr'>hoc</span> <span class='ocrx_word' id='word_1_291' title='bbox 3118 3362 3305 3419; x_wconf 90' lang='lat' dir='ltr'>noctis</span> <span class='ocrx_word' id='word_1_292' title='bbox 3334 3367 3607 3439; x_wconf 88' lang='lat' dir='ltr'>tempore</span> <span class='ocrx_word' id='word_1_293' title='bbox 3629 3368 3661 3424; x_wconf 70' lang='lat'>‘2</span> 
     </span>
    </p>
   </div>
   <div class='ocr_carea' id='block_1_96' title="bbox 2821 3479 3053 3519">
    <p class='ocr_par' dir='ltr' id='par_1_96' title="bbox 2821 3479 3053 3519">
     <span class='ocr_line' id='line_1_96' title="bbox 2821 3479 3053 3519; baseline 0 0"><span class='ocrx_word' id='word_1_294' title='bbox 2821 3479 3053 3519; x_wconf 69' lang='lat' dir='ltr'>MILITBS.</span> 
     </span>
    </p>
   </div>
   <div class='ocr_carea' id='block_1_97' title="bbox 2180 3553 2689 3628">
    <p class='ocr_par' dir='ltr' id='par_1_97' title="bbox 2180 3553 2689 3628">
     <span class='ocr_line' id='line_1_97' title="bbox 2180 3553 2689 3628; baseline -0.006 -18"><span class='ocrx_word' id='word_1_295' title='bbox 2180 3556 2404 3613; x_wconf 88' lang='lat' dir='ltr'>Vacant</span> <span class='ocrx_word' id='word_1_296' title='bbox 2432 3553 2689 3628; x_wconf 86' lang='lat' dir='ltr'>hymnis.</span> 
     </span>
    </p>
   </div>
   <div class='ocr_carea' id='block_1_98' title="bbox 2798 3659 3089 3709">
    <p class='ocr_par' dir='ltr' id='par_1_98' title="bbox 2798 3659 3089 3709">
     <span class='ocr_line' id='line_1_98' title="bbox 2798 3659 3089 3709; baseline -0.007 -11"><span class='ocrx_word' id='word_1_297' title='bbox 2798 3659 3089 3709; x_wconf 80' lang='lat' dir='ltr'>DULCITIUS,</span> 
     </span>
    </p>
   </div>
   <div class='ocr_carea' id='block_1_99' title="bbox 2177 3731 2833 3805">
    <p class='ocr_par' dir='ltr' id='par_1_99' title="bbox 2177 3731 2833 3805">
     <span class='ocr_line' id='line_1_99' title="bbox 2177 3731 2833 3805; baseline -0.009 -13"><span class='ocrx_word' id='word_1_298' title='bbox 2177 3733 2539 3792; x_wconf 79' lang='lat' dir='ltr'>Accedamus</span> <span class='ocrx_word' id='word_1_299' title='bbox 2571 3731 2833 3805; x_wconf 89' lang='lat' dir='ltr'>propius.</span> 
     </span>
    </p>
   </div>
   <div class='ocr_carea' id='block_1_100' title="bbox 2824 3836 3057 3877">
    <p class='ocr_par' dir='ltr' id='par_1_100' title="bbox 2824 3836 3057 3877">
     <span class='ocr_line' id='line_1_100' title="bbox 2824 3836 3057 3877; baseline -0.009 -1"><span class='ocrx_word' id='word_1_300' title='bbox 2824 3836 3057 3877; x_wconf 73' lang='lat' dir='ltr'>MILITES.</span> 
     </span>
    </p>
   </div>
   <div class='ocr_carea' id='block_1_101' title="bbox 2180 3907 3552 3983">
    <p class='ocr_par' dir='ltr' id='par_1_101' title="bbox 2180 3907 3552 3983">
     <span class='ocr_line' id='line_1_101' title="bbox 2180 3907 3552 3983; baseline -0.001 -13"><span class='ocrx_word' id='word_1_301' title='bbox 2180 3911 2448 3970; x_wconf 68' lang='lat' dir='ltr'>Tinnula:</span> <span class='ocrx_word' id='word_1_302' title='bbox 2478 3909 2738 3967; x_wconf 89' lang='lat' dir='ltr'>sonitum</span> <span class='ocrx_word' id='word_1_303' title='bbox 2767 3907 2926 3966; x_wconf 90' lang='lat' dir='ltr'>vocis</span> <span class='ocrx_word' id='word_1_304' title='bbox 2957 3926 2992 3964; x_wconf 90' lang='lat' dir='ltr'>a</span> <span class='ocrx_word' id='word_1_305' title='bbox 3020 3908 3191 3983; x_wconf 80' lang='lat' dir='ltr'>longe</span> <span class='ocrx_word' id='word_1_306' title='bbox 3221 3911 3552 3969; x_wconf 89' lang='lat' dir='ltr'>audiemus.</span> 
     </span>
    </p>
   </div>
   <div class='ocr_carea' id='block_1_102' title="bbox 2787 4024 3087 4066">
    <p class='ocr_par' dir='ltr' id='par_1_102' title="bbox 2787 4024 3087 4066">
     <span class='ocr_line' id='line_1_102' title="bbox 2787 4024 3087 4066; baseline 0 -1"><span class='ocrx_word' id='word_1_307' title='bbox 2787 4024 3087 4066; x_wconf 75' lang='grc' dir='ltr'>υυιοιτιυε.</span> 
     </span>
    </p>
   </div>
   <div class='ocr_carea' id='block_1_103' title="bbox 2179 4095 3773 4173">
    <p class='ocr_par' dir='ltr' id='par_1_103' title="bbox 2179 4095 3773 4173">
     <span class='ocr_line' id='line_1_103' title="bbox 2179 4095 3773 4173; baseline 0 -12"><span class='ocrx_word' id='word_1_308' title='bbox 2179 4102 2490 4161; x_wconf 87' lang='lat' dir='ltr'>Observate</span> <span class='ocrx_word' id='word_1_309' title='bbox 2520 4116 2623 4172; x_wconf 90' lang='lat' dir='ltr'>pro</span> <span class='ocrx_word' id='word_1_310' title='bbox 2655 4097 2878 4155; x_wconf 82' lang='lat' dir='ltr'>foribus</span> <span class='ocrx_word' id='word_1_311' title='bbox 2922 4113 3058 4154; x_wconf 90' lang='lat' dir='ltr'>cum</span> <span class='ocrx_word' id='word_1_312' title='bbox 3088 4095 3378 4169; x_wconf 87' lang='lat' dir='ltr'>lucernis;</span> <span class='ocrx_word' id='word_1_313' title='bbox 3413 4115 3520 4173; x_wconf 90' lang='lat' dir='ltr'>ego</span> <span class='ocrx_word' id='word_1_314' title='bbox 3569 4109 3773 4160; x_wconf 89' lang='lat' dir='ltr'>autem</span> 
     </span>
    </p>
   </div>
   <div class='ocr_carea' id='block_1_104' title="bbox 2107 4184 3646 4261">
    <p class='ocr_par' dir='ltr' id='par_1_104' title="bbox 2107 4184 3646 4261">
     <span class='ocr_line' id='line_1_104' title="bbox 2107 4184 3646 4261; baseline -0.002 -12"><span class='ocrx_word' id='word_1_315' title='bbox 2107 4191 2343 4256; x_wconf 87' lang='lat' dir='ltr'>intrabo</span> <span class='ocrx_word' id='word_1_316' title='bbox 2375 4194 2434 4246; x_wconf 90' lang='lat' dir='ltr'>et</span> <span class='ocrx_word' id='word_1_317' title='bbox 2461 4188 2550 4246; x_wconf 88' lang='lat' dir='ltr'>vel</span> <span class='ocrx_word' id='word_1_318' title='bbox 2582 4186 2799 4260; x_wconf 88' lang='lat' dir='ltr'>optatis</span> <span class='ocrx_word' id='word_1_319' title='bbox 2829 4184 3196 4258; x_wconf 84' lang='lat' dir='ltr'>amplexibus</span> <span class='ocrx_word' id='word_1_320' title='bbox 3218 4203 3312 4261; x_wconf 86' lang='lat' dir='ltr'>me</span> <span class='ocrx_word' id='word_1_321' title='bbox 3342 4189 3646 4248; x_wconf 88' lang='lat' dir='ltr'>saturabo.</span> 
     </span>
    </p>
   </div>
   <div class='ocr_carea' id='block_1_105' title="bbox 2821 4301 3049 4341">
    <p class='ocr_par' dir='ltr' id='par_1_105' title="bbox 2821 4301 3049 4341">
     <span class='ocr_line' id='line_1_105' title="bbox 2821 4301 3049 4341; baseline -0.004 -1"><span class='ocrx_word' id='word_1_322' title='bbox 2821 4301 3049 4341; x_wconf 70' lang='grc' dir='ltr'>ιιιιιτεε.</span> 
     </span>
    </p>
   </div>
   <div class='ocr_carea' id='block_1_106' title="bbox 2180 4373 2887 4451">
    <p class='ocr_par' dir='ltr' id='par_1_106' title="bbox 2180 4373 2887 4451">
     <span class='ocr_line' id='line_1_106' title="bbox 2180 4373 2887 4451; baseline -0.01 -16"><span class='ocrx_word' id='word_1_323' title='bbox 2180 4380 2361 4448; x_wconf 88' lang='lat' dir='ltr'>Intra,</span> <span class='ocrx_word' id='word_1_324' title='bbox 2394 4373 2887 4451; x_wconf 79' lang='lat' dir='ltr'>praestolabimur.</span> 
     </span>
    </p>
   </div>
   <div class='ocr_carea' id='block_1_107' title="bbox 2759 4471 3111 4529">
    <p class='ocr_par' dir='ltr' id='par_1_107' title="bbox 2759 4471 3111 4529">
     <span class='ocr_line' id='line_1_107' title="bbox 2759 4471 3111 4529; baseline -0.006 0"><span class='ocrx_word' id='word_1_325' title='bbox 2759 4471 2987 4529; x_wconf 86' lang='lat' dir='ltr'>SCENA</span> <span class='ocrx_word' id='word_1_326' title='bbox 3020 4471 3111 4528; x_wconf 87' lang='lat' dir='ltr'>IV.</span> 
     </span>
    </p>
   </div>
   <div class='ocr_carea' id='block_1_108' title="bbox 2842 4579 3033 4617">
    <p class='ocr_par' dir='ltr' id='par_1_108' title="bbox 2842 4579 3033 4617">
     <span class='ocr_line' id='line_1_108' title="bbox 2842 4579 3033 4617; baseline -0.01 0"><span class='ocrx_word' id='word_1_327' title='bbox 2842 4579 3033 4617; x_wconf 72' lang='grc' dir='ltr'>ΔΟΛΡΕ.</span> 
     </span>
    </p>
   </div>
   <div class='ocr_carea' id='block_1_109' title="bbox 2178 4650 3010 4726">
    <p class='ocr_par' dir='ltr' id='par_1_109' title="bbox 2178 4650 3010 4726">
     <span class='ocr_line' id='line_1_109' title="bbox 2178 4650 3010 4726; baseline -0.007 -15"><span class='ocrx_word' id='word_1_328' title='bbox 2178 4655 2328 4722; x_wconf 87' lang='lat' dir='ltr'>Quid</span> <span class='ocrx_word' id='word_1_329' title='bbox 2360 4653 2573 4726; x_wconf 88' lang='lat' dir='ltr'>strepit</span> <span class='ocrx_word' id='word_1_330' title='bbox 2600 4668 2715 4725; x_wconf 67' lang='lat' dir='ltr'>pra:</span> <span class='ocrx_word' id='word_1_331' title='bbox 2746 4650 3010 4707; x_wconf 84' lang='lat' dir='ltr'>foribus?</span> 
     </span>
    </p>
   </div>
   <div class='ocr_carea' id='block_1_110' title="bbox 2833 4756 3011 4794">
    <p class='ocr_par' dir='ltr' id='par_1_110' title="bbox 2833 4756 3011 4794">
     <span class='ocr_line' id='line_1_110' title="bbox 2833 4756 3011 4794; baseline -0.011 0"><span class='ocrx_word' id='word_1_332' title='bbox 2833 4756 3011 4794; x_wconf 75' lang='lat' dir='ltr'><strong>IRENA.</strong></span> 
     </span>
    </p>
   </div>
   <div class='ocr_carea' id='block_1_111' title="bbox 2180 4828 3081 4900">
    <p class='ocr_par' dir='ltr' id='par_1_111' title="bbox 2180 4828 3081 4900">
     <span class='ocr_line' id='line_1_111' title="bbox 2180 4828 3081 4900; baseline -0.008 -11"><span class='ocrx_word' id='word_1_333' title='bbox 2180 4832 2385 4889; x_wconf 82' lang='lat' dir='ltr'>Infelix</span> <span class='ocrx_word' id='word_1_334' title='bbox 2415 4829 2703 4888; x_wconf 90' lang='lat' dir='ltr'>Dulcitius</span> <span class='ocrx_word' id='word_1_335' title='bbox 2734 4828 3081 4900; x_wconf 86' lang='lat' dir='ltr'>ingreditur.</span> 
     </span>
    </p>
   </div>
   <div class='ocr_carea' id='block_1_112' title="bbox 2818 4934 3052 4975">
    <p class='ocr_par' dir='ltr' id='par_1_112' title="bbox 2818 4934 3052 4975">
     <span class='ocr_line' id='line_1_112' title="bbox 2818 4934 3052 4975; baseline -0.013 -1"><span class='ocrx_word' id='word_1_336' title='bbox 2818 4934 3052 4975; x_wconf 72' lang='lat' dir='ltr'>CHIONIA.</span> 
     </span>
    </p>
   </div>
   <div class='ocr_carea' id='block_1_113' title="bbox 2181 5010 2764 5071">
    <p class='ocr_par' dir='ltr' id='par_1_113' title="bbox 2181 5010 2764 5071">
     <span class='ocr_line' id='line_1_113' title="bbox 2181 5010 2764 5071; baseline -0.005 -4"><span class='ocrx_word' id='word_1_337' title='bbox 2181 5011 2335 5071; x_wconf 88' lang='lat' dir='ltr'>Deus</span> <span class='ocrx_word' id='word_1_338' title='bbox 2362 5024 2469 5067; x_wconf 89' lang='lat' dir='ltr'>nos</span> <span class='ocrx_word' id='word_1_339' title='bbox 2498 5010 2764 5067; x_wconf 78' lang='lat' dir='ltr'>tueatur!</span> 
     </span>
    </p>
   </div>
   <div class='ocr_carea' id='block_1_114' title="bbox 2836 5115 3021 5154">
    <p class='ocr_par' dir='ltr' id='par_1_114' title="bbox 2836 5115 3021 5154">
     <span class='ocr_line' id='line_1_114' title="bbox 2836 5115 3021 5154; baseline -0.011 0"><span class='ocrx_word' id='word_1_340' title='bbox 2836 5115 3021 5154; x_wconf 75' lang='lat' dir='ltr'><strong>AGAPE.</strong></span> 
     </span>
    </p>
   </div>
   <div class='ocr_carea' id='block_1_115' title="bbox 2176 5194 2382 5248">
    <p class='ocr_par' dir='ltr' id='par_1_115' title="bbox 2176 5194 2382 5248">
     <span class='ocr_line' id='line_1_115' title="bbox 2176 5194 2382 5248; baseline -0.005 -1"><span class='ocrx_word' id='word_1_341' title='bbox 2176 5194 2382 5248; x_wconf 87' lang='lat' dir='ltr'>Amen.</span> 
     </span>
    </p>
   </div>
   <div class='ocr_carea' id='block_1_116' title="bbox 2820 5295 3051 5335">
    <p class='ocr_par' dir='ltr' id='par_1_116' title="bbox 2820 5295 3051 5335">
     <span class='ocr_line' id='line_1_116' title="bbox 2820 5295 3051 5335; baseline -0.009 -1"><span class='ocrx_word' id='word_1_342' title='bbox 2820 5295 3051 5335; x_wconf 69' lang='lat' dir='ltr'>CHIONIA.</span> 
     </span>
    </p>
   </div>
   <div class='ocr_carea' id='block_1_117' title="bbox 2179 5365 3765 5438">
    <p class='ocr_par' dir='ltr' id='par_1_117' title="bbox 2179 5365 3765 5438">
     <span class='ocr_line' id='line_1_117' title="bbox 2179 5365 3765 5438; baseline -0.002 -10"><span class='ocrx_word' id='word_1_343' title='bbox 2179 5371 2326 5438; x_wconf 88' lang='lat' dir='ltr'>Quid</span> <span class='ocrx_word' id='word_1_344' title='bbox 2351 5369 2461 5426; x_wconf 91' lang='lat' dir='ltr'>sibi</span> <span class='ocrx_word' id='word_1_345' title='bbox 2483 5367 2609 5425; x_wconf 90' lang='lat' dir='ltr'>vult</span> <span class='ocrx_word' id='word_1_346' title='bbox 2637 5366 2863 5424; x_wconf 90' lang='lat' dir='ltr'>collisio</span> <span class='ocrx_word' id='word_1_347' title='bbox 2893 5365 3521 5436; x_wconf 87' lang='lat' dir='ltr'>ollarum,caeaborum</span> <span class='ocrx_word' id='word_1_348' title='bbox 3554 5373 3612 5424; x_wconf 90' lang='lat' dir='ltr'>et</span> <span class='ocrx_word' id='word_1_349' title='bbox 3643 5386 3765 5425; x_wconf 87' lang='lat' dir='ltr'>sar-</span> 
     </span>
    </p>
   </div>
   <div class='ocr_carea' id='block_1_118' title="bbox 2107 5458 2424 5532">
    <p class='ocr_par' dir='ltr' id='par_1_118' title="bbox 2107 5458 2424 5532">
     <span class='ocr_line' id='line_1_118' title="bbox 2107 5458 2424 5532; baseline -0.003 -17"><span class='ocrx_word' id='word_1_350' title='bbox 2107 5460 2377 5532; x_wconf 87' lang='lat' dir='ltr'>taginum</span> <span class='ocrx_word' id='word_1_351' title='bbox 2395 5458 2424 5514; x_wconf 78' lang='lat' dir='ltr'>‘I</span> 
     </span>
    </p>
   </div>
   <div class='ocr_carea' id='block_1_119' title="bbox 2850 5564 3026 5603">
    <p class='ocr_par' dir='ltr' id='par_1_119' title="bbox 2850 5564 3026 5603">
     <span class='ocr_line' id='line_1_119' title="bbox 2850 5564 3026 5603; baseline 0.006 -1"><span class='ocrx_word' id='word_1_352' title='bbox 2850 5564 3026 5603; x_wconf 75' lang='lat' dir='ltr'>IRENA.</span> 
     </span>
    </p>
   </div>
   <div class='ocr_carea' id='block_1_120' title="bbox 2180 5632 3765 5713">
    <p class='ocr_par' dir='ltr' id='par_1_120' title="bbox 2180 5632 3765 5713">
     <span class='ocr_line' id='line_1_120' title="bbox 2180 5632 3765 5713; baseline -0.002 -19"><span class='ocrx_word' id='word_1_353' title='bbox 2180 5636 2486 5695; x_wconf 87' lang='lat' dir='ltr'>Lustrabo.</span> <span class='ocrx_word' id='word_1_354' title='bbox 2519 5635 2809 5704; x_wconf 86' lang='lat' dir='ltr'>Accedite,</span> <span class='ocrx_word' id='word_1_355' title='bbox 2842 5652 3060 5709; x_wconf 78' lang='lat' dir='ltr'>quaeso,</span> <span class='ocrx_word' id='word_1_356' title='bbox 3093 5650 3197 5711; x_wconf 89' lang='lat' dir='ltr'>per</span> <span class='ocrx_word' id='word_1_357' title='bbox 3253 5635 3500 5695; x_wconf 83' lang='lat' dir='ltr'>rimulae</span> <span class='ocrx_word' id='word_1_358' title='bbox 3540 5632 3765 5713; x_wconf 71' lang='lat' dir='ltr'>perspi~</span> 
     </span>
    </p>
   </div>
   <div class='ocr_carea' id='block_1_121' title="bbox 2108 5728 2240 5787">
    <p class='ocr_par' dir='ltr' id='par_1_121' title="bbox 2108 5728 2240 5787">
     <span class='ocr_line' id='line_1_121' title="bbox 2108 5728 2240 5787; baseline -0.023 0"><span class='ocrx_word' id='word_1_359' title='bbox 2108 5728 2240 5787; x_wconf 88' lang='lat' dir='ltr'>cite.</span> 
     </span>
    </p>
   </div>
  </div>
