3936 6402
140 466 251 536 IS!

1085 471 1742 582 PRIELOQUIORUM
1784 472 1997 540 LIBRI
2040 474 2210 541 SEX.
2243 508 2325 526 —
2361 478 2509 541 LIB.
2556 476 2665 543 lll.

3474 477 3593 543 222

145 606 443 668 discimus
476 609 582 670 Dei
604 607 939 688 specialiter
963 612 1159 672 vocari
1196 610 1528 683 inimicum,
1553 611 1655 687 qui
1678 628 1816 671 sua-
1844 611 1903 682 Α
1931 610 2157 670 nescire
2177 610 2421 670 virtutes
2441 611 2470 671 ?
2499 609 2865 672 Definiamus
2894 611 3078 689 igitur
3106 629 3235 688 quae
3266 612 3384 672 sint
3424 613 3601 689 ἰρεεριε,Δ

147 698 321 758 dente
368 700 751 777 suaviloquio
784 720 888 778 per
919 701 1326 778 falsiloquium
1377 700 1596 776 decipit
1627 702 1822 776 proxi-

145 805 334 859 mum,
368 795 483 847 aut
515 793 807 865 possessis
831 793 941 850 hac
972 810 1109 851 eum
1135 792 1514 850 simulatione
1534 792 1819 866 spolians,

146 883 264 946 aut,
291 879 464 951 quod
494 883 666 955 pejus
697 888 806 948 est,
840 884 1115 940 eumdem
1150 881 1582 955 ipsumIperfidi
1626 882 1820 955 prodi-

146 968 289 1024 toris
336 971 622 1043 exemplo
672 968 984 1044 sugillans.
1026 972 1202 1044 juxta
1243 970 1429 1026 illud:
1476 972 1538 1027 In
1585 987 1676 1027 ore
1725 987 1822 1028 suo

140 1072 334 1129 pacem
363 1074 506 1115 cum
552 1062 729 1118 amico
760 1061 1026 1134 loquitur,
1057 1069 1111 1117 et
1153 1062 1212 1116 in
1244 1062 1453 1117 occulto
1477 1062 1635 1132 ponit
1665 1062 1718 1115 ei
1740 1062 1824 1115 in-

144 1146 315 1202 sidias
342 1146 577 1219 (Jerem.
612 1165 690 1215 Ix,
716 1150 793 1222 8).
828 1149 898 1205 Et
916 1149 1201 1218 dicentes,
1227 1154 1370 1216 Pax,
1390 1167 1525 1221 pax,
1557 1166 1682 1206 cum
1712 1166 1823 1207 non

146 1240 275 1293 esset
298 1252 428 1307 pax
482 1238 704 1307 (Jerem.
735 1255 811 1306 γι,
865 1240 993 1307 14);
1028 1242 1122 1295 et:
1156 1238 1268 1294 Sub
1299 1240 1494 1309 lingua
1523 1240 1639 1311 eius
1669 1239 1826 1295 labor

144 1332 194 1380 et
232 1324 420 1392 dolor,
480 1325 631 1384 sedet
679 1329 739 1382 in
769 1326 991 1384 insidiis
1016 1344 1144 1383 cum
1171 1327 1438 1384 divitibus
1486 1330 1547 1382 in
1575 1329 1820 1397 occultis,

145 1421 203 1469 ut
230 1414 552 1486 interficiat
580 1417 923 1473 innocentem
952 1416 1125 1489 (Psal.
1157 1434 1214 1484 χ,
1260 1418 1316 1485 7,
1354 1417 1430 1489 8).
1480 1420 1546 1472 Et
1575 1415 1823 1489 quibus-

146 1502 281 1559 dam
327 1502 701 1562 intermistis
750 1504 1053 1577 aliquanto
1103 1509 1237 1577 post
1279 1521 1293 1561 :
1342 1504 1674 1571 lnsidiatur,
1721 1504 1822 1575 ait,

144 1596 201 1648 ut
231 1594 429 1665 rapiat
457 1610 786 1668 pauperem,
832 1610 1027 1667 rapere
1071 1611 1397 1666 pauperum,
1430 1595 1563 1650 dum
1599 1595 1831 1651 attrahit

146 1696 269 1736 eum
297 1681 505 1751 (Ibid.,
536 1681 592 1754 9)
619 1700 633 1750 ;
666 1683 808 1738 item
838 1682 955 1739 alio
981 1700 995 1737 :
1022 1683 1224 1739 Molliti
1253 1686 1383 1738 sunt
1412 1698 1688 1738 sermones
1717 1684 1831 1755 ejus

148 1784 312 1842 super
339 1770 562 1838 oleum,
594 1778 646 1826 et
679 1774 786 1843 ipsi
812 1780 941 1827 sunt
963 1771 1160 1843 jacuta
1191 1772 1365 1839 (Psal.
1399 1788 1510 1839 LIV,
1543 1772 1634 1839 22)
1664 1788 1677 1838 ;
1706 1787 1833 1843 spe-

152 1859 422 1932 ciemque
459 1860 541 1916 ad
594 1876 786 1933 genus
813 1876 975 1917 more
1016 1860 1233 1915 usitato
1267 1860 1656 1925 transferens,
1689 1876 1833 1931 prae-

1929 706 1987 761 et
2017 701 2147 761 luce
2194 702 2599 778 fulgurautius
2649 703 2900 779 parebit,
2933 703 3076 779 quid
3128 721 3245 761 non
3278 704 3398 761 sint
3428 704 3588 778 ipsae.

1930 792 2173 849 Jnstitia
2203 796 2311 861 est,
2345 798 2411 851 ut
2432 796 2561 866 jam
2592 812 2626 851 a
2657 794 2985 863 maioribus
3014 797 3103 851 est
3132 793 3594 864 diffinitum,ha-

1929 883 2092 939 bitus
2123 882 2306 938 animi
2341 899 2445 954 pro
2477 883 2780 939 communi
2814 882 3065 938 utilitate
3098 887 3386 952 servatus,
3420 901 3591 940 suam

1932 971 2148 1043 cuique
2180 971 2446 1027 tribuens
2475 971 2821 1046 dignitatem
2852 990 2866 1040 ;
2913 973 3068 1027 unde
3101 971 3334 1045 proprie
3358 974 3596 1045 justitia

1933 1059 2170 1125 dicitur,
2194 1060 2362 1133 quasi
2378 1062 2531 1133 juris
2550 1069 2715 1117 satus.
2742 1061 2775 1117 J
2781 1077 2851 1117 us
2872 1064 3071 1116 autem
3094 1066 3185 1117 est
3206 1062 3441 1135 prepria
3462 1061 3553 1118 lex
3581 1081 3594 1132 ;

1934 1152 1992 1205 et
2011 1149 2218 1220 justus
2247 1150 2348 1222 qui
2372 1150 2495 1221 jus,
2531 1150 2587 1206 id
2622 1154 2731 1216 est,
2764 1149 3061 1223 propriam
3093 1149 3592 1223 legem,custodit,

1931 1237 2021 1294 vel
2054 1238 2155 1311 qui
2186 1238 2342 1310 quod
2376 1238 2679 1311 proprium
2710 1243 2799 1295 est
2830 1237 3148 1311 unicuique
3191 1240 3503 1312 impendit,
3532 1244 3597 1296 ut

1932 1326 2080 1383 illud
2113 1326 2381 1383 Domini:
2416 1327 2640 1384 Reddite
2669 1342 2796 1399 qua:
2821 1335 2953 1383 sunt
2982 1327 3211 1383 Caesaris
3252 1329 3485 1397 Caesari,
3545 1334 3596 1387 et

1934 1432 2054 1490 quae
2100 1419 2230 1472 sunt
2276 1418 2377 1471 Dei
2422 1417 2528 1471 Deo
2571 1416 2781 1488 (Matth.
2815 1433 2956 1485 xxu,
2987 1418 3102 1487 21).
3158 1416 3481 1474 Prudentia
3509 1423 3597 1474 est

1934 1520 2133 1559 rerum
2165 1504 2455 1583 bonarum
2506 1503 2869 1559 malarumve
2914 1520 3091 1558 verax
3117 1504 3386 1561 scientia.
3417 1506 3590 1562 Tem-

1937 1593 2206 1666 perantia
2229 1596 2321 1649 est
2342 1593 2654 1648 adversum
2675 1592 2972 1660 libidines,
2998 1592 3262 1664 aliosque
3276 1610 3391 1649 non
3408 1599 3596 1652 rectos

1938 1681 2197 1753 impetus
2227 1680 2431 1748 animi,
2466 1681 2639 1736 ﬁrma
2666 1684 2725 1735 et
2755 1681 3061 1736 moderata
3088 1681 3434 1739 dominatio.
3469 1683 3599 1739 Haec

1940 1773 1997 1826 et
2028 1769 2318 1825 modestia
2346 1774 2603 1834 vocatur,
2654 1769 2793 1841 quia
2824 1785 2959 1824 cum
2994 1769 3168 1825 modo
3197 1769 3287 1825 vel
3319 1787 3599 1829 mensura

1943 1856 2144 1913 omnia
2172 1857 2312 1930 agit,
2350 1857 2652 1913 Fortitudo
2681 1861 2773 1914 est
2803 1857 3173 1914 censiderata
3201 1858 3597 1931 periculorum

153 1946 474 2046 miumque
509 1948 782 2004 debitum
816 1965 1095 2021 promens
1124 1964 1137 2003 :
1168 1949 1242 2003 Tu
1270 1963 1399 2004 vero
1432 1947 1642 2020 inquit,
1674 1949 1832 2015 Deus,
1865 1980 1915 2046 Β
1944 1946 2263 2046 susceptio.
2297 1950 2355 2002 et
2386 1945 2655 2045 laborum
2689 1946 2860 2002 firma
2883 1946 3201 2045 perpessio.
3226 1947 3323 2003 Hae
3347 1954 3602 2021 quatuor

154 2035 378 2093 deduces
412 2052 516 2093 eos
548 2038 607 2092 in
636 2046 864 2110 puteum
896 2038 1186 2094 interritus
1220 2036 1406 2109 (Ibid.,
1436 2038 1549 2107 24).
1581 2037 1692 2093 Job
1724 2054 1833 2091 uu-

154 2129 267 2182 tem
297 2129 482 2182 tanto
536 2124 882 2192 terribilius,
914 2129 1136 2198 quanto
1170 2125 1545 2198 expressius:
1597 2125 1832 2181 Simule-

154 2219 288 2272 tores
320 2223 375 2271 et
401 2214 633 2281 callidi,
660 2214 872 2287 inquit,
898 2218 1195 2286 provocant
1215 2216 1363 2270 iram
1380 2216 1482 2270 Dei
1502 2216 1620 2287 (Job
1638 2231 1830 2282 xxxvx,

156 2304 261 2373 13).
299 2304 415 2361 Ubi
452 2303 788 2360 notandum
821 2303 975 2376 quod
1009 2319 1125 2358 non
1160 2312 1460 2371 merentur,
1496 2303 1595 2358 sed
1637 2319 1833 2374 provo-

155 2398 300 2462 cant,
336 2397 408 2450 ut
440 2391 848 2465 aliquid(l29)
879 2390 1262 2448 formidosius
1292 2391 1487 2447 inesse
1514 2390 1831 2464 intelligas,

156 2480 316 2538 dixit.
367 2481 723 2537 Verendum
767 2485 986 2550 autem,
1040 2496 1114 2537 ne
1165 2482 1511 2553 provocetur
1558 2479 1726 2547 adeo,
1768 2484 1836 2536 ut

163 2571 443 2629 resistere
474 2570 534 2627 ei
562 2569 754 2627 valeat
778 2586 972 2637 nemo,
1006 2587 1079 2627 ne
1109 2570 1361 2637 dicatur,
1394 2571 1519 2626 Vivo
1548 2569 1836 2640 ergo,dicit

158 2660 446 2727 Dominus,
482 2661 624 2732 quia
653 2675 765 2715 non
792 2659 1117 2730 eupiabitur
1147 2659 1415 2730 iniquitas
1447 2657 1566 2715 hinc
1596 2659 1836 2714 victimis

156 2758 205 2806 et
230 2750 573 2806 muneribus
617 2764 789 2820 usque
820 2750 881 2803 in
918 2749 1313 2820 sempiternum
1346 2747 1394 2818 (Ι
1424 2747 1548 2818 Reg.
1586 2764 1668 2811 Ill,
1723 2748 1833 2813 14).

227 2840 278 2894 4.
312 2840 517 2905 Quam
562 2838 784 2894 fmdum
837 2842 1036 2892 autem
1087 2835 1331 2892 cuilibet
1359 2835 1472 2892 hoc
1521 2836 1598 2891 sit
1627 2834 1835 2891 vitium

165 2929 371 2985 sectari
404 2926 773 2995 Christiano,
807 2926 986 2982 etiam
1039 2925 1420 2997 antiquorum
1470 2929 1840 2981 monstratur

164 3016 450 3090 exemplo,
486 3015 598 3088 qui
629 3032 745 3071 non
776 3014 972 3070 divino
1023 3014 1253 3081 timore,
1309 3014 1410 3069 sed
1445 3013 1701 3070 naturali
1735 3014 1836 3070 bo-

165 3106 409 3163 nestatis
420 3120 653 3170 amore,
668 3103 1024 3160 deﬁnierunt
1037 3108 1268 3175 turpem
1285 3119 1521 3159 omnem
1540 3101 1673 3160 dolo
1686 3120 1839 3175 quas-

163 3192 332 3251 sitam
353 3192 673 3250 victoriam
707 3192 849 3248 fore.
886 3191 1124 3248 Insania
1156 3194 1193 3246 7
1206 3192 1503 3263 9quoque
1526 3191 1837 3263 impatien-

164 3282 253 3340 tiaa
284 3282 578 3341 foriitudo
605 3279 733 3337 vult
761 3297 916 3353 saepe
945 3296 1151 3353 parere
1181 3278 1263 3352 [id
1286 3288 1365 3336 est
1377 3281 1676 3352 apparere]
1696 3298 1709 3347 ;
1727 3281 1837 3338 for-

165 3376 280 3429 tem
329 3372 502 3429 enim
541 3388 605 3428 se
653 3352 903 3443 quisque
948 3352 1139 3425 ambit
1165 3368 1374 3437 videri,
1407 3385 1544 3425 cum
1578 3369 1830 3442 percutit
1865 3352 1911 3420 C

172 3477 385 3535 pugno,
418 3462 621 3517 victus
651 3458 933 3515 convicio.
967 3459 1079 3514 Sed
1111 3456 1362 3514 stultum
1395 3463 1504 3525 est,
1536 3463 1601 3514 ut
1628 3458 1709 3514 ait
1733 3477 1832 3533 pe-

172 3551 598 3608 ritissimorum
633 3548 898 3621 quidam,
933 3547 1234 3604 hominem
1268 3547 1489 3603 victum
1522 3546 1730 3604 fortem
1747 3549 1835 3604 di-

172 3655 310 3696 cere.
343 3638 678 3697 Sciendum
709 3638 887 3694 etiam
919 3635 1292 3710 phreneticos
1323 3635 1457 3708 plus
1510 3635 1672 3692 sanis
1703 3653 1836 3709 per-

173 3744 317 3802 sepe
363 3727 602 3786 viribus
632 3742 824 3798 posse.
857 3724 1083 3791 Virtus,
1108 3725 1283 3796 juxta
1311 3723 1732 3796 Augustinum,
1769 3741 1835 3780 eo

174 3816 353 3889 pluris
381 3816 761 3879 aestimanda,
796 3831 913 3887 quo
946 3812 1118 3887 plura
1149 3811 1839 3870 contemnit.C.rudelitas

176 3921 400 3979 quoque
425 3904 778 3978 impietatis,
796 3902 994 3976 etipsa
1014 3901 1258 3976 ambitio
1290 3900 1719 3961 ardentissimae
1742 3919 1837 3957 eu-

176 3994 402 4067 pidatis,
453 3993 794 4066 tropbteum
842 3992 1119 4049 invadere
1186 3990 1498 4063 aliquoties
1566 3989 1837 4047 nituntur

178 4083 461 4156 squitatis
494 4099 509 4149 ;
540 4080 810 4138 videlicet
830 4098 966 4137 cum
992 4079 1126 4153 quis
1156 4079 1444 4136 satisfacit
1473 4079 1655 4147 iraa,et
1669 4084 1837 4153 putat

176 4187 233 4228 se
275 4172 499 4229 servire
539 4170 808 4243 justitiaa,
858 4174 961 4226 aut
1008 4168 1242 4225 etiamsi
1283 4169 1517 4239 justum
1550 4168 1623 4225 sit
1670 4172 1827 4241 quod

188 4260 321 4334 agit,
352 4264 627 4334 quaestus
658 4258 805 4316 illud
838 4258 1030 4332 gratia
1059 4257 1217 4325 facit,
1241 4256 1832 4315 ccntrainterdictum

184 4347 356 4418 illius,
403 4348 513 4423 qui
560 4348 826 4422 praecipit
873 4348 1113 4404 dicens:
1155 4348 1307 4405 Iuste
1337 4346 1477 4419 quod
1498 4347 1711 4419 justum
1755 4353 1836 4404 est

187 4442 491 4511 assequeris
522 4438 705 4507 (Deut.
741 4453 857 4507 xw,
887 4436 999 4504 20).
1035 4434 1276 4491 Desidia
1303 4434 1481 4491 etiam
1509 4438 1837 4509 temperan-

184 4525 261 4581 tia
285 4526 409 4583 vult
458 4541 915 4598 nonnumquam
964 4522 1186 4591 videri;
1222 4522 1492 4579 videlicet
1520 4540 1655 4581 eum
1687 4525 1831 4597 quid

186 4614 609 4689 precipitanter
640 4630 814 4689 agere
847 4614 1125 4680 vitamus,
1173 4612 1275 4668 sed
1305 4611 1365 4667 id
1407 4613 1696 4669 moderari
1733 4630 1837 4686 per

1943 2035 2028 2090 ita
2058 2033 2281 2107 regales
2314 2033 2547 2107 proprie
2576 2039 2903 2090 noscuntur
2922 2050 3053 2091 esse
3077 2035 3345 2105 virtutes,
3370 2041 3434 2092 ut
3463 2055 3597 2094 cum

1942 2123 2039 2180 his
2096 2122 2343 2196 quilibet
2393 2123 2571 2179 etiam
2632 2124 2909 2193 rusticus,
2968 2141 3067 2180 rex
3115 2141 3229 2181 non
3276 2125 3598 2200 incongrue

1942 2212 2056 2269 dici
2081 2231 2095 2280 ;
2120 2212 2247 2268 sine
2266 2212 2378 2285 gis,
2402 2229 2508 2268 nec
2530 2212 2656 2285 ipse
2677 2212 3012 2269 universam
3027 2231 3175 2287 pene
3192 2216 3597 2275 monarchiam

1941 2302 2215 2358 obtinens
2248 2302 2828 2375 mundi,quanquam
2860 2303 3122 2370 abusive,
3147 2320 3248 2361 rex
3266 2305 3423 2363 valet
3434 2308 3601 2379 justo

1941 2391 2171 2447 vocari:
2223 2390 2373 2447 male
2422 2390 2581 2447 enim
2630 2391 2997 2464 imperando,
3033 2397 3098 2448 ut
3144 2392 3227 2448 ait
3257 2395 3361 2467 qui
3388 2411 3590 2467 supra,

1943 2496 2248 2536 summum
2274 2480 2592 2552 imperium
2624 2480 3240 2544 amittitur.Quantum
3273 2486 3470 2539 autem
3503 2484 3598 2541 his

1943 2568 2193 2636 amiciri,
2244 2585 2361 2624 non
2411 2567 2606 2625 solum
2638 2568 2899 2641 regibus,
2952 2569 3051 2624 sed
3095 2568 3272 2625 etiam
3303 2571 3600 2629 ommibus

1942 2658 2131 2732 prosit
2158 2657 2521 2724 hominibus,
2553 2661 2805 2712 testatur
2832 2656 3036 2713 dicens
3066 2656 3126 2712 in
3158 2657 3457 2730 sapientfze
3480 2658 3603 2716 lau-

1945 2748 2159 2803 dibus:
2210 2746 2573 2802 Sobrietatem
2620 2747 2794 2811 enim,
2843 2747 2894 2800 et
2941 2745 3273 2816 sapientiam
3318 2745 3483 2814 docet,
3550 2752 3602 2803 et

1934 2838 2235 2910 justitiam,
2288 2842 2340 2890 et
2380 2836 2639 2889 virtutem
2669 2835 2867 2906 quibus
2896 2834 2982 2889 nit
3012 2822 3210 2889 utilius
3241 2835 3302 2889 in
3328 2843 3477 2891 terra
3522 2846 3601 2894 est

1945 2925 2259 2982 hominibus
2290 2924 2441 2996 (Sap.
2474 2939 2596 2989 VIII,
2627 2924 2722 2994 7):
2773 2922 2871 2979 ubi
2921 2922 3267 2980 sobrietatem
3307 2928 3599 2998 tempera-

1945 3015 2114 3081 tiam,
2144 3014 2476 3085 sapientiam
2505 3029 2634 3068 esse
2665 3028 2844 3084 quam
2876 3015 2934 3067 et
2960 3029 3068 3068 nos
3115 3012 3425 3085 posuimus
3455 3031 3602 3088 pru-

1945 3103 2228 3171 dentiam,
2257 3103 2517 3157 virtutem
2543 3099 2971 3167 fortitudinem,
3004 3100 3261 3173 diligens
3291 3099 3474 3158 lector
3512 3105 3600 3159 at-

1943 3193 2166 3250 tendat.
2192 3192 2403 3247 Beatus
2424 3194 2621 3246 autem
2644 3191 2736 3246 cui
2760 3188 2977 3245 dicitur
3002 3208 3013 3245 :
3046 3190 3311 3247 Omnibus
3331 3191 3422 3247 his
3452 3192 3602 3248 velut

1945 3282 2277 3339 vestimentis
2291 3280 2559 3335 indueris.

2260 3370 2384 3425 Τιτ.
2417 3367 2513 3424 III.
2547 3399 2616 3407 —
2650 3368 2794 3423 Vitia
2822 3384 2934 3425 non
2968 3366 3284 3439 pallianda.

2014 3463 2069 3517 6.
2099 3460 2199 3515 llis
2250 3458 2331 3513 ita
2377 3474 2495 3513 non
2541 3455 3065 3523 inconsiderantcr,
3117 3460 3184 3511 ut
3229 3457 3421 3524 credo,
3454 3474 3600 3530 pra:-

1937 3548 2135 3623 jactis,
2188 3562 2344 3602 nunc
2395 3545 2444 3601 si
2497 3561 2615 3616 qua
2660 3548 2805 3599 sunt
2834 3543 3102 3611 dicenda,
3136 3543 3218 3600 ita
3244 3545 3500 3618 recipere
3530 3563 3603 3603 ne

1946 3639 2295 3709 aspernetur
2336 3631 2664 3705 amplitudo
2713 3637 2835 3699 tua,
2870 3635 2936 3686 ut
2983 3632 3123 3688 dum
3157 3638 3360 3706 aperta
3387 3634 3605 3692 fuerint

1946 3725 2050 3780 diu
2100 3723 2343 3779 forsitan
2393 3721 2681 3794 ignorata,
2725 3720 3095 3795 corrigantur
3139 3722 3423 3798 neglecta.
3478 3724 3600 3782 Pri-

1945 3829 2112 3869 mum
2161 3814 2358 3884 itaque
2419 3827 2558 3884 rogo
2608 3815 2683 3877 te,
2736 3828 2809 3868 ne
2870 3811 3031 3883 ipsas
3098 3814 3392 3885 quomodo
3456 3813 3601 3871 velis

1946 3904 2298 3977 degenerare
2321 3900 2587 3966 virtutes,
2622 3905 3021 3974 praetextuque
3051 3900 3302 3959 aliarum
3325 3919 3605 3976 quarum-

1943 3991 2087 4047 libet
2118 3991 2219 4048 80
2251 4008 2467 4058 rerum,
2521 4007 2649 4063 quae
2679 3991 2826 4046 forte
2856 3996 2992 4048 sunt
3025 3991 3297 4056 dissonae,
3334 3992 3599 4066 palliare.

1944 4081 2079 4137 Esto
2111 4080 2241 4137 dico
2272 4080 2551 4153 prudens,
2585 4096 2702 4135 non
2725 4079 3014 4148 callidus;
3047 4081 3317 4152 quamvis
3346 4086 3405 4139 et
3435 4082 3602 4138 calli-

1943 4170 2145 4226 ditatis
2177 4169 2412 4225 nomine
2443 4168 2759 4241 prudentia
2774 4186 2927 4240 saape
2943 4168 3128 4224 soleat
3155 4168 3404 4242 intelligi
3424 4175 3488 4226 ut
3507 4175 3600 4228 est

1944 4259 2089 4315 illud
2115 4275 2127 4314 :
2156 4257 2357 4313 Callidi
2385 4261 2461 4313 est
2488 4257 2799 4325 intelligere
2816 4258 2966 4311 viam
2984 4273 3144 4311 suam
3168 4259 3351 4329 (Prov.
3374 4274 3490 4327 x1v,
3518 4260 3597 4330 8),

1944 4348 2257 4413 fortis,non
2280 4345 2573 4416 superbus
2600 4362 2613 4413 ;
2637 4349 3023 4415 temperatus,
3051 4360 3165 4399 non
3189 4345 3358 4401 deses
3380 4350 3481 4401 aut
3511 4363 3599 4403 re-

1945 4437 2166 4494 missus
2192 4435 2448 4507 ;justus,
2474 4448 2588 4488 non
2612 4430 2891 4500 crudelis,
2914 4432 3147 4488 Honora
3167 4432 3367 4505 itaque
3390 4433 3597 4503 Deum,

1945 4524 2368 4599 rege'primum
2400 4521 2679 4593 teipsum,
2713 4521 2832 4577 imo
2862 4520 2973 4594 ipsi
3009 4520 3218 4578 rectori
3249 4524 3601 4581 commenda

1944 4615 2224 4686 teipsum.
2259 4610 2404 4667 Vide
2433 4627 2562 4683 quae
2594 4610 2833 4667 arbores
2851 4610 3061 4683 majori
3093 4610 3356 4684 impulsu
3378 4612 3604 4687 agitau-

184 4702 586 4762 discretionem
609 4702 940 4771 nescimms;
965 4718 1034 4759 ea
1053 4701 1230 4758 etiam
1253 4718 1379 4773 quae
1402 4702 1828 4775 agendaerant,
1863 4715 1910 4780 ι)
1938 4707 2037 4758 tur
2062 4706 2368 4758 ventorum
2396 4718 2408 4765 ;
2442 4698 2771 4767 considera,
2802 4717 2931 4773 quin
2960 4701 3198 4773 gravius
3218 4702 3595 4761 ruuntediﬁ-

184 4791 369 4850 minus
416 4792 669 4866 providi,
703 4790 997 4848 desidiose
1029 4791 1224 4847 inacta
1250 4788 1332 4864 [id
1360 4794 1441 4846 est
1470 4789 1708 4863 Infecta]
1738 4792 1830 4847 di-

185 4878 485 4946 mittimus,
516 4880 785 4953 dumque
802 4879 1012 4937 vitium
1044 4878 1614 4947 metuimus,vitium
1641 4880 1833 4936 incur-

185 4966 377 5026 rimus.
410 4970 577 5044 Swpe
607 4968 940 5036 enim,cum
954 4968 1089 5041 quis
1110 4966 1401 5025 moderari
1420 4967 1629 5025 nititur
1658 4968 1827 5037 iram,

187 5054 418 5114 incurrit
447 5056 910 5132 negligentiam;
946 5072 1083 5113 cum
1135 5055 1484 5129 plerumque
1529 5056 1672 5114 vitia
1712 5075 1829 5115 non

188 5159 456 5214 coercere,
488 5146 737 5219 majoris
767 5147 847 5203 sit
874 5145 1142 5203 criminis
1173 5162 1352 5218 quam
1379 5144 1604 5215 ulcisci,
1648 5151 1706 5203 et
1728 5147 1831 5204 de-

187 5230 536 5307 linquentem
572 5235 865 5309 negligere
893 5252 1009 5291 non
1042 5234 1242 5290 minus
1273 5233 1370 5302 sit,
1400 5250 1576 5306 quam
1610 5234 1826 5293 odisse.

188 5319 497 5396 Aliquoties
549 5324 671 5381 doli
701 5322 952 5397 Scyllam
1001 5322 1537 5391 caventes,stulitize
1576 5324 1828 5381 incurri-

191 5424 314 5468 mus
332 5412 532 5486 Syrtes
555 5431 570 5483 ;
593 5412 823 5469 fortiter
851 5428 1108 5485 persaepe
1138 5410 1510 5484 exsequenda
1553 5410 1827 5482 vitantes,

187 5500 433 5573 segnitia
463 5503 606 5560 vitio
639 5502 930 5559 servimus
962 5505 1279 5574 torpentes.

245 5591 296 5646 5.
326 5590 543 5649 Verum
577 5590 721 5665 quid
755 5591 923 5647 aﬂ‘ert
941 5606 1145 5647 earum
1178 5605 1532 5663 cognoscere
1562 5590 1826 5661 aemulas,

189 5676 233 5732 si
260 5681 577 5755 contingat,
610 5683 672 5736 et
700 5680 841 5752 ipsa:
872 5696 1002 5752 quas
1047 5677 1187 5747 sint,
1228 5678 1405 5734 certis
1436 5677 1671 5736 indiciis
1700 5697 1829 5753 per-

1940 4792 2050 4860 cia,
2078 4795 2135 4847 et
2164 4807 2237 4846 ne
2265 4788 2411 4845 illud
2443 4789 2733 4856 incurras,
2766 4788 2908 4862 quia
2923 4790 3208 4863 judicium
3233 4790 3594 4848 durissimum

1939 4881 2001 4937 in
2030 4880 2116 4936 his
2145 4880 2243 4952 qui
2266 4881 2511 4951 praesunt
2541 4877 2690 4949 (Sap.
2724 4895 2799 4944 vn,
2831 4878 2924 4950 6);
2958 4883 3034 4946 et,
3066 4888 3309 4951 potentes
3345 4886 3600 4952 potenter

1938 4974 2217 5027 tormenta
2259 4970 2544 5039 patientur
2573 4966 2755 5034 (Ibid,
2789 4967 2884 5039 7),-
2932 4972 3011 5038 et,
3059 4970 3382 5040 fortioribus
3412 4971 3595 5042 major

1940 5060 2108 5116 instat
2135 5058 2419 5114 cruciatus
2447 5056 2632 5125 (Ibid,
2649 5055 2727 5125 9).
2754 5056 3116 5129 Amplectere
3137 5056 3598 5132 sollicitus,quia

1943 5148 2088 5205 beati
2125 5144 2523 5213 misericordes,
2569 5146 2835 5217 quoniam
2863 5147 2974 5217 ipsi
3002 5147 3434 5203 misericordiam
3460 5165 3594 5205 con-

1937 5241 2235 5310 sequentur
2263 5236 2471 5308 (Matth.
2506 5251 2557 5303 v,
2587 5237 2641 5305 7)
2668 5254 2682 5304 ;
2714 5238 2781 5290 ut
2818 5234 2997 5291 simul
3028 5236 3222 5309 possis
3252 5236 3495 5293 evadere
3526 5236 3595 5291 il-

1939 5326 2040 5382 lud
2072 5326 2213 5398 quia
2222 5324 2501 5398 judicium
2523 5324 2646 5379 sine
2674 5324 3065 5382 misericordia
3093 5326 3179 5381 his
3207 5326 3307 5397 qui
3336 5340 3448 5381 non
3494 5326 3596 5380 ha-

1941 5412 2065 5472 bent
2093 5412 2533 5470 misericordiam
2562 5414 2700 5481 (Jac.
2731 5428 2794 5478 Il,
2825 5413 2913 5481 13)
2940 5431 2953 5481 ;
2987 5418 3046 5469 et
3075 5412 3422 5486 intelligere,
3455 5411 3597 5484 quia

1940 5504 2139 5560 nullus
2170 5502 2371 5568 miser,
2417 5500 2530 5557 nisi
2563 5501 2665 5573 qui
2707 5500 2969 5558 misereri
3002 5501 3276 5558 noluerit.
3311 5501 3382 5555 Et
3409 5516 3481 5555 ne
3506 5500 3596 5553 for

1938 5598 2056 5650 tem
2088 5598 2144 5650 te
2176 5596 2366 5666 putes,
2400 5606 2535 5645 cum
2568 5588 2825 5662 percutis
2858 5588 3071 5662 glsdio,
3093 5590 3284 5645 victus
3303 5585 3464 5652 vitio,
3489 5600 3595 5640 nec

1939 5682 2194 5739 multum
2228 5678 2459 5745 lictoris,
2512 5694 2645 5733 cum
2680 5676 2936 5750 plurima
2978 5676 3084 5733 tibi
3117 5674 3401 5747 subjicis;
3453 5668 3591 5727 audi

248 5787 385 5858 (129)
409 5786 751 5861 Legendum
783 5785 1028 5845 forsitan
1060 5789 1118 5844 et
1140 5785 1549 5856 formidolosius
1578 5804 1611 5844 a
1629 5787 2032 5860 formidolosus.
