3900 6374
271 360 428 421 1003
1076 364 1609 428 ΗΠΟἸῈΠΙΊἮΕ
1654 359 2029 424 MONIALIS
2075 362 2414 423 GANDER!

2095 362 2892 426 EANDERSHEIMENSIS.
3538 368 3709 430 1004

930 496 1157 551 SCENA
1196 496 1266 553 II.
1953 492 2012 560 Α
2040 492 2522 567 virijamdudum
2542 497 2735 571 potuit
2765 497 3163 571 revocari,quo
3195 499 3396 557 minus
3429 504 3542 559 tua:
3566 518 3717 560 con-

888 600 1308 640 CALLIMAcnus.
2040 583 2258 655 sentiet
2288 584 2558 642 vanitati.

334 672 514 727 Anxie
536 672 754 743 diuque
785 688 1021 745 gravem
1047 672 1305 729 sustinui
1338 672 1803 745 dolorem,quem
1832 687 1928 727 ve-
2666 692 3083 733 CALLIMACHUS.

265 763 387 815 stro
419 759 664 815 consilio
694 759 938 816 relevari
971 778 1145 833 posse
1177 778 1370 835 spero.
2111 762 2358 828 Quaesivi
2382 781 2416 819 a
2444 766 2608 822 vobis
2639 765 3241 834 consolationem,sed
3267 765 3536 824 incutitis
3560 768 3718 824 mihi

1002 867 1183 906 AMICI.
2040 850 2531 923 desperationem.

335 936 587 1009 Equum
606 942 697 993 est
714 942 780 994 ut
801 940 1237 994 communicata
1252 939 1500 996 invicem
1520 939 1930 1012 compassione
2779 960 2964 1000 AMICI.

267 1026 563 1097 patiamur
591 1027 883 1099 quidquid
944 1028 1264 1101 unicuique
1322 1034 1588 1085 nostrum
1622 1029 1929 1101 utriusque
2111 1028 2219 1093 Qui
2251 1028 2492 1085 simulat
2523 1030 2754 1100 fallit,et
2775 1032 2876 1104 qui
2899 1031 3120 1104 profert
3142 1031 3542 1090 adulationem
3569 1051 3714 1090 ven-

267 1120 476 1171 eventu
509 1116 753 1172 fortunae
786 1117 1109 1190 ingeratur.
2041 1114 2127 1171 dit
2153 1116 2479 1174 veritatem.

893 1224 1305 1263 CALLIMACIIUS.
2660 1225 3078 1267 CALLIMACHUS.

342 1294 386 1350 Ο
410 1294 640 1352 utinam
660 1294 996 1351 voluissetis
1019 1312 1209 1352 meam
1228 1295 1562 1369 passionem
1580 1297 1934 1370 compatien-
2112 1296 2259 1361 Quia
2288 1295 2434 1351 mihi
2459 1300 2722 1353 vestrum
2751 1299 3039 1355 auxilium
3098 1299 3473 1369 subtrahitis,
3510 1301 3715 1374 ipsam

275 1384 618 1442 do-mecum
648 1384 891 1457 partiri!
2041 1384 2240 1454 adibo,
2270 1384 2515 1458 ejusque
2547 1386 2745 1443 animo
2785 1388 2899 1444 mei
2959 1404 3219 1445 amorem
3278 1387 3718 1447 blandimentis

1015 1490 1195 1530 AMICI.
2040 1474 2425 1546 persuadebo.

343 1562 601 1619 Enuelea
631 1563 773 1635 quid
807 1562 1069 1635 patiaris,
1090 1568 1167 1632 et,
1199 1563 1248 1619 si
1279 1580 1372 1620 res
1402 1564 1598 1636 exigit,
1622 1565 1931 1637 compatie-
2784 1581 2965 1621 AMICI.

269 1668 443 1721 mur;
475 1652 569 1708 sin
600 1655 820 1720 autem,
854 1651 1121 1708 animum
1164 1655 1333 1707 tuum
1364 1669 1397 1709 a
1429 1670 1683 1725 nequam
1737 1653 1929 1711 inten-
2111 1650 2279 1707 Haud
2311 1653 2719 1724 persuadebis.

268 1740 429 1798 tione
458 1757 726 1798 revocare
757 1739 1034 1798 nitemur.
2658 1759 3080 1801 GALLIMAcnus.

895 1845 1305 1887 GALLIMAcnus.
1959 1870 2009 1935 B
2112 1829 2335 1903 Quippe
2367 1834 2525 1888 vetar
2549 1831 2708 1891 fatis.

338 1922 504 1978 Amo.
1960 1922 2008 1935 "
2780 1938 2959 1979 AMICI.

1010 2028 1191 2068 AMICI.
2110 2008 2509 2081 Experiemur.

345 2100 494 2168 Quid
509 2100 537 2156 ?
2190 2142 2193 2143 ν
2683 2098 2911 2157 SCENA
2959 2098 3055 2156 III.

903 2206 1058 2246 GALLI
1065 2206 1283 2247 MACHUS
1291 2234 1303 2246 .
2660 2204 2983 2245 CALLIMACH
2991 2203 3079 2244 US.

346 2282 491 2338 Rem
522 2279 855 2353 pulchram,
887 2297 1011 2336 rem
1040 2285 1372 2337 venustam.
2113 2277 2314 2334 Sermo
2346 2293 2512 2334 meus
2540 2277 2613 2334 ad
2645 2280 2722 2348 te,
2753 2276 3064 2345 Drusiana,
3087 2276 3484 2350 praecordialis
3507 2295 3706 2337 amor.

1013 2386 1195 2426 AMICI.
2719 2382 3025 2424 DRUSIANA.

346 2461 462 2517 Nec
491 2459 552 2516 in
582 2459 729 2526 solo,
763 2476 867 2515 nec
926 2458 986 2514 in
1044 2459 1227 2515 omni.
1262 2460 1395 2515 Ideo
1453 2465 1715 2516 atomum
1775 2462 1929 2532 quod
2112 2453 2261 2521 Quid
2284 2471 2517 2512 mecum
2547 2454 3104 2525 velis,Callimache,
3128 2455 3504 2513 sermonibus
3525 2473 3712 2531 agere

274 2566 444 2608 amas
474 2564 578 2621 per
606 2547 714 2605 hoc
747 2546 951 2618 nequit
980 2546 1248 2620 intelligi.
2037 2541 2413 2601 vehementer
2443 2544 2721 2602 admiror.

892 2652 1311 2693 CALLIMACHUS.
2663 2650 3082 2692 CALLIMACIIUS.

347 2727 674 2785 Mulierem.
2113 2721 2342 2779 Miraris
2362 2722 2390 2777 ‘I

1015 2831 1174 2872 AMlCl
1184 2857 1196 2869 .
2711 2828 3021 2871 DRUSIANA.

343 2907 489 2963 Cum
522 2905 832 2962 mulierem
864 2904 1320 2974 dixeris,omnes
1352 2905 1817 2979 comprehendis.
2111 2899 2285 2956 Satis.

892 3010 1207 3049 CALLIMACH
1219 3010 1310 3049 US.
2656 3004 3073 3045 CALLIMACHUS.

340 3085 467 3141 Non
497 3100 699 3141 omnes
732 3080 1053 3154 aequaliter,
1085 3082 1185 3137 sed
1219 3082 1321 3139 24
1352 3099 1529 3138 unam
1576 3083 1923 3155 specialiter.
2109 3075 2371 3133 Primum
2406 3077 2474 3132 de
2505 3092 2725 3134 amore-

1009 3186 1188 3226 AMICI.
2707 3181 3013 3223 DRUSIANA.

340 3262 505 3330 Quod
551 3262 623 3317 de
679 3260 942 3332 subjecto
998 3259 1234 3330 dicitur,
1267 3276 1381 3315 non
1415 3262 1528 3316 nisi
1561 3262 1632 3318 de
1660 3264 1925 3334 subjecto
1957 3242 2000 3309 Ο
2111 3252 2256 3321 011ίά
2288 3254 2360 3309 d6
2389 3254 2623 3311 amore?

268 3350 465 3422 aliquo
505 3348 895 3422 cognoscitur.
925 3347 1107 3417 Unde,
1139 3349 1187 3403 si
1217 3347 1359 3405 velis
1391 3368 1495 3407 nos
1527 3352 1924 3410 enarithmum
2656 3361 3071 3402 GALLIMACIIUS-

269 3454 606 3513 agnoscere,
639 3436 732 3495 die
758 3437 1018 3510 primum
1051 3436 1263 3494 usiam.
2109 3432 2170 3488 Id
2203 3431 2425 3490 scilicet
2456 3434 2612 3505 quod
2643 3437 2699 3490 te
2729 3451 2846 3507 pra:
2877 3434 3157 3492 omnibus
3188 3434 3389 3509 diligo.

894 3544 1302 3586 CALLIMACHUS.
2706 3540 3021 3580 DRUSIANA.

340 3616 713 3676 Dmsianam.
2110 3612 2243 3677 Quae
2272 3612 2360 3669 vis
2391 3613 2942 3687 consanguinitatis,
2972 3630 3171 3687 quisve
3200 3612 3407 3689 legalis
3437 3617 3710 3676 conditio

1011 3723 1194 3763 Amm,
2040 3699 2433 3759 institutionis
2459 3701 2759 3775 compellit
2788 3706 2845 3759 te
2872 3703 2945 3759 ad
2977 3702 3093 3759 mei
3124 3720 3387 3761 amorem
3405 3704 3435 3759 ?

338 3796 655 3854 Andronici
686 3796 867 3869 hujus
898 3796 1183 3869 principis
1216 3798 1525 3870 eonjugem
1548 3798 1577 3853 ‘I
2659 3809 3079 3850 CALLIMACHUS.

888 3901 1304 3943 GALLIMAcnus.
2110 3884 2219 3940 Tui
2250 3881 2650 3957 pulchritudo.

339 3977 556 4047 Ipsam.
2715 3988 3024 4030 DRUSIANA.

1008 4077 1191 4118 AMICI.
2109 4062 2237 4120 Mea
2262 4060 2658 4135 pulchritudo.

339 4152 534 4222 Erras,
568 4151 724 4210 socie
757 4168 771 4206 :
805 4154 896 4207 est
923 4150 1043 4206 lota
1072 4150 1449 4223 baptismate.
2654 4166 3071 4209 GALLIMACHUS.

886 4254 1044 4295 GALLI
1054 4255 1309 4296 MACHUS.
2108 4243 2251 4301 Imo.

339 4330 479 4388 Inde
509 4347 625 4387 non
655 4327 872 4396 curo,si
892 4326 1082 4401 ipsam
1101 4328 1173 4384 ad
1198 4328 1310 4385 mei
1342 4345 1601 4387 amorem
1634 4333 1924 4393 attrahere
2714 4344 3020 4388 BnusIANA.

263 4425 487 4495 potero.
2105 4422 2253 4489 Quid
2286 4421 2359 4478 ad
2388 4424 2445 4478 te
2464 4420 2493 4475 ?

1000 4525 1182 4568 AMICI.
2650 4525 3074 4568 CALLIMACHUS.

335 4608 460 4667 Non
493 4608 732 4681 poteris.
1943 4623 1990 4688 D
2091 4599 2240 4661 Proh
2263 4598 2755 4657 dolorlhactenus
2778 4599 3130 4673 parum,sed
3165 4615 3334 4672 spero
3366 4598 3524 4671 quod
3548 4597 3699 4657 atti-

881 4720 1299 4760 CALLIMACIIUS.
2029 4698 2166 4752 neat
2195 4688 2595 4764 postmodum.

331 4807 446 4861 Cur
476 4803 743 4859 difﬁditis
765 4802 793 4857 ?
2706 4792 3017 4834 DRUSIANA.

536 4916 551 4929 ν
999 4913 1182 4956 Amm.
1823 4927 1831 4934 ,
2097 4869 2361 4937 Discede,
2393 4865 2648 4938 discede,
2679 4865 2810 4923 leno
2842 4866 3092 4923 nefande
3118 4886 3131 4936 ;
3166 4866 3495 4923 confundor
3525 4865 3695 4922 enim

331 5000 480 5066 Quia
509 5014 631 5054 rem
660 4995 959 5052 difﬁcilem
2024 4956 2682 5069 diutius—teejumuverba
2710 4957 2978 5027 miscere,
3012 4973 3190 5029 quem
3222 4956 3412 5014 sentio
3444 4955 3695 5030 plenum

2023 5050 2313 5110 diabolica
2344 5047 2705 5119 deceptione.

876 5111 1293 5152 CALLIMACIIUS.

2641 5152 3063 5195 CALLIMACHUS.

2095 5231 2222 5288 Mea
2254 5227 2565 5295 Drusiana,
2596 5243 2666 5282 ne
2698 5226 2945 5298 repellas
3006 5231 3063 5281 te
3112 5230 3410 5283 amantem
3469 5228 3691 5298 tuoque

2021 5318 2205 5379 amori
2237 5316 2586 5374 cordetenus
2620 5313 3024 5386 inhaerentem,
3059 5315 3161 5371 sed
3192 5314 3469 5387 impende
3500 5314 3689 5370 amori

316 5172 478 5252 'Num
516 5210 621 5267 ego
654 5193 883 5267 primus
938 5194 1283 5266 hujusmodi
1345 5211 1466 5251 rem
1520 5202 1674 5268 peto,
1707 5203 1765 5255 et
1796 5217 1912 5258 non

252 5284 575 5342 multorum
608 5283 680 5339 ad
711 5283 1047 5339 audendum
1082 5288 1426 5355 provocatus
1457 5302 1589 5341 sum
1619 5290 1913 5363 exemplo?

991 5399 1175 5438 AMICI.
2020 5410 2227 5467 vicem.

319 5482 582 5551 Intende,
606 5481 900 5537 fraterzea
917 5478 1047 5551 ipsa
1074 5497 1251 5551 quam
1287 5482 1476 5552 ardes,
1511 5485 1701 5541 sancti
1730 5486 1909 5544 Joan-
2700 5509 3008 5552 DRUSIANA.

246 5574 338 5628 nis
359 5569 607 5645 apostoli
630 5569 960 5625 doctrinam
992 5571 1404 5637 secuta,totam
1431 5588 1493 5627 se
1517 5573 1745 5632 devovit
1767 5577 1904 5649 Deo,
2091 5583 2405 5642 Lenocinia
2435 5584 2537 5637 tua
2565 5582 2944 5655 parvipendo,
2978 5582 3183 5655 tuique
3241 5578 3548 5638 lasciviam
3598 5580 3686 5637 fa-

240 5664 543 5737 intantum
567 5663 631 5715 ut
654 5675 758 5714 nec
772 5659 841 5714 ad
858 5663 1050 5716 torum
1071 5656 1387 5715 Andronici
1414 5659 1907 5727 Christianissimi
2022 5674 2220 5743 stidio,
2256 5673 2357 5729 sed
2387 5671 2647 5745 teipsum
2678 5672 2913 5744 penitus
2944 5688 3177 5746 sperno.
