3900 6354
188 392 365 465 ΑΟοὸ

826 538 1239 579 CALLIMACIIUS.

277 613 480 670 Adhuc
498 630 616 669 non
637 612 824 685 reperi
846 614 1211 668 occasionem
1235 612 1545 679 irascendi;
1564 612 1702 684 quia
1722 611 1863 685 quid

212 718 340 759 mea
366 703 425 758 in
458 706 515 758 te
536 706 673 776 agat
705 700 941 757 dilectio
973 702 1119 756 forte
1149 701 1448 756 erubescis
1480 700 1668 756 fateri.

882 806 1190 846 DRUSIANA.

279 879 431 935 Nihil
462 877 623 934 aliud
656 878 769 935 nisi
801 879 1287 951 indignationem.

822 986 1242 1024 CALLIMACHUS.

279 1059 457 1115 Credo
486 1062 541 1114 te
569 1058 671 1115 25
704 1057 855 1113 hanc
885 1057 1237 1113 sententiam
1269 1062 1560 1112 mutatum
1596 1058 1696 1111 ire.

875 1165 1181 1204 DRUSIANA.

280 1238 403 1294 Non
435 1238 676 1293 mutabo
709 1253 813 1309 pro
843 1241 1023 1293 certo.

824 1343 1139 1382 CALLIMACII
1149 1343 1237 1383 US.

279 1417 465 1472 Forte.

873 1522 1186 1562 DRUSIANA.

275 1595 319 1651 Ο
349 1595 646 1652 insensate
665 1596 723 1650 et
744 1596 978 1651 amens!
1013 1596 1131 1650 Cur
1160 1593 1381 1650 falleris
1401 1593 1429 1649 ?
1460 1593 1576 1650 Cur
1593 1598 1647 1648 te
1673 1608 1858 1649 vacua

203 1699 305 1757 spe
333 1683 574 1741 illudis?
603 1685 726 1750 Quo
756 1688 946 1756 pacto,
982 1701 1098 1756 qua
1128 1683 1425 1739 dementia
1454 1683 1599 1738 reris
1625 1699 1719 1738 me
1742 1687 1853 1737 tua:

204 1774 402 1830 cedere
433 1773 778 1846 nugacitati,
804 1791 931 1846 qum
965 1791 1068 1846 per
1097 1772 1355 1829 multum
1389 1772 1671 1845 temporis
1703 1790 1737 1828 a
1774 1771 1853 1827 le-

203 1862 348 1935 galis
374 1867 502 1920 toro
529 1862 637 1918 viri
670 1878 763 1917 me
784 1862 1090 1918 abstinui?

835 1968 1232 2008 CALLIMACRUS

272 2042 418 2099 Proh
446 2042 631 2099 Deum
662 2045 838 2112 atque
872 2040 1183 2097 hominum
1216 2040 1421 2097 ﬁdem!
1474 2041 1523 2096 si
1573 2057 1689 2096 non
1720 2056 1856 2096 con-

202 2131 476 2200 senseris,
526 2147 643 2187 non
692 2130 1017 2202 quiescam,
1073 2148 1189 2186 non
1236 2130 1543 2196 desistam,
1578 2130 1761 2186 donec
1802 2134 1857 2186 te

201 2219 478 2291 captiosis
509 2218 963 2276 circumveniam
996 2219 1249 2275 insidiis.

852 2306 1080 2364 SCENA
1119 2307 1211 2365 IV.

873 2413 1173 2453 DRUSIANA.

270 2486 352 2542 Eh
384 2486 530 2543 heu!
564 2486 810 2542 Domine
840 2486 979 2543 Jesu
1013 2486 1260 2556 Christe,
1295 2486 1434 2558 quid
1472 2488 1712 2558 prodest
1762 2504 1856 2543 ca-

198 2573 414 2631 stitatis
446 2573 869 2648 professionem
900 2574 1175 2642 subiisse,
1226 2591 1360 2629 cum
1396 2575 1445 2630 is
1477 2592 1681 2631 amens
1728 2592 1859 2631 mea

200 2662 480 2736 deceptus
509 2668 599 2719 est
628 2662 861 2735 specie?
910 2663 1172 2731 Intende,
1223 2663 1488 2732 Domine,
1523 2664 1639 2719 mei
1683 2664 1855 2720 timo-

201 2767 344 2822 rem,
375 2753 622 2808 intende
677 2768 852 2825 quem
910 2751 1101 2823 patior
1149 2752 1433 2809 dolorem.
1478 2753 1627 2819 Quid
1687 2753 1854 2821 mihi,

203 2840 339 2912 quid
397 2842 697 2914 agendum
755 2841 853 2910 sit,
914 2841 1139 2913 ignem.
1192 2842 1252 2897 Si
1303 2842 1632 2915 prodidero,
1670 2842 1858 2898 civilis

204 2945 304 3001 per
356 2947 454 2987 me
512 2930 613 2986 fiet
670 2930 997 2999 discordia;
1048 2931 1097 2985 si
1147 2931 1405 2987 celavero
1463 2931 1695 2987 insidiis
1739 2932 1859 2988 dia-

202 3019 406 3077 bolicis
456 3020 585 3075 sine
634 3024 691 3075 te
740 3019 1019 3093 refragari
1069 3037 1315 3092 nequeo.
1348 3020 1499 3076 Jube
1549 3037 1642 3076 me
1672 3021 1732 3076 in
1777 3026 1856 3090 te,

202 3106 452 3182 Christe,
486 3108 651 3165 ocius
681 3108 852 3181 mori,
878 3125 950 3164 ne
972 3110 1110 3165 ﬁam
1142 3110 1201 3164 in
1234 3108 1464 3165 ruinam
1497 3109 1744 3166 delicato
1766 3111 1860 3182 ju-

204 3198 354 3254 veni.

830 3304 1219 3344 ANDRONICUS.

267 3375 363 3433 Vae
397 3376 547 3433 mihi
580 3376 970 3433 infortunato!
1021 3378 1102 3433 Ex
1152 3378 1468 3449 improviso
1522 3384 1757 3435 mortua
1799 3396 1861 3435 es

200 3462 510 3524 Drusiana.
544 3466 746 3536 Curre,
772 3471 1164 3538 sanctumque
1194 3467 1481 3523 Joannem
1514 3469 1751 3525 advoco.

875 3556 1106 3611 SCENA
1143 3555 1192 3609 V

900 3660 1171 3701 JOANNES.
1277 3631 1285 3640 ’

271 3732 388 3790 Cur
415 3733 673 3792 nimium
695 3734 1494 3804 constristaris,Andronicc?
1523 3735 1639 3793 Cur
1670 3736 1862 3795 fluunt

208 3821 520 3898 lacryma?

850 3931 1218 3971 ANDRONICUS

272 4001 429 4060 Heu!
463 4001 609 4059 heu!
642 4003 899 4072 domine,
929 4004 1112 4060 tasdeo
1142 4004 1272 4059 vitae
1296 4005 1561 4076 propriae.

899 4108 1168 4150 JOANNES.

277 4180 430 4247 Quid
462 4181 721 4255 pateris?

844 4288 1229 4328 ANDRONICUS.

276 4357 591 4430 Drusiana,
612 4360 701 4417 tui
733 4359 1076 4417 assecla.....

902 4465 1173 4505 JOANNFB.

272 4536 457 4595 Estne
488 4536 727 4595 homine
756 4538 976 4595 exuta?

844 4644 1230 4684 ANDRONICUS.

283 4713 431 4773 Hem
451 4716 467 4772 ι
501 4720 613 4773 est.

912 4822 1185 4863 JOANNES.

281 4893 538 4951 Multum
570 4894 939 4951 disconvenit
966 4900 1033 4951 ut
1064 4912 1168 4969 pro
1200 4895 1293 4952 his
1325 4896 1650 4952 fundantur
1686 4898 1872 4974 lacry-

210 4996 340 5053 mea,
361 5000 616 5056 quorum
646 4984 877 5041 animas
908 4986 1207 5041 credimus
1237 4984 1419 5041 laetari
1452 4987 1509 5040 in
1544 4988 1763 5060 requie.

848 5090 1236 5130 ANDRONICUS.

282 5161 410 5216 Non
443 5161 709 5218 dubitem
740 5162 878 5218 licet
908 5164 1073 5235 quin,
1109 5167 1175 5218 ut
1203 5163 1443 5229 assoris,
1475 5165 1675 5221 anima
1705 5172 1875 5223 aster-

211 5247 427 5306 naliter
452 5249 682 5308 letatur
712 5269 1044 5325 corpusque
1075 5253 1428 5324 quandoque
1467 5254 1873 5328 incorruptum

212 5340 740 5409 resuscitetur,boc
762 5345 960 5400 tamen
985 5359 1078 5397 me
1099 5342 1475 5397 vehementer
1502 5343 1662 5397 exuri
1674 5347 1875 5417 t,quod

213 5424 344 5498 ipsa
374 5443 471 5484 me
500 5433 789 5501 prasente
819 5434 1069 5487 mortem
1102 5434 1169 5486 ut
1199 5429 1499 5485 adveniret
1517 5433 1772 5502 optando
1794 5435 1877 5491 in-

212 5513 438 5573 vitavit.

910 5625 1181 5666 JOANNES.

286 5693 595 5769 Agnostin’
627 5712 869 5756 causam
886 5697 914 5754 ?
1062 5708 1067 5711 '

1163 390 1577 452 ΟΟΜΕΕΟΙᾹΞ
1622 390 1793 449 SEX.
1840 424 1919 433 —
1960 389 2068 450 III.
2117 391 2669 456 CALLIMACHUS

1886 534 1941 602 Α

3461 395 3618 458 1006

2627 542 2977 585 ANDRONICUS.

2041 613 2283 684 Agnovi,
2318 614 2543 686 tibique
2573 615 2901 686 enucleam,
2934 617 2983 671 si
3017 616 3252 689 quando
3284 633 3353 673 ex
3383 616 3625 673 tristitia

1970 699 2081 757 hac
2111 702 2533 759 convalescam.

2666 812 2913 851 ιοΔΝΝΕΒ.

2038 881 2418 950 Accedamus,
2443 882 2867 955 exsequiasque
2893 883 3204 956 diligenter
3234 882 3619 941 celebremus.

2620 990 2966 1028 ANDRONICUS.

2041 1056 2398 1114 Marmorum
2456 1059 2517 1114 in
2562 1060 2823 1131 proximo
2871 1059 3207 1133 sepulcrum
3255 1060 3525 1129 habetur,
3561 1059 3622 1117 in

1972 1146 2127 1215 quod
2181 1146 2361 1203 funus
2411 1154 2692 1219 ponatur;
2742 1150 3131 1221 servandique
3177 1150 3318 1205 cura
3368 1148 3623 1222 sepulcri

1976 1233 2292 1291 Fortunato
2326 1240 2525 1292 nostro
2557 1236 2923 1309 relinquatur
2952 1237 3333 1309 procuratori.

2672 1344 2915 1381 JOANNES.

2040 1413 2216 1469 Decet
2241 1418 2305 1469 ut
2336 1414 2662 1471 tumuletur
2692 1415 3203 1472 honorifice.Deus
3234 1414 3486 1474 lmtiﬁcet
3508 1418 3628 1474 ani-

1968 1517 2126 1557 mam
2160 1502 2219 1558 in
2250 1504 2471 1575 requie.

2618 1593 2847 1650 SCENA
2884 1594 2979 1650 VI.

2610 1700 2991 1739 ωιιικλοιιυε.

2034 1770 2182 1835 Quid
2212 1771 2330 1839 ﬁet,
2364 1772 2696 1840 Fortunate,
2748 1772 2889 1844 quia
2931 1789 3035 1829 nec
3084 1778 3271 1829 morte
3316 1772 3621 1831 Drusiane

1962 1859 2216 1915 revocari
2248 1876 2490 1931 possum
2524 1862 2596 1917 ab
2630 1860 2873 1917 amore?

2615 1966 2952 2006 FORTUNATUS
2962 1994 2973 2006 .

2040 2037 2391 2095 Miserabile.

2354 2186 2365 2189 ,
2607 2146 2983 2185 ωιιιιηιιυε.

2040 2216 2213 2273 Pereo
2243 2216 2356 2273 nisi
2388 2233 2481 2273 me
2514 2218 2751 2289 adjuvet
2779 2222 2883 2273 tua
2911 2217 3226 2275 industria.

2612 2325 2969 2364 FORTUNATUS.

2040 2397 2105 2451 In
2137 2412 2253 2468 quo
2286 2413 2530 2470 possum
2564 2396 2883 2469 adjuvare?

2611 2504 2988 2543 ολιιιωοιιυε.

2041 2575 2103 2629 In
2138 2591 2203 2631 eo
2236 2580 2302 2630 ut
2330 2574 2418 2630 vel
2448 2580 2746 2631 mortuam
2776 2591 2870 2631 me
2902 2576 3081 2631 facias
3110 2575 3325 2631 videre.

2616 2681 2975 2720 FORTUNATUS.

2038 2752 2262 2825 Corpus
2291 2752 2484 2809 adhuc
2514 2753 2809 2825 integrum
2839 2757 3057 2821 manet,
3087 2757 3153 2809 ut
3184 2752 3489 2825 reor,quia
3518 2753 3620 2810 πο

1966 2857 2081 2895 non
2114 2839 2395 2913 languore
2426 2857 2689 2910 exesum,
2720 2840 2822 2896 sed
2856 2840 2987 2911 levi,
3022 2845 3086 2897 ut
3114 2841 3505 2913 experiebare,
3542 2843 3621 2896 fe-

1966 2929 2068 2984 bre
2099 2933 2189 2985 est
2218 2928 2500 2985 solutum.

2606 3036 2981 3075 CALLIHACIIUS.

2042 3107 2086 3163 Ο
2120 3124 2214 3163 me
2244 3106 2491 3177 felicem,
2526 3108 2575 3163 si
2609 3124 2872 3180 unquam
2903 3107 3224 3181 experirer!

2620 3212 2980 3254 PORTUNATUS.

1883 3287 1928 3355 C
2037 3286 2096 3341 Si
2128 3285 2386 3357 placabis
2417 3286 2784 3355 muneribus,
2812 3286 3203 3366 dedamillud
3233 3285 3351 3343 tuis
3383 3288 3616 3344 usibus.

2616 3393 2992 3433 οΑιιιιίΑεηυε.

2043 3464 2179 3529 Quae
2208 3462 2268 3519 in
2299 3464 2572 3535 praesenti
2595 3464 2669 3519 ad
2692 3480 2902 3519 manus
2931 3463 3116 3521 habeo
3143 3463 3379 3520 interim
3401 3464 3621 3537 accipe,

1972 3569 2077 3609 nec
2106 3552 2341 3608 diffidas
2371 3556 2428 3608 te
2455 3551 2641 3609 multo
2672 3554 2897 3623 majora
2928 3558 3304 3625 accepturum
3336 3553 3477 3608 fore.

2617 3658 2974 3698 POBTUNATUSo

2043 3732 2261 3788 Eamus
2285 3730 2421 3787 cito.

2612 3845 2985 3885 CALLIMACIIUS.

2046 3922 2110 3976 In
2143 3936 2236 3977 me
2266 3935 2383 3976 non
2414 3918 2526 3975 erit
2546 3932 2730 3974 mora.

2605 4006 2833 4064 SCENA
2870 4005 2987 4062 VII.

2674 4113 2918 4153 JOANNES.

2043 4190 2221 4246 Eccce
2253 4205 2464 4261 corpus
2499 4203 2512 4241 :
2546 4203 2652 4243 nec
2681 4185 2855 4242 facies
2886 4185 3254 4256 cadaverosa,
3288 4202 3393 4243 nec
3437 4202 3629 4244 mem-

1976 4279 2082 4335 bra
2113 4281 2254 4335 sunt
2282 4276 2517 4344 tabida;
2552 4278 2716 4331 utere
2747 4279 2812 4331 ut
2840 4273 3004 4331 libet.

2615 4380 2990 4421 CALLIHACIIUS.

2047 4459 2092 4514 Ο
2123 4456 2433 4522 Drusiana,
2465 4452 2775 4520 Drusiana,
2806 4468 2921 4522 quo
2952 4452 3161 4508 affectu
3191 4452 3384 4509 cordis
3435 4457 3491 4509 te
3533 4470 3629 4511 co-

1976 4547 2083 4613 lui,
2114 4563 2232 4618 qua
2261 4541 2596 4602 sinceritate
2629 4539 2957 4595 dilectionis
2979 4544 3035 4596 te
3063 4539 3286 4596 viscera
3311 4544 3484 4597 tenus
3514 4558 3634 4599 am-

1898 4661 1946 4726 D
1977 4636 2245 4710 plexatus
2285 4632 2406 4726 fuit
2432 4631 2532 4726 fit
2580 4633 2674 4726 tu_
2696 4645 2929 4701 semper
2977 4627 3281 4726 abjecisti,
3297 4629 3448 4726 meis
3483 4633 3637 4689 votis

1977 4721 2401 4783 contradixisti.
2432 4719 2601 4775 Nunc
2659 4717 2720 4772 in
2775 4733 2907 4773 mea
2960 4716 3144 4773 situm
3199 4721 3291 4774 est
3345 4721 3633 4791 potestate

1984 4811 2367 4887 quan-tislibet
2394 4807 2630 4881 injuriis
2659 4810 2719 4863 te
2746 4804 2921 4861 velim
2953 4804 3259 4863 lacessere.

2631 4911 2992 4950 FORTUNATUS.

2052 4990 2146 5057 At,
2171 4988 2257 5045 at!
2293 4984 2592 5044 horribilis
2621 5000 2863 5056 serpens
2894 4983 3119 5040 invadit
3148 5002 3276 5042 nos.

2623 5088 3000 5130 CALLIMACIIUS.

1982 5176 1987 5179 ’
2053 5167 2152 5223 Hei
2189 5165 2369 5222 mihi!
2408 5164 2739 5230 Fortunate,
2770 5177 2876 5217 cur
2896 5178 2989 5217 me
3020 5162 3340 5236 decepisti?
3389 5163 3507 5221 Cur
3544 5165 3639 5221 de-

1987 5255 2256 5313 testabile
2288 5253 2479 5311 scelus
2502 5250 2887 5323 persuasisti?
2918 5251 3098 5321 En,tu
3118 5253 3388 5310 morieris
3410 5271 3641 5326 serpen-

1985 5348 2061 5402 tis
2090 5344 2351 5411 vulnere,
2377 5346 2434 5397 et
2454 5357 2559 5413 ego
2590 5338 2945 5395 commorior
2975 5358 3092 5413 prae
3122 5341 3348 5398 timore.

2603 5427 2833 5483 SCENA
2868 5426 3020 5484 VIII.

2702 5535 2945 5578 JOANNES.

2051 5612 2435 5678 Accedamus,
2481 5605 2832 5677 Andronice,
2864 5607 2936 5662 ad
2984 5603 3282 5662 tumulum
3311 5604 3633 5679 Drusianae,

1984 5720 2098 5776 quo
2133 5700 2391 5758 animam
2422 5697 2653 5754 Christo
2685 5696 3166 5753 commendemus
3197 5711 3384 5770 prece.
