3900 6354
164 447 323 509 1009

815 596 1191 637 αλιιιΜΑεηυς.

232 670 603 727 Nullatcnus.
624 670 782 727 Licet
810 689 924 726 non
960 670 1241 726 doluisset
1272 669 1415 726 velle
1447 669 1821 744 possibilitas.

158 764 363 817 tamen
396 761 636 815 omnino
666 761 849 816 defuit
881 777 1071 833 posse.

873 868 1118 906 JOANViis.

233 943 362 1007 Quo
396 944 565 1012 pacto
599 939 1017 1011 impediebaris
1032 938 1061 992 *Ρ

809 1044 1193 1085 (ςΑιιιΜΑαιηέ.

229 1119 306 1174 Ut.
352 1117 608 1190 primum
662 1118 940 1173 distracto
996 1119 1250 1187 tegmine
1302 1118 1575 1173 conviciis
1608 1118 1825 1173 tcntavi

156 1209 450 1265 lacessere
482 1224 692 1279 corpus
726 1207 1011 1269 examine,
1047 1207 1155 1261 iste
1192 1210 1565 1274 Fortunatus,
1604 1206 1701 1277 qui
1738 1207 1823 1261 fo-

159 1316 288 1353 mes
322 1296 463 1351 mali
492 1300 549 1350 et
579 1296 844 1351 incentor
870 1295 1109 1363 exstitit,
1156 1297 1508 1368 scrpentinis
1551 1295 1823 1367 perfusus

158 1386 405 1444 venenis
436 1384 628 1458 periit.

824 1492 1165 1529 ANDRONICI'S.

231 1566 276 1622 Ο
307 1565 529 1620 factum
556 1564 735 1619 bene!

809 1670 1181 1708 CALLIMACHUS.

231 1744 377 1800 Mihi
411 1747 609 1801 autem
643 1743 911 1814 apparuit
953 1741 1185 1814 juvenis
1236 1748 1473 1812 aspectu
1523 1741 1820 1807 terribilis,

159 1835 261 1907 qui
297 1835 594 1889 detectum
630 1849 840 1903 corpus
874 1832 1189 1885 honoriﬁce
1213 1832 1447 1895 toxit,e.\'
1470 1832 1641 1901 cujus
1666 1832 1824 1884 tlam-

158 1941 291 1980 mea
322 1922 471 1977 facie
499 1921 817 1976 candentes
849 1920 906 1974 in
942 1921 1180 1974 bustum
1215 1919 1481 1974 scintilla:
1530 1919 1821 1974 transilie-

155 2013 321 2078 bant,
360 2026 617 2083 quarum
649 2026 767 2064 una
799 2008 1064 2063 resiliens
1099 2008 1241 2062 mihi
1278 2009 1333 2061 in
1370 2008 1575 2061 fariem
1613 2008 1827 2062 fereba-

156 2107 275 2169 tur,
311 2097 613 2170 simulque
642 2114 748 2151 vox
781 2097 930 2151 facta
961 2103 1049 2151 est
1079 2097 1279 2152 dicens
1315 2113 1327 2150 :
1364 2096 1827 2165 Callimache,m0‘

157 2206 278 2247 rere
307 2196 372 2245 ut
400 2188 594 2244 vivas!
627 2186 729 2242 llis
760 2186 952 2253 dictis,
989 2185 1264 2256 expiravi.

875 2292 1119 2330 JOANNES.

233 2369 395 2441 Opus
430 2365 685 2422 cmlestis
714 2364 933 2437 gratim,
969 2380 1094 2435 qua:
1130 2381 1243 2419 non
1277 2363 1602 2419 delectatur
1633 2363 1687 2417 in
1726 2363 1828 2417 im-

164 2457 397 2530 piorum
434 2454 778 2529 perditione.

815 2555 1189 2598 CALLHIACIIL’S.

236 2633 471 2690 Audisti
502 2630 799 2686 miseriam
829 2647 970 2685 meae
1003 2630 1366 2702 perditionis,
1404 2629 1519 2685 noli
1557 2629 1827 2701 clongare

171 2721 466 2779 medelam
498 2724 609 2775 tuae
641 2718 1056 2775 miserationis.

871 2826 1116 2863 JOANNES.

240 2902 367 2957 Non
405 2897 709 2971 clongabo.

816 3005 1189 3043 CALHMM‘JICS.

240 3080 385 3134 Nam
430 3076 682 3133 nimium
718 3077 1062 3143 confundor,
1100 3077 1444 3130 cordetenus
1494 3073 1823 3139 contristor,

173 3169 390 3236 anxior,
428 3184 619 3239 gemo,
654 3166 816 3221 doleo
850 3184 1026 3237 super
1055 3165 1213 3237 gravi
1248 3165 1542 3235 impietate
1577 3180 1725 3218 mea.

498 3260 515 3283 ’
882 3273 1122 3310 xeunt-rs.

240 3347 358 3401 Nec
386 3345 702 3411 immerito,
739 3344 952 3415 quippe
985 3360 1155 3413 grave
1182 3342 1457 3397 delictum
1505 3343 1660 3397 haud
1707 3341 1826 3396 leve
1857 3330 1899 3395 C

173 3434 555 3507 pcenitudinis
588 3436 884 3504 exspectat
917 3433 1262 3486 remedium.

817 3538 1191 3577 CALLHIACHCS.

240 3614 284 3669 Ο
313 3614 545 3668 utinam
579 3614 976 3666 reserarentur
1006 3615 1227 3665 secreta
1252 3626 1515 3664 meorum
1535 3610 1825 3665 viscerum

174 3701 437 3769 latibula,
474 3718 589 3773 quo
618 3700 855 3755 interim
906 3700 1356 3754 amaritudinem
1408 3717 1585 3770 quam
1639 3700 1826 3770 patior

174 3790 385 3847 doloris
415 3788 797 3863 perspiceres,
832 3791 888 3843 et
913 3788 1133 3843 dolenti
1166 3787 1532 3843 condoleres!

881 3894 1125 3933 JOANVES.

242 3969 591 4042 Congaudeo
622 3967 963 4039 hujusmodi
996 3966 1349 4038 dolori,quia
1371 3966 1558 4022 sentio
1588 3971 1643 4023 te
1676 3967 1827 4024 salu-

177 4058 353 4114 briter
384 4055 738 4115 contristari.

819 4162 1189 4201 ωιιηιλεηυε.

242 4238 438 4292 Taedet
466 4253 559 4291 me
590 4234 799 4307 prioris
838 4234 990 4300 vita),
1044 4236 1216 4289 tmdet
1263 4234 1663 4291 delectationis
1709 4235 1825 4290 ini-

175 4342 318 4397 quae.

206 4408 217 4411 _
883 4429 1125 4467 JO.\NNES.

242 4504 356 4559 Nec
388 4503 626 4574 injuria.

816 4608 1185 4646 CALLIRLUIHL'S.

243 4679 602 4752 Ptenitetque
634 4678 849 4735 delicti.

882 4786 1105 4823 JOANNES

243 4858 311 4912 Et
341 4860 573 4915 merito.

808 4965 1182 5002 CALLIMACHUS.

243 5034 521 5117 Displicet
553 5054 725 5092 omne
758 5037 912 5111 quod
965 5036 1071 5092 feci
1121 5038 1181 5091 in
1229 5042 1484 5106 tantum,
1520 5044 1584 5093 ut
1623 5039 1823 5095 nullus

177 5114 353 5193 amor,
404 5114 567 5183 nulla
614 5125 882 5197 voluptas
933 5126 1011 5181 sit
1062 5124 1311 5191 vivendi,
1346 5127 1458 5182 nisi
1492 5131 1733 5184 renatus
1765 5129 1824 5183 in

175 5204 393 5269 Christo
426 5231 652 5272 merear
679 5213 739 5269 in
771 5214 984 5270 melius
1013 5214 1418 5273 transmutari.

872 5318 1118 5359 JOANNES.

244 5388 366 5448 Non
410 5393 614 5448 dubito
660 5391 800 5463 quin
855 5409 1108 5463 superna
1138 5392 1326 5463 gratia
1356 5392 1414 5446 in
1442 5396 1495 5447 te
1527 5398 1821 5465 appareat.

811 5499 1187 5539 CALLIMACIIUS.

224 5570 225 5573 “
247 5568 375 5625 Ideo
397 5587 468 5626 ne
490 5572 837 5640 moreris,ne
868 5572 1163 5644 pigriteris
1193 5572 1417 5628 lassum
1440 5573 1824 5645 erigere,mce-

180 5659 393 5733 rentem
427 5660 925 5717 consolationibus
974 5660 1211 5715 attolere
1244 5662 1365 5728 29,
1401 5679 1517 5733 quo
1559 5667 1657 5717 tuo
1691 5679 1818 5717 mo-

181 5730 322 5811 nitu,
354 5750 453 5802 tuo
485 5749 842 5819 magisterio,
879 5766 911 5803 a
949 5749 1145 5817 gentili
1200 5748 1259 5804 in
1315 5730 1735 5816 Christianum,
1789 5769 1822 5805 a

1120 446 1534 509 COMOEDle
1583 448 1753 507 SEX.
1802 481 1878 491 ———
1921 447 2027 507 ΙΙΙ.
2075 446 2645 509 CALLIMACHI'S.

3438 447 3595 509 1010

1857 580 1907 647 Α
1942 598 2164 655 nugare
2198 581 2253 636 in
2286 585 2513 637 castum
2546 585 2974 637 transmutalus
3006 577 3217 647 virum,
3246 585 3465 653 tuoque
3491 583 3595 638 du-

1935 676 2068 726 catu
2101 672 2372 727 semitam
2406 671 2692 741 arripiens
2723 671 3003 738 veritatis,
3037 669 3223 725 vivam
3248 670 3419 740 juxta
3452 669 3591 726 divi-

1934 777 2021 815 na":
2054 761 2408 831 prmconium
2442 760 2870 832 promissionis.

2645 867 2887 904 JOAVN‘ES.

2006 940 2315 993 Benedicta
2337 938 2409 993 sit
2437 939 2605 991 unica
2628 938 2934 1007 Progenies
2954 938 3586 1011 l)ivinitatis,idemque

1934 1028 2222 1099 particeps
2256 1034 2465 1082 nostrre
2501 1028 2854 1097 fragilitatis,
2882 1027 2977 1098 qui
3012 1027 3173 1093 Η),ἷίὶί
3207 1027 3582 1097 Callimacho,

1894 1164 1896 1167 ,
1935 1118 2222 1188 parcendo
2254 1116 2465 1171 occidit
2497 1120 2552 1170 et
2581 1117 2894 1170 occidendo
2926 1116 3381 1187 vivitiravit,quo
3409 1134 3583 1172 suum

1934 1205 2161 1278 plasma
2193 1206 2397 1260 mortis
2430 1206 2620 1276 specie
2656 1207 2725 1258 ab
2760 1206 2997 1259 interitu
3047 1205 3316 1260 liberaret
3350 1205 3578 1261 animm.

2575 1308 2949 1349 ANDROSICUS.

2007 1386 2119 1440 Res
2148 1384 2405 1449 insolita,
2440 1385 2717 1456 omnique
2752 1384 3136 1439 admiratione
3167 1384 3368 1455 digna!

2636 1492 2877 1529 JOAVXES.

2005 1565 2048 1621 Ο
2079 1565 2327 1635 Christe,
2362 1565 2566 1619 mundi
2603 1564 2944 1635 redemptio,
2973 1566 3028 1617 et
3054 1567 3423 1635 peccatorum
3456 1581 3589 1635 pro-

1932 1655 2178 1726 pitiatio,
2215 1653 2487 1727 qualibus
2521 1654 2761 1707 laudum
2801 1652 3103 1723 prmconiis
3137 1656 3193 1707 te
3225 1652 3401 1707 talem
3434 1654 3587 1709 cele-

1932 1744 2094 1798 brem
2129 1744 2629 1815 ignoro.Expaveo
2662 1740 2745 1795 tui
2779 1742 3090 1811 benignam
3125 1740 3496 1796 clementiam
3530 1747 3587 1797 et

1932 1832 2277 1887 clementem
2312 1830 2781 1903 patientiam,qui
2818 1833 3124 1900 peccantes
3156 1846 3310 1883 nunc
3342 1834 3583 1901 paterno

1932 1938 2092 1976 more
2126 1920 2425 1976 tolerando
2458 1918 2763 1983 blandiris,
2791 1934 2945 1971 nunc
2967 1918 3129 1988 justa
3162 1917 3465 1973 severitate
3496 1936 3585 1974 ca-

1937 2011 2206 2082 stigando
2240 2010 2311 2063 ad
2347 2008 2747 2080 pcrnitentiam
2780 2006 2961 2077 cogis.

2573 2110 2944 2152 ANDRONICUS.

2010 2191 2163 2244 Laus
2193 2189 2321 2259 ejus
2354 2188 2559 2242 divinae
2591 2186 2812 2259 pietati.

2440 2266 2451 2278 ’
2632 2289 2895 2332 ποΑΜεε.

2010 2370 2149 2435 Quis
2182 2369 2421 2424 auderet
2443 2366 2907 2437 credere,quisve
2930 2369 3590 2438 praesumeret,sporare,

1938 2463 2004 2514 ut
2032 2459 2211 2525 hunc,
2246 2473 2421 2529 quem
2456 2455 2789 2510 criminosis
2823 2455 3117 2509 intentum
3140 2454 3299 2509 vitiis
3322 2471 3481 2510 mors
3513 2455 3596 2510 in-

1935 2548 2093 2603 venit
2122 2552 2180 2602 et
2212 2548 2509 2601 inventum
2542 2543 2807 2613 abstulit,
2840 2542 2923 2597 tui
2972 2542 3268 2597 miseratio
3299 2544 3370 2598 ad
3411 2544 3591 2600 vitam

1936 2638 2207 2704 excitare,
2243 2636 2313 2690 ad
2348 2635 2575 2691 veniam
2608 2635 2952 2705 dignaretur
2990 2634 3297 2702 reparare?
3346 2632 3433 2688 Sit
3482 2651 3591 2689 no-

1937 2742 2073 2781 men
2103 2729 2271 2779 tuum
2306 2727 2575 2778 sanctum
2609 2722 2979 2776 benedictum
3014 2720 3070 2773 in
3105 2719 3335 2788 saecula,
3357 2721 3453 2791 qui
3489 2739 3589 2777 so-

1936 2815 2029 2870 lus
2061 2814 2202 2869 facis
2236 2812 2529 2883 stupenda
2558 2809 2872 2864 mirabilia.

2575 2912 2944 2956 ANDRONICUS.

2008 2994 2130 3061 Eia,
2164 2996 2362 3047 sancte
2392 2990 2665 3055 Joannes,
2702 2993 2757 3042 et
2787 3005 2877 3041 me
2912 2986 3198 3043 consolari
3244 3004 3315 3042 ne
3364 2989 3581 3044 tardes.

1937 3084 2083 3139 Nam
2117 3079 2442 3152 conjugalis
2464 3096 2627 3132 amor
2651 3079 2950 3132 Drusianm
2975 3095 3165 3132 meam
3188 3077 3343 3132 haud
3368 3076 3588 3149 patitur

1939 3176 2195 3227 mentem
2230 3170 2569 3234 consistere,
2603 3167 2712 3221 nisi
2768 3171 2823 3220 et
2874 3167 3063 3237 ipsam
3113 3166 3463 3237 quantocius
3510 3166 3589 3221 vi-

1940 3264 2109 3317 deam
2142 3264 2532 3315 resurrectum
2559 3256 2659 3312 ire.

2636 3359 2895 3402 JOANNES.

2009 3439 2319 3505 Drusiana,
2353 3437 2659 3491 resuscitet
2692 3443 2743 3489 te
2779 3436 3061 3490 Dominus
3094 3436 3265 3490 Jesus
3298 3434 3585 3491 Christus.

2614 3539 2906 3579 DRUSIANA.

2006 3618 2159 3673 Laus
2192 3623 2247 3673 et
2278 3616 2465 3671 honor
2494 3614 2618 3680 tibi,
2652 3615 2900 3679 Cbriste,
2935 3613 3031 3683 qui
3068 3629 3159 3667 me
3198 3612 3382 3667 fecisti
3435 3614 3588 3667 revi-

1933 3708 2173 3762 viscere.

2554 3806 2962 3848 CALLUIACIIUS.

2007 3883 2319 3956 Sospitatis
2350 3882 2569 3937 auctori
2602 3886 2814 3953 grates,
2865 3881 2961 3951 qui
2998 3884 3072 3950 te,
3105 3896 3233 3934 mea
3274 3878 3581 3946 Drusiana,

1935 3990 2238 4046 resurgere
2270 3972 2429 4027 dedit
2462 3972 2517 4025 in
2552 3970 2770 4036 laetitia,
2804 3986 2929 4041 quae
2963 3969 3120 4042 gravi
3172 3985 3305 4023 cum
3348 3967 3587 4024 tristitia

1936 4063 2029 4119 die
2064 4062 2400 4135 fungebaris
2432 4065 2709 4116 extrema.

2613 4165 2911 4208 DRUSIANA.

2006 4242 2180 4297 Decet
2213 4242 2296 4296 tui
2330 4242 2725 4310 sanctitatem,
2760 4240 3085 4295 venerande
3116 4240 3283 4294 Pater
3310 4240 3587 4308 Joannes,

1935 4335 2001 4386 ut
2032 4331 2375 4387 resuscitato
2407 4330 2783 4396 Callimacho,
2818 4328 2917 4399 qui
2970 4345 3063 4383 me
3116 4327 3313 4383 illicito
3352 4328 3589 4394 amavit,

1935 4422 1992 4475 et
2023 4420 2178 4475 hunc
2211 4418 2649 4488 resuscites,qui
2675 4417 2787 4471 mei
2810 4418 3070 4488 proditor
3099 4417 3320 4472 funeris
3342 4419 3587 4474 exstitit.

2556 4520 2968 4562 CALLIMACHUS.

2010 4600 2092 4654 Ne
2123 4599 2366 4670 dignum
2400 4597 2600 4661 ducas,
2627 4594 2839 4650 Christi
2873 4594 3314 4665 apostole,hunc
3338 4595 3591 4667 prodito-

1852 4703 1899 4768 D
1935 4706 2079 4755 rem,
2110 4688 2265 4742 hunc
2297 4685 2729 4741 malefactorem
2780 4701 2812 4738 a
2859 4684 3106 4739 vinculis
3156 4686 3363 4740 mortis
3396 4685 3587 4741 absol-

1932 4794 2085 4845 vere,
2120 4776 2219 4847 qui
2254 4792 2346 4830 me
2379 4774 2627 4845 decepit,
2660 4790 2751 4828 me
2806 4774 3051 4840 seduxit,
3102 4790 3313 4845 meque
3364 4776 3436 4832 ad
3484 4794 3585 4832 au-

1936 4867 2194 4923 dendum
2226 4863 2504 4920 horribile
2537 4864 2763 4918 facinus
2797 4862 3144 4934 provocavit.

2623 4966 2885 5009 JOANNES.

2006 5045 2129 5100 Non
2153 5044 2331 5100 debes
2362 5042 2445 5097 illi
2478 5041 2732 5097 invidere
2750 5042 2997 5113 gratiam
3018 5042 3223 5098 divina)
3243 5043 3583 5101 clementiae.

2576 5148 2944 5186 CALLIMACHUS.

2006 5222 2132 5277 Non
2164 5225 2252 5276 est
2279 5220 2434 5275 enim
2484 5219 2696 5291 dignus
2745 5221 3189 5287 resurrectione,
3239 5223 3339 5294 qui
3389 5229 3592 5281 auctor

1938 5310 2161 5365 exstitit
2192 5308 2537 5380 perditionis
2568 5307 2788 5364 alienzn.

2634 5412 2896 5455 JOANNES.

2007 5488 2121 5542 Lex
2147 5492 2359 5543 nostra:
2392 5486 2689 5559 religionis
2718 5488 2904 5555 docet,
2940 5495 3004 5544 ut
3035 5490 3207 5544 homo
3240 5489 3464 5544 homini
3506 5490 3587 5543 di-

1934 5575 2135 5643 mittit,
2169 5576 2217 5631 si
2252 5577 2374 5647 ipse
2403 5577 2505 5631 30
2537 5594 2571 5630 a
2601 5577 2717 5631 Deo
2750 5577 2965 5631 dimitti
2995 5578 3231 5632 ambiat.

2577 5680 2944 5721 ANDRONICUS.

1999 5752 2030 5807 J
2038 5757 2261 5808 ustum.
