3900 6364
267 404 416 467 1011

958 550 1135 593 ιοΔΜ(
1142 550 1222 593 ES.

336 630 581 696 Quando
610 627 787 683 etiam
816 626 919 682 Dei
950 625 1320 698 Unigenitus,
1353 626 1628 699 idemque
1669 626 1930 700 Virginis

266 716 716 790 primogenitae,
749 714 851 787 qui
883 714 1045 770 solus
1074 714 1557 782 innocens,solus
1590 715 1931 773 immacula-

264 814 385 875 tus,
417 805 581 864 solus
610 804 738 861 sine
766 804 989 860 veterni
1021 805 1192 860 sorde
1223 803 1419 860 delicti
1441 804 1501 859 in
1533 806 1824 861 mundum
1841 823 1931 862 ve-

264 897 377 966 nit,
406 911 614 953 omnes
643 894 754 952 sub
785 893 946 968 gravi
985 910 1160 950 onere
1207 894 1431 966 peccati
1477 895 1787 967 depressos
1837 895 1929 952 in-

263 985 441 1044 venit.

906 1086 1284 1131 ANDRONICUS.

334 1165 577 1222 Verum.

966 1267 1231 1312 JOANNIS.

333 1344 570 1403 Scilicet
598 1343 827 1399 nullum
849 1343 1107 1415 justum,
1140 1341 1370 1399 nullum
1402 1344 1808 1401 misericordia
1835 1343 1924 1400 in-

260 1435 486 1492 veniret
514 1434 782 1507 dignum,
816 1431 1111 1489 neminem
1144 1437 1343 1489 tamen
1374 1433 1612 1505 sprevit,
1628 1433 1925 1490 neminem

266 1542 385 1580 sum
415 1524 604 1598 gratia
634 1521 867 1595 pietatis
899 1521 1167 1593 privavit,
1202 1523 1302 1577 sed
1337 1522 1598 1594 seipsum
1647 1522 1924 1580 omnibus

263 1612 529 1675 tradidit.
571 1611 782 1684 suique
839 1610 1113 1667 dilectam
1172 1610 1433 1667 animam
1492 1628 1596 1684 pro
1646 1613 1924 1688 omnibus

265 1702 483 1777 posuit.

910 1804 1286 1847 ANDRONICUS.

335 1883 395 1939 Si
426 1881 708 1937 innocens
738 1897 857 1936 non
887 1879 1272 1948 occideretur,
1306 1896 1478 1936 nemo
1501 1881 1666 1953 juste
1706 1880 1919 1938 libera-

266 1976 446 2029 retur.

961 2073 1225 2117 ιοΑΜεε.

338 2153 472 2208 Ideo
504 2151 565 2206 in
595 2150 904 2206 hominum
928 2166 1043 2205 non
1068 2149 1392 2205 delectatur
1412 2151 1923 2223 perditionc,quos

267 2257 373 2295 suo
405 2242 636 2311 emptos
666 2236 938 2293 meminit
968 2236 1221 2308 pretioso
1252 2238 1560 2309 sanguine.

906 2339 1277 2383 AlDRONlCUS-

339 2417 572 2475 Gratias
601 2415 707 2471 illi.

963 2518 1229 2562 JOANNBS.

338 2597 503 2654 Unde
531 2595 664 2652 aliis
711 2594 811 2651 Dei
860 2593 1109 2666 gratiam
1161 2612 1276 2649 non
1325 2595 1610 2650 debemus
1646 2595 1922 2666 invidere,

268 2704 447 2761 quam
478 2702 548 2741 ex
578 2684 757 2740 nullis
786 2682 1255 2755 praecedentibus
1273 2684 1498 2740 meritis
1520 2684 1578 2739 in
1602 2684 1773 2741 nobis
1789 2702 1926 2758 gau-

269 2777 482 2833 demus
513 2773 835 2831 abundare.

892 2875 1300 2920 CLLLIMACHUS.

341 2952 627 3013 Terruisti
659 2968 754 3009 me
784 2952 1035 3023 monitu,

965 3054 1066 3097 ,1οΔ
1075 3055 1146 3096 NN
1152 3056 1231 3096 ES.

334 3135 417 3191 Ne
445 3136 645 3189 autem
676 3130 795 3186 tuis
823 3128 1022 3184 videar
1052 3128 1224 3183 reniti
1256 3128 1427 3199 votis,
1456 3146 1572 3184 non
1605 3130 1927 3185 suscitetur

265 3240 372 3296 per
402 3237 518 3289 me,
551 3220 653 3275 sed
686 3234 792 3289 per
819 3216 1193 3287 Drusianam,
1228 3216 1368 3288 quia
1415 3217 1489 3272 ad
1535 3217 1645 3273 hoc
1684 3217 1926 3290 implen-

261 3313 406 3368 dum
436 3326 472 3365 a
501 3308 618 3364 Deo
650 3305 875 3377 accepit
898 3303 1172 3377 gratiam.

937 3408 1238 3451 DRUSIANA.

330 3489 536 3546 Divina
565 3484 1053 3556 substantia,quze
1076 3501 1208 3540 vere
1229 3488 1288 3540 et
1308 3483 1687 3558 singulariter
1706 3502 1768 3542 es
1792 3486 1919 3542 sine

260 3578 516 3636 materia;
566 3576 775 3645 forma,
830 3591 956 3646 quze
1005 3573 1306 3629 hominem
1358 3575 1429 3629 ad
1483 3574 1565 3629 tui
1597 3574 1917 3648 imaginem

258 3666 589 3742 plasmasti,
622 3669 679 3721 et
706 3663 994 3737 plasmate
1027 3661 1387 3733 spiraculum
1421 3663 1548 3718 vitae
1589 3663 1915 3735 inspirasli,

247 3759 394 3831 jube
425 3753 729 3811 materiale
754 3770 967 3825 corpus
999 3752 1301 3807 Fortunati
1336 3754 1574 3808 reducto
1613 3753 1803 3809 calore
1857 3752 1917 3809 in

253 3847 543 3903 viventem
575 3843 836 3899 animam
870 3841 1084 3897 iterum
1119 3842 1446 3912 reformari,
1481 3858 1595 3914 quo
1628 3842 1783 3897 trina
1815 3859 1916 3898 no-

257 3935 361 3992 stri
412 3930 782 3990 resuscitatio
814 3930 921 3987 tibi
954 3930 1011 3985 in
1046 3929 1281 3986 laudem
1324 3934 1605 3999 vertatur,
1657 3929 1918 3988 Trinitas

253 4022 603 4080 veneranda.

947 4120 1217 4165 ιοΔΜεε.

324 4202 531 4257 Amen.

913 4298 1212 4342 DRUSIANA.

324 4377 755 4451 Expergiscere,
781 4376 1099 4431 Fortunate
1147 4379 1206 4431 et
1243 4375 1420 4447 jussu
1452 4374 1667 4431 Christi
1702 4376 1916 4433 retina-

253 4468 386 4526 cula
416 4467 622 4523 mortis
642 4466 969 4537 disrumpe.

887 4569 1268 4611 FORTUNATUS.

1071 404 1603 467 HRO'l‘SUlTHIE
1647 404 1920 466 MONIA]

2090 402 2876 466 SANDEBSHEIMENSIS

1950 541 2005 609 A

3542 405 3701 466 1012

2675 550 3059 595 FORTUHLTUS.

2110 626 2182 681 Et
2212 642 2318 680 cur
2348 629 2549 681 manet
2577 625 2976 682 Callimachus
3006 625 3167 701 gravi
3196 626 3363 683 vultu
3395 629 3701 686 modestus

2040 731 2146 771 nec
2177 713 2424 787 perfurit
2453 712 2626 770 solito
2656 731 2818 771 more
2849 715 2908 770 in
2943 733 3142 773 amore
3171 716 3515 775 Drusianae?

2735 808 3004 862 Joannes.

2110 894 2258 960 Quia
2281 911 2314 950 a
2345 910 2599 967 nequam
2632 894 2957 952 intentione
2987 899 3595 968 transmutatus,vere
3615 902 3706 957 est

2037 982 2256 1040 Christi
2290 982 2597 1057 disciplus.

2672 1084 3055 1130 πολι-ουτος.

2110 1160 2258 1218 Non.

2734 1263 2913 1308 10AM!
2918 1265 3001 1309 BS.

2107 1340 2319 1398 Etiam.

2680 1443 3060 1487 FORTUNA'IUS.

2108 1521 2191 1588 Si,
2223 1524 2291 1576 ut
2321 1519 2559 1592 asseris,
2592 1520 2884 1576 Drusiana
2914 1536 3008 1575 me
3049 1520 3377 1591 suscitavit,
3424 1525 3481 1578 et
3526 1521 3703 1578 Calli-

2036 1608 2285 1665 machus
2316 1608 2548 1666 Christo
2601 1608 2869 1678 credidit,
2903 1608 3085 1666 vitam
3137 1609 3380 1681 repudio
3429 1614 3707 1667 mortem-

2033 1714 2148 1771 que
2179 1697 2331 1771 eligo
2363 1701 2592 1770 sponte,
2627 1697 2767 1771 quia
2798 1696 2953 1754 malo
2977 1715 3093 1754 non
3124 1715 3275 1767 esse,
3300 1714 3478 1771 quam
3510 1698 3574 1755 in
3605 1699 3701 1757 his

2033 1791 2267 1844 tantum
2311 1786 2681 1843 abundanter
2724 1786 3011 1843 virtutum
3060 1786 3311 1860 gratiam
3360 1786 3702 1846 sentiscere.

2726 1889 2991 1934 JOANNBS.

1952 1921 2001 1987 Β
2104 1965 2148 2021 0
2179 1964 2528 2021 admiranda
2558 1921 3049 2034 diaboliiiividia,
3083 1983 3116 2022 ο
3149 1964 3376 2022 malitia
3404 1969 3699 2040 serpentis

2034 2056 2284 2128 antiqui,
2317 2056 2418 2129 qui
2441 2058 2499 2112 et
2525 2054 2905 2128 protOplastis
2937 2060 3187 2112 mortem
3217 2056 3313 2112 31
3364 2056 3706 2129 propinavit

2033 2149 2083 2202 et
2119 2162 2297 2217 super
2315 2146 2618 2217 justorum
2649 2144 2835 2217 gloria
2857 2161 3091 2217 semper
3119 2144 3331 2217 gemit!
3366 2145 3481 2202 Iste
3506 2145 3702 2203 infeli-

2034 2233 2312 2290 cissimus
2345 2234 2726 2303 Fortunatus,
2776 2232 3075 2289 diabolicae
3121 2230 3535 2292 amaritudinis
3564 2234 3705 2293 felle

2035 2322 2442 2397 plenissimus,
2480 2325 2858 2394 comparatur
2887 2321 3055 2377 malm
3092 2322 3286 2379 arbori
3317 2341 3550 2381 amaros
3585 2325 3708 2383 fru-

2035 2416 2166 2468 ctus
2198 2410 2452 2468 facienti.
2481 2410 2646 2468 Unde
2675 2412 2907 2468 excisus
2955 2429 2990 2466 a
3033 2410 3277 2486 collegio
3313 2413 3619 2484 justorum
3649 2418 3709 2471 et

2035 2502 2301 2573 abjectus
2332 2518 2366 2557 a
2394 2500 2687 2556 consortio
2720 2500 2902 2557 Deum
2936 2500 3298 2571 timentium,
3332 2501 3607 2559 mittatur
3646 2504 3705 2559 in

2035 2590 2234 2646 interni
2286 2590 2484 2663 ignem
2516 2588 2812 2662 supplicii,
2860 2588 3215 2647 cruciandus
3272 2590 3399 2649 sine
3446 2591 3707 2666 alicujus

2034 2679 2466 2736 intermistione
2496 2677 2803 2752 refrigerii.

2677 2780 3053 2826 ANDRONICDS.

2104 2858 2271 2929 Ecce,
2285 2855 2758 2930 turgescentibus
2789 2855 3145 2929 serpentinis
3167 2858 3468 2916 morsibus
3499 2859 3578 2915 ad
3610 2876 3705 2917 oc-

2034 2962 2238 3003 casum
2270 2962 2478 3001 rursus
2506 2943 2768 3018 vergitur
2795 2948 2854 3000 et
2880 2944 3057 3000 citius
3082 2944 3239 3002 dicto
3272 2946 3582 3006 morietur.

2724 3046 2992 3090 JOANNBS.

2106 3124 2409 3191 Moriatur,
2451 3121 2647 3194 sitque
2692 3120 2884 3177 incola
2935 3121 3237 3193 gehennae,
3291 3123 3393 3195 qui
3452 3130 3698 3200 propter

2035 3212 2208 3269 alieni
2241 3210 2520 3267 invidiam
2553 3210 2848 3283 profectus
2880 3210 3171 3266 recusavit
3197 3210 3408 3267 vivere.

2669 3312 2895 3357 ANDRON
2904 3313 3044 3357 ICUS.

2099 3390 2259 3447 Terri
2269 3388 2400 3446 bile.

2713 3491 2981 3536 JOANNBS.

2101 3568 2255 3625 Nihil
2287 3568 2609 3626 terribilius
2641 3568 2857 3640 invido,
2891 3567 3037 3624 nihil
3069 3568 3376 3625 scelestius
3407 3571 3697 3641 superbo.

2677 3672 3049 3716 ΑΝῡιιοΜουε.

2102 3749 2356 3821 Uterque
2378 3747 2755 3804 miserabilis.

2725 3851 2992 3895 JOANNBS.

2098 3928 2225 3984 Una
2249 3928 2572 3999 eademque
2602 3943 2854 3999 persona
2886 3931 3136 3999 utroque
3175 3943 3406 3999 semper
3454 3925 3699 3984 laborat

2024 4017 2187 4089 vitio,
2211 4015 2349 4089 quia
2379 4021 2657 4072 neutrum
2689 4016 2817 4072 sine
2847 4015 3050 4073 altero.

2668 4120 3045 4165 Λευκαδίους.

2096 4196 2330 4267 Expone
2361 4194 2752 4252 enucleatius.

2722 4299 2987 4343 JOANNES.

2095 4375 2243 4431 Nam
2272 4373 2373 4445 qui
2405 4374 2688 4446 superbit,
2723 4374 2964 4444 invidet,
2996 4378 3055 4430 et
3083 4375 3183 4447 qui
3214 4373 3453 4443 invidet,
3491 4390 3695 4446 super-

2024 4463 2141 4532 bit;
2176 4463 2315 4535 quia
2347 4480 2514 4519 meus
2544 4463 2766 4535 invida,
2816 4464 2960 4519 dum
3011 4463 3265 4520 alienam
3314 4463 3552 4519 laudem
3584 4480 3693 4520 nec

2022 4552 2247 4625 patitur
2277 4552 2502 4622 audire,
2537 4556 2597 4607 et
2627 4551 2686 4607 in
2718 4552 2812 4607 sui
2845 4553 3283 4626 comparatione
3314 4551 3693 4625 perfectiores

323 4648 464 4714 Quis
511 4662 605 4702 me
654 4644 1022 4717 apprehensa
1063 4660 1242 4699 mauu
1283 4642 1508 4699 erexit?
1539 4641 1680 4709 Quis
1709 4660 1910 4700 vocem
1939 4668 1989 4734 D
2022 4642 2209 4698 ambit
2235 4640 2534 4712 vilescere,
2567 4640 2921 4714 dedignatur
2951 4641 3166 4714 subjici
3206 4641 3601 4715 dignioribus,
3634 4646 3694 4698 et

250 4741 317 4793 ut
345 4750 713 4807 resurgerem
744 4734 955 4790 dedit?

946 4834 1214 4878 JOANNIS.

320 4912 637 4969 Drusiana.

906 5011 1249 5057 FOTUNATUS.

321 5090 474 5146 Num
507 5105 602 5146 me
631 5086 937 5145 suscitavit
967 5088 1302 5145 Drusiana?

956 5191 1203 5236 JOANNES

324 5269 473 5342 Ipsa.

891 5370 1274 5415 FORTUNATUS.

321 5448 523 5504 Nonne
553 5447 689 5501 ante
719 5442 944 5516 aliquot
982 5446 1108 5502 dies
1151 5445 1469 5519 improvisa
1500 5449 1688 5501 morte
1720 5446 1908 5502 fuerat

249 5535 641 5609 consumpta?

945 5638 1207 5681 JOANNES.

318 5717 390 5772 At
418 5714 557 5772 vivit
589 5714 650 5771 in
681 5712 932 5771 Christo.

2020 4731 2273 4804 superbe
2304 4733 2551 4787 conatur
2579 4730 2837 4802 praeferri
2870 4730 3270 4803 comparibus.

2661 4832 2734 4875 ΛΝ
2741 4832 3039 4878 υιιοιηιουε.

2093 4908 2275 4965 Patet.

2713 5012 2978 5057 JOANNES.

2092 5086 2257 5143 Unde
2288 5087 2399 5144 iste
2439 5087 2815 5145 miserrimus
2844 5087 3267 5144 vulnerabatur
3295 5090 3512 5157 mente,
3545 5087 3685 5159 quia

2020 5192 2082 5230 se
2109 5173 2204 5230 his
2234 5174 2573 5231 inferiorem
2604 5175 2886 5232 mstimari
2938 5193 3054 5232 non
3100 5174 3407 5245 sustinuit,
3440 5174 3500 5230 in
3549 5176 3684 5248 quis

2019 5263 2366 5336 ampliorem
2397 5265 2499 5321 Dei
2530 5265 2782 5339 gratiam
2808 5265 3006 5323 lucere
3034 5282 3151 5323 non
3182 5263 3448 5321 nescivit.

2662 5370 2888 5414 ANDBON
2896 5369 3036 5413 1008.

2088 5443 2255 5500 Nunc
2288 5444 2527 5501 tandem
2559 5444 2822 5518 intelligo
2851 5445 3008 5517 quod
3039 5445 3194 5501 inter
3213 5447 3530 5517 surgentes
3570 5442 3684 5499 mi-

2016 5533 2174 5592 nime
2204 5537 2293 5590 est
2321 5537 2724 5608 computatus,
2776 5534 2917 5606 quia
2960 5533 3123 5590 ocius
3162 5537 3287 5589 erat
3328 5532 3679 5588 moriturus.

2716 5637 2981 5681 JOANNBS.

2084 5711 2308 5783 Dignus
2340 5716 2430 5768 est
2462 5711 2621 5768 enim
2645 5714 2894 5783 utraque
2918 5714 3124 5783 morte,
3141 5708 3279 5781 quia
3298 5712 3357 5765 ct
3378 5722 3681 5765 comman-
