3900 6360
190 430 336 493 1013
1220 430 1635 492 COMGSDI/E
1679 432 1730 492 Si

2045 432 2091 491 Ι.
2126 431 2539 494 ABBAHAM.
3431 430 3585 495 1014

183 564 570 622 datumfunus
586 562 1199 635 afﬁciebatinjuria,et
1214 569 1584 637 resurgentes
1607 565 1826 637 injuste
1856 568 1911 635 Α
1940 564 2142 621 laetitia
2172 582 2437 640 agamus,
2472 565 2689 638 gratias
2740 566 2989 623 ferentes
3028 566 3166 635 Deo,
3200 584 3364 639 aequo
3397 565 3587 639 judici

178 655 572 712 insectabatur
603 652 755 710 odio.
1937 660 2413 728 secretorumque
2458 656 2881 710 discretissimo
2938 655 3242 727 cognitori,
3278 655 3378 728 qui
3426 655 3588 712 solus

820 758 1185 799 ANDRONICUS
1854 782 1861 787 υ
1936 744 2136 799 omnia
2166 743 2460 799 subtiliter
2479 744 2839 811 examinans,
2856 744 3054 799 omnia
3072 748 3223 799 recte
3244 744 3587 817 disponens,

244 833 450 891 Infelix
471 834 561 890 est
584 835 875 888 mortuus.
1547 830 1559 841 ’
1938 850 2443 906 unumquemque,
2456 834 2626 904 juxta
2643 835 2799 904 quod
2829 834 3071 904 dignum
3094 834 3589 905 praenoscit,pra3-

861 937 1133 977 JOANNES.
1939 924 2077 979 miis
2131 922 2509 997 suppliciisve
2559 924 2802 994 aptabit.
2840 923 2951 994 Ipsi
3002 922 3108 976 soli
3143 924 3347 990 honor,
3378 922 3587 991 virtus,

244 1013 929 1083 Recedamus,suumquc
948 1010 1177 1065 diabolo
1198 1010 1382 1065 lilium
1399 1010 1823 1082 relinquamus.
1937 1011 2239 1078 fortitudo,
2273 1018 2329 1068 et
2350 1012 2609 1079 victoria,
2644 1012 2772 1065 laus
2804 1016 2859 1066 et
2901 1010 3175 1081 jubilatio
3225 1028 3327 1083 per
3355 1010 3587 1067 infinita

172 1104 286 1159 Nos
315 1105 512 1158 autem
552 1101 710 1157 diem
732 1100 935 1168 istum,
965 1104 1022 1154 et
1053 1116 1155 1171 pro
1188 1100 1457 1155 miranda
1486 1098 1827 1155 Callimachi
1940 1099 2286 1156 saeculorum
2318 1101 2547 1156 saecula.
2579 1102 2782 1155 Amen.

172 1191 520 1260 mutatione,
551 1193 609 1246 et
653 1206 759 1262 pro
820 1188 1131 1260 utriusque
1190 1187 1656 1256 resuscitatione,
1692 1205 1826 1244 cum

1804 1541 1937 1648 IV

1339 1767 1461 1836 ³³
1567 1765 2416 1906 ABBAHAM

1000 2118 1859 2235 ARGUMENTUM
1944 2118 2075 2233 IN
2151 2115 2756 2231 ABRAHAM

227 2355 466 2427 Lapsus
496 2357 554 2409 et
575 2354 875 2427 conversio
912 2353 1127 2427 Maria},
1157 2354 1349 2424 neptis
1378 2354 1620 2427 Abrahae
1653 2352 2269 2427 eremicolae,qua3‘ubi
2301 2369 2375 2427 xx
2404 2366 2595 2427 annos
2613 2347 2933 2427 solitariam
2957 2348 3135 2427 vitam
3160 2347 3297 2427 egit,
3314 2350 3585 2427 corrupta

158 2419 506 2499 virginitate
537 2423 819 2499 szeculum
855 2425 1086 2499 repetiit
1116 2419 1171 2479 et
1200 2419 1581 2499 contubernio
1605 2419 2316 2499 meretricum'a'dmisceri
2346 2440 2461 2476 non
2486 2422 2725 2499 metuit;
2762 2421 2858 2499 sed
2884 2424 3015 2491 post
3037 2419 3343 2499 biennium
3362 2419 3584 2489 praefati

153 2492 408 2571 Abrahae
449 2497 711 2571 monitis,
747 2496 907 2571 illam
922 2492 1054 2571 sub
1083 2496 1361 2571 amatoris
1394 2498 1585 2568 specie
1615 2498 1951 2571 qugerentis,
1986 2497 2246 2571 reducta,
2272 2494 2434 2565 larga
2465 2493 2746 2571 effusione
2780 2492 3167 2571 lacrymarum
3192 2492 3584 2571 continuaque

150 2568 578 2626 exercitatione
600 2567 1337 2641 jejuniorum,vigiliarum
1361 2563 1535 2640 atilue
1566 2563 1898 2625 orationum
1921 2583 2023 2640 per
2052 2568 2285 2622 vicenos
2318 2563 2504 2620 annos
2526 2564 2867 2619 emundavit
2889 2563 3150 2617 maculas
3172 2563 3507 2617 criminum.

1465 2855 2216 2931 INTERLOCUTORES
2274 2880 2292 2922 :

1361 3006 1741 3075 ABRAMAM,
1782 3005 1920 3063 EPH
1930 3004 2103 3072 REM,
2146 3002 2395 3060 MARIA.

838 3148 1064 3203 SCENA
1104 3147 1147 3203 Ι.
1851 3158 1900 3223 Β
1930 3145 2283 3203 chritudinis
2329 3143 2578 3215 alicujus
2632 3142 2971 3198 obfuscetur
3023 3141 3190 3196 sorde
3235 3137 3590 3211 coinquina-

851 3254 1145 3291 ABRAHAM.
1932 3236 2133 3294 tionis.

223 3329 418 3394 Tunc,
460 3326 639 3381 frater
668 3330 726 3380 et
768 3326 1082 3381 coercmita
1129 3326 1403 3398 Ephrem,
1446 3330 1822 3383 commodum
2638 3337 2893 3378 EPHREM.

150 3417 323 3474 ducis
354 3432 506 3471 meae
537 3414 729 3470 adhuc
769 3415 1223 3471 confabulationi
1253 3433 1476 3484 vacare,
1510 3435 1583 3473 an
1633 3418 1824 3489 quoad
2007 3411 2357 3484 Hujusmodi
2383 3427 2522 3465 cura
2554 3427 2669 3464 non
2701 3412 2790 3463 est
2810 3407 3233 3480 vituperanda?

149 3521 343 3577 usque
376 3502 615 3559 divinas
640 3500 873 3573 expleas
894 3500 1119 3570 laudes,
1155 3519 1248 3558 me
1278 3503 1362 3560 vis
1386 3504 1705 3576 praestolari
1726 3506 1754 3559 Ἰ
2612 3522 2907 3563 annuum.

874 3607 1120 3646 EPIIREN.
1602 3606 1611 3615 ·
2007 3599 2209 3669 Spero.

219 3684 586 3738 Nostrorum
617 3678 1012 3735 confabulatio
1044 3681 1173 3752 ejus
1203 3682 1373 3737 debet
1394 3698 1520 3737 esse
1542 3682 1825 3752 laudatio,
2639 3697 2893 3735 EPHREM.

151 3772 251 3844 qui
275 3788 341 3827 se
363 3768 743 3842 congregatis
766 3768 825 3823 in
850 3785 955 3823 suo
979 3768 1215 3825 nomine
1237 3770 1496 3825 medium
1514 3772 1829 3844 spopondit
2006 3775 2188 3846 Cujus
2218 3776 2307 3829 est
2336 3770 2562 3826 zetatis?

150 3860 477 3916 interesse.
2543 3859 2643 3915 33
2686 3875 2981 3912 ABRMIAM.

856 3961 1150 4001 mmmam.
2010 3953 2066 4007 Si
2127 3950 2302 4006 unius
2366 3952 2594 4003 rotatus
2642 3946 2946 4001 mensurni
2994 3946 3402 4018 apponeretur,
3447 3944 3596 3999 duas

225 4035 391 4092 Nihil
427 4032 595 4090 aliud
635 4030 941 4088 locuturus
989 4035 1228 4105 accessi,
1264 4037 1377 4092 nisi
1428 4040 1581 4109 quod
1622 4039 1828 4096 divina:
1940 4040 2299 4114 olympiades
2332 4037 2492 4092 vitali
2517 4054 2659 4092 aura
2689 4038 3039 4091 vesceretur.

153 4122 465 4183 voluntati
493 4138 611 4177 non
643 4121 841 4177 nescio
874 4124 1257 4180 commodari.
2646 4142 2900 4180 EPIIREM.

880 4227 1135 4267 EPHREM.
2014 4219 2335 4275 Immatura
2365 4214 2607 4289 pupilla.

227 4305 432 4369 Quare
458 4315 568 4354 nec
599 4298 672 4353 ad
702 4303 1067 4355 momentum
1100 4300 1337 4373 quidem
1386 4320 1479 4360 me
1526 4305 1829 4373 subtraho,
2619 4320 2915 4363 annuum.

151 4391 257 4448 sed
290 4394 403 4446 tuo
427 4385 666 4443 aﬂ'ectui
698 4390 886 4443 totum
918 4388 1086 4446 dedo.
2015 4396 2147 4452 Ideo
2180 4412 2294 4450 non
2326 4394 2490 4449 deest
2518 4390 2663 4447 mihi
2696 4406 2856 4445 cura.

861 4494 1135 4535 ABRAHAM
1144 4521 1156 4533 .
1876 4531 1907 4535 μ
2647 4495 2755 4533 ΕΡΗ
2762 4494 2900 4534 REM.

226 4565 542 4633 Quidam
575 4531 1345 4636 agendummmviﬁgésma‘
1376 4574 1590 4639 mente:
1628 4572 1687 4627 in
1719 4589 1835 4644 quo
1865 4531 1910 4598 θ
2020 4573 2128 4631 Ubi
2161 4571 2354 4644 degit?
2648 4531 2699 4533 Ψ

150 4660 334 4712 tuum
365 4651 527 4710 velle
559 4653 706 4708 meis
737 4654 889 4710 votis
919 4659 1125 4728 exopto
1156 4660 1505 4728 respondere
2624 4672 2917 4711 umnam.

885 4761 1147 4801 EPHRBM.
2024 4755 2088 4808 In
2110 4750 2257 4806 meis
2275 4744 2722 4804 mansiunculis.
2742 4744 2888 4799 Nam
2911 4744 3113 4814 rogatu
3140 4738 3607 4811 propinquorum

229 4834 294 4890 Si
328 4846 533 4888 unum
566 4846 666 4885 cor
713 4848 950 4904 unaque
997 4833 1195 4891 anima
1221 4836 1469 4907 jubetur
1507 4853 1653 4906 esse,
1688 4840 1841 4895 idem
1954 4840 2327 4897 nutriendam
2351 4852 2479 4892 eam
2513 4832 2772 4905 suscepi;
2798 4850 2860 4887 se
2882 4832 3009 4902 ejus
3041 4846 3215 4902 gazas
3245 4826 3610 4901 pauperibus

150 4922 332 4991 velle,
369 4921 541 4977 idem
574 4919 841 4993 cogimur
860 4921 1033 4978 nolle.
1955 4945 2193 5002 erogaro
2223 4925 2469 4983 decrevi.

863 5028 1163 5068 ABRAHAM.
2658 5027 2912 5066 EPHREM.

229 5102 343 5157 Est
377 5097 537 5154 mihi
568 5098 763 5170 neptis
788 5099 1004 5156 tenella
1033 5102 1347 5174 utriusque
1395 5104 1655 5176 parentis
1703 5106 1851 5163 sola-
2028 5105 2331 5180 Despectio
2373 5099 2783 5175 temporalium
2834 5100 3109 5155 concedet
3152 5098 3419 5155 animum
3472 5094 3614 5151 cmlo

155 5190 328 5245 mine
360 5185 678 5256 destituta,
710 5186 770 5243 in
802 5203 981 5260 quam
1013 5206 1117 5262 pro
1143 5191 1549 5263 compassione
1580 5193 1848 5252 orbitatis
1959 5198 2273 5254 intentum.

156 5276 355 5335 nimio
390 5274 613 5331 alfectu
644 5275 846 5345 ducor,
865 5278 1153 5350 cujusque
1183 5295 1362 5335 causa
1390 5282 1670 5338 continua
1690 5283 1849 5339 solli-
2636 5295 2936 5335 ΑιιιιΑηΑΜ.

155 5366 447 5423 θίῐυάίηθ
482 5363 716 5436 τειίεον-
2034 5379 2299 5433 Exaestuo
2351 5374 2543 5427 mente
2590 5368 2849 5440 gestiens
2882 5366 3043 5422 illam
3094 5366 3326 5421 Christo
3364 5365 3616 5433 despon-
3667 5405 3677 5410 -

898 5473 1148 5513 ΕΡΠΒΕΝ·
1966 5484 2095 5525 sarc
2124 5467 2370 5537 ejusque
2398 5459 2666 5516 tirocinio
2695 5458 3095 5528 mancipatum
3121 5457 3222 5511 ire.

234 5547 313 5601 Et
344 5542 462 5616 qui
487 5542 618 5614 tibi,
634 5543 1034 5618 triumphator
1053 5546 1417 5617 smculi,cum
1435 5549 1592 5606 curis
1610 5553 1858 5609 mundi?
2660 5564 2921 5604 EPIIREM.

1447 5655 1747 5697 ABRAHAM.
2039 5640 2379 5702 Laudabile.

239 5723 307 5779 Id
349 5718 592 5777 scilicet
622 5740 760 5780 curo
793 5741 865 5781 ne
890 5727 1182 5782 immensa
1213 5727 1342 5797 ejus
1391 5727 1677 5783 serenitas
1729 5732 1865 5802 pul-
1899 5723 1948 5787 D
