3900 6364
1022 556 1317 598 ABRAHAM.

410 636 600 707 Cogor
629 631 887 689 nomine.

1042 735 1148 775 ΕΡΗ
1155 735 1275 777 REM
1283 761 1295 773 .

400 812 562 883 Quid
589 809 875 868 vocatur?

414 928 415 931 ‘
1028 914 1317 955 ABRAHAN.

406 991 610 1050 Maria.

1040 1092 1275 1133 EPHREM
1284 1117 1296 1131 .

411 1172 498 1227 Ita
525 1171 642 1237 est;
671 1165 819 1223 tanti
849 1163 1255 1221 excellentiam
1278 1164 1534 1220 nominis
1557 1166 1720 1222 decet
1748 1171 1999 1225 stemma

336 1258 713 1334 virginitatis.

972 1406 977 1411 ,
1012 1359 1308 1399 mnuum.

409 1437 537 1493 Non
563 1434 765 1490 difﬁde
798 1431 961 1504 quin,
986 1431 1036 1488 si
1069 1431 1288 1487 nostris
1310 1432 1566 1489 suaviter
1606 1434 1999 1496 hortamentis

340 1527 705 1601 provocetur,
730 1522 801 1578 ad
834 1520 1162 1577 cedendum
1194 1519 1385 1576 facilis
1416 1522 1765 1593 experiatur.

1038 1625 1146 1665 ΕΡΗ
1153 1625 1293 1665 REM.

409 1703 791 1769 Accedamus,
817 1699 1066 1771 ejusque
1091 1696 1431 1771 cogitationi
1460 1699 1679 1759 caelibis
1717 1705 1996 1771 securita-

338 1800 457 1852 tem
490 1792 620 1848 vitaa
652 1786 1033 1845 instillemus.

971 1903 1201 1960 SCENA
1256 1904 1324 1960 Il.

1022 2009 1319 2049 ABBAHAM.

411 2089 455 2144 Ο
487 2083 761 2157 adoptiva
791 2081 935 2152 ﬁlia,
966 2099 998 2137 o
1032 2098 1173 2138 meae
1206 2099 1342 2153 pars
1372 2084 1602 2152 animae,
1634 2086 1838 2157 Maria,
1863 2090 2000 2146 cede

337 2177 487 2233 meis
553 2171 814 2246 paternis
899 2170 1325 2228 monitionibus
1401 2174 1636 2246 meique
1707 2179 1998 2249 comparis

334 2265 587 2337 Ephrem
648 2258 1053 2318 saluberrimis
1108 2260 1612 2329 institutionibus;
1648 2264 1868 2321 enitere
1935 2272 1999 2324 ut

337 2352 657 2419 auctricem
699 2348 1054 2421 virginitatis
1101 2365 1281 2421 quam
1327 2351 1620 2422 siquivoeo
1671 2354 1998 2428 mquiparas

336 2442 598 2509 nomine,
632 2437 881 2494 imiteris
912 2440 969 2492 et
998 2438 1288 2493 castitate.

1041 2542 1299 2589 EPIIREM.

410 2619 664 2677 Multum
692 2615 1077 2683 disconvenit,
1110 2614 1253 2683 ﬁlia,
1278 2619 1344 2671 ut
1371 2633 1499 2688 qua:
1532 2634 1668 2673 cum
1698 2619 1799 2676 Dei
1836 2622 2023 2693 geni--

335 2710 482 2767 trice
523 2706 707 2764 Maria
736 2722 839 2779 per
870 2705 1215 2776 mysterium
1255 2705 1513 2761 nominis
1562 2709 1908 2778 prmemines
1936 2711 1996 2768 in

334 2816 441 2857 axe
471 2797 627 2853 inter
674 2794 868 2851 sidera
918 2809 1222 2865 nunquam
1256 2810 1482 2864 casura,
1508 2795 1750 2859 inferior
1774 2799 1998 2859 meritis

333 2889 396 2944 in
427 2891 593 2944 terra;
613 2884 845 2941 volutes
876 2882 1118 2939 inﬁmis.
1608 2876 1613 2883 ’

1061 2988 1262 3027 ΜΑΒΙΑ.

405 3062 751 3138 Mysterium
776 3060 1034 3117 nominis
1055 3059 1289 3133 ignoro;
1312 3061 1467 3117 unde
1488 3061 1628 3141 quid
1650 3063 1994 3141 circuitione

331 3149 642 3211 verborum
673 3149 972 3222 signiﬁces
1001 3147 1159 3202 haud
1191 3146 1473 3219 intelligo.

1038 3252 1273 3291 EPHREM
1281 3276 1295 3289 .

404 3328 590 3386 Maria
619 3326 1037 3397 interpretatur
1062 3324 1222 3379 stella
1251 3325 1613 3391 maris,circa
1637 3345 1813 3400 quam
1836 3331 1990 3389 vide-
2017 3289 2061 3357 Ο

333 3419 470 3476 licet
498 3417 682 3473 fertur
709 3414 970 3470 mundus
1001 3415 1059 3467 et
1086 3417 1325 3468 vocatur
1355 3413 1629 3486 populus.

1063 3517 1263 3556 MARIA.

398 3596 516 3652 Cur
543 3594 716 3649 maris
745 3592 904 3647 stella
931 3589 1189 3646 dicitur?

1032 3696 1140 3735 ΕΡΗ
1149 3696 1265 3735 REM
1274 3720 1287 3734 .

396 3774 544 3842 Quia
590 3787 895 3845 nunquam
946 3768 1178 3836 occidit,
1213 3770 1314 3825 sed
1368 3770 1783 3843 navigantibus
1844 3776 1985 3832 recti

321 3863 598 3924 semitam
620 3859 846 3917 itineris
875 3858 1098 3931 dirigit.

950 3942 957 3948 ’
1062 3962 1264 4002 manu.

388 4042 461 4097 Et
490 4041 588 4113 qui
623 4041 823 4110 posset
852 4037 1083 4103 ﬁeri,ut
1112 4052 1217 4106 ego
1241 4036 1472 4092 tantilla
1500 4054 1568 4092 ex
1599 4037 1760 4095 lutea
1796 4047 1978 4098 mate-

317 4130 405 4187 ria
429 4128 692 4185 confecta
722 4141 789 4181 eo
820 4126 1167 4197 attingerem
1200 4124 1443 4193 meritis,
1477 4142 1592 4196 quo
1632 4129 1977 4200 mysterium

317 4215 522 4274 rutilat
551 4213 811 4271 nominis
824 4212 853 4267 ?

1013 4317 1268 4357 EPHBEM.

390 4393 620 4452 Illibata
652 4392 911 4465 corporis
942 4389 1275 4464 integritate
1306 4407 1571 4463 puraque
1603 4360 1817 4453 mentis
1846 4414 1976 4456 san-

226 4500 229 4501 '
313 4483 532 4544 ctitate.

1042 4585 1242 4624 MARIA.

381 4659 633 4718 Grandis
662 4661 756 4715 est
784 4657 1025 4714 honoris
1054 4656 1356 4713 hominem
1407 4658 1626 4728 aequari
1678 4663 1969 4719 astrorum
2002 4665 2050 4730 D

289 4748 510 4807 radiis.

406 4826 409 4829 ’
436 4846 441 4853 ’
1018 4849 1270 4890 spumam.

373 4925 525 4984 Nam
554 4926 604 4982 si
635 4925 974 4995 incorrupta
1022 4930 1077 4977 et
1102 4922 1263 4994 virgo
1313 4925 1709 4995 permanebis,
1743 4929 1965 5003 angelis

304 5014 408 5073 Dei
439 5015 545 5071 ﬁes
575 5011 838 5086 mqualis,
872 5011 1088 5084 quibus
1118 5012 1355 5067 tandem
1378 5012 1596 5085 stipata
1625 5018 1785 5087 gravi
1836 5035 1963 5077 eor-

279 5091 465 5178 ‘poﬁs
496 5120 672 5159 onere
728 5103 979 5173 abjecto,
1014 5101 1412 5173 pertransiens
1459 5119 1594 5159 aera
1643 5122 1963 5182 supergra—

301 5190 481 5251 dieris
525 5191 760 5259 aethera,
793 5190 1097 5246 zodiacum
1147 5206 1452 5261 percurras
1501 5191 1809 5265 circulum,
1856 5195 1962 5254 nec

300 5279 680 5339 subsistendo
698 5279 1052 5351 temperabis
1074 5280 1586 5351 gressum,donem
1607 5284 1961 5355 amplexaris

301 5368 671 5443 amplexibus
694 5364 823 5423 Filii
844 5367 1104 5441 Virginis
1124 5368 1184 5422 in
1208 5367 1445 5424 luciﬂuo
1461 5368 1721 5428 thalamo
1744 5374 1836 5429 sui
1860 5377 1961 5430 Ge-

302 5457 548 5514 nitricis.
1010 5456 1013 5459 ⁴

960 5547 1063 5601 84
1093 5563 1293 5602 manu.

367 5636 475 5703 Qui
507 5636 630 5692 haec
647 5634 805 5707 parvi
841 5636 1056 5707 pendet
1084 5636 1318 5691 asinum
1348 5635 1958 5710 vivit..Unde.prazsen-

293 5724 376 5780 tia
434 5723 711 5796 despicio,
766 5728 983 5779 memet
1041 5725 1230 5796 ipsum
1274 5726 1496 5796 dent-go
1555 5741 1670 5795 quo
1730 5745 1957 5786 merear

295 5812 509 5872 ascribi
543 5811 772 5885 gaudiis
804 5817 976 5868 tanta:
1011 5813 1325 5871 felicitatis.

1148 407 1683 473 HROTSUI'I‘HIE
1725 404 2104 471 MONIALIS
2151 407 2963 473 GANDERSHEIMENSIS.

2028 541 2087 609 Α

3617 414 3787 479 1016

2814 560 3070 602 ΕΡΗΒΒΜ.

2178 632 2321 687 Ecce
2353 631 2754 689 nanciscimur
2778 634 2836 689 in
2862 637 3096 707 pectore
3117 634 3374 694 infantili
3406 638 3614 696 senilis
3648 656 3784 698 ma-

2107 720 2409 777 turitatem
2441 721 2682 795 ingenii.

2784 829 3086 872 ABRAHAM.

2180 899 2381 957 Gratia
2409 900 2512 957 Dei
2543 901 2603 958 id
2635 905 2725 958 est
2750 903 2907 975 quod
2938 906 3048 961 est.

2810 1009 3046 1050 BPHBBM
3054 1034 3067 1048 .

2176 1079 2390 1153 Negari
2413 1080 2637 1154 nequit.

2492 1176 2498 1182 ‘
2785 1188 3083 1245 ADRAHAM.

2182 1261 2294 1316 Sed
2325 1259 2460 1316 licet
2490 1259 2590 1316 Dei
2622 1259 2813 1333 gratia
2840 1259 2918 1316 sit
2948 1259 3262 1332 illustrata,
3297 1263 3656 1323 imbecillem
3688 1272 3784 1324 ta-

2110 1367 2244 1407 men
2275 1353 2506 1406 zetatem
2537 1366 2644 1407 suo
2672 1350 2757 1406 uti
2788 1367 2903 1406 non
2934 1351 3173 1423 prodest
3201 1352 3460 1411 arbitrio.

2814 1456 2923 1497 EPH
2930 1457 3047 1498 BEN
3055 1482 3068 1496 .

2179 1530 2419 1586 Verum.

2789 1636 3083 1679 ADRAIIAM.

2184 1710 2317 1767 Ideo
2339 1709 2551 1769 faciam
2569 1707 2653 1764 illi
2669 1709 2941 1782 exiguam
2967 1711 3039 1767 ab
3060 1709 3304 1768 introitu
3323 1712 3603 1772 cellulam
3626 1716 3783 1773 meis

2112 1796 2546 1857 mansiunculis
2577 1797 3059 1873 contiguam,per
3078 1801 3250 1873 cujus
3280 1802 3601 1861 fenestram
3624 1805 3787 1879 psal-

2029 1918 2078 1984 B
2112 1887 2328 1945 terium
2360 1891 2715 1960 caeterasque
2743 1887 2952 1944 divina:
2983 1888 3131 1963 legis
3160 1892 3429 1966 paginas,
3456 1892 3625 1951 illam
3648 1910 3781 1952 cre-

2040 1978 2073 2001 ⁷
2108 1979 2273 2036 brius
2302 1978 2615 2047 visitando,
2649 1978 2960 2035 instruam.

2755 2122 2765 2137 ,
2813 2084 3065 2124 EPIIREM.

2166 2158 2477 2221 Convenit.

2398 2309 2407 2313 ο
2829 2289 3030 2341 manu,

2180 2365 2326 2431 Tuo,
2356 2363 2531 2424 Pater
2546 2360 2825 2445 ‘Ephrem,
2846 2346 3212 2442 Iinterventui
3245 2379 3338 2419 me
3369 2365 3702 2435 committo.

2811 2468 3067 2511 EPIIBEM.

2179 2541 2445 2599 Ccslestis
2474 2558 2753 2615 sponsus,
2782 2541 2955 2612 cujus
2985 2541 3198 2609 affectu
3229 2542 3289 2597 in
3338 2542 3554 2613 tenella
3600 2549 3779 2613 atate

2108 2630 2419 2700 inhazsisti,
2444 2634 2683 2687 tueatur
2710 2634 2787 2697 te,
2812 2629 2953 2697 ﬁlia,
2982 2630 3055 2685 ab
3087 2630 3249 2686 omni
3289 2630 3499 2689 fraude
3532 2633 3771 2691 diaboli.

2228 2724 2233 2729 ’
2760 2718 2989 2773 SCENA
3027 2718 3105 2774 III

2781 2823 3061 2863 ABRAIIAM
3068 2848 3082 2861 .

2179 2901 2376 2956 Frater
2398 2897 2673 2970 Ephrem,
2705 2895 2755 2952 si
2788 2894 2930 2968 quid
2963 2894 3109 2951 mihi
3131 2897 3444 2970 utriusque
3475 2917 3616 2957 casu
3650 2902 3764 2957 for-

2098 2986 2597 3060 ,tunmingeritur,
2626 2989 2683 3041 te
2712 2983 2973 3057 primum
3004 2984 3170 3053 adeo,
3190 2989 3248 3041 te
3278 2985 3473 3044 solum
3495 2990 3759 3046 consulo.

2101 3073 2266 3130 Unde
2295 3090 2368 3129 ne
2396 3073 2480 3129 sis
2509 3073 2792 3128 adversus
2823 3071 3204 3143 querimonia:
3227 3091 3407 3146 quam
3439 3093 3762 3150 prosequor

2100 3162 2200 3217 sed
2236 3162 2320 3217 fer
2347 3177 2517 3233 opem
2549 3159 2737 3217 dolori
2766 3175 2945 3231 quem
2976 3160 3186 3233 patior.

2308 3314 2311 3317 Α
2804 3266 3059 3324 EPHREM.

2169 3338 2487 3406 Abraham,
2519 3338 2838 3413 Abraham,
2857 3338 3000 3410 quid
3020 3340 3279 3417 pateris?
3292 3341 3413 3417 pur
3430 3343 3565 3414 plus
3600 3344 3759 3404 licito

2099 3428 2507 3503 contristaris?
2526 3428 2842 3501 Nunquam
2876 3428 2989 3484 fuit
3017 3428 3107 3485 fas
3130 3428 3465 3502 'eremieola:
3517 3420 3758 3491 contur-

2098 3517 2225 3573 bari
2255 3516 2630 3574 saicularium
2663 3533 2846 3573 more.
3242 3514 3245 3515 ⁷
3362 3514 3365 3515 ⁷
3416 3514 3419 3517 ⁷
3660 3518 3667 3523 ’

2776 3622 3071 3685 “manu.

2168 3696 2650 3770 Incomparabilis
2681 3696 2880 3771 luctus
2912 3696 3057 3753 mihi
3088 3698 3758 3772 epontigit,intolerabilis

2096 3785 2263 3843 dolor
2292 3803 2385 3843 me
2416 3786 2615 3844 afﬁcit.
3344 3782 3349 3789 ’

2724 3940 2725 3943 η
2798 3919 3031 3961 EPHREM
3040 3944 3051 3957 .

2162 3991 2244 4080 Ne
2285 3991 2465 4080 fatiga
2519 4008 2612 4048 me
2653 3991 2828 4065 longa
2873 3993 3183 4057 verborum
3230 3993 3618 4080 circuitione;
3644 3999 3750 4077 sed

2090 4078 2229 4151 quid
2261 4079 2504 4152 patiaris
2526 4096 2767 4154 expone.

2767 4187 3064 4229 ABRAHAM.

2148 4259 2493 4333 ,Maria,mis
2526 4259 2722 4333 optiva
2755 4252 2896 4329 tilia,
2921 4277 3099 4333 quam
3137 4278 3240 4334 per
3267 4261 3532 4337 bishina
3561 4262 3753 4339 lustra

2086 4366 2324 4405 summa
2339 4348 2643 4422 diligentia
2664 4348 3147 4426 nutrivi,summa
3162 4350 3403 4429 solertia
3413 4351 3699 4433 instruxi.
3711 4397 3746 4411 ..

2789 4455 2897 4497 EPII
2906 4456 3024 4497 REM
3034 4483 3044 4495 .

2154 4527 2303 4613 Quid
2324 4526 2463 4602 illa?

2220 4718 2231 4729 θ
2757 4660 3034 4702 ΑΒΒΛΗΑΜ
3043 4685 3055 4699 .

2153 4731 2253 4787 Hei
2287 4732 2432 4788 mihi
2448 4732 2459 4786 l
2497 4733 2687 4806 periit.

2778 4863 3014 4904 EPHREM
3026 4889 3038 4901 .

2146 4945 2444 5012 Qualiter?

2750 5080 3049 5121 ABBAHAM.

2086 5194 2089 5197 ν
2112 5159 2555 5239 ›’Μίεοιιει1)ὶ1ἱμβιῄ
2566 5179 2580 5230 ;
2610 5161 2822 5218 deinde
2841 5160 3320 5237 evasitlatenter.

2776 5268 2884 5307 EPll
2892 5268 3032 5311 REM.

2142 5339 2365 5405 Quibus
2412 5338 2646 5396 insidiis
2694 5339 3081 5395 circumvenit
3118 5355 3249 5395 eam
3296 5339 3730 5413 frauslanthui

2069 5427 2356 5500 serpentis
2372 5428 2400 5483 ?

2742 5562 3044 5600 ABRAIIAM.

2140 5643 2245 5698 Per
2274 5640 2543 5697 illicitum
2576 5642 2887 5713 cujusdam
2906 5641 3271 5698 simulatoris
3303 5641 3606 5711 affectum,
3626 5642 3727 5712 qui

2064 5726 2409 5795 monachico
2439 5724 2755 5786 adveniens
2788 5730 2993 5787 habitu
3026 5731 3305 5787 simulata
3351 5746 3482 5785 eam
3504 5738 3509 5741 '
3532 5728 3729 5786 visita-

2064 5820 2220 5874 tione
2252 5820 2680 5891 frequentabat,
2716 5820 2899 5878 donec
2949 5820 3200 5878 indocile
3242 5818 3523 5892 juvenilis
3572 5819 3727 5892 inge-
