3936 6374
1226 438 1605 510 RATHERII
1647 439 1891 513 EPISC.
1936 440 2225 508 VERON.
2273 443 2448 510 OPP.
2494 443 2694 510 PARS
2738 439 2789 510 Ῑ.

3597 394 3722 512 est
3753 501 3772 506 _

311 580 563 635 multum
604 577 739 635 ante
770 591 877 636 nos
908 574 1167 635 dictum:
1199 580 1338 638 Ante
1365 583 1477 655 ipse
1507 582 1820 655 subjicitur,
1860 582 1956 655 qui
1983 584 2035 649 Α
2066 583 2354 638 dicaturos
2387 599 2525 638 suos
2556 587 2612 637 et
2645 575 3005 654 spiritualcs,
3039 583 3096 639 et
3127 579 3411 641 charitato
3433 579 3574 642 facit
3604 586 3720 643 fcr-

303 673 422 728 vult
445 671 584 727 alios
604 669 802 726 habere
825 669 1106 742 subjectos.
1141 667 1240 726 Cui
1274 687 1409 728 vero
1449 671 1814 746 subjiciatur,
1844 671 1948 729 tibi

305 762 572 834 relinquo
621 759 966 832 disquirere,
1020 775 1154 815 cum
1185 759 1470 818 Dominus
1502 767 1558 818 te
1587 761 1774 834 possit
1804 763 1948 818 satis

303 852 442 908 hinc
489 866 744 924 congrue
791 849 1035 904 dicendo
1084 850 1326 905 docere:
1373 852 1560 918 Nemo,
1599 852 1811 924 inquit,
1841 869 1948 923 po-

302 947 402 998 test
427 941 635 996 duobus
663 940 900 994 dominis
926 940 1132 994 servire
1162 939 1370 1010 (Matth.
1406 955 1485 1003 Vl,
1525 940 1614 1007 24)
1642 959 1654 1005 ;
1707 945 1798 995 et:
1833 943 1947 996 Non

301 1033 518 1104 potestis
550 1030 650 1084 Deo
676 1031 881 1084 servire
909 1036 959 1082 et
1004 1045 1329 1082 mammona)
1362 1028 1568 1100 (lbizl.).
1605 1029 1671 1082 Et
1699 1031 1944 1098 Aposto-

301 1122 394 1176 lus
420 1138 433 1175 :
457 1121 568 1176 Non
591 1127 796 1189 regnet,
817 1116 1112 1187 inquiens,
1136 1121 1412 1187 peceatum
1426 1119 1485 1171 in
1508 1125 1676 1172 vestro
1697 1119 1942 1180 mortali,

298 1226 518 1282 corpore
549 1211 721 1278 (Rom.
749 1225 826 1270 Vt,
861 1207 948 1276 42)
977 1225 989 1274 ;
1014 1215 1070 1262 et
1095 1224 1106 1262 :
1140 1209 1252 1276 Qui
1272 1209 1406 1277 facit
1433 1212 1734 1278 peccatum,
1761 1223 1945 1261 servus

298 1305 377 1358 est
419 1300 628 1373 peccati
675 1298 854 1368 (Joan.
894 1313 1014 1361 vm,
1047 1296 1175 1364 3/1);
1207 1300 1300 1350 et:
1337 1296 1372 1349 Α
1406 1311 1511 1368 quo
1557 1297 1680 1367 quis
1707 1313 1942 1366 supcra-

298 1398 408 1454 tur,
456 1388 574 1458 ejus
621 1393 702 1440 est
743 1389 795 1440 et
839 1399 1023 1438 servus
1067 1385 1146 1451 (ll
1189 1384 1338 1438 Pclr.
1390 1400 1450 1448 ιι,
1502 1382 1612 1453 49).
1646 1384 1714 1438 Ει
1743 1383 1802 1438 in
1839 1389 1942 1438 Da-

296 1477 484 1535 niele:
515 1475 776 1543 Princeps
807 1472 1018 1545 inquit,
1053 1474 1213 1539 regni
1241 1473 1533 1527 Persarum
1563 1474 1766 1528 restitit
1802 1473 1946 1526 mihi

295 1570 456 1635 (Dan.
488 1581 546 1632 ιι,
580 1564 689 1628 43).
723 1562 847 1616 Νοιι
879 1559 1034 1615 enim
1067 1561 1194 1615 sine
1215 1577 1395 1614 causa
1423 1559 1701 1614 dicuntur
1723 1561 1939 1614 daemo-

295 1674 398 1713 nes
427 1649 828 1710 fornicationis
861 1654 917 1704 et
947 1647 1252 1720 superbiae,
1278 1647 1367 1703 vel
1398 1652 1735 1703 ceterorum
1769 1647 1940 1702 vitio-

294 1761 426 1803 rum
449 1741 714 1816 spiritus,
745 1737 858 1793 nisi
891 1738 1028 1810 quia
1045 1737 1266 1793 habent
1282 1737 1580 1808 subjectos
1598 1737 1814 1809 quibus
1837 1738 1938 1792 do-

293 1835 614 1898 minantur,
644 1829 865 1885 eisdem
897 1826 1121 1883 scilicet
1141 1825 1298 1882 vitiis
1331 1826 1666 1882 servientes.

2063 678 2283 730 ventes.
2334 673 2402 729 Et
2450 689 2552 744 per
2581 671 3162 746 prophetam:Labia
3189 673 3486 731 sacerdotis
3533 679 3720 732 custo-

2057 764 2207 819 dient
2243 763 2542 834 justitiam,
2593 771 2642 818 et
2673 762 2844 831 legem
2874 765 3156 834 requirent
3181 779 3252 819 ex
3281 780 3373 821 ore
3403 766 3542 836 ejus,
3574 768 3721 837 quia

2057 854 2284 921 angelus
2336 853 2554 906 Domini
2605 854 2946 906 everrituum
2989 859 3069 908 est
3119 852 3370 921 (Malach.
3426 870 3485 923 ιι,
3537 855 3615 923 7).
3653 854 3718 910 In

2056 939 2397 1013 Apocalypsi
2424 939 2666 994 Joannis
2684 957 2816 994 cum
2838 940 3008 996 audis
3029 941 3268 1012 angelos
3290 946 3513 1015 septem
3536 942 3720 999 eccle-

2057 1031 2301 1094 siarum,
2334 1029 2529 1083 nullos
2558 1028 2704 1084 alios
2735 1028 3030 1096 intelligas
3078 1047 3254 1101 quam
3286 1031 3591 1103 episcopos
3615 1049 3717 1087 ea-

2056 1119 2276 1172 rum.ln
2299 1116 2852 1188 Evangeliaqunque
2876 1117 3016 1187 quid
3043 1117 3219 1180 dicat,
3246 1135 3422 1190 quam
3449 1124 3715 1191 potesta-

2053 1214 2168 1262 tem
2187 1207 2269 1260 eis
2287 1206 2530 1270 tribuat,
2543 1207 2802 1260 adverte:
2826 1209 3192 1278 Quzecunquc,
3208 1205 3718 1279 inquiens,ligave-

2053 1299 2176 1350 ritis
2193 1313 2254 1350 su
2261 1312 2356 1366 per
2369 1305 2587 1361 terram,
2610 1295 2781 1362 ligata
2796 1302 2958 1349 erunt
2985 1302 3036 1349 et
3066 1295 3127 1350 in
3155 1297 3286 1351 ea'lo
3309 1317 3328 1363 ,-
3359 1301 3410 1352 et
3443 1313 3714 1369 quaecun-

2052 1402 2154 1457 que
2193 1385 2462 1440 stlveritis
2508 1401 2673 1453 super
2702 1387 2928 1449 terram,
2974 1384 3153 1439 soluta
3199 1389 3362 1440 erunt
3393 1394 3443 1441 et
3475 1387 3534 1441 in
3566 1387 3706 1442 calo

2053 1475 2259 1539 (.llatlh.
2311 1490 2425 1536 xw,
2475 1473 2582 1540 19).
2637 1472 2754 1526 Hoc
2806 1473 2980 1533 idem,
3035 1473 3167 1528 licet
3214 1473 3489 1545 sparsim,
3539 1479 3597 1530 et
3639 1474 3704 1530 in

2051 1561 2278 1634 psalmo
2313 1562 2434 1630 jam
2485 1567 2541 1614 et
2588 1560 2875 1631 Propheta
2907 1567 3310 1632 peraraverat:
3343 1564 3520 1618 Nimis
3537 1565 3714 1619 hono-

2049 1653 2161 1706 rati
2188 1659 2314 1704 sunt
2344 1652 2508 1703 amici
2539 1651 2622 1704 tui
2653 1651 2812 1712 Deus,
2843 1651 3012 1705 nimis
3043 1651 3377 1720 confortatus
3398 1660 3474 1708 est
3491 1654 3708 1724 princi-

2043 1751 2202 1812 patus
2233 1757 2419 1794 eorum
2435 1739 2605 1804 (Psal.
2625 1756 2896 1804 cxxxvux,
2923 1740 3029 1806 17).
3064 1739 3324 1803 Quorum
3344 1745 3367 1796 Ρ
3385 1740 3702 1813 Apostolo-

2047 1846 2110 1883 ru
2122 1848 2198 1888 ru.
2214 1827 2448 1898 evangel
2461 1827 2636 1880 istaru
2649 1844 2724 1890 ιιι,
2741 1826 3172 1898 episcoporum,
3194 1827 3540 1883 clericorum
3552 1870 3566 1894 ,
3585 1845 3713 1884 mo-

363 1926 417 1978 7.
451 1919 614 1988 Quod
645 1934 780 1974 cum
831 1915 1269 1971 evidentissima
1307 1915 1600 1978 didiceris,
1634 1915 1939 1970 considera
1969 1951 2017 2016 Β
2049 1917 2368 1972 nat-horum
2393 1915 2604 1970 saeculo
2641 1915 3128 1980 renuntiantinm,
3155 1917 3278 1986 qui,
3313 1916 3454 1988 quia
3492 1917 3710 1974 nolunt

294 2011 433 2086 quid
467 2026 569 2082 per
596 2005 939 2081 prophetam
988 2003 1276 2060 Dominus
1323 2002 1516 2058 dicat:
1557 2005 1644 2060 ινιτ
1691 2005 1785 2075 qui
1808 2019 1938 2058 cono

281 2102 521 2178 jungitis
548 2098 770 2153 domum
819 2095 890 2149 ad
917 2093 1158 2159 domum,
1191 2097 1241 2148 et
1282 2108 1475 2162 agrum
1507 2107 1640 2156 agro
1669 2093 1940 2162 copulatis

290 2207 462 2264 usque
487 2187 558 2244 ad
588 2187 886 2244 terminum
910 2183 1032 2238 loci.
1057 2181 1315 2253 Nunquid
1347 2196 1438 2235 vos
1469 2181 1574 2235 soli
1594 2180 1856 2235 habitatis
1879 2183 1939 2234 in

287 2287 435 2338 terra
457 2283 482 2333 .9
528 2278 591 2333 In
622 2274 853 2330 auribus
883 2273 1019 2326 meis
1047 2273 1174 2324 sunt
1201 2270 1388 2323 omnia
1419 2268 1556 2326 tunc.
1588 2269 1722 2322 dicit
1753 2271 1937 2323 Domi-

289 2386 398 2426 nus
423 2367 764 2424 exercituum
794 2360 1064 2432 (lsai.v,8,
1087 2357 1167 2426 9).
1190 2359 1378 2428 Atque
1401 2361 1530 2428 post
1554 2374 1735 2429 pauca
1773 2375 1784 2412 :
1809 2360 1938 2412 Pro-

289 2467 481 2532 pterea
507 2453 784 2517 dilatavit,
817 2447 1028 2521 inquit,
1057 2449 1309 2519 infernus
1337 2463 1393 2502 os
1419 2463 1602 2509 suum,
1641 2455 1693 2502 et
1721 2448 1940 2517 aperuit

287 2547 488 2617 absque
515 2543 630 2598 ullo
655 2539 916 2607 termino,
946 2545 997 2592 et
1025 2535 1344 2591 descendent
1383 2537 1548 2606 fortes
1579 2537 1714 2607 ejus,
1747 2545 1798 2590 et
1841 2552 1935 2606 po-

284 2636 450 2708 pulus
513 2633 651 2704 ejus,
717 2632 772 2684 et
834 2625 1096 2682 sublimes
1155 2624 1486 2694 gloriosique
1531 2625 1648 2694 ejus
1694 2624 1766 2680 ad
1813 2642 1938 2679 eum

289 2721 472 2796 (Ibid.,
500 2718 608 2789 14).
638 2717 938 2786 Itemque:
971 2713 1070 2768 N3
1113 2713 1210 2784 qui
1227 2713 1545 2783 justiﬁeatis
1575 2714 1807 2784 impium
1836 2730 1936 2783 pro

287 2809 632 2871 muneribus,
656 2813 708 2860 et
744 2804 1022 2876 justitiam
1041 2803 1186 2873 justi
1213 2803 1442 2872 aufertis
1473 2801 1541 2856 ab
1571 2818 1652 2865 eo,
1706 2803 1936 2874 Propter

287 2917 354 2958 ea
398 2899 540 2954 sicut
585 2893 804 2950 devorat
849 2891 1112 2961 stipulam
1156 2898 1208 2945 et
1251 2891 1406 2960 ligna
1456 2892 1618 2959 ignis,
1669 2895 1719 2946 et
1785 2893 1935 2946 calor

287 2993 526 3062 ﬂammae
551 2984 759 3046 exurit,
781 2981 862 3036 sic
893 2979 1058 3035 rudia:
1083 2995 1274 3034 eorum
1302 2980 1462 3052 quasi
1479 2980 1700 3049 favilla,
1733 2989 1785 3034 et
1811 2997 1931 3046 ger-

283 3093 430 3134 mem
456 3089 643 3130 eorum
671 3075 734 3124 ut
761 3069 944 3140 pulvis
973 3067 1221 3123 ascendet
1250 3067 1436 3136 (Ibid.,
1470 3068 1582 3137 23).
1617 3067 1936 3123 Considera

284 3167 854 3238 itaque,rogo,quam
877 3173 1048 3229 grave
1069 3156 1146 3212 sit
1165 3155 1503 3228 cupiditatis
1525 3155 1931 3229 crimen,quod

287 3259 346 3313 et
377 3258 431 3308 te
461 3255 518 3307 et
543 3247 825 3322 populum
842 3251 1034 3313 tuum,
1053 3249 1361 3316 totumque
1378 3249 1568 3316 potest
1584 3261 1930 3302 consumere

2051 2005 2274 2078 aliquid
2295 2005 2508 2059 habere
2527 2003 2584 2058 in
2606 2003 2990 2073 mundo,jure
3009 2021 3140 2058 cum
3159 2003 3273 2060 Deo
3294 2005 3710 2078 principantur

2050 2100 2106 2150 et
2129 2093 2403 2163 judicant
2433 2092 2502 2146 de
2535 2089 3066 2156 mundo,malcntcs
3099 2110 3311 2148 aurum
3346 2093 3708 2150 habentibus

2049 2183 2338 2253 imperare
2385 2196 2564 2251 quam
2614 2196 2826 2234 aurum
2879 2179 3110 2234 habere.
3145 2183 3451 2252 Principes,
3485 2181 3703 2254 inquit,

2043 2271 2372 2343 papa/orum
2399 2268 2713 2337 congregati
2731 2276 2999 2322 suntcum
3017 2269 3119 2323 Deo
3135 2269 3706 2342 Abraham,quoniam

2045 2363 2214 2433 fortes
2243 2365 2404 2414 terrm
2435 2356 2776 2412 vehementer
2803 2358 3004 2412 elevati
3031 2365 3162 2412 sunt
3210 2359 3381 2430 (Psal.
3417 2377 3568 2428 XLVI,
3604 2360 3700 2431 6).

2050 2450 2188 2505 Ecce
2220 2447 2397 2502 habes
2428 2443 2908 2501 manifestissime
2954 2445 3092 2517 quia
3124 2445 3418 2520 principes
3451 2447 3703 2521 populo-

2047 2555 2178 2594 rum
2195 2535 2302 2609 ipsi
2318 2533 2552 2591 suntdii
2568 2534 2867 2589 terrm.Sed
2888 2533 3019 2605 quis
3048 2538 3136 2590 est
3159 2534 3268 2590 iste
3290 2535 3659 2608 principatus
3674 2537 3706 2594 ?

2045 2627 2128 2682 Ad
2161 2626 2302 2698 quid
2333 2622 2544 2679 estiste
2578 2622 2942 2694 principatus
2962 2623 2990 2678 ‘2
3020 2623 3098 2677 Ad
3125 2623 3700 2696 alligandos,inquit,

2044 2733 2196 2784 reges
2225 2730 2411 2770 eorum
2439 2715 2493 2767 in
2527 2711 2946 2782 compcdibus,et
2969 2712 3175 2766 nobiles
3199 2729 3390 2768 eorum
3417 2721 3479 2769 tn
3507 2717 3700 2771 mani-

2042 2805 2411 2876 cisferreis,ut
2421 2802 2704 2872 faciantin
2720 2802 2798 2856 eis
2811 2800 3092 2873 judicium
3121 2803 3493 2873 conscriptum
3515 2805 3691 2874 (Psal.

2044 2910 2226 2961 cxux,
2269 2895 2345 2957 8).
2395 2891 2534 2945 Ecce
2580 2905 2753 2960 quem
2801 2889 3130 2958 acceperint
3171 2889 3590 2960 principatum,
3617 2891 3699 2947 ad

2045 2981 2184 3054 quid
2233 2982 2578 3049 acceperint,
2625 2977 2919 3047 quomodo
2988 2978 3350 3034 confortatus
3408 2984 3500 3034 est
3567 2980 3701 3052 ipse

2044 3069 2428 3143 principatus.
2480 3064 2644 3128 Quo?
2675 3065 2768 3120 hic
2798 3065 2935 3120 etin
2971 3066 3208 3134 futuro;
3243 3067 3406 3140 qua?
3427 3083 3530 3140 per
3557 3084 3701 3125 om-

2043 3174 2176 3214 nem
2211 3153 2869 3226 mundum.Ubicunquc
2901 3153 3166 3210 Christus
3189 3156 3703 3224 adoratur,sacer-

2044 3249 2150 3302 dos
2183 3250 2316 3318 post
2362 3245 2555 3315 ipsum
2601 3243 2900 3310 excolitur,
2953 3242 3071 3299 imo
3103 3244 3159 3298 in
3193 3245 3496 3302 sacerdote
3523 3244 3699 3303 Chri-

285 3307 559 3419 germen:
580 3307 741 3406 Q-uod
765 3336 810 3391 si
841 3347 1055 3390 cuncta
1073 3335 1288 3390 cedunt
1312 3351 1382 3390 ex
1411 3335 1719 3398 sententia,
1741 3335 1787 3390 si
1813 3352 1934 3390 om-
1964 3307 2006 3373 (ἶ
2045 3307 2544 3393 stus-honoratur.

286 3434 451 3489 nium
501 3423 939 3483 adversantium
987 3423 1092 3478 tibi
1143 3423 1338 3478 subito
1377 3422 1712 3494 supplicant
1741 3423 1928 3490 colla;

287 3520 449 3578 nulla
477 3515 704 3574 inutilis
734 3512 933 3587 gaudii
963 3515 1019 3567 te
1035 3511 1241 3568 exinde
1273 3509 1465 3584 pulset
1482 3511 1788 3583 jactantia.
1815 3513 1932 3568 Me-

284 3613 482 3667 mento
507 3603 850 3677 hujusmodi
881 3619 917 3657 a
948 3600 1258 3657 Psalmista
1288 3600 1372 3656 illi
1406 3600 1720 3672 promissa,
1754 3618 1929 3672 quem

285 3697 482 3754 divina
497 3692 733 3765 justitia
761 3689 1026 3762 despexit
1053 3706 1066 3744 :
1092 3691 1452 3761 Auferuntur,
1485 3689 1696 3760 inquit,
1715 3690 1931 3760 judicia

285 3795 382 3842 tua
405 3801 439 3839 ιι
466 3783 608 3855 facie
633 3782 769 3852 ejus,
788 3781 1038 3835 omnium
1053 3779 1408 3834 inimicorum
1419 3793 1648 3833 suorum
1675 3778 1929 3834 domina-

287 3872 555 3944 bitur(Ps.
589 3887 644 3936 x,
675 3869 752 3933 5?.
785 3866 942 3923 Scito
973 3865 1147 3921 etiam
1180 3865 1929 3938 amedicis,desperatisnil

285 3958 603 4035 prohiberi,
633 3956 791 4028 quod
821 3955 1160 4014 desiderant
1189 3953 1335 4008 esui.

499 4047 623 4102 Trr.
655 4044 747 4100 IV.
779 4075 848 4084 ——
894 4045 1144 4115 Episcopi
1187 4059 1352 4114 quam
1388 4041 1716 4097 honorandi.

355 4139 410 4193 8.
442 4137 527 4193 Tu
560 4135 754 4208 potius
805 4132 946 4189 time
977 4133 1184 4198 Deum,
1218 4147 1370 4204 rege,
1407 4130 1526 4186 imo
1558 4131 1715 4186 nutri
1746 4149 1933 4204 popu-

283 4228 408 4283 lum
442 4224 548 4282 tibi
575 4221 985 4288 commissum,
1019 4221 1330 4293 deprecare
1361 4225 1619 4286 sanctos,
1653 4237 1932 4276 venerare

283 4317 587 4390 episcopos
611 4333 624 4381 ;
658 4311 885 4368 noveris
914 4310 1045 4366 illos
1068 4310 1192 4378 tibi,
1211 4327 1326 4366 non
1349 4314 1402 4366 te
1427 4308 1543 4364 illis
1566 4326 1694 4364 esse
1726 4309 1930 4381 prasla-

281 4410 373 4462 tos
403 4423 418 4472 ;
450 4409 528 4469 et,
551 4408 616 4458 ut
644 4400 1273 4474 ampliusdicam,deos
1292 4397 1397 4454 tibi
1420 4415 1454 4453 a
1473 4415 1708 4454 summo
1735 4402 1793 4454 et
1814 4415 1932 4454 uno

282 4499 340 4551 et
367 4491 648 4563 singulari
684 4491 822 4555 Deo,
852 4493 910 4545 et
939 4485 1178 4559 angelos
1209 4487 1280 4543 ab
1310 4486 1440 4559 ipso
1469 4486 1667 4558 magni
1701 4485 1931 4542 consilii

281 4577 501 4652 Angelo
516 4593 648 4632 esse
667 4576 854 4632 datos.
878 4576 1040 4639 Quod
1069 4575 1116 4630 si
1149 4591 1242 4631 me
1273 4579 1446 4646 putas
1477 4574 1736 4640 mentiri,
1761 4579 1930 4630 ante-

2291 3423 2413 3477 Trr.
2445 3420 2510 3475 V.
2545 3452 2612 3459 —
2644 3421 2760 3476 Una
2790 3425 2866 3474 cst
2894 3421 3158 3476 catholica
3189 3422 3435 3479 ecclesia.

2111 3513 2165 3568 9.
2199 3513 2277 3568 Ne
2295 3509 2428 3583 quis
2440 3527 2575 3582 ergo
2599 3509 2945 3577 Jerusalem,
2962 3511 3230 3582 Romam,
3251 3510 3691 3582 Alexandriam,

2039 3603 2127 3659 vel
2158 3602 2335 3658 aliam
2387 3598 2711 3670 quamlibet
2760 3599 2818 3654 in
2863 3597 2971 3654 hac
3002 3601 3384 3672 prmrogativa
3411 3601 3690 3673 accipiat,

2040 3698 2277 3747 crateras
2307 3687 2591 3760 excipiat:
2643 3686 2940 3742 Catholica
2969 3692 3059 3744 est
3088 3687 3362 3757 Ecclesia,
3389 3689 3691 3746 calliolica

2041 3786 2098 3836 et
2125 3781 2254 3851 ejus
2298 3782 2388 3834 est
2427 3775 2634 3850 gratia.
2681 3776 2804 3831 Non
2837 3780 2977 3831 sunt
3007 3775 3225 3848 plures,
3266 3794 3385 3833 una
3413 3781 3522 3847 est,
3555 3795 3694 3851 qua:

2041 3885 2170 3924 eam
2201 3867 2478 3928 continet,
2498 3869 2684 3937 petra,
2702 3864 2877 3920 unica
2893 3869 2984 3920 est
3012 3865 3286 3922 Ecclesia.
3313 3866 3410 3923 Sic
3438 3866 3596 3926 enim
3619 3867 3702 3924 de

2040 3974 2109 4012 ea
2136 3957 2370 4019 dicitur,
2423 3957 2541 4011 Una
2565 3957 2641 4008 est
2684 3956 2855 4008 matri
2899 3971 3011 4009 suae
3057 3955 3240 4023 (Cant.
3265 3973 3343 4022 γι,
3375 3957 3454 4026 8),
3487 3955 3544 4011 id
3577 3963 3694 4026 est,

2041 4044 2449 4118 regeneratrici
2498 4043 2695 4114 gratiae
2742 4041 2920 4097 unica
2949 4048 3038 4097 est
3069 4041 3158 4098 lex
3191 4044 3496 4100 universe.
3531 4043 3698 4102 Licet

2041 4131 2495 4189 consuetudines
2526 4147 2628 4202 pro
2660 4130 2775 4185 ritu
2804 4136 2862 4186 et
2883 4131 3237 4204 proprietate
3261 4131 3525 4204 gentium
3545 4138 3701 4190 sunt

2043 4223 2326 4287 discretae,
2360 4236 2476 4275 uno
2506 4218 2718 4291 spiritu
2749 4236 2954 4274 omnes
2985 4224 3421 4286 consecrantur,
3453 4219 3612 4278 sicut
3630 4226 3697 4279 et

2042 4327 2160 4366 uno
2190 4309 2539 4381 baptismate
2569 4324 2774 4362 omnes
2802 4306 3092 4364 lavantur.
3109 4310 3176 4364 Et
3205 4307 3344 4368 licet
3373 4309 3699 4367 divisiones

2042 4401 2163 4456 sint
2192 4396 2834 4470 gratiarum,siquidem
2865 4395 3155 4452 excellunt
3181 4395 3280 4452 alii
3309 4396 3458 4453 alios
3503 4397 3564 4454 in
3587 4398 3696 4454 Ec-

2043 4487 2242 4554 clesia,
2293 4485 2444 4541 sicut
2486 4489 2542 4540 et
2594 4485 2652 4538 in
2685 4483 2827 4539 cmlo
2858 4483 3113 4550 ordines,
3143 4501 3262 4540 non
3291 4489 3486 4540 tamen
3519 4483 3698 4542 divisi

2042 4578 2303 4643 datores;
2321 4591 2475 4630 unus
2492 4576 2580 4630 cst
2591 4573 2746 4628 enim
2761 4574 3224 4644 dator,operator
3236 4572 3698 4646 unus,idemque

285 4682 577 4724 cessorcm
623 4668 794 4718 tuum
843 4663 1137 4733 interroga
1168 4663 1598 4728 Constantium,
1633 4661 1931 4733 interroga
1965 4673 2010 4737 Ῑ)
2042 4667 2142 4739 qui
2177 4665 2338 4721 solus
2369 4663 2523 4718 Deus
2553 4661 2962 4718 essentialiter.
2985 4662 3107 4717 lmo
3125 4662 3205 4729 id,
3239 4663 3394 4734 quod
3425 4679 3696 4734 compre-

285 4754 582 4829 psalmum
613 4751 831 4824 ipsum,
879 4751 1174 4823 interroga
1203 4751 1541 4806 Dominum.
1580 4753 1691 4816 Vos,
1723 4753 1806 4807 ait
1835 4752 1934 4807 ille

284 4839 750 4918 (Constantinus)
773 4839 898 4910 jam
933 4839 1142 4902 factus,
1171 4839 1328 4894 nobis
1345 4855 1380 4893 a
1401 4841 1504 4894 Deo
1533 4839 1652 4893 dati
1674 4842 1806 4894 estis
1826 4840 1928 4905 dii,

281 4936 334 4990 et
379 4931 704 4989 conveniens
730 4943 842 4982 non
871 4927 963 4982 81
1001 4930 1098 4994 est,
1151 4933 1212 4982 ut
1231 4927 1388 4982 homo
1405 4926 1616 4998 judicet
1638 4926 1762 4982 deos
1785 4929 1930 4996 (RU-

284 5037 400 5084 PIN,
434 5020 472 5076 l.
507 5037 550 5084 ι,
575 5035 626 5073 c.
651 5017 729 5087 2).
759 5014 1076 5071 Psalmista
1103 5031 1238 5070 vero
1258 5015 1420 5080 Deus,
1454 5013 1666 5085 inquit,
1698 5018 1847 5071 stetit
1871 5019 1933 5072 in

283 5107 461 5162 medio
491 5106 716 5160 deorum
738 5104 908 5171 (Psal.
951 5120 1138 5168 LXXXI,
1161 5104 1232 5167 1),
1252 5111 1414 5173 atque
1429 5101 1728 5172 aliquanto
1751 5109 1884 5174 post
1914 5121 1927 5160 :

286 5201 395 5268 Ego
440 5195 584 5260 dixi,
633 5193 719 5248 dii
761 5193 889 5247 estis
944 5191 1128 5257 (lbid.,
1175 5185 1234 5257 6)
1276 5207 1288 5256 ;
1341 5195 1397 5245 et
1440 5207 1454 5245 :
1507 5192 1644 5245 Deus
1707 5191 1933 5248 deorum

284 5284 547 5340 Dominus
577 5282 786 5336 locutus
834 5287 911 5336 est
937 5279 1109 5349 (Psal.
1142 5295 1292 5344 xux,
1321 5279 1410 5346 t);
1461 5277 1700 5350 ipseque
1732 5279 1930 5335 Domi-

284 5388 398 5428 nus
428 5371 500 5428 ad
532 5370 768 5441 Moysen
799 5367 880 5424 ait
906 5386 919 5424 :
954 5370 1084 5423 Ecce
1127 5367 1392 5423 constitui
1413 5375 1462 5423 te
1493 5365 1655 5422 deum
1685 5369 1929 5424 Pharao-

282 5462 372 5516 nis
402 5457 598 5532 (Exod.
630 5474 730 5522 vn,
765 5458 818 5524 1)
845 5474 858 5523 ;
908 5462 968 5512 et
1001 5473 1014 5512 :
1042 5457 1158 5510 Diis
1189 5473 1253 5510 ne
1281 5455 1537 5510 detrahas
1587 5458 1758 5518 (Brod
1789 5473 1926 5520 xx",

282 5550 414 5616 28);
446 5547 743 5618 itemque:
778 5546 1056 5616 Applicate
1100 5546 1263 5600 illum
1289 5545 1359 5601 ad
1387 5545 1508 5600 deos
1540 5543 1720 5616 (Ibid,
1753 5548 1828 5613 8).
1865 5547 1932 5601 Et

287 5652 496 5693 rursus
527 5635 587 5690 in
623 5633 874 5690 Psalmo:
902 5635 1014 5704 Qui
1037 5635 1175 5704 facit
1197 5637 1416 5703 angetos
1446 5649 1567 5687 suos
1595 5634 1847 5703 spiritus,
1881 5643 1932 5690 et

285 5727 567 5782 ministros
579 5740 703 5780 suos
713 5725 995 5794 flammam
1009 5723 1152 5792 ignis
1169 5722 1339 5791 (Psal.
1361 5738 1481 5788 Clll,
1516 5721 1654 5790 4),id
1669 5725 1776 5788 est,
1793 5739 1931 5794 prie-

2043 4754 2218 4810 hendi
2251 4771 2366 4807 non
2399 4755 2608 4823 potest,
2639 4751 2916 4822 quodque
2946 4751 3159 4805 melius
3189 4751 3458 4806 mirando
3473 4756 3531 4806 et
3556 4767 3695 4806 cre-

2039 4843 2250 4908 dendo,
2285 4856 2464 4913 quam
2495 4839 2824 4911 cogitando,
2845 4837 3374 4908 ratiocinando,vel
3399 4837 3696 4911 loquendo

2041 4927 2475 5004 proferimus,id
2494 4926 3062 4994 est,substantialem
3089 4944 3239 4993 esse,
3261 4925 3474 4993 vivere,
3495 4943 3694 5000 posse,

2041 5037 2244 5092 sapere
2268 5023 2326 5074 et
2357 5015 2702 5088 intelligere,
2751 5033 2984 5088 semper
3018 5017 3174 5072 idem
3208 5031 3456 5076 manens
3484 5015 3702 5072 dividit

2041 5108 2290 5180 singulis
2323 5111 2493 5178 prout
2521 5103 2664 5170 vult,
2699 5105 2992 5176 quomodo
3023 5103 3278 5177 vult,per
3303 5121 3456 5177 quos
3485 5103 3699 5170 vult,“

2038 5196 2168 5252 ideo
2217 5196 2470 5250 dicitur:
2520 5195 2635 5248 Non
2693 5197 2772 5247 est
2816 5197 3074 5264 potestas,
3121 5194 3237 5248 nisi
3281 5210 3320 5248 a
3363 5193 3470 5248 Dee
3504 5209 3527 5255 ;
3569 5207 3699 5264 quae

2039 5289 2220 5340 autem
2250 5287 2397 5349 sunt,
2429 5301 2463 5337 a
2509 5283 2613 5336 Deo
2643 5281 2916 5338 ordinatae
2945 5285 3092 5337 sunt.
3129 5281 3260 5337 Ideo
3291 5281 3422 5354 ejus
3451 5279 3694 5340 ordina-

2038 5373 2195 5428 tione
2239 5377 2328 5428 est
2367 5371 2727 5437 institutum,
2774 5387 2902 5441 quae
2933 5371 3027 5424 cui
3059 5370 3330 5442 potestati
3363 5385 3698 5442 congruum

2039 5462 2293 5533 praebeat
2341 5459 2736 5532 privilegium,
2787 5475 2914 5529 quae
2965 5459 3058 5513 cui
3092 5459 3432 5530 preferatur
3469 5458 3570 5515 82
3603 5457 3698 5514 vel

2041 5553 2424 5620 supponatur,
2446 5552 2512 5602 ut
2525 5546 2797 5601 videlicet
2811 5562 2879 5601 ea
2896 5563 3132 5602 summa
3161 5547 3238 5602 sit
3265 5550 3544 5619 potestas,
3565 5563 3697 5618 qua:

2043 5641 2274 5701 cuncta,
2304 5640 2503 5708 utpote
2536 5633 2675 5708 quia
2707 5651 2740 5689 a
2771 5651 2831 5690 se
2863 5638 3080 5704 creata,
3109 5634 3405 5702 ditribuit,
3435 5633 3698 5702 ordinat,

2041 5727 2328 5798 gubernat
2358 5730 2413 5782 et
2453 5723 2714 5782 continet
2761 5723 3070 5793 universa;
3105 5739 3233 5786 eam
3265 5723 3366 5782 illa
3387 5729 3698 5796 sequatur,
