3900 6358
149 430 299 494 1017

155 657 472 713 fenestram
500 653 572 710 ad
607 651 963 725 patrandum
996 651 1227 706 facinus
1258 649 1503 706 exiliret.

856 757 1093 796 EPHREI.

226 832 627 892 Contremisco
645 829 872 888 auditu.

830 931 1126 976 ABBABAI.

224 1017 297 1071 At
325 1013 426 1069 ubi
458 1013 588 1084 ipsa
616 1008 818 1066 infelix
871 1026 933 1065 se
977 1012 1313 1079 corruptam
1365 1005 1568 1073 sensit,
1602 1008 1804 1077 pectus

157 1102 433 1180 pulsavit,
465 1100 673 1157 faciem
704 1116 885 1155 manu
915 1097 1212 1162 laceravit,
1244 1100 1431 1151 vestes
1480 1094 1677 1162 scidit,
1718 1111 1808 1149 ca-

158 1194 331 1268 pillos
360 1190 535 1258 eruit,
567 1205 737 1245 voces
768 1188 827 1243 in
859 1186 1046 1243 altum
1078 1185 1353 1258 ejulando
1383 1185 1564 1240 dedit.

863 1293 1100 1332 SPHREI.

228 1375 344 1430 Nec
375 1369 615 1434 iniuria,
647 1365 989 1447 hujusmodi
1033 1381 1287 1436 namque
1333 1363 1504 1420 ruina
1553 1368 1674 1419 toto
1724 1363 1809 1419 la-

157 1477 493 1547 crymarum
523 1459 682 1543 fonte
710 1460 799 1539 est
828 1455 1099 1527 lugenda.

849 1556 1121 1602 ABRAHAI

230 1638 693 1698 Lamentabatur
720 1650 977 1706 namque
1008 1651 1070 1690 se
1102 1636 1257 1706 quod
1290 1634 1480 1690 fuerat
1510 1650 1624 1689 non
1658 1648 1806 1688 esse.

865 1741 1098 1780 EPHRBI.

229 1822 326 1877 Vm
358 1818 445 1875 illi
477 1816 702 1873 miserae
726 1816 737 1872 l

842 1917 1134 1960 ABBABAI.

231 2000 332 2059 85
367 1996 635 2070 Lugebat
663 2012 726 2051 se
756 1992 974 2050 nostris
1006 1989 1566 2049 contraria-monitis
1602 1989 1811 2062 egisse.

872 2099 1109 2139 BPHREM.

230 2183 309 2237 Ac
338 2176 527 2235 valde.

843 2273 1135 2318 ABRAHAM.

233 2355 481 2415 Deﬂevit
510 2371 573 2411 se
602 2351 958 2425 vigiliarum,
988 2349 1340 2415 orationum,
1361 2347 1691 2419 jejuniiquc
1724 2364 1823 2402 su-

164 2449 333 2505 dores
362 2457 701 2503 evacuasse.

164 2526 167 2533 ’
293 2519 303 2545 τ
866 2544 1103 2585 srnnsu.

234 2625 293 2683 Si
329 2624 389 2680 in
424 2622 524 2679 tali
559 2618 1009 2691 compunctione
1051 2620 1462 2690 perseveraret,
1514 2614 1676 2671 salva
1720 2615 1819 2670 fie-

171 2721 276 2773 ret.

850 2807 1139 2873 Asnaum.

242 2892 414 2949 Haud
458 2886 872 2963 perseveravit,
904 2886 1006 2942 sed
1058 2885 1257 2957 pejora
1303 2884 1597 2956 prioribus
1645 2900 1824 2955 appo-

176 2982 312 3039 suit.

130 3052 142 3057 4
882 3081 1117 3119 ΒΡΒΒΕΜ.

242 3159 489 3233 Viscera
518 3160 691 3233 tenus
741 3152 1060 3227 conturbor
1104 3150 1361 3227 totisque
1410 3150 1693 3206 membris
1739 3167 1826 3205 re-

176 3245 383 3303 solvor.
422 3229 430 3236 ’
449 3249 453 3253 ’

853 3341 1143 3385 ΔΒἎΛΗΔΚ.

243 3424 567 3495 Postquam
598 3418 756 3475 enim
779 3417 942 3473 hisce
970 3416 1245 3473 lamentis
1276 3435 1337 3473 se
1368 3416 1821 3490 punivit,nimie-

173 3517 289 3568 tate
315 3512 477 3567 victa
504 3506 724 3564 doloris
755 3522 1012 3578 praeceps
1040 3506 1333 3561 ferebatur
1357 3507 1416 3562 in
1444 3506 1666 3563 foveam
1699 3507 1829 3562 des-

173 3598 518 3685 petrationis.

885 3700 1121 3739 ΕΡΗΒΕΠ.

244 3779 328 3836 Eh
360 3778 479 3835 heu
506 3775 522 3831 ι
556 3788 735 3847 quam
767 3771 961 3845 gravis
991 3772 1272 3844 perditio!

854 3873 1147 3943 ΔΒΠΔῌΔΠ.

245 3958 315 4014 Et
345 3956 491 4031 quia
522 3953 753 4009 veniam
787 3950 1119 4022 desperavit
1166 3966 1336 4022 posse
1385 3951 1619 4020 mereri,
1648 3968 1828 4009 saccu-

158 4046 299 4129 hlum
329 4048 596 4118 repetere
622 4039 985 4123 vanitatique
1017 4038 1192 4121 elegit
1224 4039 1530 4098 deservire.

884 4145 1124 4184 BPHREI.

245 4224 427 4282 Hem!
459 4239 572 4297 par
600 4218 843 4275 victoria
872 4216 1240 4289 spiritalibus
1270 4219 1329 4273 in
1363 4223 1517 4275 sorte
1559 4217 1829 4275 eremita-

177 4332 306 4372 rum
338 4311 627 4387 nequitiis
657 4312 831 4383 antea
860 4306 973 4363 fuit
1003 4306 1256 4364 insolita.

418 4406 443 4419 ’”
860 4408 1150 4453 ΔΒΒΔΗΑΙ.

244 4494 354 4551 Sed
385 4506 553 4549 nunc
584 4489 919 4569 daemonum
938 4501 1158 4569 sumus
1190 4485 1401 4557 prisda.

889 4592 1124 4632 BPHREI.

244 4671 461 4728 Mirum
495 4666 601 4740 qui
632 4665 756 4722 fieri
785 4667 1004 4737 posset,
1024 4666 1105 4733 ut~
1118 4666 1177 4718 te
1207 4662 1513 4749 ignorante
1543 4664 1827 4731 evaderet.
1862 4688 1910 4755 D

858 4764 1148 4809 ΔΒΒΔΕΔΙ.

245 4848 490 4905 Interim
523 4846 753 4902 fueram
785 4844 1195 4923 consternatus
1227 4844 1423 4923 mente
1469 4858 1537 4897 ex
1582 4845 1829 4923 ostensa:

174 4937 415 4995 visionis
464 4941 708 5002 terrore,
758 4916 896 5005 qua,
950 4930 999 4986 si
1049 4928 1218 4986 mens
1248 4916 1379 4985 Vno'n
1427 4921 1825 5000 fuisset'lieva,

176 5026 316 5108 mihi
350 5021 848 5108 prmﬂgurabatur
876 5020 1009 5092 ejus
1038 5019 1227 5105 ruina.

215 5111 241 5131 "
438 5114 445 5121 ’⁷
499 5116 505 5123 ’
532 5112 535 5117 λ
608 5110 613 5115 ’
878 5126 1113 5165 aranea.

242 5204 465 5262 Vellem
498 5202 744 5259 modum
772 5197 1019 5255 visionis
1047 5197 1266 5253 audire.

855 5280 1150 5363 tantum.

245 5382 536 5440 Putabam
566 5395 663 5435 me
693 5381 829 5436 ante
858 5366 1012 5434 fores
1044 5373 1267 5431 cellula:
1305 5373 1561 5440 stetisse,
1593 5378 1652 5429 et
1699 5392 1831 5432 ecce

178 5471 349 5530 draco
381 5472 545 5528 miraa
578 5462 1008 5541 magnitudinis
1037 5463 1324 5534 nimiique
1355 5461 1576 5519 fmtoris
1626 5464 1829 5537 rapido

176 5560 401 5634 impetu
433 5559 755 5618 adveniens
788 5553 1167 5612 candidulam
1185 5568 1357 5608 secus
1380 5568 1473 5606 me
1495 5545 1828 5610 columbam

177 5651 472 5722 reperiens
519 5648 695 5721 cepit,
739 5643 1033 5703 devoravit
1075 5641 1389 5711 subitoque
1438 5656 1551 5694 non
1602 5658 1833 5723 compa.

179 5737 314 5793 ruit.

1190 426 1603 489 COMtEDl/E
1648 427 1820 487 SEX.
1855 460 1930 469 —-
1964 425 2066 487 ιν.
2109 424 2519 487 ABBAHAM.

151 565 314 623 nium
345 560 598 638 pectoris
628 560 700 618 ad
732 559 823 619 sui
855 573 1116 617 amorem
1150 561 1391 627 inﬂexit,
1427 562 1568 616 adeo
1602 565 1667 616 ut
1698 576 1801 633 per
1826 565 1882 631 Α

3407 424 3563 490 1018

2615 577 2850 616 EPHREM.

1982 647 2229 703 Evidens
2260 646 2422 705 visio.

2584 751 2876 795 ABRAHAH.

1981 826 2055 881 At
2084 842 2245 897 ergo,
2277 826 2378 881 ubi
2428 827 2833 899 expergiscens
2885 832 3082 885 mente
3112 847 3238 902 quae
3287 832 3561 890 videbam

1915 915 2177 983 tractavi,
2211 916 2451 970 verebar
2480 916 2738 987 aliquam
2767 916 3035 972 Ecclesia:
3088 919 3394 977 imminere
3437 940 3564 995 per-

1915 1004 2297 1071 secutionem,
2331 1022 2458 1076 qua:
2493 1006 2691 1061 fideles
2724 1007 3009 1078 quosdam
3043 1009 3361 1066 attraherct
3393 1012 3452 1067 in
3480 1030 3563 1068 er-

1904 1108 2127 1164 rorem.

2609 1199 2848 1239 EPHBEM.

1989 1271 2317 1327 Verendum
2348 1276 2491 1327 erat.

2610 1388 2876 1427 ΔΒΠΛΗΔΜ.

1991 1460 2154 1515 Unde
2184 1464 2513 1532 prostratus
2544 1461 2603 1515 in
2653 1460 2975 1516 orationem
3026 1466 3427 1538 prmcognitori
3474 1468 3567 1523 fu-

1920 1553 2189 1604 turorum
2223 1547 2569 1620 supplicavi,
2602 1554 2668 1604 ut
2700 1549 2842 1605 mihi
2877 1552 3167 1627 detegeret
3216 1553 3568 1613 solutionem

1920 1653 2152 1694 801111111.

2625 1754 2860 1792 EPHREM.

1993 1826 2166 1881 Recte
2193 1826 2385 1897 egisti.

2608 1942 2873 1981 ABBAHAM.

1993 2012 2187 2070 Tertia
2217 2014 2456 2070 demum
2488 2018 2673 2082 nocte,
2707 2032 2839 2070 cum
2872 2015 3029 2071 lassa
3060 2018 3251 2088 sopori
3306 2022 3573 2078 membra

1923 2101 2237 2169 dedissem,
2262 2104 2544 2174 putabam
2577 2105 2849 2160 eumdem
2884 2106 3194 2161 draconem
3229 2108 3375 2164 meis
3403 2111 3573 2167 vesti-

1924 2191 2036 2262 giis
2084 2190 2484 2264 disrumptum
2532 2194 2851 2259 volutasse,
2884 2194 3193 2268 ipsamque
3238 2197 3573 2255 columbam

1926 2280 2147 2351 absque
2178 2280 2411 2338 laesione
2443 2282 2776 2338 emicuisse.

2629 2390 2867 2428 EPBREM.

2001 2459 2287 2515 Lartificor
2313 2462 2539 2529 auditu,
2575 2478 2679 2517 nec
2713 2461 2945 2534 ambigo
2978 2464 3121 2535 quin
3162 2468 3265 2521 tua
3314 2468 3579 2538 quando-

1929 2561 2040 2619 que
2070 2548 2143 2603 ad
2175 2552 2232 2604 te
2265 2554 2585 2627 revertatur
2614 2550 2816 2608 Maria.

2621 2657 2887 2697 ABRAHLM.

2003 2724 2317 2801 Postquam
2350 2728 2632 2800 evigilans
2665 2728 2843 2798 hujus
2867 2729 3153 2786 solamine
3181 2731 3422 2788 visionis
3441 2736 3581 2788 tem-

1930 2814 2205 2884 perabam
2239 2814 2540 2870 tristitiam
2569 2815 2802 2887 prioris,
2839 2821 3092 2873 mentem
3125 2819 3339 2891 recepit
3388 2825 3454 2875 ut
3483 2837 3580 2877 re-

1933 2902 2278 2957 miniscerer
2306 2902 2580 2959 alumnae.
2616 2903 2762 2959 Illud
2791 2921 3025 2977 quoque
3074 2907 3122 2962 si
3173 2908 3299 2964 sine
3341 2908 3583 2967 tristitia

1933 2989 2198 3057 memini,
2232 2992 2386 3062 quod
2419 2990 2609 3063 ipsam
2642 2992 2701 3046 in
2735 2992 2987 3048 duorum
3014 2994 3318 3052 intervallo
3350 2998 3581 3055 dierum

1935 3078 2142 3149 divinae
2174 3079 2553 3137 innittentem
2583 3080 2742 3136 laudi
2775 3081 2946 3138 solito
2978 3101 3094 3140 non
3125 3085 3302 3141 sensi.

2639 3187 2879 3229 EPHBEM.

2011 3257 2150 3312 Sero
2180 3256 2521 3313 meministi.

2623 3375 2891 3414 ΔΒΒΑΗΛΜ.

2009 3444 2233 3501 Fateor.
2283 3445 2538 3514 Accessi,
2587 3463 2767 3501 manu
2818 3449 3135 3507 fenestram
3185 3450 3432 3523 pulsavi,
3478 3453 3585 3521 ιβ

1927 3531 2120 3589 .ﬁliam
2152 3532 2367 3605 sacpius
2400 3534 2760 3603 nominando
2791 3539 3011 3594 vocavi.

2640 3641 2877 3680 EPHREH.

2006 3709 2093 3765 Ah
2118 3709 2130 3763 !
2166 3710 2383 3767 frustra
2412 3712 2650 3768 vocasti.

2621 3828 2894 3868 ABRAHAI.

2010 3896 2127 3952 Hoc
2159 3896 2351 3952 adhuc
2385 3914 2499 3953 non
2533 3898 2711 3967 sensi,
2747 3901 2847 3956 sed
2881 3918 2986 3957 cur
3017 3902 3384 3976 negligenter
3407 3905 3466 3960 in
3498 3904 3586 3961 di-

1938 3986 2090 4053 vinis
2139 3991 2337 4059 ageret
2384 3989 2623 4062 rogavi;
2658 3991 2758 4045 sed
2812 4007 2916 4048 nec
2961 3991 3102 4049 levis
3149 3992 3431 4051 tinnitum
3460 4011 3588 4050 res-

1939 4076 2107 4149 ponsi
2139 4077 2349 4150 recepi.

2643 4196 2877 4235 EPHREM.

2011 4265 2081 4320 Et
2113 4265 2254 4336 quid
2287 4269 2426 4321 tunc
2457 4266 2691 4324 fecisti?

2196 4354 2199 4359 ’
2626 4374 2898 4412 mnuum.

2014 4443 2121 4499 Ubi
2152 4443 2357 4499 abesse
2387 4461 2562 4516 quam
2595 4446 2927 4515 qnmrebam
2959 4447 3338 4519 deprehendi,
3368 4448 3592 4503 viscera

1942 4531 2411 4588 diseuticbantur
2476 4532 2705 4598 timore,
2768 4534 3034 4590 membra
3112 4538 3591 4590 contremuerunt

1941 4621 2171 4694 pavore.
3436 4622 3443 4627 ’

2644 4737 2884 4776 EPHREM.

2011 4811 2125 4867 Nec
2158 4810 2396 4865 mirum.
2431 4809 2597 4865 Certe
2625 4812 2682 4864 et
2711 4826 2818 4881 ego
2849 4810 2905 4864 id
2946 4809 3141 4881 ipsum
3194 4827 3349 4866 nunc
3401 4809 3592 4882 patior

1941 4898 2251 4957 audiendo.
3459 4892 3463 4905 θ

2610 5011 2872 5069 multum.

2006 5087 2226 5144 Deinde
2275 5084 2568 5141 ﬂebilibus
2619 5084 2779 5140 sonis
2830 5102 3004 5141 auras
3061 5086 3264 5159 pollui,
3322 5086 3585 5159 rogitans

1933 5177 2066 5250 quis
2096 5175 2272 5254 lupus
2301 5189 2495 5229 meam
2528 5190 2743 5245 agnam
2775 5178 3026 5246 raperet,
3053 5176 3188 5248 quis
3216 5175 3367 5232 latro
3400 5190 3590 5231 meam

1916 5265 2122 5340 ,ﬁliam
2153 5262 2472 5335 captivaret
2489 5262 2517 5315 ?

2116 5422 2119 5423 ,
2641 5378 2880 5419 EPHREM.

2010 5453 2150 5510 Jure
2181 5453 2536 5522 conquestus
2586 5448 2750 5505 fuisti
2792 5452 2920 5523 ejus
2971 5454 3379 5525 perditionem,
3413 5462 3589 5525 quam

1940 5540 2260 5598 nutrivisti.

2628 5654 2897 5695 ᾹΒΠΑΠΛΜ.

2010 5727 2272 5782 Tandem
2304 5729 2677 5779 accesserunt
2708 5727 2806 5797 qui
2842 5727 3141 5782 veritatem
3178 5724 3425 5780 scientes
3457 5734 3578 5774 rem
