3900 6360
80 417 219 478 1021

747 564 1045 604 ΛΒΚΑΗΛΜ.

144 638 350 711 Magna
397 635 506 693 tibi
566 654 670 709 pro
720 636 892 693 hilari
948 637 1317 709 susceptione
1369 637 1570 705 debeo,
1623 636 1724 692 sed

82 727 265 784 adhuc
294 726 523 799 majora
551 743 586 783 a
616 730 672 782 te
705 731 932 798 expeto.

689 831 1105 871 STABULARIUS.

146 907 278 973 Qua:
306 904 465 962 voles
497 907 565 961 ut
595 921 1016 961 concessurum
1052 904 1330 977 efllagita.

746 1010 1045 1050 ABRABAM.

142 1084 348 1157 Accipe
376 1083 491 1140 vile
539 1098 759 1139 munus
808 1083 963 1155 quod
1003 1084 1219 1152 defero,
1252 1088 1309 1139 et
1339 1086 1427 1141 fac
1477 1088 1542 1139 ut
1589 1100 1725 1156 per-

74 1172 337 1247 pulchra,
371 1188 552 1244 quam
595 1176 790 1228 tecum
820 1172 1116 1228 obversari
1148 1173 1505 1245 experiebar,
1530 1172 1725 1245 puella

75 1265 269 1319 nostro
299 1260 539 1318 intersit
568 1260 853 1317 convivio.

686 1366 1079 1407 STABULARIUS
1088 1392 1099 1405 .

139 1441 254 1498 Cur
280 1439 445 1497 illam
476 1440 778 1496 desideras
808 1439 1001 1495 videre
1022 1441 1050 1494 ?

744 1541 1036 1586 ABRAKAII.

135 1619 282 1686 Quia
326 1617 586 1674 nimium
615 1617 873 1674 delector
919 1618 979 1673 in
1025 1618 1154 1689 ejus
1200 1618 1515 1689 agnitione,
1550 1621 1720 1691 cujus

65 1707 573 1780 pulchritudinem
596 1725 631 1764 a
650 1706 923 1780 pluribus
944 1706 1171 1763 laudari
1195 1707 1505 1764 audiebam
1530 1709 1723 1781 saepis-

67 1796 231 1853 sime.

693 1896 1090 1941 ετΔΒυιΑιιιυδ.

135 1971 418 2046 Quisquis
462 1972 735 2029 laudator
775 1974 903 2045 ejus
948 1973 1146 2029 forma:
1191 1975 1431 2044 exstitit,
1465 1976 1611 2031 nihil
1642 1977 1721 2033 fe-

70 2061 231 2117 fellit.
259 2062 413 2119 Nam
446 2062 716 2136 pramitet
743 2067 990 2118 venusta
1017 2062 1184 2119 vultu
1216 2081 1331 2137 prce
1362 2066 1569 2122 ceteris
1602 2083 1727 2123 mu-

68 2150 329 2208 lieribus.

748 2254 1039 2298 ΔΒΒΑῙῙΔΠ.

136 2331 269 2387 Ideo
299 2331 481 2387 ardeo
511 2329 572 2386 in
605 2330 735 2403 ejus
765 2347 985 2387 amore.

697 2434 1004 2477 ITABULAM
1017 2435 1096 2477 US.

136 2506 312 2567 Miror
343 2513 404 2566 te
437 2508 496 2564 in
529 2509 824 2582 decrepita
844 2514 1142 2566 senectute
1164 2510 1492 2582 juvencula:
1526 2510 1731 2566 mulie-

68 2597 145 2654 ris
177 2615 449 2655 amorem
480 2597 725 2671 spirare.

748 2700 1042 2744 ABRAIIAI.

136 2776 406 2834 Percerte
437 2775 662 2834 nullius
689 2775 843 2834 alius
873 2777 954 2833 rei
987 2794 1166 2835 causa
1185 2779 1429 2848 accessi,
1453 2778 1565 2834 nisi
1598 2795 1727 2835 eam

70 2863 326 2923 videndi.

729 2955 957 3012 SCENA
986 2954 1082 3011 VI.

702 3058 946 3103 STABULA
955 3060 1011 3101 ιιι
1018 3059 1102 3101 US.

143 3133 418 3202 Procede,
474 3133 679 3202 Maria,
729 3133 935 3206 tuique
982 3134 1478 3206 pulchritudinem
1530 3140 1729 3193 nostro

73 3221 361 3295 neophyto
394 3223 661 3279 ostende.

732 3310 834 3367 88
865 3325 1060 3368 nam.

134 3399 277 3456 Ecce
308 3399 504 3457 venio.

745 3503 1038 3547 ABRABAI.

131 3579 268 3644 Qua:
299 3577 546 3647 ﬁducia,
581 3594 711 3651 qua:
756 3579 1088 3634 constantia
1126 3580 1341 3635 mentis
1392 3581 1538 3635 mihi
1591 3585 1724 3653 post

62 3665 200 3735 hanc,
234 3685 375 3724 cum
410 3667 588 3735 hanc,
621 3684 801 3739 quam
850 3668 1066 3723 nutrivi
1118 3668 1176 3722 in
1226 3669 1405 3725 eremi
1438 3668 1720 3737 latibulis,

61 3756 390 3813 meretricio
426 3754 593 3811 vultu
639 3760 903 3812 ornatam
955 3756 1296 3829 conspicio?
1346 3759 1456 3814 Sed
1489 3776 1603 3814 non
1636 3763 1726 3815 est

59 3847 291 3917 tempus
342 3848 419 3901 ut
465 3845 872 3918 prasfiguretur
902 3845 961 3900 in
1004 3846 1149 3901 faeie
1179 3847 1334 3918 quod
1386 3852 1617 3903 tenetur
1662 3847 1722 3903 in

58 3933 249 3988 corde.
302 3934 703 4005 Erumpentes
752 3932 1044 4007 lacrymas
1090 3934 1336 3991 viriliter
1380 3936 1624 4009 stringe,
1665 3941 1723 3992 et

56 4021 341 4079 simulata
379 4020 590 4078 vultus
632 4020 929 4078 hilaritate
976 4022 1219 4080 internae
1268 4025 1721 4082 amaritudinem

59 4109 492 4168 mmstitudinis
525 4114 790 4184 contego.

688 4213 1089 4258 STABULABIUS.

129 4288 461 4346 Fortunata
490 4288 695 4359 Maria,
717 4288 934 4355 laetare,
958 4290 1097 4362 quia
1125 4307 1240 4347 non
1264 4291 1454 4348 solum
1486 4297 1552 4348 ut
1580 4293 1724 4350 haec-

53 4380 227 4434 tenus
257 4378 350 4434 tui
385 4377 586 4446 coazvi,
620 4378 724 4434 sed
770 4378 948 4434 etiam
1006 4380 1167 4435 senio
1213 4381 1340 4453 jam
1389 4382 1635 4438 confecti
1666 4388 1723 4440 te

57 4464 303 4537 adeunt,
331 4471 394 4524 te
428 4466 503 4522 ad
534 4467 856 4523 amandum
887 4468 1213 4524 conﬂuunt.

790 4569 990 4613 ΙΔΙΠΑ.

1125 414 1500 476 COMEDUE
1546 412 1721 474 SEX.
1754 444 1833 458 —
1860 412 1964 475 IV.
2014 415 2433 477 ABRAHAM.

1752 545 1809 615 A

1751 1920 1803 1987 Β

3334 416 3486 476 1022

2513 561 2736 606 ΔΒΗΔΒΔ
2744 564 2801 605 Ι.

1906 638 2093 708 Nunc,
2120 657 2273 695 nunc
2306 639 2732 705 simulandum,
2760 657 2915 695 nunc
2938 638 3295 695 lascivientis
3326 654 3489 695 more

1836 728 1999 801 pueri
2024 728 2176 801 jocis
2210 729 2572 795 instandum,
2604 745 2674 784 ne
2695 734 2749 784 et
2771 746 2876 800 ego
2901 747 3185 801 agnoscar
3213 747 3331 801 pra:
3362 746 3491 803 gra-

1834 818 2031 886 vitate,
2066 823 2122 874 et
2152 817 2279 890 ipsa
2309 836 2369 873 sc
2401 818 2607 873 reddat
2637 818 2902 873 latibulis
2930 835 3043 891 pra:
3075 820 3315 891 pudore.

2561 930 2757 974 IABIA.

1906 1006 2001 1061 Va:
2032 1006 2175 1061 mihi
2209 1004 2463 1061 infelici!
2517 1005 2679 1061 Unde
2716 1004 2918 1075 cecidi,
2952 1010 3008 1061 et
3037 1006 3096 1061 in
3128 1021 3306 1078 quam
3354 1023 3485 1078 per-

1835 1096 2076 1171 ditionis
2110 1096 2333 1151 foveam
2367 1095 2608 1151 corrui?

2511 1206 2802 1249 ΔΒΒΔΒΑΙ.

1906 1282 2010 1337 Hic
2042 1298 2157 1337 non
2179 1284 2271 1335 cst
2291 1283 2463 1353 aptus
2492 1279 2740 1351 querelae
2772 1278 2957 1347 locus,
2983 1280 3081 1335 ubi
3113 1280 3485 1338 convivarum

1836 1371 2080 1427 confluit
2108 1374 2445 1427 conventus.

2455 1481 2855 1524 STABULABIUS.

1904 1561 2132 1616 Domna
2171 1559 2374 1625 Maria,
2410 1574 2515 1612 cur
2564 1556 2821 1629 suspiria
2868 1556 3097 1612 trahis?
3127 1559 3240 1613 Cur
3288 1560 3490 1615 mades

1833 1649 2153 1722 lacrymis?
2197 1649 2399 1703 Nonne
2436 1664 2538 1718 per
2570 1645 2872 1701 biennium
2904 1646 2999 1701 hic
3030 1647 3489 1717 conversabaris,

1836 1743 1892 1793 et
1921 1753 2226 1809 nunquam
2256 1752 2326 1790 ex
2356 1739 2410 1789 te
2440 1735 2696 1807 gemitus
2728 1734 3013 1806 prorupit,
3048 1752 3355 1807 nunquam
3386 1736 3491 1793 tri-

1833 1827 1977 1883 stior
2006 1842 2199 1881 sermo
2232 1824 2465 1897 prodiit.

2552 1928 2751 1970 ὶίΔΠῐΔ.

1905 2006 1949 2061 Ο
1981 2006 2205 2059 utinam
2258 2002 2501 2058 fuissem
2549 2007 2683 2057 ante
2730 2004 2909 2058 trium
2962 2020 3250 2060 annorum
3299 2004 3492 2076 spatia

1834 2100 2021 2151 morte
2048 2094 2383 2164 absumpta,
2418 2110 2488 2148 ne
2522 2093 2595 2147 ad
2630 2096 2795 2147 tanta
2826 2092 3159 2149 devenirem
3190 2092 3434 2167 ﬂagitia.

2511 2204 2801 2247 ΛΒΒΔΗΔΜ.

1906 2283 2032 2338 Non
2063 2286 2131 2337 ut
2154 2286 2258 2337 tua
2286 2283 2523 2353 peccata
2549 2280 2887 2352 plangorem
2912 2281 3140 2353 adveni,
3163 2283 3265 2337 sed
3297 2286 3364 2337 ut
3390 2286 3491 2339 tuo

1829 2373 2113 2444 jungerer
2140 2370 2344 2426 amori.

2562 2471 2759 2515 IARIA.

1911 2550 2043 2606 Levi
2078 2549 2531 2621 compunctione
2558 2549 2957 2620 permovebar,
2983 2549 3112 2604 ideo
3134 2548 3276 2606 talia
3303 2550 3489 2606 fabar.

1838 2640 1947 2695 Sed
1982 2638 2294 2711 opulcmur
2336 2642 2393 2692 et
2436 2636 2724 2703 laztemur,
2760 2637 2918 2707 quia,
2949 2640 3015 2691 ut
3064 2638 3365 2710 monuisti,
3397 2639 3493 2695 hic

1838 2742 1953 2783 non
1984 2732 2073 2783 est
2102 2731 2340 2798 tempus
2371 2729 2609 2797 peccata
2638 2724 2974 2797 plangendi.

2515 2836 2805 2879 ABRAHAI.

1906 2915 2142 2972 Atl‘atim
2176 2912 2395 2979 refecti,
2429 2911 2651 2967 affatim
2694 2928 2902 2967 sumus
2942 2912 3149 2967 ebriati
3182 2917 3284 2969 tua
3313 2913 3488 2988 largi-

1838 3008 1956 3061 tate
1988 3003 2459 3068 administrante,
2495 3018 2527 3056 o
2559 3000 2706 3055 bone
2738 2999 3053 3069 stabulari;
3087 3002 3162 3057 da
3192 3001 3489 3061 licentiam

1840 3112 1873 3150 a
1903 3111 2068 3149 coma
2113 3090 2411 3163 surgendi,
2448 3106 2562 3161 quo
2610 3089 2835 3144 lassum
2868 3106 3079 3161 corpus
3127 3089 3189 3145 in
3235 3095 3490 3149 stratum

1840 3198 2188 3255 componam
2221 3178 2497 3251 dulcique
2528 3178 2723 3249 quiete
2753 3194 3028 3233 recreem.

2464 3289 2858 3333 STABULARIUS.

1905 3371 1978 3427 Ut
2004 3369 2166 3425 libet.

2561 3467 2762 3510 HABIA.

1904 3549 2109 3619 Surge,
2145 3547 2357 3601 domne
2390 3543 2491 3611 mi,
2523 3559 2725 3613 surge;
2774 3546 2963 3598 tecum
2997 3542 3215 3614 pariter
3247 3546 3484 3600 tendam

1834 3638 1906 3693 ad
1939 3635 2149 3692 cubile.

2509 3732 2804 3775 ΛΒΒΑΠΔΠ.

1905 3813 2117 3869 Placet.
2151 3810 2497 3866 Nullatenus
2527 3806 2653 3880 cogi
2694 3822 2926 3878 possem
2972 3810 3037 3862 ut
3068 3811 3123 3863 te
3152 3824 3269 3863 non
3300 3810 3481 3865 comi-

1832 3906 1990 3959 tante
2026 3900 2263 3957 exirem.

2464 3986 2692 4041 SCENA
2729 3984 2853 4041 VII.

2553 4090 2751 4132 ΗΔΒῙΑ.

1902 4178 2047 4233 Ecce
2075 4174 2398 4231 triclinium
2429 4173 2501 4228 ad
2551 4171 3004 4228 inhabitandum
3034 4173 3135 4228 39
3167 4173 3335 4229 nobis
3380 4191 3481 4247 ap-

1831 4272 1987 4323 tum:
2022 4281 2153 4320 ecce
2183 4264 2369 4319 lectus
2400 4262 2557 4317 haud
2588 4261 2804 4317 vilibus
2836 4261 3175 4317 stramentis
3200 4264 3486 4335 composi-

1830 4361 1947 4412 tus.
1973 4355 2139 4421 Sede,
2166 4358 2231 4408 ut
2260 4352 2362 4407 tibi
2395 4350 2701 4407 detraham
2732 4349 3147 4416 ealceamenta,
3168 4355 3325 4406 netu
3356 4350 3481 4423 ipse

1830 4443 2090 4516 fatigeris
2122 4439 2548 4497 discalceando.

2504 4549 2794 4592 ABBAUAI.

120 4643 485 4716 Quicunque
525 4659 621 4700 me
650 4643 906 4719 diligunt
937 4646 1219 4717 aequalem
1270 4648 1488 4705 amoris
1534 4650 1718 4707 vicem
1748 4657 1799 4723 Ι)
1901 4628 2061 4723 Μυηί
2094 4624 2259 4723 illius
2292 4624 2437 4682 seris
2464 4623 2705 4691 03mm,
2739 4639 2811 4678 ne
2855 4622 2990 4694 qni”
3021 4621 3354 4677 introeundi
3388 4621 3475 4675 in'

49 4746 83 4786 a
110 4747 206 4789 me
235 4733 561 4806 recipiunt.

740 4835 1033 4881 ΔΒΒΔΒΔΠ.

114 4910 369 4981 Accede,
405 4910 614 4981 Maria,
646 4914 705 4967 et
733 4911 810 4967 da
841 4911 985 4968 mihi
1018 4912 1311 4969 osculum.

790 5022 870 5066 IA
914 5023 987 5066 ῙΑ.

118 5095 247 5151 Non
280 5095 486 5153 solum
517 5096 715 5152 dulcia
755 5025 960 5155 osctila
997 5099 1216 5168 libabo,
1245 5102 1347 5156 sed
1385 5102 1561 5159 etiam
1594 5121 1717 5161 cnc-

49 5182 172 5240 bris
202 5184 401 5241 senile
433 5184 653 5241 collum
684 5186 1055 5259 amplexibus
1086 5187 1374 5245 mulcebo.

740 5299 1031 5343 ABBAHAI.

116 5354 238 5411 Hoc
267 5353 432 5413 volo.

834 5460 905 5502 Αιι
934 5460 986 5502 Δ.

111 5532 265 5597 Quid
300 5532 543 5591 sentio?
587 5535 738 5601 Quid
771 5461 1075 5608 stupenda:
1119 5537 1393 5593 novitatis
1423 5543 1714 5611 gustando

42 5617 294 5680 haurio?
324 5623 501 5693 Ecce,
525 5624 670 5680 odor
699 5624 873 5680 istius
902 5624 1233 5698 fragrantia:
1260 5629 1569 5697 praetendit
1597 5630 1714 5686 fra-

40 5710 343 5779 grantiam
378 5710 529 5769 mihi
562 5712 860 5784 quondam
887 5714 1114 5771 usitatae
1145 5714 1534 5773 abstinentiae.

1829 4718 2021 4776 veniat
2049 4717 2296 4773 aditum.

2552 4816 2748 4858 ΙίΔΒΙΔ.

1900 4899 2086 4970 Super
2115 4896 2226 4951 hoc
2257 4911 2329 4949 ne
2358 4890 2718 4955 solliciteris;
2754 4889 2965 4946 faciam
2998 4891 3064 4945 ut
3088 4888 3234 4945 nulli
3266 4890 3340 4946 ad
3372 4907 3479 4947 nos

1826 4987 2122 5044 tribuatur
2151 4998 2424 5041 accessus
2455 4979 2664 5037 facilis.

2504 5091 2795 5135 ABBABAM.

1897 5174 2155 5245 Tempus
2178 5169 2369 5225 ablato
2392 5167 2603 5239 capitis
2622 5165 2909 5222 velamine
2931 5165 3065 5238 quis
3087 5166 3200 5222 sim
3233 5168 3475 5239 aperire.

1824 5264 1867 5320 Ο
1898 5262 2170 5334 adoptiva
2198 5258 2338 5326 filia,
2372 5274 2404 5313 ο
2440 5274 2582 5311 meae
2625 5273 2762 5327 pars
2802 5255 3033 5324 anima},
3068 5255 3274 5326 Maria,
3306 5272 3481 5328 agno-

1824 5353 2015 5411 scisne
2044 5366 2136 5405 me
2167 5345 2495 5419 senem,qui
2526 5349 2581 5400 te
2612 5348 2852 5417 paterno
2885 5361 3084 5401 amore
3113 5344 3353 5414 nutrivi,
3375 5344 3477 5417 qui

1823 5447 1880 5499 te
1910 5439 2163 5498 ccelestis
2194 5436 2367 5509 Regis
2400 5434 2702 5508 unigenito
2734 5434 3122 5506 desponsavi?

2547 5546 2747 5589 ΠΔΒῘΑ.

1895 5629 1996 5685 Hei
2031 5625 2216 5682 mihi!
2253 5624 2422 5680 Pater
2450 5627 2506 5679 et
2535 5624 2818 5695 magister
2856 5640 3023 5680 meus
3062 5619 3353 5677 Abraham
3386 5636 3475 5674 est

1827 5718 1926 5790 qui
1958 5712 2238 5786 loquitur.
