3900 6360
423 399 577 460 102⁵⁵1
1223 398 1756 464 HROTSUITH/E
1800 397 2064 462 MO-NIAl

2216 392 3031 456 GANDERSHEIMENSIS.
3710 392 3844 454 1028

1097 547 1391 586 ABRAIIAM.
2104 530 2157 596 Α
2188 528 2289 585 Dei
2324 527 2556 596 Filium,
2590 527 2690 600 qui
2723 544 2840 582 non
2867 524 2992 581 vult
3020 524 3207 598 perire
3237 540 3387 598 quos
3419 524 3516 581 sui
3564 522 3755 582 sacro
3777 543 3839 582 re-

492 621 654 677 Unde
684 621 744 675 in
776 619 877 675 illa
906 623 1069 675 tanto
1093 619 1320 690 justius
1349 619 1646 688 laudatur,
1671 622 1891 692 quanto
1922 618 2077 675 ultra
2187 617 2372 673 demit
2402 615 2708 690 sanguine.

423 710 534 766 resi
541 708 687 781 pisci
718 724 891 781 posse
920 708 1359 781 desperabatur.
2861 720 3159 759 ABRAHAM.

1120 815 1375 855 EPBREM.
2185 794 2304 868 Ipsi
2333 795 2540 865 honor,
2572 792 2759 867 gloria
2788 796 2845 849 et
2867 792 3143 865 jubilatio
3174 808 3279 865 per
3325 790 3569 847 infinita
3620 790 3841 847 saecula.

491 886 980 959 Congratulantes
1000 886 1331 954 laudemus,
1349 886 1657 942 laudantes
1680 885 2078 959 gloriﬁcemus
2183 885 2390 939 Amen.

421 975 793 1049 unigenitum
824 980 881 1032 et
908 976 1324 1045 venerabilem,
1349 975 1629 1031 dilectum
1651 980 1709 1030 et
1729 974 2075 1030 clementem

418 1148 3845 1179 Μ

1550 1327 2709 1637 PAPHD‘lfUTIUS

1206 1858 2010 1973 ARGUMENTUM
2076 1859 2198 1970 IN
2265 1857 3026 1970 PAPHNUTIUM

481 2067 787 2126 Conversio
819 2066 1061 2123 Thaidis
1094 2064 1633 2138 meretricis,quam
1668 2064 2034 2138 Paphnutius
2063 2065 2327 2138 eremita,
2363 2080 2525 2136 aeque
2558 2068 2623 2138 ut
2650 2064 2969 2138 Abraham,
3001 2066 3113 2138 sub
3147 2065 3341 2138 'specie
3364 2065 3583 2138 adiens
3615 2070 3836 2123 amato-

411 2143 493 2198 ris
525 2139 822 2208 convertit,
857 2142 913 2193 et
944 2139 1079 2211 data
1113 2136 1453 2211 poenitentia
1473 2135 1588 2211 per
1616 2135 2100 2211 quinquennium
2123 2137 2184 2191 in
2216 2135 2468 2211 angusta
2499 2135 2712 2211 cellula
2742 2135 3061 2211 conclusit,
3091 2135 3280 2211 donec
3327 2137 3515 2211 digna
3568 2138 3837 2195 satisfac-

408 2215 568 2270 tione
598 2212 713 2267 Dco
746 2207 1139 2276 reConeiliata‘,
1174 2208 1381 2280 quinta
1411 2207 1646 2264 decima
1670 2207 1917 2280 peracta:
1949 2207 2450 2281 pcenitentizeﬁdic,
2487 2207 2841 2265 obdormivit
2872 2208 2933 2264 in
2966 2207 3215 2267 Christo.

1702 2444 2452 2518 INTERLOCUTORES
2510 2470 2530 2514 :

914 2584 1392 2653 PAPHNUTIUS,
1426 2597 1729 2654 mscxpum,
1763 2583 2000 2655 THAIS,
2029 2601 2272 2643 JUVENES
2312 2600 2596 2654 AMANTES,
2628 2584 3016 2679 ANTONIUS,
3051 2583 3351 2640 PAULUS.

1077 2764 1306 2820 SCENA
1341 2764 1386 2818 l.
2089 2776 2138 2843 Β
2803 2779 3189 2821 PAPHNUTIUS.

1014 2854 1116 2910 43
1147 2869 1452 2908 mscmum.
2247 2853 2475 2910 Omnis.

476 2948 593 3004 Cur
631 2947 972 3014 obscurum,
1009 2944 1197 3011 Pater,
1228 2941 1457 2999 vultum
1508 2959 1614 2997 nec
1662 2941 1832 2999 solito
1881 2941 2060 3013 geris,

2852 2958 3159 2999 DISCIPULI.

409 3036 724 3111 Paphnuti,
754 3031 1073 3092 serenum?
2244 3032 2353 3099 Qui
2382 3035 2575 3104 potest
2607 3030 2775 3088 ﬁeri?
2825 3106 2828 3107 ν

1040 3147 1430 3187 PAPHNUTIUS.
2806 3135 3192 3176 PAPHNUTIUS.

476 3227 659 3297 Cujus
689 3240 788 3279 cor
817 3219 1228 3287 contristatur,
1243 3220 1371 3290 ejus
1393 3224 1451 3274 et
1471 3209 1668 3275 vultus
1688 3219 2058 3275 obscuratur.
2245 3210 2317 3266 Ut
2347 3210 2569 3284 placuit
2597 3209 2873 3267 Creatori.

1071 3324 1379 3363 DISCIPULI.
2839 3314 3150 3355 DISCIPULI.

475 3405 583 3460 Pro
616 3420 733 3475 qua
762 3417 823 3457 re
854 3397 1269 3456 centristaris?
2242 3389 2368 3445 Non
2401 3390 2687 3463 sapimus.

1041 3503 1428 3543 PAPHNUTIUS.
2806 3493 3191 3534 PAPHNUTIUS.

475 3583 582 3641 Pro
614 3580 835 3653 injuria
867 3575 1147 3636 Factoris.
2242 3569 2370 3625 Non
2399 3568 2636 3626 obvium
2667 3571 2757 3624 est
2789 3566 3184 3640 perpluribus.

1082 3691 1386 3733 DISCIPULI.
2842 3673 3149 3714 DISCIPULI.

475 3774 610 3840 Quae
640 3770 762 3827 haec
792 3763 1054 3840 injuria?
2242 3747 2497 3821 Expone.

1044 3871 1429 3913 PAPHNUTIUS.
2805 3849 3190 3893 PAPHNUTIUS.

477 3954 674 4025 Ipsam
706 3965 885 4022 quam
917 3965 952 4004 a
981 3944 1215 4019 propria
1255 3944 1476 4016 patitur
1525 3948 1793 4000 creatura
1843 3944 1916 4001 ad
1968 3944 2061 4000 sui

2242 3925 2552 3983 Intendite.

405 4040 727 4113 imaginem
759 4036 1015 4094 condita.
2256 4106 2268 4113 Δ
2568 4107 2577 4113 .
2798 4107 2807 4113 ⁵
2840 4028 3147 4070 DISCIPULI.

1083 4148 1388 4189 DIsclpuu,
2087 4149 2131 4218 ϐ
2239 4106 2320 4160 Ac
2351 4107 2624 4177 prompta
2654 4107 2871 4218 mente,

479 4232 766 4294 Terruisti
795 4249 902 4289 nos
932 4230 1112 4287 dictu.

2803 4206 3187 4248 PAPHNUTIUS.

512 4316 525 4327 ”
1041 4335 1425 4376 PAPHNUTIUS.

2241 4284 2404 4340 Sicut
2431 4283 2589 4340 enim
2621 4282 2812 4354 major
2841 4281 3105 4338 mundus
3132 4296 3201 4337 ex
3229 4284 3488 4353 quatuor
3517 4283 3820 4340 contrariis

2170 4371 2496 4441 elementis,
2530 4371 2631 4429 sed
2661 4370 2735 4427 ad
2764 4373 2967 4425 votum
3000 4367 3292 4427 Creatoris
3320 4370 3662 4428 secundum
3701 4371 3819 4428 har-

2172 4462 2475 4519 monicam~
2494 4459 2956 4518 moderationem
2988 4458 3483 4516 concordantibus
3503 4461 3819 4534 perficitur,

2170 4552 2256 4609 ita
2284 4555 2343 4609 et
2372 4550 2548 4607 homo
2578 4566 2695 4607 non
2726 4548 2920 4606 solum
2970 4549 3043 4605 ab
3093 4546 3317 4604 eisdem
3359 4546 3704 4621 elementis,
3735 4547 3820 4606 sed

2171 4640 2349 4698 etiam
2379 4655 2450 4696 ex
2480 4637 2670 4712 magis
2699 4636 3010 4694 contrariis
3040 4635 3308 4709 partibus
3338 4640 3680 4710 coaptatur.

481 4417 642 4474 Licet
672 4413 774 4471 illa
802 4409 1189 4486 impassibilis
1220 4409 1501 4480 majestas
1534 4408 1687 4464 affici
1720 4426 1834 4464 non
1875 4408 2064 4481 possit

410 4504 665 4579 injuriis,
698 4508 918 4570 tamen,
954 4504 1020 4557 ut
1048 4498 1295 4556 affectus
1326 4501 1539 4555 nostrae
1572 4497 1907 4570 fragilitatis
1939 4514 2062 4555 me-

408 4594 709 4668 taphorice
738 4591 1090 4649 transferam
1124 4587 1183 4643 in
1214 4587 1421 4655 Deum,
1456 4603 1581 4659 quae
1613 4588 1803 4659 major
1845 4585 2063 4659 injuria

410 4685 524 4741 dici
556 4686 768 4757 potest,
802 4696 1001 4754 quam,
1036 4677 1192 4750 quod
1227 4677 1356 4748 ejus
1380 4675 1646 4748 imperio,
1666 4676 1837 4748 cujus
1859 4676 2066 4749 guber-

411 4742 638 4829 naculis
688 4742 878 4843 major
926 4742 1188 4824 mundus
1245 4742 2060 4838 obtemperanter—subditur,

2847 4742 3157 4783 DISCIPULI.

2245 4820 2311 4843 1m
2348 4818 2482 4843 ---ελ
2517 4817 2705 4843 .........:..
2740 4814 3097 4843 -..ῆι-κάη...
3133 4828 3157 4843 Α

413 4813 1706 4918 ἔξῐυιέιῷἱέὲῖᾶξῖν””¹”“’“’““
1765 4813 2060 4836 ’“”“”“”
2245 4820 2316 4877 Et
2345 4818 2487 4891 quid
2517 4817 2707 4891 magis
2738 4814 3101 4873 contrarium
3132 4828 3311 4888 quam
3339 4813 3684 4874 elementa?

1083 4960 1391 5001 mscmuu.
2255 4997 2284 5001 A
2536 5000 2539 5001 ν
2663 4995 2673 5001 ,
2807 4921 3172 5001 “1’3"?ng
3179 4946 3193 4959 '

485 5037 625 5104 Quis
656 5042 746 5093 est
776 5038 968 5093 minor
999 4992 1307 5090 ιηιῑτίῐῖῐέεῑ
2179 5092 2189 5104 .
2247 4997 2551 5104 om”?
2580 4994 3158 5104 refeceris}???
3185 4992 3817 5104 Elysium???

1048 5138 1431 5179 PAPIINUTIUS.

2176 5092 2373 5143 tamen
2404 5088 2546 5141 sunt
2576 5082 2933 5157 corporalia;
2957 5082 3157 5139 anima
3185 5098 3292 5138 nec
3312 5080 3611 5153 mortalis,
3636 5086 3701 5139 ut
3719 5096 3820 5137 cor

488 5215 690 5270 Homo.
1048 5171 1063 5178 -
1158 5171 1431 5179 "nu-"-
2175 5193 2307 5249 PUS,
2340 5190 2449 5231 nec
2478 5191 2692 5246 corpus
2725 5172 3011 5246 Spiritale,
3044 5176 3109 5227 ut
3139 5171 3360 5228 anima.

1088 5324 1394 5365 DlSCIPULI.
2847 5277 3159 5319 DISCIPULI.

487 5413 672 5467 Homo
687 5407 715 5463 ?
2250 5395 2352 5410 “’“”

2811 5462 3198 5505 PAPIINUTIUS.

1050 5519 1433 5560 PAPHNUTIUS-
2094 5523 2142 5587 D
2246 5540 2304 5595 Si
2336 5542 2533 5595 tamen
2565 5536 2901 5595 dialecticos
2932 5536 3257 5595 sequimur.
3284 5551 3392 5593 nec
3413 5534 3517 5594 illa
3542 5529 3779 5595 contraxi

2998 5537 3257 5610 quimur,
3284 5551 3392 5593 nec
3413 5537 3517 5594 illa
3542 5537 3810 5595 contraria

491 5609 686 5681 Porro.
2183 5646 2312 5686 esse
2341 5627 2615 5684 fatemur.

1089 5716 1391 5760 DISCIPULI.
2858 5731 3165 5773 DISCIPUIJ.

493 5803 632 5875 Quis
662 5799 881 5862 homo?
2248 5808 2319 5864 Et
2348 5805 2483 5882 quis
2514 5808 2707 5881 potest
2737 5805 2993 5881 negare?
