3900 6364
60 409 221 470 1029

713 557 1098 600 PAPHNUTIUS.

141 631 254 699 Qui
286 630 594 687 dialectice
625 632 735 687 scit
766 632 1092 704 disputare,
1123 633 1264 704 quia
1303 633 1447 689 asiae
1476 630 1619 685 nihil
1652 636 1740 688 est

68 720 459 789 contrarium,
495 720 599 777 sed
632 721 980 792 receptatrix
1005 726 1093 776 est
1123 720 1574 777 contrariorum.

757 827 904 865 DXSCI
914 826 985 865 PU
994 827 1043 865 LI
1053 851 1066 864 .

142 899 295 966 Quid
330 898 442 954 sibi
471 898 598 954 vult
627 900 782 971 quod
808 899 1329 967 dixisti,sccundum
1360 898 1736 954 harmonicam

68 989 504 1046 moderationem
522 992 548 1042 .9

713 1094 1101 1133 PAPHNUTIUS.

143 1170 208 1225 Id
243 1167 493 1235 scilicet,
515 1167 693 1238 quod,
715 1167 869 1220 sicut
900 1166 1082 1238 pressi
1116 1164 1577 1235 cxcellentesque
1610 1163 1738 1219 soni

73 1256 418 1315 harmonice
452 1256 751 1326 conjuncti
778 1256 1060 1327 quiddam
1084 1253 1397 1327 perﬁciunt
1418 1253 1734 1321 musicum,

72 1350 155 1404 ita
204 1347 451 1401 dissona
508 1344 797 1400 elementa
855 1344 1267 1399 convenienter
1322 1342 1739 1399 concordantia

74 1451 262 1495 unum
295 1433 610 1507 perﬁciunt
641 1434 952 1489 mundum.

759 1538 1065 1579 DISCIPULI.

145 1615 367 1671 Mirum
396 1613 693 1685 quomodo
725 1612 967 1668 dissona
1006 1612 1343 1668 concordari
1374 1611 1463 1668 vel
1493 1627 1736 1668 concor-

74 1704 275 1763 dantis
307 1702 542 1777 possint
571 1701 812 1757 dissona
837 1701 973 1757 dici.

715 1807 1100 1846 PAPHNUTIUS.

1079 408 1489 471 COMOEDI/E
1535 408 1700 469 SEX.
1737 445 1810 453 —
1845 412 1916 471 V.
1960 412 2491 478 PAPHNU’I‘IUS.

1761 547 1819 615 Α

3341 424 3495 486 1030

2521 565 2824 606 DISCIPULI.

1918 638 1988 693 Et
2017 653 2143 710 quae
2168 636 2452 692 distantia
2475 637 2627 693 inter
2656 643 2773 695 trcs
2793 640 2821 695 ‘I

2479 744 2859 784 PAPHNUTIUS.

1918 815 2113 871 Prima
2143 813 2358 869 dicitur
2415 816 2716 871 mundana
2767 817 2887 873 sive
2932 818 3204 888 cmlestis,
3238 824 3497 878 secunda

1846 904 2146 957 mundana
2179 904 2302 973 (leg.
2338 902 2641 976 humana),
2681 906 2872 975 tertia,
2906 924 3033 978 quae
3082 908 3493 968 instrumentis

1846 996 2161 1047 exercetur.

2518 1099 2823 1139 DISCIPULI.

1887 1165 1890 1169 ’
1918 1169 1978 1223 In
2012 1187 2126 1240 quo
2158 1172 2387 1225 constat
2418 1170 2666 1226 cmlestis
2686 1173 2714 1227 ?

2482 1276 2865 1315 ΡΑΡιιΝυτιυε.
3130 1320 3133 1321 ,

1919 1346 1983 1400 In
2015 1350 2239 1418 septem
2273 1346 2523 1419 planetis
2556 1354 2613 1403 et
2645 1350 2704 1403 in
2733 1350 2953 1405 cmlesti
2984 1353 3231 1424 sphazra.

2526 1454 2831 1494 DISCIPULI.
2906 1460 2909 1463 ’

1919 1524 2222 1590 Quomodo
2244 1525 2271 1579 ?

2480 1633 2863 1674 PAPHNUTIUS.

1918 1702 1996 1757 Eo
2025 1702 2292 1759 videlicet
2325 1722 2439 1777 quo
2471 1703 2572 1761 illa
2618 1722 2743 1777 qum
2784 1707 2845 1763 in
2877 1708 3326 1782 instrumentis;
3362 1714 3502 1786 quia

1848 1794 1932 1845 tot
1956 1792 2149 1863 spatia
2192 1809 2363 1864 pares
2401 1795 2840 1866 productioncs,
2872 1798 3087 1853 cmdem
3136 1801 3498 1874 symphonia

146 1883 297 1951 Quia
328 1880 477 1936 nihil
509 1896 579 1936 ex
609 1879 903 1936 similibus
934 1880 1202 1953 componi
1249 1880 1499 1945 videtur,
1535 1894 1641 1934 nec
1670 1894 1738 1933 ex
1767 1923 1815 1987 B
1847 1879 2215 1951 reperiuntur
2246 1882 2302 1935 in
2338 1882 2429 1938 his
2458 1899 2583 1954 qua:
2617 1888 2674 1938 et
2706 1884 2764 1939 in
2793 1885 3048 1942 chordis.

77 1973 189 2041 his,
223 1989 353 2044 qua:
387 1969 554 2027 nulla
585 1969 828 2025 rationis
860 1970 1232 2042 proportione
1256 1970 1676 2041 junguntur,ct
1706 1983 1740 2022 a

76 2079 137 2120 se
168 2060 332 2118 omni
366 2060 708 2117 substantia
737 2064 1064 2131 naturaque
1096 2059 1347 2115 discreta
1378 2061 1536 2113 sunt.

687 2152 791 2206 44
827 2164 1128 2206 mscxpuu.

146 2240 300 2309 Quid
332 2243 429 2296 est
460 2236 733 2295 musica?

717 2352 1103 2392 PAPHNUTIUS.

154 2426 487 2501 Disciplina
517 2442 637 2483 una
666 2425 737 2481 de
767 2423 1148 2497 philosophias
1179 2423 1518 2496 quadruvio.

759 2530 1067 2570 DISCIPULI.

150 2608 298 2677 Quid
330 2610 432 2664 est
455 2605 565 2662 hoc
596 2603 752 2677 quod
784 2602 933 2659 dicis
960 2602 1352 2675 quadruvium
1373 2602 1401 2656 ‘I

717 2710 1104 2749 PAPHNUTIUS.

148 2786 557 2854 Arithmetica,
591 2782 965 2857 geometrica,
999 2782 1246 2852 musica,
1278 2780 1689 2839 astronomica.

757 2886 1060 2929 DlSCIPULI.

152 2966 266 3022 Cur
293 2962 689 3038 quadruvium
713 2961 742 3017 ?

720 3075 1103 3116 PAPHNUTIUS.

154 3152 317 3220 Quia,
340 3150 501 3208 sicut
530 3166 564 3205 a
596 3149 919 3221 quadruvio
952 3147 1286 3214 semitae,ita
1315 3146 1388 3203 ab
1418 3162 1535 3202 uno
1557 3145 1741 3218 philo~

91 3241 297 3313 sophia:
328 3237 623 3313 principio
672 3237 883 3293 harum
941 3235 1388 3308 disciplinarum
1449 3236 1738 3306 prodeunt

90 3330 524 3403 progressiones
555 3330 743 3383 rectm.

763 3440 1065 3480 DISCIPULI.

153 3516 437 3573 Veremur
469 3512 752 3587 quiddam
813 3512 1218 3584 investigando
1250 3512 1502 3584 rogitare
1531 3512 1603 3567 de
1633 3511 1737 3567 tri-

90 3604 356 3677 bus,quia
386 3599 975 3675 captaa-scrupulum
1006 3598 1426 3671 disputationis
1456 3598 1736 3671 capedine

90 3694 294 3751 mentis
322 3694 419 3750 vix
450 3693 757 3765 penetrare
787 3687 1045 3760 quimus.

716 3794 1099 3835 PAPHNUTIUS.

156 3871 397 3928 Difﬁcile
425 3873 627 3942 captu.

752 3981 1058 4022 DISCIPULI.

153 4056 252 4113 Dic
278 4057 451 4113 nobis
480 4055 552 4111 de
572 4070 641 4110 ea
665 4053 1351 4126 superﬁcietenus,cujus
1373 4053 1729 4112 mentionem

88 4142 142 4199 in
170 4144 437 4217 praesenti
468 4142 738 4200 fecimus.

710 4248 1094 4289 PAPHNUTIUS.

152 4322 467 4397 Perparum
499 4322 692 4379 dicere
717 4321 858 4390 scio,
892 4322 1033 4393 quia
1077 4322 1404 4381 eremicolis
1449 4328 1539 4380 est
1570 4324 1727 4383 inco-

86 4410 261 4480 gnita.

752 4524 977 4567 DISCIPU
985 4525 1055 4564 LI.

154 4598 296 4666 Quid
323 4598 493 4673 agit?

712 4713 1090 4753 PAPHNUTIUS.

152 4791 368 4853 Musioa
379 4796 408 4851 ‘2

744 4909 1052 4951 DISCIPULI.

154 4986 297 5059 Ipsa.

704 5106 1085 5146 PAPHNUTIUS.

151 5173 412 5249 Disputat
438 5178 510 5234 de
541 5178 723 5234 sonis.
808 5176 809 5179 “

746 5284 1051 5325 DISCIPULI.

151 5350 348 5412 Utrum
378 5360 470 5414 est
500 5373 638 5426 una,
673 5374 747 5416 an
778 5357 977 5430 plures
998 5358 1027 5413 ?

702 5463 1090 5503 PAPHNUTIUS.

152 5527 285 5587 Tres
313 5548 443 5590 esse
473 5533 791 5603 dicuntur;
815 5535 916 5591 sed
950 5551 1314 5606 unaquaeque
1343 5536 1566 5592 ratione
1587 5554 1719 5610 pro-

90 5616 517 5681 portionationis
548 5621 714 5679 alteri
745 5623 829 5679 ita
856 5622 1256 5695 conjungitur,
1282 5626 1347 5677 ut
1377 5624 1533 5680 idem
1564 5627 1719 5698 quod

91 5704 283 5761 accidit
311 5709 413 5766 uni
442 5727 557 5766 non
588 5713 753 5771 deest
781 5710 968 5772 alteri.

1755 4666 1805 4733 D

2525 1989 2829 2029 DISCIPULI.

1921 2059 2067 2124 Quid
2101 2064 2238 2115 sunt
2266 2061 2456 2132 spatia
2478 2061 2505 2115 ‘?

2481 2169 2863 2210 PAPHNUTIUS.

1921 2235 2347 2308 Dimensiones,
2390 2257 2516 2312 qua:
2576 2246 2967 2300 numerantur
3028 2244 3178 2301 inter
3236 2247 3500 2320 planetas

1850 2323 1969 2380 sive
1999 2325 2152 2382 inter
2182 2327 2450 2386 chordas.

2526 2436 2831 2478 DISCIPULI.

1921 2503 1989 2558 Et
2017 2504 2159 2575 quid
2192 2507 2649 2577 productiones?

2484 2615 2869 2657 PAPHNUTIUS.

1919 2682 2080 2737 Idem
2113 2684 2272 2755 quod
2302 2686 2445 2741 toni.

2525 2793 2829 2834 DISCIPULI.

1918 2860 2033 2916 Nec
2064 2860 2275 2919 horum
2305 2864 2514 2921 notitia
2544 2883 2649 2922 nos
2680 2866 2887 2940 tangit.

2478 2971 2861 3013 PAPHNUTIUS.

1920 3041 2118 3096 Tonus
2149 3042 2213 3096 fit
2242 3059 2310 3097 ex
2339 3043 2571 3100 duobus
2624 3044 2785 3101 sonis
2816 3049 2873 3102 et
2905 3048 3168 3119 possidet
3196 3048 3498 3112 rationem

1847 3130 2092 3201 epogdoi
2125 3132 2352 3187 numeri
2382 3132 2501 3188 sive
2533 3134 2942 3206 sesquioctavi.

2528 3240 2833 3280 DISCIPULI.

1768 3294 1814 3362 C
1923 3310 2150 3375 Quanto
2180 3311 2435 3368 velocius
2476 3315 2788 3386 praeposita
2831 3315 3236 3392 investigando
3287 3323 3502 3396 satagi-

1848 3413 1983 3453 mus
2014 3399 2285 3468 transire,
2321 3405 2482 3457 tanto
2530 3402 2861 3461 difﬁciliora
2910 3407 3080 3463 nobis
3131 3426 3247 3464 non
3278 3411 3501 3468 desinis

1848 3501 2157 3558 apponere.

2483 3595 2868 3638 PAPHNUTIUS.

1916 3665 2034 3721 Hoc
2068 3666 2246 3739 exigit
2276 3667 2619 3739 hujusmodi
2653 3670 2995 3742 disputatio.

2435 3796 2443 3804 ι
2509 3773 2822 3815 DISCIPULI.

1912 3843 2181 3902 Edissere
2211 3849 2622 3903 summotenus
2652 3846 3090 3920 aliquantulum
3123 3852 3193 3908 de
3224 3855 3497 3928 sympho-

1842 3932 1980 4005 niis,
2011 3951 2127 4007 quo
2158 3933 2355 3992 saltim
2387 3935 2646 3994 sciamus
2684 3937 3177 4010 signiﬁcationem
3210 3944 3488 4001 nominis.

2473 4042 2859 4083 PAPHNUTIUS.

1911 4113 2928 4187 Symphoniadiciturmodulationis
2939 4124 3491 4195 temperamentum.

2513 4222 2816 4265 DISCIPULI.

1907 4293 2095 4359 Quare
2113 4293 2141 4347 ‘2

2474 4400 2858 4442 PAPHNUTIUS.

1907 4470 2053 4537 Quia
2110 4488 2266 4527 nunc
2322 4475 2593 4545 quatuor,
2653 4491 2809 4531 nunc
2860 4475 3138 4548 quinque,
3173 4495 3328 4534 nunc
3358 4481 3487 4536 octo

1837 4561 1996 4616 sonis
2025 4560 2348 4632 perﬁcitur.

2511 4667 2816 4708 DISCIPULI.

1907 4738 2056 4806 Quia
2091 4742 2210 4796 tres
2266 4757 2398 4796 esse
2452 4740 2885 4813 cognoscimus,
2918 4741 3286 4815 singularum
3315 4761 3483 4803 voca-

1835 4825 1975 4884 bula
2005 4826 2343 4900 dignoscere
2375 4827 2670 4901 cupimus.

2468 4934 2852 4975 PAPHNUTIUS.

1904 5006 2100 5061 Prima
2149 5006 2368 5063 dicitur
2417 5006 2516 5063 45
2568 5006 2954 5077 diatessaron,
2999 5012 3169 5082 quasi
3219 5028 3289 5068 ex
3335 5030 3483 5087 qua-

1832 5099 1983 5163 tuor,
2019 5099 2075 5150 et
2104 5096 2363 5167 possidet
2416 5095 2850 5168 proportionem
2876 5099 3176 5172 epitritam
3206 5103 3327 5158 sive
3357 5122 3483 5160 ses~

1833 5184 2224 5255 quitertiam;
2285 5184 2542 5239 secunda
2596 5184 2886 5257 diapente,
2942 5205 3071 5260 quae
3128 5195 3360 5249 constat
3415 5210 3486 5250 ex

1832 5273 2093 5345 quinque
2110 5278 2166 5328 et
2180 5278 2270 5329 est
2297 5273 2358 5328 in
2390 5273 2613 5330 ratione
2644 5274 2903 5332 hemiolii
2936 5278 3056 5335 sive
3082 5280 3480 5353 sesquialteri;

1828 5361 2001 5418 tertia
2025 5362 2309 5433 diapason
2336 5381 2348 5433 ;
2382 5361 2505 5419 haec
2536 5363 2600 5418 ﬁt
2629 5362 2689 5418 in
2722 5364 2923 5438 duplo,
2955 5368 3373 5441 perﬁciturque
3394 5386 3480 5426 so-

1830 5450 2052 5507 nitibus
2082 5454 2232 5508 octo.

2509 5559 2816 5600 DISCIPULI.

1899 5630 2054 5685 Num
2083 5628 2312 5700 sphaera
2365 5634 2425 5686 et
2481 5630 2727 5704 planetae
2787 5636 3089 5705 proferunt
3145 5650 3376 5705 sonum,
3412 5640 3478 5692 ut

1829 5720 2164 5776 mereantur
2186 5718 2683 5792 comparationem
2715 5721 3065 5782 chordarum
3086 5722 3115 5781 Ἰ
