3900 6386
1017 563 1400 605 PAPHNU’I’IUS.
2061 548 2120 617 Α

455 648 536 700 Ac
568 643 913 700 maximum.

1041 744 1345 786 DISCIPULI.

452 822 569 879 Cur
597 839 712 879 non
746 820 1028 877 auditur?

1012 924 1377 967 PAPHNUTIUS
1386 949 1397 960 .

454 1002 835 1058 Multifariam
866 1003 1183 1073 exponunt.
1216 998 1326 1053 Alii
1357 1000 1669 1052 autumant
1701 1012 1815 1050 non
1844 993 2033 1049 audiri

380 1109 551 1163 posse
581 1097 820 1164 propter
848 1090 1253 1147 assiduitatem
1281 1106 1293 1155 ;
1328 1086 1427 1144 alii
1459 1090 1694 1157 propter
1720 1084 1871 1140 aeris
1893 1083 2037 1156 spis-

379 1182 722 1237 situdincm.
757 1181 1007 1249 Quidam
1039 1184 1237 1235 autem
1270 1174 1465 1232 ferunt
1494 1176 1650 1248 quod
1681 1174 1829 1230 tanti
1864 1189 2033 1229 enor-

377 1272 555 1329 mitas
578 1271 806 1328 sonitus
837 1274 995 1326 artos
1021 1269 1254 1324 aurium
1271 1270 1525 1339 nequeat
1540 1265 1757 1320 intrare
1777 1266 2027 1319 meatus.

377 1362 528 1417 Sunt
557 1360 735 1417 etiam
757 1358 857 1431 qui
888 1360 1092 1414 dicunt
1111 1358 1265 1430 quod
1289 1355 1517 1427 sphaera
1535 1358 1656 1410 tam
1671 1349 2029 1426 jucundum,

376 1454 499 1506 tam
531 1449 763 1506 dulcem
794 1450 997 1505 efferat
1045 1463 1277 1514 sonum,
1312 1449 1379 1500 ut
1410 1444 1460 1499 si
1492 1443 1797 1499 audiretur
1826 1459 2030 1499 omnes

374 1539 432 1594 in
454 1556 765 1596 commune
782 1534 1412 1607 homines,semetipsis
1432 1531 1712 1604 neglectis
1733 1532 2032 1587 omnibus-

374 1645 487 1701 que
519 1628 860 1701 postpositis
892 1627 1094 1694 studii,
1120 1627 1431 1681 ducentem
1463 1639 1673 1678 sonum
1706 1622 1776 1677 ab
1809 1622 2031 1678 oriente

373 1716 758 1790 sequerentur
785 1717 846 1773 in
878 1712 1259 1773 occidentem.

1041 1822 1096 1861 DI
1104 1820 1269 1861 SCIPU
1277 1820 1353 1862 LI.

445 1898 685 1954 Praestat
716 1901 783 1953 ut
814 1914 929 1953 non
962 1888 1256 1954 audiatur.
2060 1938 2110 2004 Β

1008 1999 1391 2042 PAPHNUTIUS.

443 2078 561 2134 Hoc
588 2095 622 2133 a
650 2080 915 2136 Creatore
946 2074 1382 2148 praesciebatur.

1044 2177 1353 2220 DISCIPULI.

443 2256 531 2312 Sit
557 2256 702 2311 satis
735 2256 806 2311 de
837 2248 969 2323 ista,
1004 2267 1358 2326 prosequere
1389 2251 1460 2305 de
1493 2250 1773 2305 humana.

1005 2358 1386 2400 PAPIINUTIUS.

443 2435 593 2504 Quid
626 2436 696 2492 de
728 2433 874 2491 illa?

1048 2516 1350 2579 nisaipuu.

443 2614 507 2670 In
540 2631 653 2686 quo
684 2613 1059 2686 percipiatur.

1009 2718 1393 2757 PAPHNUTIUS.

442 2792 568 2847 Non
617 2792 830 2858 solum,
865 2795 929 2846 ut
958 2791 1096 2858 dixi,
1133 2791 1191 2845 in
1247 2789 1593 2861 compagine
1651 2788 1909 2861 corporis
1968 2793 2027 2844 et

371 2881 601 2950 animai,
637 2900 861 2937 necnon
915 2881 974 2936 in
1031 2879 1349 2936 emissione
1404 2894 1558 2934 nunc
1611 2880 1825 2950 gravis,
1868 2894 2025 2932 nunc

371 2970 538 3026 clarae
567 2971 747 3040 vocis,
784 2970 882 3025 sed
919 2969 1096 3025 etiam
1134 2970 1193 3023 in
1236 2968 1507 3041 pulsibus
1535 2983 1813 3022 venarum
1849 2970 2026 3037 atque

371 3061 431 3115 in
463 3060 859 3133 quorumdam
893 3054 1171 3114 mensura
1190 3056 1776 3123 membrorum,sicut
1805 3056 1864 3110 in
1890 3052 2026 3110 arti-

370 3149 519 3206 culis
532 3146 939 3221 digitorum,in
961 3147 1177 3218 quibus
1190 3147 1424 3202 easdem
1439 3140 1842 3217 proportiones
1865 3156 2024 3199 men-

369 3238 628 3296 surando
660 3236 1007 3308 reperimus,
1041 3251 1190 3306 quas
1223 3234 1283 3289 in
1315 3232 1683 3305 symphoniis
1736 3232 2020 3304 praemisi-

1188 414 1715 477 HROTSUITII/E
1760 412 2135 475 MONIALIS
2182 410 3002 478 GANDERSHEIMENSIS.

3647 416 3781 481 ωδε

2781 560 3165 607 ΡΑΡΠΝΠἸἾΠΞ.

2220 632 2350 693 Sive
2381 634 2599 695 stultus
2648 632 2769 695 sive
2817 638 3082 712 sophista
3136 632 3410 714 perversa
3464 631 3777 714 aparentur,

2148 721 2553 784 confusionem
2583 744 2617 784 a
2645 726 2761 785 Deo
2792 728 3113 786 merentur.

2823 832 3128 876 DISCIPULI.

2217 906 2325 962 Ita.

2783 1016 3169 1056 PAPHNUTIUS.

2215 1084 2331 1138 Nec
2362 1084 2609 1140 scientia
2638 1087 2863 1142 scibilis
2896 1088 3081 1143 Deum
3114 1089 3481 1159 oﬂ‘endit,sed
3507 1090 3779 1161 injustitia

2143 1173 2404 1229 scientis.

2819 1258 3124 1325 Discipu‘u.

2212 1351 2447 1410 Verum.

2775 1460 3159 1504 PAPHNUTIUB.

2212 1531 2280 1585 Et
2309 1531 2368 1587 in
2403 1534 2578 1605 cujus
2608 1534 2843 1591 laudem
2876 1536 3115 1609 dignius
3149 1538 3494 1611 justiusque
3550 1540 3779 1597 scientia

2140 1621 2358 1676 artium
2390 1615 2782 1696 retorquetur,
2814 1640 2991 1698 quam
3026 1626 3083 1681 in
3115 1617 3265 1699 ejus,
3291 1627 3394 1700 qui
3424 1628 3631 1686 scibile
3661 1622 3780 1686 fecit

2139 1712 2196 1763 et
2225 1708 2535 1766 scientiam
2566 1711 2772 1767 dedit?

2817 1818 3099 1861 DISCIPUL‘
3108 1846 3120 1859 .

2212 1887 2275 1943 In
2308 1887 2549 1946 nullius.

2773 1974 3159 2041 annuimus.

2208 2070 2437 2135 Quanto
2466 2069 2624 2126 enim
2653 2070 2995 2129 mirabiliori
3029 2073 3156 2147 lege
3185 2064 3371 2131 Deum
3395 2066 3672 2134 omniain
3691 2094 3784 2135 nu-

2138 2172 2299 2213 mero
2328 2163 2387 2214 et
2417 2175 2696 2216 mensura
2724 2166 2783 2217 et
2812 2164 3068 2234 pondere
3113 2158 3382 2237 posuisse
3428 2167 3565 2238 quis
3614 2185 3784 2242 agno-

2144 2246 2273 2316 scit,
2307 2252 2469 2305 tanto
2501 2249 2559 2305 in
2590 2251 2721 2323 ejus
2753 2268 2951 2308 amore
2982 2246 3255 2311 ardescit.
3308 2244 3312 2249 ’

2832 2366 3118 2409 DISCIPUL!

2211 2437 2327 2494 Nec
2355 2438 2590 2509 injuria.

2775 2540 3160 2598 menso-rius.
3450 2614 3453 2617 _

2208 2626 2319 2683 Sed
2370 2628 2512 2699 quid
2561 2628 2758 2684 meror
2806 2628 2865 2683 in
2914 2628 3067 2701 istis,
3099 2620 3234 2703 qua!
3272 2618 3780 2689 aestimamus

2137 2717 2387 2773 all’erunt
2416 2716 2822 2776 delectationis
2836 2718 2867 2773 ?

2812 2812 3119 2875 memon.

2206 2904 2457 2961 Enuclea
2504 2906 2675 2961 nobis
2724 2898 2964 2962 causam
3015 2904 3100 2963 tui
3132 2910 3424 2979 mceroris,
3457 2926 3531 2965 ne
3564 2910 3782 2966 diutius

2134 2991 2477 3065 frangamur
2504 2995 2759 3067 pondere
2789 2995 3169 3052 curiositatis.

2766 3084 3153 3139 pspnuu'rius.

2201 3171 2259 3227 Si
2285 3170 2518 3243 quando
2535 3170 3157 3244 experiemini,auditu
3181 3170 3297 3229 non
3327 3158 3763 3233 delec'tabiminl

2808 3274 3113 3317 DISCIPULI.

369 3330 526 3397 mus,
559 3326 699 3399 quia
728 3323 957 3381 musica
988 3305 1203 3379 dicitur
1246 3318 1648 3378 convenientia
1680 3338 1795 3379 non
1826 3321 2019 3378 solum
2048 3305 2110 3379 Ci
2204 3349 2370 3405 Haud
2403 3366 2533 3406 mm
2562 3305 3113 3423 οοηιτίειξίῖιῖἇξξ
3148 3348 3559 3411 ουνῖοείιαιθω
3614 3354 3784 3411 “cur

369 3418 600 3487 vocum,
634 3415 737 3472 sed
770 3414 947 3470 etiam
978 3411 1226 3470 aliarum
1258 3409 1640 3468 dissimilium
1670 3426 1887 3467 rerum.

1049 3518 1353 3558 DISCIPULI.

445 3597 505 3652 Si
536 3595 979 3669 prmscissemus
1037 3593 1192 3664 quod
1243 3591 1584 3663 hujusmodi
1636 3592 1825 3648 nodus
1870 3608 2025 3664 qua:-

373 3685 583 3743 stionis
610 3691 730 3741 tam
783 3682 1040 3740 difﬁcilis
1091 3683 1163 3737 ad
1214 3681 1558 3738 solvendum
1606 3687 1761 3737 esset
1800 3681 2024 3751 insciis,

375 3775 795 3832 maluissemus
854 3773 1144 3828 minorem
1203 3772 1492 3827 mundum
1552 3770 1797 3840 nescire,
1850 3788 2028 3844 quam

372 3869 606 3922 tantum
635 3860 1005 3921 difficultatis
1030 3858 1249 3918 subire.

1011 3948 1394 4008 unusunus.

448 4043 541 4100 Nil
573 4043 758 4100 ofﬁcit
784 4042 939 4115 quod
980 4039 1352 4109 elaborastis,
1379 4052 1514 4095 cum
1576 4045 1709 4097 ante
1766 4041 2035 4114 ignorata

379 4131 600 4206 experti
631 4132 795 4188 estis.

1055 4232 1361 4276 DISCIPULI.

449 4311 706 4380 Verum;
742 4311 843 4367 sed
877 4308 1049 4365 tzsdet
1078 4326 1186 4364 nos
1216 4307 1634 4381 phi1080phicze
1685 4302 2034 4383 disputatio-

380 4404 494 4471 nis,
529 4402 671 4475 quia
702 4399 1001 4457 nescimus
1035 4414 1213 4455 sensu
1266 4397 1495 4454 emetiri
1545 4399 1890 4471 scrupulum
1921 4405 2033 4457 tum

381 4493 649 4550 rationis.

1017 4593 1404 4633 PAPHNUTIUS.

453 4671 569 4728 Cur
598 4687 693 4727 me
746 4668 1018 4735 illuditis,
1054 4665 1156 4738 qui
1212 4664 1384 4738 plane
1443 4682 1577 4723 sum
1631 4666 1885 4740 nescius,

383 4759 771 4833 philosophus
790 4757 819 4813 ?

1062 4862 1363 4905 DISCIPULI.

455 4940 525 4994 Et
554 4939 709 4995 unde
742 4937 849 4994 tibi
882 4937 1023 5003 haec,
1060 4952 1187 5007 qum
1221 4952 1328 4991 nos
1360 4935 1659 5008 fatigando
1691 4936 2038 5009 protulisti?

1021 5043 1162 5082 PAF.“
1172 5042 1403 5082 NUTIUS.

455 5124 710 5173 Tenuem
742 5118 998 5173 scientia:
1029 5116 1345 5188 guttulam,
1381 5132 1560 5187 quam
1583 5117 1653 5172 de
1685 5116 1875 5189 plenis
1898 5120 2043 5174 scio-

386 5224 518 5263 rum
551 5206 743 5279 puteis
772 5208 1129 5275 afﬂuentem,
1157 5223 1273 5261 non
1334 5206 1406 5262 ad
1465 5207 1858 5279 colligendum
1892 5212 2040 5266 resi-

387 5298 552 5365 dens,
588 5297 687 5350 sed
722 5311 860 5350 casu
916 5296 1270 5365 praeteriens,
1303 5296 1405 5351 46
1454 5302 1745 5367 repertam
1803 5298 2038 5368 elambi,

388 5386 688 5442 vobiscum
721 5384 1156 5439 communicare
1185 5385 1406 5440 studui.

1060 5489 1367 5527 DISCIPULI.

459 5563 838 5622 Gratulamur
895 5564 1007 5617 tum
1056 5561 1429 5632 benignitati,
1461 5564 1560 5619 sed
1592 5568 1881 5622 terremur
1909 5585 2041 5624 sen-

388 5655 572 5711 tentia
596 5650 858 5725 Apostoli
889 5648 1141 5705 dicentis
1177 5666 1191 5701 :
1224 5650 1363 5703 Nam
1409 5653 1574 5709 stulta
1631 5656 1829 5711 mundi
1884 5658 2045 5731 elegit

386 5746 547 5815 Deus,
578 5752 639 5801 ut
665 5741 1018 5819 confunderet
1045 5737 1357 5812 sophistica.

2131 3443 2266 3523 tur;
2299 3440 2399 3495 sed
2430 3442 2628 3496 tamen
2658 3440 2812 3523 hanc
2841 3439 3158 3513 nequimus
3198 3458 3498 3513 superare,
3537 3445 3682 3517 quia
3707 3444 3783 3499 fa-

2135 3520 2381 3585 miliaris
2410 3533 2499 3585 est
2529 3520 2831 3601 fragilitati
2863 3533 3099 3586 nostris.

2768 3622 3153 3676 suasorias.

2209 3709 2483 3776 Qumdam
2506 3709 2819 3782 impudens
2842 3709 3061 3764 femina
3083 3713 3347 3768 moratur
3367 3710 3436 3766 in'
3452 3710 3569 3769 hac
3587 3712 3784 3785 patria.

2811 3802 3120 3856 Dissipum.

2212 3890 2323 3948 Res
2356 3890 2581 3946 civibus
2608 3887 2956 3962 periculosa.

2777 3992 3159 4037 PAPBNUTIUB.

2213 4069 2345 4125 Haec
2366 4062 2648 4125 miranda
2667 4068 2934 4141 praenitet
2953 4062 3411 4141 pulchritudine,
3430 4072 3491 4126 et
3504 4062 3789 4127 Horrenda

2142 4158 2339 4216 sordet
2368 4158 2757 4231 turpitudine.

2819 4258 3123 4303 DIBCIPULI.

2216 4332 2548 4396 Miserabile
2571 4337 2582 4393 l
2619 4330 2767 4405 Quid
2795 4341 3036 4393 vocatur
3053 4336 3085 4392 ?

2776 4441 3162 4484 PAPHNUTIUS.

2215 4524 2416 4583 Thais.

2140 4678 2147 4685 .
2819 4638 3128 4680 mscxruu.

2067 4682 2125 4755 Π
2219 4722 2318 4755 inn
2353 4720 2669 4755 manat-ﬁn)
2966 4684 2977 4691 1

2219 4722 2324 4781 Illa
2353 4720 2669 4780 meretrix?

2779 4836 2924 4876 PAPH
2933 4835 3143 4877 NUTIUS
3153 4861 3164 4873 .

2219 4911 2371 4983 Ipsa.

2817 5024 3101 5064 DISCIPULI
3112 5049 3124 5061 .

2219 5100 2362 5171 Ejus
2392 5097 2636 5154 infamia
2666 5096 2815 5152 nulli
2845 5102 2934 5153 est
2958 5094 3274 5169 incognita.

2782 5202 3166 5244 PAPHNUTIUS.

2223 5280 2339 5335 Nec
2369 5280 2611 5347 mirum,
2640 5277 2786 5349 quia
2814 5292 2931 5332 non
2981 5275 3259 5349 dignatur
3306 5288 3445 5329 cum
3496 5273 3700 5346 paucis
3728 5269 3787 5326 ad

2152 5369 2457 5425 interitum
2488 5368 2744 5434 tendere,
2778 5366 2879 5421 sed
2912 5366 3182 5438 prompta
3207 5366 3299 5420 est
3337 5370 3547 5421 omnes
3584 5359 3790 5421 lenoci-

2153 5458 2270 5516 niis
2300 5475 2418 5513 suzs
2452 5457 2648 5512 formae
2676 5455 2913 5525 illicere,
2939 5469 3257 5526 secumque
3273 5452 3347 5512 ad
3367 5451 3676 5512 interitum
3696 5455 3787 5506 trs-

2152 5548 2309 5604 here.

2829 5658 3135 5703 DISCIPULI.

2224 5746 2520 5822 Lugubre.
