3904 6388
271 380 461 480 '4035

994 545 1265 604 Juvsivss.

375 641 448 698 Ut
479 640 641 696 libet.
1320 706 1325 709 _

960 725 1189 780 SCENA
1230 724 1297 779 II.

919 829 1306 869 PAPHNUTIUS.

377 906 462 960 Tu
496 906 651 960 istzec
685 904 857 970 intro,
891 901 1093 970 Thais,
1127 917 1304 973 quam
1335 902 1567 972 quaero?

1036 1006 1223 1046 TIIAIS.

377 1084 517 1151 Quis
550 1082 643 1137 hic
678 1081 776 1152 qui
808 1079 1071 1151 loquitur
1098 1079 1200 1136 48
1234 1078 1513 1151 ignotus?

941 1183 1328 1224 PAPIINUTIUS.

356 1263 618 1341 ~Amator
647 1264 787 1315 tuus

1036 1344 1221 1384 THAIS.

358 1420 745 1491 Quicumque
778 1434 871 1474 me
903 1433 1099 1473 amore
1133 1416 1289 1483 colit,
1326 1432 1553 1488 mquam
1574 1414 1759 1471 vicem
1791 1430 1957 1471 amo-

309 1510 391 1568 ris
420 1527 455 1567 a
484 1526 577 1566 me
608 1507 832 1580 recipit.

632 1662 639 1668 ,
699 1664 703 1669 η
943 1610 1321 1651 pmmurws.
1700 1666 1703 1671 _

356 1689 419 1746 Ὀ
448 1686 861 1757 Thais,Thais,
886 1690 1110 1757 quanta
1140 1683 1475 1756 gravissimi
1508 1682 1739 1738 itineris
1771 1698 1960 1738 curre-

305 1780 442 1835 bam
473 1777 684 1849 spatia,
719 1793 833 1848 quo
865 1773 1013 1830 mihi
1046 1774 1283 1829 daretur
1332 1774 1499 1845 copia
1550 1778 1745 1828 tecum
1797 1770 1958 1827 fandi

304 1866 511 1939 tuique
540 1864 749 1922 faciem
782 1861 1239 1935 contemplandi.

1035 1968 1200 2008 THAIS
1212 1996 1222 2007 .

376 2046 491 2102 Nec
536 2047 843 2116 aspectum
900 2041 1204 2108 subtraho,
1269 2058 1371 2096 nec
1435 2039 1792 2111 colloquium
1855 2038 1957 2095 de-

307 2150 475 2205 ncgo.
874 2156 879 2159 ·

934 2235 1320 2276 PAPIINUTIUS.

376 2312 679 2368 Secretum
702 2314 912 2366 nostra:
934 2306 1425 2365 contabulationis
1447 2306 1737 2365 desiderat
1763 2305 1962 2364 solitu—

306 2401 503 2458 dinem
536 2398 645 2455 loci
678 2398 1027 2455 secretioris.

1038 2504 1223 2543 THAIS.

378 2580 521 2635 Ecce
553 2577 743 2634 cubile
773 2578 916 2633 bene
952 2581 1202 2633 stratum
1237 2579 1291 2631 et
1324 2575 1665 2632 delectabile
1694 2576 1765 2630 ad
1798 2574 1961 2629 inha-

307 2668 639 2725 bitandum.

944 2772 1327 2812 PAPIINUTIUS.

378 2847 555 2903 Estne
588 2845 680 2902 his
704 2843 860 2901 aliud
894 2844 1171 2917 penitius,
1204 2844 1263 2900 in
1297 2861 1409 2915 quo
1442 2844 1739 2915 possimus
1782 2840 1955 2898 collo-

307 2935 407 3008 qui
441 2935 762 2992 secretius?

1035 3041 1221 3079 TIIAlS.

377 3115 480 3172 Est
540 3115 755 3170 etenim
807 3111 966 3168 aliud
1018 3111 1313 3168 occultum
1362 3116 1481 3166 tam
1529 3112 1838 3176 secretum,
1892 3111 1957 3161 ut

303 3205 434 3276 ejus
464 3202 759 3275 penetrale
792 3199 934 3257 nulli
962 3205 1168 3272 praeter
1198 3216 1308 3267 me,
1346 3198 1456 3253 nisi
1483 3198 1618 3265 Deo,
1652 3196 1727 3251 sit
1757 3195 1954 3267 cogni-

302 3298 453 3350 tum.

940 3375 1325 3416 PAPHNUTIUS.

377 3433 484 3491 Cui
515 3432 674 3491 Deo?

1033 3538 1219 3577 THAIS.
1314 3584 1319 3587 _

376 3596 543 3655 Vero.

941 3674 1327 3763 pulmunes.

364 3775 579 3852 'Credis
610 3773 777 3852 illum
812 3772 1034 3845 aliquid
1068 3771 1253 3828 scire?

1041 3876 1226 3919 THAIS.

374 3956 499 4013 Non
532 3952 728 4010 nescio
762 3952 930 4008 illum
962 3950 1109 4007 nihil
1140 3950 1339 4008 latere.

933 4055 1320 4096 PAPHNUTIUS.

374 4130 663 4187 Utrumne
692 4130 839 4186 reris
877 4126 1047 4184 illum
1071 4120 1248 4184 'facta
1297 4143 1607 4198 pravorum
1638 4125 1953 4201 negligere,

304 4236 379 4277 an
411 4219 504 4277 sui
534 4218 870 4297 aequitatem
900 4216 1169 4275 servare?

1032 4322 1219 4361 THAIS.

372 4397 615 4454 (Estimo
648 4396 834 4468 ipsius
867 4394 1161 4467 aequitatis
1192 4394 1358 4450 lance
1388 4391 1759 4468 singulorum
1779 4396 1955 4452 meri~

300 4492 362 4545 ta
391 4486 646 4561 pensari,
680 4490 738 4543 et
768 4485 1108 4557 unicuique,
1139 4488 1312 4557 prout
1340 4484 1544 4557 gessit,
1576 4485 1699 4543 sive
1728 4483 1953 4558 suppli-

300 4576 477 4648 cium,
504 4577 624 4635 sive
655 4574 965 4649 praemium
998 4574 1238 4630 servari.

936 4680 1325 4721 PAPIINUTIUS.

372 4754 416 4811 Ο
446 4755 695 4822 Christe,
725 4770 904 4826 quam
938 4753 1208 4809 miranda
1233 4758 1345 4807 tum
1368 4753 1523 4809 circa
1554 4770 1659 4811 nos
1694 4746 1956 4828 benigni-

296 4843 437 4901 tatis
470 4843 771 4915 patientia,
807 4844 905 4915 qui
938 4847 993 4897 te
1028 4832 1281 4898 Scientes
1312 4843 1476 4898 vides
1507 4859 1747 4914 peccare
1779 4849 1835 4900 et
1866 4849 1951 4900 ta-

299 4948 433 4988 men
464 4933 665 4987 tardas
701 4934 937 5003 perdere
959 4932 986 4985 ?

1035 5039 1221 5078 THAIS.

368 5108 486 5163 Cur
515 5108 921 5166 contremiscis
951 5114 1178 5165 mutato
1210 5110 1440 5166 colore?
1472 5110 1588 5166 Cur
1627 5111 1821 5168 ﬂuunt
1868 5112 1952 5170 la-

299 5213 507 5268 cryma:
526 5196 552 5249 ?
1220 5190 1223 5195 λ

923 5303 1313 5344 ΡΛΡΗΝΠΤΙΗΞ.

368 5373 476 5429 Tui
527 5373 1045 5444 prmsumptionem
1100 5376 1392 5445 horresco,
1429 5378 1512 5432 tui
1560 5378 1948 5449 perditionem

297 5463 502 5534 defleo,
557 5462 695 5533 quia
746 5460 865 5514 hare
915 5462 1091 5532 nosti,
1145 5469 1201 5517 et
1251 5470 1443 5520 tantas
1494 5465 1722 5521 animas
1758 5467 1947 5538 perdi-

298 5552 460 5609 disti.

1025 5639 1210 5679 THAIS.

364 5712 479 5782 Vw,
512 5729 593 5770 vo:
624 5710 771 5769 mihi
801 5708 1044 5769 infelici.

1104 413 1635 475 llilO'I‘SUITH/E
1679 404 2055 472 MONIALIS
2102 409 2915 475 GANDERSHEIMENSIS.

1986 541 2045 610 A

3565 412 3729 476 I036

2358 598 2361 601 .
2714 561 3078 604 PAPIINUTIUS
3087 588 3099 601 .

2137 632 2325 689 Tanto
2347 633 2573 705 justius
2601 634 2998 705 damnaheris,
3031 639 3250 708 quanto
3287 639 3728 710 presumptuo-

2067 719 2192 777 sius
2224 721 2477 779 scienter
2504 723 2801 782 offendisti
2833 725 3205 797 maiestatem
3236 724 3597 782 Divinitatis.

2746 829 2933 869 THAIS.

2144 898 2289 967 Heu,
2324 899 2460 966 heu,
2494 902 2634 973 quid
2668 901 2830 974 agis?
2860 902 3007 968 Quid
3042 901 3262 959 infelici
3295 902 3615 959 minitaris.

2698 1008 2766 1047 PA
2772 1008 2843 1045 PII
2851 1007 2886 1045 Ν
2893 1007 2984 1046 UTI
2992 1008 3081 1048 US.

2139 1077 2508 1150 Supplicium
2535 1079 2644 1135 tibi
2676 1078 2946 1135 imminet
2974 1079 3278 1152 gehennae,
3318 1079 3369 1138 si
3415 1097 3726 1154 permane-

2068 1165 2157 1223 bis
2188 1166 2247 1221 in
2279 1165 2521 1225 scelere.

2798 1272 2965 1314 THAIS
2974 1298 2986 1312 .

2139 1344 2427 1401 Severitas
2449 1349 2559 1401 tua:
2582 1346 2968 1418 correptionis
2990 1348 3291 1405 concussit
3309 1346 3602 1420 penetrale
3629 1366 3730 1421 pa-

2070 1430 2189 1487 vidi
2221 1432 2435 1490 cordis.
3125 1448 3135 1490 ἰ

2701 1540 2847 1580 PAPH
2855 1541 2889 1581 Ν
2896 1540 3065 1581 υτιυε
3074 1567 3087 1581 .

2139 1610 2184 1667 Ο
2215 1611 2441 1668 utinam
2471 1629 2632 1669 esses
2657 1612 2881 1669 viscera
2929 1617 3103 1669 tenus
3152 1630 3441 1671 concussa
3486 1616 3725 1686 timore,

2068 1715 2141 1756 ne
2170 1699 2327 1757 ultra
2354 1716 2740 1773 praesumeres
2771 1701 3112 1774 periculosis
3135 1702 3505 1761 delectationi
3527 1722 3731 1764 assen-

2066 1806 2201 1847 sum
2233 1789 2509 1862 praebere.
2792 1804 2795 1807 '

2803 1894 2986 1937 THAIS.

2139 1969 2209 2024 Et
2239 1969 2374 2040 quis
2406 1973 2539 2041 post
2568 1969 2689 2025 haec
2718 1968 2882 2025 locus
2913 1970 3202 2042 pestiferae
3250 1970 3626 2043 delectationi
3664 1974 3728 2032 in

2070 2073 2199 2114 meo
2229 2059 2402 2114 corde
2431 2062 2625 2130 potest
2654 2057 3037 2130 relinqui,ubi
3070 2059 3263 2117 solum
3294 2059 3555 2118 intestini
3577 2080 3728 2122 ma:-

2068 2146 2217 2203 roris
2250 2147 2581 2205 amaritudo
2612 2147 2948 2219 consciique
2979 2152 3175 2206 reatus
3207 2165 3355 2208 nova
3385 2150 3730 2211 dominatur

2069 2235 2318 2294 formido
2335 2236 2364 2291 ?

2706 2342 2773 2381 PA
2783 2342 3083 2383 MINUTIUS.

2142 2415 2258 2471 Hoc
2286 2419 2441 2488 opto,
2476 2431 2591 2487 quo
2626 2415 2865 2472 resectis
2892 2415 3172 2473 vitiorum
3204 2417 3394 2491 spinis
3425 2434 3728 2494 emergere

2070 2504 2258 2578 possit
2284 2503 2542 2577 lacryma
2570 2505 3059 2577 eompunctionis.

2799 2610 2985 2651 THAIS.

2138 2683 2205 2749 Ο,
2238 2683 2286 2739 si
2331 2682 2617 2751 crederes,
2668 2699 2723 2750 ο,
2774 2684 2824 2738 si
2874 2699 3146 2755 operares
3193 2699 3288 2739 me
3328 2686 3726 2758 sordidulam,

2066 2772 2282 2829 millies
2311 2770 2571 2829 millenis
2602 2772 2868 2828 sordium
2918 2771 3163 2829 oblitam
3207 2774 3729 2848 otl'uscationibus,

2065 2862 2168 2919 49
2201 2860 2496 2917 ullatenus
2526 2877 2697 2933 posse
2725 2860 2965 2934 expiari,
3002 2876 3108 2917 seu
3158 2860 3279 2919 ullo
3318 2868 3729 2937 eompunctio-

2065 2951 2159 3006 nis
2190 2950 2364 3006 modo
2392 2950 2622 3006 veniam
2654 2949 3073 3023 promereril...

2706 3054 3091 3095 PAPHNUTIUS.

2136 3126 2375 3183 Nullum
2407 3128 2563 3183 enim
2594 3142 2767 3200 grave
2800 3130 3128 3198 peccatum,
3163 3126 3394 3186 nullum
3436 3135 3561 3189 tam
3614 3134 3725 3191 im-

2065 3232 2237 3271 mane
2265 3219 2356 3271 est
2412 3214 2711 3285 delictum,
2763 3216 2918 3288 quod
2970 3220 3225 3288 nequeat
3270 3211 3492 3290 expiari
3535 3224 3729 3296 pugni-

1985 3285 2029 3355 C
2050 3304 2275 3362 tendite
2306 3304 2601 3378 lacrymis,
2630 3304 2680 3361 si
2710 3285 2951 3361 effectus
2978 3285 3258 3375 sequetur
3285 3285 3504 3380 operis.

2794 3410 2961 3450 THAIS
2970 3437 2983 3451 .

2134 3483 2408 3553 Ostende,
2442 3499 2658 3556 quaeso,
2710 3482 2791 3539 mi
2851 3482 3041 3552 Pater,
3095 3474 3210 3556 quo
3259 3484 3471 3542 effectu
3524 3490 3724 3561 operis

2065 3572 2382 3646 promereri
2412 3588 2622 3645 queam
2653 3588 2872 3629 munus
2905 3571 3415 3631 reconciliationis.

2708 3677 3096 3719 PAPHNUTIUS.

2137 3752 2457 3808 Contemne
2493 3750 2799 3820 saeculum,
2832 3750 2969 3823 fuge
3017 3748 3371 3809 lascivorum
3422 3756 3726 3815 consortia

2067 3841 2457 3899 amasionum.

2795 3948 2981 3987 TIIAIS.

2135 4023 2206 4078 Et
2236 4021 2375 4095 quid
2407 4020 2552 4079 mihi
2581 4025 2721 4077 tunc
2750 4020 2860 4078 erit
2887 4020 3220 4095 agendum?

2704 4126 3068 4168 ΡΑῬΗΝυΤΙυδ
3077 4151 3090 4166 .

2136 4201 2202 4259 In
2232 4205 2524 4258 secretum
2546 4200 2742 4258 locum
2773 4200 3187 4270 secedendum,
3211 4199 3271 4256 in
3292 4216 3408 4273 quo
3440 4204 3497 4257 te
3529 4201 3722 4275 ipsam

2062 4290 2432 4349 discutiendo
2462 4292 2655 4365 possis
2684 4290 2994 4349 lamentari
3035 4291 3465 4348 enorminatem
3497 4293 3585 4349 tui
3621 4294 3721 4350 de-

2064 4379 2207 4451 licti.

2794 4486 2982 4527 THAIS.
3092 4544 3093 4547 η

2137 4560 2195 4616 Si
2228 4557 2337 4615 hoc
2367 4575 2572 4633 speras
2622 4557 2924 4633 proficere,
2979 4576 3095 4617 non
3147 4560 3299 4618 addo
3349 4565 3719 4620 momentum

1983 4665 2048 4732 ι).
2065 4647 2326 4708 merulae.

2700 4753 3087 4796 PAPHNUTIUS.

2134 4827 2260 4884 Non
2293 4828 2496 4885 dubito
2527 4827 2667 4899 quin
2703 4828 2908 4901 prosit.

2791 4933 2979 4972 TIIAIS.

2134 5005 2220 5061 Da
2285 5005 2429 5061 mihi
2483 5005 2837 5078 aliquantuli
2894 5004 3151 5077 spatium
3213 5003 3590 5076 tempusculi,
3660 5010 3723 5061 ut

2062 5096 2354 5167 proferam
2387 5111 2812 5163 mammonam,
2842 5111 3019 5166 quam
3061 5093 3213 5149 male
3258 5093 3564 5149 collectam
3613 5094 3717 5149 diu

2064 5184 2307 5240 servavi.
3290 5206 3293 5209 λ

2699 5289 3084 5329 PAPIINUTIUS.

2133 5364 2213 5418 Ne
2265 5361 2599 5418 sollieiteris
2631 5379 2734 5434 pro
2766 5379 2853 5418 ea.
2888 5363 3012 5418 Non
3064 5362 3301 5428 desunt,
3351 5361 3450 5432 qui
3484 5365 3719 5417 utentur

2059 5453 2314 5509 iuventa.

2799 5553 2986 5597 TIIAIS.

2128 5632 2255 5687 Non
2303 5631 2376 5686 ob
2426 5631 2483 5686 id
2534 5629 2837 5699 sollicitor,
2890 5635 2955 5685 ut
2999 5628 3087 5684 vel
3141 5628 3286 5683 mihi
3329 5643 3582 5695 servare,
3626 5624 3711 5683 vel

2057 5720 2263 5777 amicis
2289 5718 2496 5776 vellem
2526 5719 2693 5787 dare;
2729 5718 2831 5775 sed
2862 5734 2966 5775 nec
2999 5717 3200 5791 egenis
3251 5733 3429 5773 conor
3474 5716 3708 5790 dispen-
