3936 6444
173 434 267 503 295

1066 444 1720 520 PRELOQUIORUM
1767 444 1976 511 LIBRI
2022 430 2192 511 sex.
2224 483 2303 496 —
2332 446 2478 511 LIB.
2525 447 2633 513 III.

3442 454 3559 515 226

173 591 275 647 quae
304 574 368 629 ab
400 576 529 649 ipso
561 578 781 634 caiteris
812 579 1047 652 praelata
1070 581 1338 654 dicendo,
1361 588 1648 655 quantum
1678 583 1789 639 sci-
1818 582 1878 653 Α
1906 581 2078 639 sitam
2113 582 2162 656 (Ι
2182 584 2306 653 Reg.
2330 601 2382 653 v,
2406 584 2486 656 2).
2512 582 2741 656 Aspice,
2764 587 2823 640 et
2849 584 2953 640 tibi
2990 586 3246 658 provido,
3269 588 3555 661 prospice,

172 663 282 720 licet
322 665 510 722 tacitis
558 669 1093 740 Supcrcazlestibus,
1129 672 1359 727 venitur
1401 673 1471 727 ad
1513 672 1791 740 coelestia,

172 767 281 826 quae
303 770 333 810 a
361 755 531 812 nobis
560 763 845 813 vocantur
873 758 1268 815 ecclesiastica
1295 779 1307 817 :
1340 766 1694 832 Quajcunque
1721 764 1793 817 li-

171 846 393 913 gaveritis
420 856 586 917 super
607 856 831 914 terram,
858 857 1020 904 erunt
1047 851 1218 919 ligata
1246 859 1298 905 et
1328 853 1387 906 in.
1411 852 1562 907 caelis
1586 851 1790 924 (Matth.

168 948 263 1000 xvi.
292 934 394 1004 19).
424 933 550 990 Non
602 936 760 991 enim
815 936 982 1007 dixit,
1016 939 1422 1011 aliqaacwzque
1472 940 1793 1012 ligantibus

170 1021 306 1078 vobis
334 1027 502 1079 erunt
542 1024 742 1097 ligata,
777 1030 841 1081 ut
890 1027 1330 1101 subintelligere
1360 1029 1462 1085 tibi
1497 1030 1655 1102 optio
1691 1031 1792 1086 da-

168 1117 320 1175 retur,
341 1111 773 1186 aliquacunque
793 1115 867 1170 ab
891 1115 1002 1171 hac
1021 1115 1148 1189 lege
1170 1135 1405 1173 manere
1428 1119 1791 1187 inconcessa;

168 1200 250 1253 sed
278 1217 621 1273 quacunque.
652 1203 708 1259 id
759 1211 869 1270 est,
901 1209 1089 1260 omnia
1121 1221 1246 1277 quze
1282 1208 1587 1275 ligaverilis
1633 1224 1797 1279 super

165 1297 359 1356 terram,
381 1299 547 1347 erant
578 1292 750 1362 ligata
782 1301 832 1348 et
858 1295 915 1348 in
937 1295 1088 1349 (velo.
1115 1297 1262 1363 (130)
1283 1295 1427 1352 Huic
1450 1302 1641 1353 autem
1668 1315 1793 1370 quae

166 1380 471 1451 superferri,
506 1396 641 1436 cum
674 1380 753 1436 nil
797 1383 1064 1439 videatur
1110 1382 1169 1438 in
1214 1385 1342 1455 ejus
1388 1386 1796 1458 suppositione

162 1468 373 1535 residui,
399 1486 506 1525 nec
536 1470 760 1544 aliquid
794 1471 907 1527 nisi
942 1490 1044 1543 per
1067 1490 1197 1528 eam
1231 1475 1338 1529 rite
1360 1474 1445 1529 vel
1467 1475 1797 1531 Christiane

162 1558 401 1614 videatur
439 1560 593 1632 quod
648 1566 855 1616 caetera
907 1561 1214 1634 supposita
1261 1565 1509 1631 ordinet,
1542 1565 1794 1631 institui,

163 1647 393 1704 invenire
414 1648 609 1704 adhuc
634 1666 737 1705 nec
761 1650 1091 1724 cogitando,
1118 1667 1224 1707 nec
1246 1653 1672 1722 ratiocinando,
1696 1671 1799 1709 nec

162 1736 379 1809 legendo
409 1737 728 1796 valuimus.

221 1828 297 1881 10.
324 1826 472 1884 Huic
506 1831 704 1883 tamen
738 1829 787 1883 si
828 1830 1316 1885 coutradictorem
1359 1831 1503 1885 forte
1543 1831 1801 1903 aliquem

1904 688 2017 727 non
2034 671 2421 729 dissimulans
2438 674 2580 745 quid
2603 674 2723 729 illis
2740 674 3048 745 contigerit
3068 677 3340 743 cogitare.
3364 679 3558 750 [psam

1902 779 2133 834 quoque
2153 763 2516 834 arcam,quia
2532 764 2720 818 bobus
2733 763 3171 819 calcitrantibus
3192 765 3557 830 inclinatam,

1903 850 2036 915 Oza,
2057 850 2158 922 qui
2206 851 2631 923 interpretatur
2659 853 2906 907 robustus
2938 854 3174 916 Domini,
3215 853 3435 927 erigere
3464 873 3560 912 vo-

1902 938 2032 1006 luit,
2057 939 2198 1011 quid
2243 939 2521 996 meruerit
2567 943 2859 1013 perpende
2891 944 2961 1013 (II
2992 944 3116 1011 Reg.
3150 948 3259 1012 VI);
3292 944 3392 1001 83
3424 950 3478 1001 et
3509 945 3559 1001 si

1904 1029 2059 1100 quod
2093 1028 2236 1083 forte
2270 1029 2619 1101 negligentis
2650 1030 2966 1085 decliuiuiu
3002 1033 3080 1102 [id
3108 1042 3187 1088 est
3218 1033 3559 1101 declinatio,-

1904 1118 2061 1188 nem]
2095 1118 2221 1171 vita:
2250 1116 2357 1173 eis
2403 1118 2618 1173 videris
2665 1118 2876 1182 inesse,
2902 1120 3050 1180 vide,
3088 1138 3159 1175 ne
3192 1137 3295 1193 per
3347 1127 3405 1177 te
3461 1138 3561 1179 eos

1901 1206 2270 1261 emendando
2299 1206 2442 1261 velis
2474 1206 2751 1276 relevare;
2788 1223 2876 1273 ne,
2903 1209 3041 1263 dum
3073 1211 3349 1266 robustus
3380 1211 3560 1267 videri

1902 1295 2094 1350 ambis
2118 1294 2369 1364 Domini,
2389 1296 2493 1351 fias
2511 1295 2791 1369 jugulum
2817 1297 3076 1354 ferientis
3098 1298 3287 1371 angeli
3304 1301 3351 1371 (Ι
3366 1301 3557 1356 Parui.

1900 1385 2040 1454 xm).
2064 1384 2414 1456 Prophetam
2474 1386 2649 1440 etiam
2686 1386 2743 1441 in
2775 1386 2974 1442 Bethel
3032 1389 3473 1457 transmissum,
3505 1398 3564 1446 et

1903 1477 2139 1545 propter
2170 1473 2623 1529 inobedientiam
2658 1493 2692 1529 a
2725 1481 2885 1530 leone
2919 1478 3261 1532 devoratum
3294 1479 3565 1551 conspice

1905 1563 2003 1631 (HI
2032 1564 2157 1629 Reg.
2190 1579 2311 1627 xm,
2342 1563 2468 1631 2’1);
2511 1567 2565 1616 et
2599 1567 2808 1633 [κιτρίον
2859 1580 3096 1618 rr‘anum
3151 1566 3302 1635 regis
3337 1565 3563 1621 aridam

1907 1651 2189 1723 (lbid.,4),
2225 1650 2530 1706 considera
2559 1651 2734 1705 etiam
2780 1650 2836 1705 in
2886 1653 3006 1706 l‘era
3052 1651 3153 1708 illa
3179 1650 3567 1710 irrationabili

1909 1742 2132 1808 quanta
2150 1738 2521 1793 veneratione
2548 1739 2762 1792 debeas
2796 1743 2853 1792 tu
2890 1740 3193 1797 rationalis
3218 1742 3379 1798 vivos
3408 1758 3569 1799 exco-

1909 1824 2048 1892 lere,
2081 1815 2559 1899 quandoquidem
2592 1824 2693 1880 illa
2723 1842 2824 1881 nec
2858 1828 3092 1883 asinum
3125 1846 3229 1901 pro
3259 1846 3369 1886 sua
3397 1832 3570 1905 culpa

160 1915 491 1983 invenimus,
534 1917 793 1989 proferat
824 1918 895 1971 de
927 1918 1142 1972 divinis
1170 1919 1507 1991 Scripturis,
1532 1926 1588 1975 et
1616 1921 1802 1975 credi-
1831 1952 1880 2017 Β
1910 1915 2125 1970 mortui
2158 1932 2301 1971 ausa
2330 1920 2421 1971 est
2453 1932 2737 1988 usurpare
2766 1916 2946 1987 (Ibid,
2970 1919 3082 1989 24).
3118 1919 3565 1993 Quinquagena-

163 2020 297 2072 mus;
329 2010 569 2061 tantum
604 2021 677 2059 ne
709 2004 994 2077 Spiritum
1029 2011 1301 2061 sanctum
1334 2025 1366 2062 a
1399 2008 1562 2064 Patre
1585 2016 1641 2064 et
1661 2008 1802 2065 Filio

161 2095 574 2164 procedentem,
602 2097 779 2165 atque
812 2094 906 2149 ubi
941 2093 1065 2150 vult
1096 2094 1436 2166 spirantem,
1462 2098 1533 2152 ab
1566 2097 1802 2155 homine
1844 2094 1851 2098 ’

161 2182 263 2237 dari
287 2198 459 2256 posse
495 2182 841 2250 audiamus;
874 2184 1032 2253 quod
1072 2200 1178 2239 nec
1218 2185 1422 2257 angelo
1461 2186 1674 2242 dicenti
1707 2204 1799 2243 as-

157 2271 444 2336 sentimur,
462 2272 607 2344 quin
644 2271 838 2343 potius
877 2273 1166 2328 dicentem
1200 2289 1332 2328 cum
1372 2275 1637 2346 apostolo
1661 2294 1800 2331 ana-

157 2359 590 2417 thematizamus
626 2359 832 2431 (6111.1,
859 2364 935 2429 8).
960 2360 1103 2417 Nam
1139 2363 1376 2434 etquod
1409 2365 1577 2436 quasi
1622 2367 1801 2423 robur

156 2448 471 2507 invincibile
505 2449 563 2505 in
599 2449 708 2503 hoc
741 2449 1076 2522 Opponitur,
1103 2451 1159 2506 id
1193 2464 1283 2507 est
1313 2452 1458 2508 illud
1491 2455 1754 2525 ejusdem
1782 2472 1795 2511 :

158 2539 483 2607 Chai-tissimi,
517 2538 727 2594 subditi
779 2547 939 2595 estote
995 2542 1149 2595 omni
1201 2542 1462 2600 humana:
1512 2554 1795 2612 creaturae,

153 2630 252 2684 sive
308 2631 425 2698 regi
476 2630 644 2702 quasi
694 2630 1035 2700 prmrellenti
1066 2629 1114 2699 (l
1140 2632 1287 2685 Petr.
1319 2648 1378 2695 II,
1413 2633 1524 2703 43),
1576 2634 1798 2706 aliquid

154 2716 349 2772 valeret
395 2718 468 2773 ad
504 2718 560 2772 id
595 2717 1032 2783 instruendum,
1066 2719 1114 2772 si
1149 2719 1442 2775 diceretur
1490 2722 1607 2778 Deo
1655 2741 1799 2796 prae-

155 2806 384 2875 cellen’ti,
420 2811 525 2862 aut
555 2806 846 2878 episcopis
886 2806 1266 2878 praecellenti;
1319 2828 1473 2865 nunc
1524 2829 1657 2868 vero
1691 2813 1802 2868 hoc

152 2895 310 2952 tacito
330 2896 779 2968 intelligendum
805 2895 1175 2953 solummodo
1202 2899 1447 2953 terrenis
1470 2900 1634 2955 illum
1661 2918 1804 2973 prae-

153 2984 366 3054 cellere;
402 2992 460 3042 et
490 2986 623 3040 ideo
666 2989 731 3039 ut
761 2985 908 3053 justi
922 2985 1002 3040 tia
1030 2990 1315 3051 teneatur,
1340 2988 1603 3044 debitum
1635 2990 1707 3061 ei,
1742 2990 1797 3045 id

153 3078 248 3141 est,
275 3076 561 3147 majorem
597 3074 822 3129 cmtoris
853 3074 1141 3129 creaturis
1172 3077 1441 3145 terrenis,
1467 3095 1571 3133 nec
1602 3084 1799 3135 tamen

149 3164 467 3220 cmlestibus
518 3164 803 3219 honorem
853 3164 1261 3234 deferendum;
1295 3167 1392 3221 scd
1443 3173 1498 3224 et
1544 3169 1652 3225 hoc
1684 3188 1799 3226 non

154 3259 370 3326 propter
418 3272 503 3321 se,
533 3254 637 3310 sed
690 3260 926 3324 propter
959 3258 1138 3308 Deum
1197 3261 1426 3311 servata
1478 3258 1801 3314 reverentia

151 3321 478 3400 sublimium
514 3321 899 3414 potestatum.
930 3342 1146 3412 quibus
1172 3346 1227 3397 et
1259 3344 1386 3416 ipsa
1416 3345 1676 3402 humana
1706 3364 1801 3419 po-
1830 3321 1873 3387 Ο

152 3434 336 3499 testas,
370 3437 427 3487 et
474 3431 674 3487 omnis
727 3430 1060 3502 praacipitur
1107 3431 1306 3486 anima
1354 3433 1476 3489 fieri
1527 3436 1799 3503 subdita;

154 3534 265 3589 quae
293 3537 405 3576 non
440 3524 587 3576 sunt
618 3517 767 3583 alim,
792 3518 904 3574 nisi
933 3536 1055 3591 qua:
1089 3538 1187 3591 per
1213 3522 1496 3593 Spiritum
1530 3531 1799 3580 sanctum

154 3606 204 3661 in
244 3607 522 3681 apostolis
573 3622 899 3678 eorumque
956 3610 1397 3667 successoribus
1452 3618 1799 3683 potestatem

146 3695 455 3766 judicandi,
491 3697 716 3771 ligandi
754 3713 819 3751 ac
864 3697 1197 3752 absolvendi
1249 3700 1321 3754 ab
1380 3701 1508 3772 ipsa
1566 3718 1805 3758 summa

152 3790 418 3854 potestate
449 3790 805 3858 acceperunt
831 3784 901 3839 de
932 3786 1228 3842 omnibus.

842 3874 964 3929 'I‘rr.
1006 3878 1102 3929 VI.

216 3966 293 4020 11.
324 3965 573 4022 Talibus
623 3964 824 4036 igitur,
858 3977 890 4019 0
932 3982 1050 4030 rex,
1100 3965 1273 4020 subdi
1324 3983 1394 4020 ne
1443 3967 1799 4040 dedigneris,

152 4055 277 4126 quia
310 4056 453 4111 velis
503 4053 684 4119 nolis,
736 4055 896 4123 ipsos
944 4053 1103 4119 deos,
1141 4054 1300 4126 ipsos
1350 4056 1610 4127 angelos,
1643 4057 1804 4130 ipsos

150 4143 450 4216 principes,
471 4142 890 4217 ipsosjudices
910 4141 1177 4197 habebis.
1204 4143 1315 4214 Ipsi
1346 4149 1400 4198 te
1425 4144 1664 4213 solvere,
1691 4146 1803 4219 ipsi

152 4231 329 4289 valent
353 4232 571 4305 ligare;
609 4249 747 4287 nam
772 4235 831 4285 tu
867 4248 1044 4303 super
1065 4230 1316 4303 aliquos,
1345 4232 1427 4287 illi
1459 4250 1637 4306 super
1665 4240 1720 4291 te
1750 4241 1807 4292 et

154 4337 314 4394 super
330 4339 559 4378 omnes.
580 4319 789 4376 Excole
813 4321 1010 4391 itaque
1032 4336 1131 4376 eos
1153 4326 1373 4391 quanta
1394 4328 1558 4393 potes
1575 4341 1807 4381 venera-

153 4410 391 4478 tione,ut
413 4416 471 4467 et
503 4411 589 4465 illi
628 4416 682 4465 te
715 4408 979 4464 excolant
999 4410 1290 4482 condigna
1316 4413 1803 4470 remuneratione.

149 4497 281 4556 Vide
301 4518 370 4556 ne
387 4501 657 4574 aliquam
690 4497 795 4553 tibi
827 4499 911 4554 eis
941 4500 1240 4570 contingat
1269 4498 1545 4571 injuriam
1573 4502 1804 4572 inferre,

155 4588 278 4659 quin
310 4591 504 4663 potius
536 4589 612 4645 ab
646 4587 830 4643 altero
863 4587 1415 4659 illatam,quantum
1452 4590 1809 4661 pervales,et

1914 2006 2031 2060 rios
2054 2005 2232 2060 etiam
2255 2005 2401 2060 duos
2421 2005 2604 2060 Etiam
2629 2004 3042 2061 maledicentes
3064 2007 3279 2080 aspice,
3293 2014 3351 2064 et
3368 2009 3566 2081 ignem

1910 2094 2008 2149 ira:
2039 2092 2291 2150 caelestis
2340 2109 2535 2148 verere
2572 2094 2663 2161 (IV
2688 2095 2807 2164 Reg.
2834 2111 2871 2153 I.
2912 2096 2994 2164 10,
3032 2100 3138 2164 12).
3173 2098 3569 2173 Quadraginta

1910 2200 2143 2255 quoque
2201 2198 2413 2255 pueros
2461 2182 2519 2237 in
2570 2182 2770 2238 Bethel
2831 2184 3016 2239 Eliseo
3064 2185 3377 2243 illudentes
3433 2204 3566 2261 per-

1908 2272 2096 2346 pende
2128 2273 2218 2344 (IV
2239 2275 2364 2343 Reg.
2399 2288 2460 2338 II,
2494 2273 2607 2343 24),
2630 2275 2687 2327 et
2733 2290 2767 2327 a
2813 2273 3168 2330 detractione
3222 2280 3280 2332 et
3330 2276 3566 2334 laesione

1906 2361 2349 2434 prophetarum,
2380 2362 2534 2434 quod
2570 2362 2772 2434 utique
2802 2362 2915 2434 ipsi
2949 2369 3106 2434 sunt,
3137 2364 3424 2438 linguam,
3447 2367 3564 2423 vim

1908 2456 1965 2506 et
1995 2467 2208 2506 manus
2241 2449 2496 2505 contine.
2517 2450 2677 2513 Quod
2702 2450 2749 2505 si
2789 2452 3031 2506 forsitan
3072 2454 3331 2522 ambisti,
3356 2455 3405 2510 si
3426 2472 3567 2528 pra:-

1908 2540 2239 2612 sumpsisti,
2272 2538 2320 2595 si
2356 2539 2674 2610 usurpasti,
2708 2543 2774 2593 ut
2804 2541 2929 2609 jam
2970 2542 3237 2612 exempla
3267 2544 3569 2613 proposita

1909 2629 2229 2693 sut'ticiaut,
2254 2633 2356 2683 aut
2386 2628 2531 2682 forte
2563 2627 2635 2681 ab
2674 2626 2767 2683 his
2798 2628 3018 2683 ascitus
3040 2629 3120 2700 (id
3164 2637 3244 2685 est
3290 2647 3564 2702 provoca-

1910 2719 2049 2789 tus],
2076 2721 2177 2771 aut
2205 2722 2308 2773 tua
2336 2715 2389 2770 vi
2418 2714 2627 2784 elatus,
2654 2714 2719 2771 ut
2737 2714 2823 2772 eis
2855 2721 2910 2772 te
2941 2718 3266 2789 praelatum,
3291 2736 3425 2776 cum
3449 2738 3564 2790 non

1909 2826 2091 2875 esses,
2125 2808 2422 2872 crederes;
2449 2806 2743 2878 siquidem
2778 2824 2882 2862 nec
2920 2807 3096 2865 homo
3143 2814 3253 2866 Deo
3284 2812 3562 2882 praeferri,

1910 2916 2017 2955 nec
2046 2896 2339 2954 terrestris
2383 2895 2599 2951 caelesti
2640 2897 2921 2968 praeponi,
2954 2915 3060 2954 nec
3096 2900 3311 2955 vermis
3359 2900 3565 2974 angelo

1910 2986 2245 3062 principari,
2272 3002 2377 3041 nec
2403 3002 2501 3041 rex
2531 2985 2673 3058 rcgi,
2700 2987 2798 3041 sed
2832 2989 3436 3059 prmstantiori,debet
3465 2996 3567 3046 aut

1909 3078 2061 3134 valet
2082 3075 2320 3133 omnino
2342 3074 2661 3144 dominari;
2686 3075 2943 3133 sufficiat
2971 3077 3073 3133 tibi
3099 3078 3168 3133 ad
3192 3078 3302 3135 hoc
3328 3078 3565 3135 illorum

1909 3174 2144 3242 peccato
2175 3172 2275 3222 tuo
2308 3163 2462 3221 malo
2492 3169 2547 3219 te
2577 3181 2707 3220 esse
2737 3165 3106 3237 perductum.
3132 3168 3401 3240 Attende,
3433 3187 3506 3227 ne
3536 3188 3572 3228 a

1910 3258 2166 3332 pessimo
2197 3255 2404 3325 auriga
2432 3254 2493 3308 in
2525 3254 2691 3325 pejus
2722 3258 2889 3310 actus
2922 3260 3110 3311 tentes
3158 3256 3389 3328 aliquos
3437 3258 3567 3315 illo-

1912 3363 2063 3415 rum,
2089 3344 2321 3401 e‘tiamsi
2355 3344 2474 3398 sint
2504 3348 2623 3397 toto
2654 3343 2781 3398 orbi
2814 3342 3089 3410 infantes,
3115 3348 3345 3400 tantum
3368 3346 3567 3403 sintin

1911 3437 2024 3490 iido
2056 3432 2343 3489 catholica
2375 3430 2638 3498 stabiles,
2673 3429 2972 3502 aliquibus
3003 3432 3231 3488 tradere
3262 3432 3572 3505 suppliciis

1914 3541 2073 3579 more
2103 3536 2577 3585 servorum,cum
2601 3517 2796 3589 potius
2824 3518 2935 3589 ipsi
2960 3520 3095 3589 jure
3124 3520 3376 3575 debeant
3404 3522 3569 3594 fungi

1913 3613 2309 3668 dominorum.
2342 3609 2503 3662 Scias
2543 3624 2717 3662 usum
2758 3606 2914 3661 hunc
2946 3607 3150 3674 fuisse,
3182 3625 3299 3663 non
3331 3609 3570 3682 quidem

1913 3698 2482 3764 Catholicorum,sed
2522 3695 2755 3750 illorum
2779 3711 3029 3767 quorum
3063 3714 3200 3769 pars
3229 3697 3401 3772 longe
3432 3698 3508 3755 sit
3536 3717 3571 3757 a

1912 3793 2036 3857 tua,
2057 3793 2459 3860 tyrannorum.
2477 3785 2638 3851 Quod
2662 3785 2712 3839 si
2735 3784 3086 3858 negligentia
3104 3804 3292 3860 prava:
3315 3786 3569 3859 alicujus

1913 3894 2115 3935 eorum
2146 3873 2590 3931 consuetudinis
2621 3874 2882 3946 exposcit
2909 3880 2975 3930 ut
2998 3876 3247 3933 debeant
3268 3879 3568 3935 tundendo

1913 3966 2179 4042 produci.
2215 3970 2277 4021 ut
2308 3964 2448 4019 tuba
2492 3963 2729 4019 ductilis
2762 3963 2819 4018 in
2862 3964 3119 4021 Ecclesia
3163 3967 3284 4023 sint
3310 3966 3565 4036 Domini,

1913 4074 2047 4114 cave
2076 4063 2138 4111 tu
2172 4055 2418 4110 malleus
2462 4052 2609 4117 ﬁeri,
2643 4053 2781 4125 quia
2829 4054 2968 4108 dum
3000 4054 3144 4109 tuba
3198 4055 3567 4126 producitur,

1914 4146 2162 4204 malleus
2183 4143 2511 4199 hebetatur.
2534 4141 2679 4196 Nam
2702 4142 2813 4197 etsi
2826 4142 3119 4197 «Dominus
3142 4142 3430 4215 propitius
3448 4144 3571 4198 vin-

1914 4238 2071 4292 dicat
2100 4235 2157 4288 in
2180 4248 2385 4288 omnes
2406 4230 2738 4286 affectiones
2768 4246 2994 4295 eorum,
3016 4235 3073 4285 et
3101 4230 3301 4285 visitat
3328 4231 3390 4285 in
3410 4230 3572 4303 virga

1915 4324 2257 4395 iniquitates
2289 4335 2515 4384 eorum,
2540 4322 2596 4373 et
2633 4318 2692 4371 in
2721 4317 3062 4373 verberibus
3101 4322 3338 4388 peccata
3366 4333 3571 4373 eorum

1916 4416 2028 4487 (Ps.
2074 4424 2341 4476 Lxxxvm,
2381 4408 2471 4474 33)
2506 4405 2620 4460 noli
2668 4409 2729 4461 tu
2779 4404 2943 4477 virga
2969 4404 3117 4460 ﬁeri.
3149 4404 3301 4460 Audi
3348 4405 3572 4461 dictum

1917 4519 2081 4559 esse:
2113 4500 2220 4569 Qui
2244 4498 2424 4569 parcit
2471 4496 2663 4566 virgae,
2705 4493 2821 4550 odit
2861 4495 3047 4566 ﬁlium
3086 4494 3268 4568 (Prov.
3299 4512 3422 4563 XIII,
3455 4496 3569 4568 24).

1917 4593 2085 4647 Time
2116 4588 2314 4662 igitur,
2343 4603 2414 4641 ne
2447 4585 2589 4639 dum
2638 4584 2877 4640 cuilibet
2907 4600 3109 4639 eorum
3157 4585 3419 4657 parcitur
3470 4602 3575 4658 per

153 4679 284 4734 ratio
314 4680 515 4747 dictat,
552 4678 855 4733 vindicare
884 4678 1073 4731 stude.
1097 4677 1225 4731 Noli
1272 4678 1533 4748 quolibet
1574 4680 1805 4750 negotio
1835 4692 1881 4756 Ι)
1914 4686 1969 4735 te
2000 4675 2461 4749 eastigato,quia
2491 4672 2719 4739 dilecto,
2745 4673 2850 4728 tibi
2874 4690 2989 4729 non
3014 4675 3572 4747 parcaturdisrupto

155 4765 417 4837 Spiritum
439 4776 743 4831 sanctum,
761 4766 861 4837 qui
895 4766 953 4819 in
979 4766 1064 4820 eis
1091 4771 1199 4825 est.
1224 4768 1570 4822 contristare
1591 4770 1805 4839 (ΕμΙιεις.

154 4869 220 4917 Iv,
240 4856 348 4925 30),
371 4874 445 4913 ne
476 4875 598 4913 non
634 4855 738 4909 tibi
772 4854 1060 4926 expediat.
1084 4854 1242 4923 Vide,
1268 4855 1477 4921 recole,
1502 4856 1549 4909 si
1583 4855 1808 4930 legisti;

153 4942 230 4998 vel
257 4945 301 5001 si
333 4962 473 5014 non,
502 4945 632 5019 lege
666 4944 729 4999 in
762 4942 908 4999 libro
933 4943 1351 5015 Genesis,quid
1386 4944 1673 5001 Dominus
1707 4963 1810 5018 pro

154 5032 229 5087 eis
273 5035 379 5091 sub
430 5052 692 5109 persona
734 5032 981 5087 Abraha:
1030 5035 1089 5088 et
1136 5032 1291 5087 Sara:
1322 5032 1475 5099 (Gen.
1509 5050 1602 5100 xx,
1650 5034 1729 5105 3),
1755 5038 1813 5090 et

155 5136 345 5179 rursus
374 5125 540 5180 Isaac
600 5128 663 5179 et
722 5122 991 5177 Rebecca;
1021 5121 1182 5187 (Gen.
1205 5138 1355 5187 XXVI,
1392 5122 1501 5190 11),
1555 5123 1813 5196 itemque

155 5207 317 5268 Jacob
348 5213 549 5269 Laban
585 5211 873 5285 fugientis
905 5210 1057 5278 (Gen.
1081 5227 1233 5276 XXXI,
1262 5210 1373 5277 29),
1399 5210 1623 5267 dederit
1648 5228 1811 5268 com-

160 5300 519 5370 minationis;
573 5307 636 5357 et
686 5315 924 5356 assume
952 5298 1010 5354 in
1044 5298 1332 5354 cautelam
1390 5303 1502 5354 tuae
1561 5299 1809 5358 actionis

157 5404 334 5449 arcam
366 5392 547 5450 etiam
586 5390 977 5455 Testamenti,
1010 5404 1137 5460 qua:
1183 5387 1314 5445 illos
1353 5387 1645 5461 signiﬁcat
1684 5407 1808 5463 my-

158 5479 390 5549 stice,ab
413 5480 750 5555 Allopbylis
773 5483 1028 5551 captam,
1053 5482 1109 5533 et
1137 5476 1197 5532 in
1227 5478 1449 5550 templo
1475 5478 1673 5551 Dagon
1706 5495 1807 5551 po-

216 5605 353 5678 (130)
388 5607 491 5664 Hic
540 5606 716 5664 locus
740 5599 847 5660 'sic
900 5603 1330 5678 construendus
1355 5620 1368 5658 :
1390 5603 1580 5678 Adhuc
1613 5612 1809 5678 autem

157 5690 238 5749 nec
260 5675 573 5749 cogitando,
602 5694 706 5736 nec
736 5675 1134 5749 ratiocinando,
1165 5690 1264 5749 nec
1285 5675 1510 5749 legendo
1529 5677 1808 5749 “valuimus

156 5745 379 5813 invenire
406 5752 551 5825 ulla,
605 5763 739 5829 qua.)D
788 5745 1002 5823 possim
1050 5746 1355 5824 superferri
1401 5747 1531 5810 huic
1560 5747 1809 5822 (scilicet

1922 4768 2061 4841 quia
2086 4767 2390 4836 despecto;
2413 4768 2469 4818 et
2498 4763 2639 4817 dum
2670 4762 2767 4819 ille
2799 4779 2903 4835 per
2930 4764 3576 4836 emendationem,quia

1920 4858 2189 4917 dilectus,
2224 4852 2451 4926 proiicit
2488 4852 2560 4907 ad
2613 4852 3029 4920 hacreditatem,
3054 4852 3195 4924 quia
3241 4853 3572 4924 despectus,

1919 4952 1982 5002 tu
2010 4943 2249 5000 delicias
2296 4959 2400 5015 per
2436 4941 2797 5014 impietatem
2829 4942 2898 4997 ad
2933 4940 3342 5014 perditionem.
3374 4941 3576 5014 Scopis

1921 5035 2078 5091 enim
2108 5036 2421 5088 verruntur
2450 5030 2686 5103 palatia,
2712 5031 2812 5087 sed
2846 5031 2983 5103 ipsa:
3005 5030 3149 5087 focis
3180 5031 3391 5086 attrita:
3414 5030 3578 5088 adhi-

1922 5125 2061 5180 bent
2107 5123 2384 5178 fomenta.
2413 5123 2635 5175 Aurum
2694 5120 2869 5176 etiam
2928 5120 3063 5194 igne
3120 5124 3425 5193 purgatur,
3457 5137 3575 5177 non

1922 5212 2319 5278 consumitur;
2356 5209 2517 5285 ligna
2544 5226 2701 5278 vero,
2736 5210 2952 5283 quibus
3001 5210 3156 5282 ignis
3204 5210 3482 5277 nutritur,
3514 5211 3575 5266 in

1921 5301 2149 5359 favillas
2181 5299 2545 5372 rediguntur.

1991 5393 2080 5447 42.
2113 5391 2224 5447 Sed
2275 5389 2667 5462 ﬂagellantur,
2699 5388 2806 5454 ais,
2839 5388 2966 5444 ﬁilii
3014 5388 3233 5461 optime
3279 5385 3576 5460 placentes

1919 5480 2100 5553 (Hebr.
2133 5496 2232 5547 xu,
2265 5480 2351 5547 6);
2384 5478 2524 5550 quid
2558 5477 2774 5535 mirum
2810 5478 2860 5534 si
2896 5476 3270 5550 ﬂagellantur
3299 5478 3447 5531 servi
3479 5491 3577 5532 ne-

1913 5607 2226 5683 potestatz);
2254 5621 2378 5683 eum
2424 5601 3034 5683 nil‘residuinpideatur
3079 5600 3576 5683 ⁸ἰηιεςιιρμοείιίοηε

1918 5674 2054 5751 ejus,
2082 5693 2182 5751 nec
2204 5675 2608 5751 videaturrite,
2629 5675 2715 5751 vel
2733 5674 3305 5751 Christianeimtiluti
3329 5686 3434 5747 per
3450 5685 3574 5735 eam

1915 5743 2148 5833 aliquid,
2181 5745 2325 5827 quod
2347 5746 2562 5807 ordinet
2587 5748 2789 5804 caetera
2813 5743 3115 5823 supposita.
3164 5768 3167 5771 <
