3904 6378
178 456 324 513 4037
1150 449 1563 511 comesum;
1606 447 1776 506 sax.
1811 479 1887 488 —
1917 445 1989 505 v.
2038 443 2566 506 PAPHNUTIUS.
3430 418 3586 503 1038

170 602 318 651 sarc,
350 584 488 657 quia
506 601 623 639 non
654 583 907 643 arbitror
929 582 1183 653 pretium
1226 580 1440 653 piaculi
1464 584 1666 651 aptum
1690 595 1817 633 esse
1931 593 2022 631 me
2048 575 2199 632 ultra
2231 580 2419 632 vestro
2450 575 2636 631 amori
2667 573 2930 630 cedendi.

171 675 241 732 ad
271 690 417 747 opus
443 672 734 731 beneficii.

2600 680 2898 722 AMATORES
2906 703 2918 718 ι

831 777 1217 818 PAI‘HNUTIUS.
1999 757 2264 812 Subsiste
2307 753 2625 828 paulisper,
2680 752 2957 822 subsiste,
2989 756 3048 809 et
3102 751 3413 809 materiam
3469 755 3585 809 tum

237 852 407 907 Recte
438 849 762 908 arbitraris.
796 852 867 907 Et
899 850 1036 923 quid
1064 851 1134 905 de
1165 848 1460 920 congestis
1490 852 1686 902 artum
1735 846 1819 900 ire
1928 843 2382 915 perturbationis
2412 843 2637 915 detege.

170 939 468 997 meditaris
480 940 509 994 τ
2654 948 2842 990 nilus.

897 1043 1084 1082 “reus.
1998 1024 2121 1077 Non
2150 1023 2432 1092 subsiste,
2459 1040 2563 1078 nec
2594 1038 2925 1079 sermonem
2954 1022 3259 1079 vobiscum
3288 1021 3542 1077 confero.

236 1118 359 1189 Igni
391 1118 620 1173 tradere
650 1122 709 1172 et
740 1117 799 1171 in
834 1116 1089 1172 favillam
1122 1115 1403 1185 redigere.
1879 1173 1882 1177 ,
2592 1124 2911 1167 AMA'roazs.

793 1237 1180 1279 PAPRNUTIUQ.
1997 1203 2113 1256 Cur
2141 1200 2335 1271 dedigi

2035 1211 2113 1256 :ur
2141 1200 2515 1271 dedignando
2549 1218 2655 1256 nos
2688 1200 2960 1255 fastidis?
2983 1198 3136 1256 Num
3169 1198 3422 1271 alicujus
3445 1198 3577 1255 inﬂ-

233 1296 659 1362 Quamobrem?
1926 1289 2184 1347 delitatis
2236 1307 2343 1345 nos
2390 1289 2628 1361 arguis?
2667 1289 2871 1344 Nonne
2908 1304 3140 1360 semper
3185 1286 3581 1345 satisfacimus

904 1400 1092 1439 THAIS.
1925 1379 2045 1434 tuis
2069 1380 2219 1434 votis
2239 1378 2267 1434 ?
2296 1381 2365 1436 Et
2384 1384 2447 1436 tu
2481 1380 2683 1454 iniquo
2714 1380 2846 1435 odio
2878 1397 2985 1436 nos
3005 1379 3187 1452 gratis
3216 1377 3543 1435 insectaris.

231 1474 312 1530 Ne
351 1473 717 1530 retineantur
766 1473 826 1528 in
871 1472 1114 1539 mundo,
1147 1486 1281 1544 quae
1332 1468 1485 1526 male
1534 1467 1815 1540 acquisivi
2663 1485 2851 1525 time.

164 1580 276 1619 non
310 1563 533 1635 absque
564 1563 769 1618 mundi
803 1560 1061 1617 Factoris
1092 1559 1329 1632 injuria.
1997 1554 2303 1625 Dimittite,
2323 1556 2503 1613 nolite
2532 1561 2753 1613 vestem
2783 1572 2978 1613 meam
3025 1556 3376 1614 attrahenda
3425 1557 3582 1613 scin-

789 1665 1179 1706 PAPHNUTIUS.
1923 1642 2080 1697 dere.
2124 1643 2214 1698 Sit
2259 1644 2426 1712 satis,
2459 1645 2615 1717 quod
2663 1644 2778 1701 huc
2828 1659 3016 1716 usque
3074 1643 3373 1716 peccando
3415 1642 3581 1700 vobis

230 1740 274 1797 Ο
319 1758 500 1813 quam
558 1745 789 1796 mutata
845 1755 909 1794 es
965 1740 1037 1793 ab
1096 1737 1200 1793 ilia
1254 1754 1382 1810 qua:
1440 1738 1605 1809 prius
1659 1752 1811 1804 eras,
1918 1731 2212 1788 consensi.
2248 1732 2409 1789 Finis
2440 1732 2623 1790 instat
2665 1732 2969 1805 peccandi,
2999 1736 3356 1805 tempusque
3394 1730 3579 1789 nostri

160 1831 391 1901 quando
446 1830 650 1891 illicito
702 1845 899 1885 amore
950 1828 1262 1900 ﬂagrabas,
1311 1825 1565 1883 avaritia)
1623 1824 1813 1881 calore
1922 1819 2178 1892 discidii,
3550 1837 3555 1843 ·

158 1919 449 1977 zeetuabas
468 1918 482 1974 l
1839 1953 1888 2019 Β
2290 1982 2299 1992 _
2588 1926 2908 1968 aeramnae.

1989 1982 2112 2019 nun
2142 1982 2276 2019 {and
2287 1999 2335 2019 in
2349 1981 2376 2019 9

890 2023 1073 2062 mare.
1841 1981 1888 2019 ³⁵
1989 1982 2112 2047 0υο
2142 1981 2376 2040 tendis?

222 2096 491 2154 Fortasse
515 2095 789 2153 mutabor
818 2095 874 2150 in
910 2094 1141 2160 melius,
1175 2093 1225 2150 si
1254 2092 1529 2149 annuerit
1558 2092 1735 2149 Deus.
2404 2092 2411 2101 '
2656 2088 2841 2129 THMS-

786 2199 1171 2240 papnxurws.
1705 2194 1711 2201 ’
1991 2168 2098 2226 Uhi
2132 2186 2301 2227 nemo
2332 2174 2592 2227 vestrum
2623 2170 2866 2243 posthac
2904 2185 2997 2229 me
3025 2168 3262 2225 videbit.

216 2275 338 2331 Non
368 2278 460 2331 est
488 2272 727 2330 difﬁcile
760 2272 1117 2329 immutabili
1151 2272 1279 2342 ejus
1331 2271 1670 2325 substantia:
1717 2286 1807 2324 res
2593 2274 2911 2315 annonas.

152 2367 213 2417 ut
244 2362 386 2420 libet
422 2366 672 2418 mutam,
1992 2345 2155 2417 Papa:
2184 2346 2196 2400 ι
2232 2346 2379 2413 Quid
2402 2346 2510 2403 hoc
2544 2347 2793 2404 monstri
2825 2351 2934 2414 est,
2952 2347 3107 2418 quod
3130 2346 3319 2403 nostri
3357 2345 3575 2403 deliciae

858 2467 1047 2506 THAIS.
1919 2433 2120 2501 Thais,
2137 2450 2265 2506 quin
2287 2435 2507 2491 divitiis
2558 2436 2799 2492 afﬂuere
2851 2451 3084 2507 semper
3116 2433 3425 2504 laboravit,
3449 2451 3577 2507 qua:

218 2541 336 2610 Ibo,
367 2545 431 2598 ρι
459 2557 588 2613 qua,
620 2539 867 2611 cogitavi
891 2556 1064 2612 Opere
1096 2537 1420 2611 complebo,
1916 2528 2177 2613 mentem
2209 2542 2243 2580 a
2270 2523 2511 2613 lascivia
2533 2541 2841 2597 nunquam
2863 2523 3105 2580 retraxit
3132 2528 3191 2580 et
3219 2522 3578 2597 eevoluptati

782 2610 1171 2684 PApHivU'rms.
1232 2610 1249 2611 ί
1917 2611 2151 2682 penitus
2190 2612 2322 2668 dedi

2035 2611 2151 2666 itus
2190 2612 2370 2681 dedit,
2401 2617 2568 2669 tanta
2615 2612 2743 2669 auri
2783 2627 3277 2685 gemmarumque
3312 2610 3576 2684 insignia

220 2717 375 2776 vade
406 2720 468 2775 in
501 2733 665 2791 pace,
697 2717 989 2789 citiusque
1020 2717 1089 2771 ad
1127 2732 1221 2771 me
1253 2720 1554 2771 revertere.
1916 2698 2138 2770 absque
2168 2699 2580 2756 retractatione
2610 2699 2885 2771 perdidit,
2908 2703 2967 2755 et
2996 2716 3104 2755 nos
3128 2698 3222 2755 sui
3243 2698 3577 2757 amasiones

812 2787 1041 2881 SCENA
1071 2821 1165 2878 Ῑν.
1916 2787 2288 2859 dedignando
2317 2790 2539 2861 sprevit
2566 2790 2881 2861 subitoque
2908 2805 3023 2845 non
3046 2788 3414 2861 comparuit?

900 2928 1066 2967 THAIS
2579 2895 2807 2951 SCENA
2836 2894 2904 2950 V.

220 3001 557 3073 Convenite,
584 3000 1003 3075 properamini,
1032 3018 1286 3073 nequam
1321 3005 1610 3058 amatores
1633 3001 1767 3054 mei.
1988 3071 2026 3075 _
2322 3070 2355 3075 λ
2447 3072 2455 3075 _
2599 3072 2608 3075 Α
2649 3000 2837 3075 Tuus.

824 3070 1145 3145 ΑΜΑτοηεεξ
1986 3071 2092 3140 En,
2126 3075 2292 3142 pater
2322 3070 2634 3143 Paphnuti,
2666 3072 2836 3128 venio
2867 3072 2941 3128 ad
2971 3071 3416 3144 obsequendum
3464 3070 3574 3128 tibi

217 3179 335 3237 Vox
362 3179 609 3238 Thaidis
639 3197 746 3235 nos
768 3180 1049 3235 vocantis.
1070 3179 1396 3236 Adventum
1420 3184 1759 3235 maturemu:

842 3180 1049 3234 cantis.
1070 3179 1396 3236 Adventum
1420 3184 1805 3250 maturemus,
1916 3160 2379 3232 ΡΓοῐΠΡῐίεείωθι-

153 3284 222 3323 ne
252 3269 419 3327 illam
453 3270 739 3326 tardando
770 3268 1158 3325 oil‘endamus.
1838 3312 1888 3332 ηδ
2560 3267 2945 3308 PCPHNUTIUS.
3558 3300 3563 3304 .

890 3372 1076 3413 mus.
1835 3312 1888 3380 (Ῡ
1987 3338 2133 3405 Quia
2163 3356 2390 3397 moram
2412 3339 2473 3395 in
2501 3340 2786 3397 veniendo
2809 3340 3376 3408 fecisti,coarctabar
3394 3338 3579 3396 nimis

215 3446 567 3518 Accelerate,
600 3446 893 3518 Accedite,
935 3451 1002 3501 ut
1048 3462 1260 3518 queam
1301 3446 1605 3502 vobiscum
1635 3445 1757 3502 veri

2034 3428 2167 3518 mdo
2214 3432 2271 3485 te
2327 3429 2541 3485 iterum
2598 3428 2953 3502 implicitam
3007 3446 3137 3488 esse
3193 3428 3576 3488 saacularibue

153 3533 416 3594 miscere.
554 3516 560 3518 ﬁ
876 3516 880 3518 Ὗ
1067 3516 1082 3518 ἡ
1433 3587 1441 3597 ι
1920 3516 2187 3589 negotiis.

820 3638 1143 3679 annonas.
2299 3678 2305 3683 ,
2657 3622 2847 3663 THAIS-

222 3712 266 3769 Ο
296 3715 504 3782 Thais,
536 3713 737 3784 Thais,
752 3712 894 3785 quid
927 3712 1040 3768 sibi
1073 3711 1201 3768 vult
1231 3728 1621 3784 rogus,qucm
1670 3728 1812 3767 con—
1992 3694 2074 3750 N0
2104 3694 2438 3785 ίάίγθνοανθ.
2460 3693 2827 3785 finitimum
2859 3693 3018 3752 ἃῙίιιά
3051 3694 3198 3785 φίῆί
3224 3697 3490 3785 versati?
3516 3693 3580 3751 in

158 3801 381 3860 struis?
435 3803 555 3860 Cur
606 3782 997 3874 pretiosarum
1068 3782 1407 3858 varietatem
1462 3782 1700 3857 divitia:

2036 3788 2138 3839 ite.
2160 3783 2306 3838 Nam
2338 3800 2429 3839 res
2448 3782 2771 3839 familiares
2784 3784 2955 3853 juxta
2984 3782 3130 3841 velle
3160 3798 3359 3841 meum
3384 3782 3578 3857 dispo-

151 3889 318 3960 juxta
345 3910 553 3967 regum
587 3870 897 3965 congeris?
1924 3872 2037 3939 sui,
2070 3871 2333 3942 meisque
2364 3871 2767 3928 amasionibus
2798 3870 3034 3943 publice
3063 3871 3493 3929 abrenuntiavi.

897 3998 1061 4037 THAIS
1070 4022 1083 4035 .
2561 3976 2923 4020 PAPHNUTIUB
2932 4001 2945 4017 ο

227 4067 507 4143 uagatis?
1996 4052 2143 4143 Quia
2170 4049 2264 4108 his
2282 4049 2733 4143 abrenuntiaeti,
2750 4067 3004 4123 superno
3023 4049 3406 4123 amatorijam
3425 4065 3580 4108 nunc

814 4176 1135 4217 annonas.
1596 4151 1607 4158 “
1926 4139 2147 4213 poteris
2179 4138 2462 4212 copulari.

223 4248 606 4309 Admiramur
627 4249 797 4307 satis.
1926 4283 1934 4289 .
2661 4227 2860 4286 nuis?

887 4355 1074 4395 πως,
1996 4319 2191 4375 Tuum
2221 4320 2312 4373 est
2342 4315 2487 4373 mihi
2528 4315 2685 4373 velut
2714 4317 2877 4374 radio
2909 4317 3285 4391 praescribere
3316 4316 3460 4389 quid
3491 4332 3585 4375 me

179 4482 191 4489 .
224 4424 527 4501 Exponam
558 4428 758 4487 citius.

1926 4409 2192 4478 oporteat
2222 4405 2444 4463 factum
2475 4403 2578 4462 ire.

818 4533 1119 4576 AMATORES
1128 4559 1140 4571 .

2559 4510 2944 4553 PAPHNUTIUS.

227 4585 343 4646 Hoc
374 4592 673 4664 optamus.
782 4662 786 4666 ἱ
2002 4585 2259 4657 Sequere
2288 4599 2402 4641 me.

901 4694 1088 4734 mare.
1438 4704 1443 4707 -
1750 4750 1753 4753 Α
1852 4688 1899 4752 1)
2400 4704 2403 4707 -
2664 4688 2852 4729 mare.
3513 4716 3518 4721 .

227 4765 508 4838 Aspicite.
2001 4765 2225 4836 Sequar
2247 4762 2405 4819 enim
2437 4761 2866 4832 ambulatione;
2891 4778 2924 4822 ο
2955 4760 3184 4820 utinam
3226 4776 3501 4834 sequerer
3528 4765 3587 4818 et

831 4871 1153 4912 AMATORES.
1931 4854 2156 4911 actione
2172 4853 2186 4907 ι

230 4942 490 5015 Quiesce,
539 4944 793 5017 quiesce,
818 4944 1018 5013 Thais,
1072 4944 1233 5010 Quod
1287 4943 1411 5015 agis
1434 4944 1460 4996 γ
1510 4943 1661 4997 Num
1721 4944 1820 5001 ὅθ
2536 4941 2801 4997 SCENA
2861 4939 2973 4997 VI.

164 5029 384 5089 insanis
403 5034 433 5090 ?
2563 5042 2949 5085 PA'PHNUTIUS.

891 5140 1057 5179 unus
2003 5120 2148 5175 Ecce
2175 5119 2530 5185 cmnobium,
2565 5118 2624 5172 in
2655 5134 2771 5190 quo
2801 5128 3105 5174 sacrarum
3137 5118 3435 5192 virginum
3484 5135 3588 5176 no-

226 5207 349 5264 Non
382 5211 633 5279 insanio,
669 5212 771 5267 sed
804 5202 1015 5267 sanum
1049 5210 1234 5283 sapio.
1932 5209 2045 5263 bile
2078 5213 2475 5263 commoratur
2504 5206 2838 5278 collegium.
2864 5208 2944 5263 Eo
2973 5206 3085 5263 loci
3117 5208 3303 5281 gestio
3335 5213 3390 5264 te
3422 5226 3588 5266 man-

831 5317 1151 5356 ΔΜΑΤΟΠΕΘ.
1934 5315 2066 5353 sum
2100 5298 2183 5352 ire
2214 5313 2373 5369 agent

1934 5315 2066 5353 sum
2100 5298 2183 5352 ire
2214 5297 2449 5369 agendae
2473 5296 2733 5369 spatium
2765 5297 3140 5367 pmnitentiae.

229 5384 300 5440 Ut
330 5389 475 5458 quid
506 5388 628 5444 haec
650 5390 902 5461 perditio
952 5388 1519 5460 quadringentarum
1570 5389 1696 5443 auri
1750 5387 1825 5442 lio
2673 5402 2860 5441 THAIS.

162 5468 424 5545 brarum,
458 5495 595 5534 cum
627 5478 878 5535 aliarum
913 5476 1247 5532 diversitate
1281 5476 1602 5548 gazarum?
2004 5476 2130 5531 Non
2163 5479 2367 5531 contra
2397 5473 2607 5531 luctor.

907 5582 1094 5621 THAIS.
2575 5580 2964 5624 PAPHNUTIUS.

234 5648 421 5710 Omne
478 5656 634 5727 quod
681 5656 902 5729 injuste
938 5672 972 5710 a
1018 5655 1183 5711 vobis
1234 5654 1468 5723 extorsi,
1503 5653 1637 5725 igne
1696 5655 1824 5711 volo
2006 5654 2262 5721 lntrabo,
2298 5657 2355 5709 et
2383 5651 2748 5710 abbatissam
2793 5654 3115 5714 ductricem
3145 5650 3436 5726 virginum
3484 5665 3589 5723 pro

171 5742 435 5815 cremari,
470 5760 543 5803 ne
565 5744 724 5804 ullus
744 5746 931 5803 fomes
952 5743 1115 5800 vobis
1139 5742 1515 5816 relinquatur
1552 5745 1826 5818 sperandi
1935 5744 2023 5803 tui
2056 5742 2426 5820 susceptione
2454 5740 2723 5818 placabo.
