3904 6382
170 444 317 513 1011
1173 448 1587 514 COMGEDl/E
1628 447 1803 511 SEX.
1834 481 1914 495 —
1934 442 2012 513 ν.
2039 450 2567 520 PAPHNUTIUS.
3426 461 3580 523 1042

899 600 1085 642 ruins.
1849 572 1905 652 Α
2565 607 2950 650 PAPIINUTIUS.

242 668 552 753 Fragili’tas
585 672 701 734 mei
732 674 889 749 cogit
918 691 1012 731 me
1041 677 1269 731 terreri.
1999 676 2137 749 Ego.

793 780 1179 822 PAPHNUTIUS.
2598 786 2905 828 DISCIPULI.

236 856 518 916 Convenit
545 860 610 913 ut
651 852 805 913 male
852 852 1394 911 blandimentorum
1443 850 1815 910 dulcedinem
1997 854 2119 911 Vox
2149 857 2461 930 Paphnutii
2496 860 2681 916 Patris
2715 862 2918 916 nostri.

168 947 574 1007 delectationis
604 945 736 1003 luas
767 944 1040 1002 molestia
1069 943 1237 1000 nimii
1270 942 1490 1000 fetoris.

1395 942 1490 998 ris.
2556 966 2937 1007 mmmm‘ws.

895 1051 1082 1090 THAIS.
1993 1034 2267 1092 Amovete
2299 1038 2626 1110 pessulum.

236 1128 362 1186 Non
389 1142 618 1195 recuso,
653 1142 768 1181 non
799 1139 947 1195 nego
976 1140 1069 1179 me
1119 1121 1415 1178 sordidam
1449 1139 1564 1176 non
1598 1120 1775 1192 injuri

1360 1138 1415 1176 m
1449 1139 1564 1176 non
1598 1120 1815 1192 injuria
1893 1179 1896 1183 ,
2594 1147 2896 1187 DISCIPULI.

166 1220 316 1276 εωᾱο
346 1216 700 1289 sordidoque
729 1213 1057 1270 habitatum
1090 1212 1173 1268 ire
1203 1212 1262 1266 in
1293 1209 1558 1282 tugurio;
1582 1210 1680 1265 sed
1705 1210 1814 1264 hoc
1996 1212 2040 1269 Ο
2072 1217 2255 1286 pater,
2291 1214 2463 1272 salve,

165 1308 323 1367 dolet
347 1304 774 1373 vehementius,
808 1301 963 1376 quod
999 1300 1198 1357 nullus
1230 1305 1318 1357 est
1348 1300 1586 1356 relictus
1626 1299 1707 1355 loc

1396 1300 1586 1355 Elicius
1626 1299 1810 1366 locus,
2558 1324 2938 1366 PAPIINUTIUS.

165 1388 224 1453 in
257 1413 374 1469 quo
404 1394 538 1468 apte
568 1388 627 1450 et
655 1395 813 1451 caste
841 1391 1064 1465 possim
1097 1390 1411 1447 tremendae
1443 1406 1653 1446 nomen
1690 1404 1811 1445 ma-
1992 1391 2191 1453 Avete.
2258 1466 2261 1467 ν
2630 1428 2669 1463 ,

157 1485 394 1561 jestatis
423 1474 715 1542 invocare.

2594 1502 2898 1544 DISCIPULI.

798 1586 1183 1629 parnxurms.
1994 1571 2452 1630 Coarctabamur
2482 1575 2731 1633 nimium
2765 1595 2868 1650 pro
2903 1578 3131 1634 diutina
3164 1578 3429 1635 absentia
3460 1578 3567 1635 tui.

233 1667 304 1723 Et
329 1665 488 1723 unde
518 1663 625 1721 tibi
654 1665 817 1719 tanta
849 1658 1165 1727 fiducia,ut
1196 1656 1433 1732 pollutis
1466 1657 1636 1714 labiis
1668 1669 1775 1729 pro:

1386 1658 1433 1713 is
1466 1657 1636 1714 labiis
1668 1669 1811 1729 prm-
2382 1672 2393 1680 '
2541 1682 2924 1723 PAPHNUTIUS.

163 1775 366 1818 sumas
394 1755 654 1830 proferre
685 1759 897 1809 nomen
930 1747 1250 1823 impollutm
1283 1746 1662 1804 Divinitatis?
1992 1749 2168 1807 Juvat
2199 1752 2353 1825 quod
2386 1751 2567 1809 abfui.

893 1848 1077 1895 'm'AIs.
2590 1858 2895 1900 DISCIPULI.

230 1940 303 1995 Et
332 1950 515 2015 aquo
543 1931 778 2026 veniam
795 1926 1300 2026 sperare,cujusve
1322 1925 1537 1981 salvari
1569 1942 1811 2026 possum
1840 1958 1889 2026 Β
1992 1929 2140 1996 Quid
2172 1935 2369 1986 actum
2399 1935 2487 1987 est
2518 1932 2588 1987 de
2618 1931 2838 1987 Thaide
2858 1934 2884 1987 ἱ)

162 2013 562 2092 miseratione,
595 2019 645 2079 si
676 2021 873 2094 ips'um
906 2016 1219 2092 prohibeor
1248 2016 1537 2083 invocare,
1570 2014 1664 2070 cui
1704 2013 1811 2070 soli
1841 2013 1887 2026 "
2551 2036 2934 2079 ρλρηκυτιυε,

163 2115 473 2190 deliqui,et
500 2111 595 2169 cui
624 2109 727 2167 uni
759 2107 986 2165 devotio
1018 2105 1351 2162 orationum
1385 2104 1559 2161 debet
1580 2102 1812 2161 offerri?
1990 2106 2168 2164 Juxta
2196 2124 2395 2167 meum
2424 2108 2591 2166 velle.

787 2212 1173 2255 ΡΑΡιιΝυτιυε.

2588 2196 2816 2257 Dissipu
2826 2219 2895 2256 LI.

229 2296 423 2354 Debes
451 2292 624 2366 plane
651 2303 816 2365 orare
845 2302 964 2343 non
994 2286 1207 2355 verbis,
1241 2287 1343 2341 sed
1374 2284 1669 2356 lacrymis,
1695 2300 1811 2363 non
1993 2287 2098 2343 Ubi
2134 2287 2441 2344 moratur?

161 2376 485 2445 seueritate
536 2377 783 2438 tinnula:
825 2376 1005 2445 ‘vocis,
1057 2374 1159 2432 sed
1219 2372 1554 2447 compuncti
1611 2389 1703 2446 ru;

1396 2372 1554 2430 uncti
1611 2372 1812 2446 rugitu
2553 2390 2938 2435 PAPRNUTIUS.

161 2476 371 2534 cordis.
1992 2466 2056 2523 In
2088 2464 2297 2540 exigua
2327 2464 2540 2523 cellula
2568 2466 2743 2523 deflet
2774 2468 2867 2524 sui
2898 2469 3234 2527 commissa.

887 2568 1075 2612 ἸἮΑῙΒ.
2590 2572 2897 2614 DISCIPULI.

228 2655 300 2711 Et
327 2653 377 2711 si
408 2653 572 2707 vetar
600 2647 787 2704 Deum
816 2643 1010 2700 verbis
1040 2641 1535 2714 orare,qnomodo
1567 2655 1812 2713 possum
1994 2647 2150 2703 Laus
2179 2644 2255 2703 sit,
2285 2658 2530 2703 summm
2562 2645 2853 2703 Τι-ῑηίίειιί,

160 2744 388 2802 veniam
423 2734 709 2812 sperare?
826 2800 833 2809 ,
2555 2752 2940 2793 PAPIINUTIUS.

167 2816 177 2824 ’
585 2903 599 2913 θ
786 2835 1175 2878 PAPHNUTIUS.
1990 2822 2061 2880 Et
2075 2823 2464 2880 'benedic'tum
2494 2840 2706 2880 nomen
2738 2827 2866 2897 ejus
2900 2830 3271 2886 tremendum
3324 2848 3480 2888 nunc
3511 2836 3568 2888 et

228 2924 414 2979 Tanto
447 2907 698 2975 celerius
718 2910 1053 2977 mereberis,
1089 2912 1311 2981 quanto
1344 2908 1656 2993 perfectius
1699 2907 1812 2962 hu-
1920 2931 2024 2989 per
2053 2927 2259 2969 avum,

162 3006 506 3070 miliabei-is.
538 2996 643 3063 Dic
671 3000 905 3060 tantum
940 3016 953 3055 :
987 2998 1094 3066 Qui
1128 3011 1221 3055 me
1247 2990 1546 3071 plasmati,
1580 2994 1814 3054 misere-
2588 3016 2896 3059 stcxpum,

163 3119 222 3160 re
240 3101 378 3159 mei.
983 3116 1001 3133 ο
1991 3093 2195 3150 Amen.

893 3194 1080 3236 THAIS.
1126 3184 1135 3190 '
2565 3181 2793 3238 SCENA
2833 3182 2923 3239 IX.

228 3283 387 3354 Opus
420 3280 515 3335 est
545 3276 674 3347 ejus
705 3270 1101 3337 miseratione,
1132 3283 1206 3324 ne
1236 3267 1473 3341 frangar
1520 3268 1580 3323 in
1631 3264 1810 3324 dubio
1846 3332 1889 3354 ﬂ
2554 3286 2937 3329 pApnNU'nus.

161 3332 481 3428 eam,“
510 3365 633 3423 δε,
1164 3380 1203 3411 ο
1845 3332 1889 3401 c
1994 3362 2160 3430 Ecce,
2192 3364 2313 3416 tres
2344 3360 2650 3417 mensurni
2684 3362 3039 3434 pmnitentize
3070 3364 3311 3421 Thaidis
3330 3368 3574 3424 transie~

798 3465 1187 3508 PAPHNUTIUS.
1923 3468 2005 3519 re,
2034 3455 2092 3505 et
2122 3467 2225 3522 ego
2257 3450 2459 3523 ignoro
2494 3454 2769 3507 utrumne
2792 3452 2906 3507 Deo
2937 3454 3313 3526 acceptabilis
3345 3455 3422 3511 sit
3443 3458 3570 3527 ejus

227 3552 395 3609 Certa
440 3545 707 3613 viriliter,
757 3546 824 3597 ut
870 3539 1063 3613 possis
1118 3536 1491 3610 triumphum
1550 3537 1811 3594 obtinere
1922 3539 2317 3612 compdnctio.
2354 3540 2625 3612 Surgam,
2660 3544 2716 3594 et
2744 3541 2952 3596 vadam
2983 3542 3054 3596 ad
3087 3543 3322 3599 fratrem
3370 3560 3570 3601 meum

164 3641 427 3699 feliciter.
1918 3629 2259 3700 Antonium,
2293 3644 2407 3699 quo
2438 3618 2582 3683 mihi
2616 3628 3024 3686 manifestetur
3064 3647 3167 3702 per
3213 3632 3341 3703 ejus
3387 3632 3568 3691 inter-

889 3722 1076 3774 rnAIs.
1917 3721 2180 3775 ventum.

232 3822 426 3877 Tuum
459 3819 552 3874 est
578 3828 683 3887 pro
714 3825 808 3867 me
847 3822 1032 3876 orare,
1069 3809 1134 3863 ut
1164 3822 1391 3863 merear
1437 3805 1696 3879 palmam
1728 3806 1811 3862 vi-
2577 3803 2805 3860 SCENA
2843 3806 2908 3863 X.

169 3910 379 3967 ctorixe.

2596 3902 2900 3952 ANTONIUS.

798 3998 1188 4045 PAPHNUTIUS.
1994 3985 2143 4052 Quid
2189 3983 2500 4056 insperatae
2542 3983 2935 4055 jucunditatis
2978 3985 3230 4043 accidit?
3260 3989 3408 4056 Quid
3440 3992 3573 4047 novi

231 4089 357 4145 Non
387 4100 542 4160 opus
571 4082 662 4139 est
692 4078 945 4137 monitu.
1925 4072 2126 4149 gaudii
2155 4071 2299 4128 mihi
2331 4072 2616 4146 contigit?
2645 4073 2799 4129 Num
2830 4073 2925 4130 hic
2956 4076 3046 4132 est
3074 4075 3255 4134 frater
3292 4082 3350 4135 et
3398 4095 3572 4137 caere-

900 4181 1086 4222 rxms.
1927 4162 2142 4221 micola
2168 4178 2336 4219 meus
2368 4161 2783 4236 Paphnutius?
2815 4163 2944 4236 Ipse
2966 4169 3083 4235 est.
3608 4156 3613 4160 ’

240 4267 440 4339 Spero.
2559 4268 2945 4311 PAPHNUTIUS.

809 4359 1195 4402 PAPKNUTIUI.
2001 4342 2145 4399 Sum
2177 4339 2416 4397 etenim.

207 4506 216 4513 ,
241 4445 504 4516 Tempus
535 4442 624 4496 est
653 4439 886 4510 optatas
907 4432 1245 4490 solitudinis
1266 4436 1527 4506 repetam
1542 4432 1818 4501 latebras,
2595 4442 2902 4487 ANTONIUS.

175 4536 231 4592 et
257 4534 472 4591 charos
499 4528 728 4585 visitem
755 4521 1097 4596 discipulos.
1132 4523 1269 4578 Tute
1314 4521 1496 4595 igitur
1538 4522 1821 4580 sollicitu-
2003 4522 2179 4589 Bene,
2209 4519 2407 4587 frater,
2440 4516 2670 4586 venisti,
2704 4520 2850 4575 bene
2880 4536 2972 4577 me
3003 4520 3360 4579 adveniendo
3390 4521 3577 4580 laetifi-

175 4622 316 4692 dini,
345 4625 463 4680 tum
494 4614 725 4694 pietati,
752 4610 1101 4672 venerabilis
1131 4611 1453 4680 abbatissa,
1484 4611 1636 4668 hanc
1685 4628 1820 4685 cap-
1896 4611 2098 4695 "casti.

175 4710 350 4769 tivam
382 4706 713 4775 committo,
746 4707 813 4760 ut
839 4706 898 4760 et
929 4717 1141 4774 corpus
1172 4699 1491 4757 delicatum
1520 4702 1717 4759 medio

1404 4716 1491 4756 1m
1520 4702 1827 4759 mediocri-
1858 4696 1906 4772 Ι)
2565 4702 2946 4756 PAPHNUTIUS.

176 4803 268 4859 ter
295 4801 493 4859 foveas
522 4792 893 4864 necessariis,
926 4796 985 4849 et
1014 4792 1277 4849 animam
1302 4791 1663 4851 sufficienter
1689 4795 1826 4852 refi-
2007 4789 2176 4847 Haud
2207 4788 2408 4846 minus
2436 4785 2694 4860 tripudio
2726 4787 2814 4844 tui
2843 4787 2994 4858 visu,
3026 4805 3206 4861 quam
3237 4794 3303 4848 tu
3334 4792 3449 4849 mei
3480 4794 3581 4851 ad-

179 4889 296 4947 cias
323 4883 732 4948 saluberrimis
761 4882 1025 4941 monitis.
1934 4883 2131 4938 ventu.

837 4985 1165 5028 ΛΒΒΑΤῙΒΒΛ.
2603 4982 2890 5023 ANTONIUS
2899 5010 2911 5023 .

248 5068 330 5125 Ne
361 5063 697 5125 soliiciteris
716 5077 941 5137 proca,
963 5060 1104 5133 quia
1132 5075 1263 5118 eam
1294 5063 1561 5118 materno
1612 5062 1827 5121 affectu
2009 5062 2145 5128 Quas
2177 5058 2299 5114 haec
2331 5072 2511 5113 causa
2538 5058 2660 5112 tam
2691 5056 3089 5129 acceptabilis,
3122 5062 3244 5116 tam
3276 5063 3443 5135 grata
3481 5079 3587 5119 no-

181 5155 401 5214 fovebo.
1938 5150 2054 5217 bis,
2086 5166 2214 5221 qua)
2243 5151 2301 5204 te
2330 5146 2447 5204 huc
2477 5145 2643 5202 duxit
2669 5145 2742 5201 de
2771 5145 2892 5201 tuis
2919 5145 3225 5207 latibulis?

814 5254 1201 5298 PAPHNUTIUS.
2570 5251 2954 5293 PAPHNUTIUS.

249 5334 496 5392 Vadam.
2008 5328 2094 5383 En
2122 5325 2308 5384 valeo.
2544 5336 2553 5343 '

840 5433 1167 5475 ABBATISSA.
2619 5429 2921 5472 ANTONIUS.

252 5511 314 5569 In
344 5528 506 5585 pace.
2008 5504 2128 5563 Hoc
2156 5502 2443 5562 desidero.

798 5595 1028 5653 SCENA
1064 5594 1215 5662 VIII,
2574 5608 2722 5650 para
2731 5607 2965 5650 nurxus.

850 5701 1157 5743 DISCIPULI.
2008 5681 2158 5736 Ante
2174 5678 2286 5735 hoc
2306 5677 2628 5735 triennium
2642 5680 2984 5761 morabatur
3005 5694 3173 5737 secus
3194 5695 3301 5736 nos
3321 5678 3585 5750 quaedam

253 5778 393 5845 Quis
423 5776 623 5850 pulsat
644 5780 873 5850 portam
893 5775 921 5831 ?
1827 5823 1837 5833 ,
1942 5762 2221 5826 meretrix
2240 5766 2479 5824 nomine
2501 5766 2701 5836 Thais,
2730 5785 2857 5840 quae
2889 5786 3004 5824 non
3026 5767 3217 5825 solum
3248 5783 3375 5825 sese
3397 5764 3587 5839 perdi-
