3904 6396
292 382 451 445 1043
1097 386 1628 449 ΗΗΟΤΒΙΠἸἪᾹΞ
1670 384 1834 447 MON

2190 383 2904 450 .NDERSHEIMENSIS.
3557 388 3732 449 104!

290 516 439 575 tioni
469 517 650 587 dedit,
682 519 785 574 sed
817 518 996 575 etiam
1029 519 1228 592 plures
1258 536 1459 576 secum
1512 520 1583 575 ad
1636 518 1942 575 interitum
1972 514 2031 587 Α,
2058 519 2152 572 tra
2201 532 2295 573 me
2343 518 2610 575 dicebam
2643 536 2657 575 :
2690 520 2820 577 Haec
2870 521 3058 596 gloria
3087 522 3307 580 nemini
3352 521 3544 597 magis
3574 539 3728 578 con-

290 606 523 664 trahere
555 607 877 665 consuevit.
2002 632 2005 635 <
2056 605 2216 678 gruit
2245 622 2424 679 quam
2456 608 2610 665 Patri
2643 613 2701 666 et
2730 612 2971 668 domine
3005 629 3134 670 meo
3155 612 3455 687 Antonio-

958 714 1246 756 ANTONIUS
1257 742 1269 754 .
2725 715 3038 758 ANTONIUS.

363 784 520 843 Heul
554 786 844 860 gemenda
873 789 1239 845 consuetudo
1267 787 1281 843 i
2130 784 2256 842 Tali
2290 802 2384 844 me
2414 803 2531 844 non
2565 787 2777 863 dignor
2805 790 3187 850 beatitudine.

926 872 1312 942 Mamurius.
2087 893 2091 896 ’
2768 897 3012 939 raucus.

364 974 525 1029 Hanc
553 972 664 1029 sub
695 974 889 1046 specie
934 974 1218 1031 amatoris
1272 974 1409 1043 adii,
1445 979 1502 1031 et
1544 974 1947 1031 lascivientem
2131 968 2253 1032 QUO
2285 965 2439 1022 ἀίοίο
2471 966 2728 1024 intonvit
2755 986 2863 1024 VOX
2895 968 3094 1025 divina
3120 970 3322 1026 dicens
3358 986 3371 1025 ε
3410 993 3438 1021 ‹‹
3470 972 3627 1039 Non,
3664 976 3739 1027 ut

293 1062 545 1119 nimium
594 1078 753 1120 nunc
800 1064 1081 1120 suavibus
1140 1064 1534 1121 hortamentis
1588 1063 1835 1120 blandie:

2197 1072 2279 1121 as,
2313 1057 2583 1128 Antonio,
2620 1058 2720 1116 sed
2752 1057 2961 1115 Thaidi
2993 1059 3287 1116 meretrici
3311 1061 3608 1118 servanda
3638 1066 3736 1118 est

292 1152 646 1220 mulcebam,
679 1169 835 1210 nunc
866 1154 1191 1210 acrioribus
1222 1153 1462 1211 monitis
1494 1154 1822 1214 minitando
1843 1158 1949 1209 tcr—
2060 1143 2181 1199 hinc
2211 1144 2415 1218 gloria-
2450 1168 2477 1197 ἰ

295 1241 520 1298 rebam.
2694 1252 3077 1294 PAPHNUTIUS.

970 1349 1275 1391 Anq-03mg,
1880 1383 1885 1391 ,
2132 1323 2287 1380 Laus
2315 1324 2612 1381 dulcedini
2642 1330 2780 1394 tuae,
2813 1325 3251 1396 Christe,unice
3282 1327 3582 1402 Dei,quOd
3609 1331 3733 1385 mei

367 1420 486 1478 Hoc
511 1424 1046 1495 temperamentum
1079 1424 1209 1496 ejus
1228 1418 1343 1480 164
1392 1422 1642 1479 lascivia:
1691 1422 1802 1480 mit
1850 1440 1909 1480 nc

1850 1440 1948 1480 ne.
2058 1411 2363 1470 tristitiam
2393 1418 2515 1471 tam
2550 1413 2642 1487 pie
2675 1414 2950 1489 dignatus
2983 1433 3046 1473 es
3077 1416 3383 1475 consolari.

295 1510 643 1570 cessarium.
1886 1563 1891 1567 .
2731 1529 3035 1571 amemus.

926 1617 1311 1660 PAPHNUTIUS.
2132 1599 2355 1675 Dignus
2386 1604 2474 1658 est
2499 1601 2749 1659 laudari.

364 1691 628 1747 Tandem
658 1691 853 1759 cessit,
888 1696 947 1748 et
973 1696 1171 1765 spreta
1201 1691 1651 1764 reprehensibili
1702 1707 1950 1750 consue-
2698 1717 3084 1759 PAPRNUTIUS.

296 1780 502 1837 tudine
533 1780 864 1837 castitatem
910 1781 1102 1855 elegit,
1136 1796 1383 1854 seseque
1416 1781 1475 1836 in
1525 1782 1952 1855 angustissima
2133 1789 2256 1858 Ibo,
2285 1792 2341 1845 et
2371 1791 2484 1846 mei
2518 1790 2808 1864 captivam
2835 1790 3105 1848 visitabo.

296 1868 505 1927 cellula
534 1868 806 1925 concludi
839 1871 1159 1927 consensit.
1984 1892 2032 1956 Β
2731 1898 3042 1937 ANTONIUS.

966 1984 1275 2025 ANTONIUS.
2133 1968 2391 2041 Tempus
2440 1973 2529 2024 est
2576 1973 2642 2024 ut
2690 1969 2774 2024 illi
2825 1975 2881 2025 et
2927 1986 3089 2043 spem
3122 1971 3301 2027 venia:
3345 1975 3404 2028 et
3454 1971 3732 2031 solamen

365 2057 632 2115 Delector
665 2057 957 2115 audiendo
992 2058 1049 2113 in
1079 2062 1336 2127 tantum,
1369 2063 1437 2115 ut
1461 2073 1668 2115 omnes
1700 2076 1946 2133 prazcor-
2058 2056 2367 2128 promittas
2399 2057 2781 2115 beatitudinis
2813 2064 3058 2115 satorum.

294 2146 529 2205 dierum
558 2162 718 2203 vena;
748 2146 1107 2204 intrinsecus
1139 2146 1412 2205 exsiliant
1441 2149 1772 2221 gaudendo.
2692 2166 2920 2223 SCENA
2964 2168 3079 2224 ΧΠ,

927 2260 1311 2303 PAPIINUTIUS.
2692 2273 3078 2314 PAPHNUTIUB.

364 2335 541 2393 Decet
566 2334 653 2417 tui
684 2333 1059 2391 sanctitatem
1084 2354 1097 2403 ;
1131 2338 1190 2391 et
1219 2350 1337 2408 ego.
1370 2336 1629 2407 quidem,
1664 2336 1801 2392 licet
1848 2354 1946 2393 su-
2130 2343 2330 2411 Thais,
2361 2360 2493 2401 mea
2523 2346 2799 2419 adoptiva
2829 2346 2972 2416 filia,
3002 2347 3161 2420 aperi
3192 2348 3533 2417 fenestram,
3566 2352 3637 2405 ut
3668 2353 3727 2406 te

293 2441 400 2499 pra
427 2424 672 2481 modum
702 2424 992 2496 gaudeam
1018 2424 1096 2499 de
1126 2423 1525 2492 conversione,
1558 2442 1674 2481 non
1716 2425 1827 2481 levi
1858 2431 1945 2483 ta-
2056 2431 2307 2491 videam.

292 2498 429 2572 men
459 2513 778 2569 conturbor
805 2498 1219 2581 sollicitudine,
1253 2530 1318 2570 eo
1363 2514 1520 2586 quod
1569 2531 1771 2571 vereor
1818 2516 1946 2589 ejus
2794 2541 3007 2581 unus.

290 2601 750 2663 teneritudinem
780 2617 931 2675 aegre
962 2602 1113 2658 ferre
1142 2602 1442 2660 diutinum
1471 2603 1751 2661 laborem.
2129 2612 2271 2679 Quis
2300 2610 2565 2685 loquitur
2583 2612 2611 2667 ‘I

962 2717 1273 2759 ANTONIUS.
2290 2762 2299 2771 κ
2693 2719 3079 2760 PAPI‘INUTIUS.

361 2792 472 2851 Ubi
503 2792 672 2851 adest
698 2803 835 2848 vera
864 2789 1118 2859 dilectio,
1152 2808 1269 2848 non
1320 2792 1484 2850 deest
1528 2792 1627 2867 pia
1674 2809 1944 2869 compas-
2130 2790 2497 2864 Paphnutius
2529 2791 2699 2848 Pater
2728 2794 2888 2849 tuus.
3063 2787 3075 2802 '

289 2882 398 2940 sio.
1968 2928 1973 2935 .
2791 2905 2975 2947 THAIS.

923 2986 1306 3029 PAPHNUTIUS.
2128 2974 2294 3033 Unde
2341 2977 2489 3033 mihi
2529 2978 2882 3049 jucunditas
2937 2979 3035 3036 55
3068 2984 3245 3036 tantae
3280 2980 3521 3052 laetitiae,
3553 2988 3624 3039 ut
3652 2987 3722 3039 tu

362 3061 528 3118 Unde
553 3064 717 3118 tuam
749 3059 1126 3117 dilectionem
1158 3060 1518 3134 efﬂagite,ut
1544 3066 1610 3117 tu
1640 3062 1844 3135 tuique
1864 3062 1947 3119 di-
2058 3080 2151 3121 me
2180 3065 2562 3138 peccatricem
2595 3066 2856 3138 digneris
2884 3067 3122 3123 visitare
3140 3068 3169 3122 ?

289 3150 503 3223 seipuli
531 3165 766 3206 mecum
796 3147 856 3204 in
887 3148 1252 3205 orationibus
1299 3151 1706 3205 concordando
1753 3151 1944 3207 velitis
2691 3179 3075 3221 ΡΑΡι-ικυτιοε,

290 3239 624 3313 persistere,
717 3238 1106 3309 quoadusque
1187 3236 1417 3292 ccelitus
1504 3238 1832 3295 demonstra

2178 3250 2283 3307 ieet
2312 3262 2415 3323 per
2442 3250 2551 3306 hoc
2583 3250 2906 3307 triennium
2958 3254 3171 3309 absens
3218 3268 3413 3311 essem
3447 3274 3720 3331 corpore,

289 3331 569 3385 utrumne
598 3324 931 3414 benignitas
959 3324 1167 3380 ἀίνίῐιω
1194 3325 1594 3414 Ψίβθναιίοηίε
1626 3327 1699 3383 ad
1741 3327 1940 3384 ίιὶάιιῙ·
1990 3324 1997 3325 ί
2051 3339 2209 3396 haud
2231 3339 2530 3395 modicum
2561 3343 2756 3401 tamm
2788 3339 3077 3398 sollicitus
3108 3341 3191 3397 fui
3226 3359 3331 3414 pro
3378 3344 3469 3400 tui
3499 3324 3718 3404 salute.

289 3416 552 3493 gentiam
583 3413 786 3472 molita
812 3414 889 3470 sit
918 3413 1253 3488 pmnitentis
1284 3413 1580 3487 lacrymis.
2778 3456 2963 3496 mus,

958 3527 1267 3569 ANTONIUS.
2121 3528 2247 3583 Non
2270 3528 2493 3584 dubito.

354 3603 769 3662 Consentimus
798 3605 914 3658 tum
943 3601 1212 3675 petitioni
1246 3600 1514 3658 libenter.

2684 3634 3068 3676 PAPHNUTIUS.

919 3713 1306 3755 PAPHNU'I‘IUS.
2121 3708 2355 3779 Expone
2386 3705 2531 3761 mihi
2563 3704 2872 3762 historiam
2904 3711 3021 3763 tua:
3053 3708 3540 3783 conversationis,
3582 3728 3715 3770 mo-

352 3790 471 3848 Nec
501 3789 706 3847 dubito
735 3805 838 3845 vos
870 3804 905 3845 a
928 3787 1046 3844 Deo
1076 3787 1421 3843 exauditum
1447 3788 1519 3844 iri
1549 3788 1886 3847 clementer.
2050 3798 2312 3869 dumque
2336 3794 2833 3867 compunctionis.

933 3892 1164 3950 SCENA
1199 3894 1293 3949 ΧΙ.

2780 3911 2969 3951 TIIAis.

955 3998 1265 4039 ANTONIUS.
1694 3978 1704 3989 “
2119 3985 2236 4040 Hoc
2260 4000 2504 4055 pessum
2535 3998 2844 4055 exponere,
2877 3983 3034 4055 quod
3066 4000 3182 4039 non
3224 3984 3423 4041 nescio
3477 4004 3571 4043 me
3619 3990 3711 4045 ni-

352 4078 496 4134 Ecce
527 4072 862 4147 evangelica
891 4071 1205 4144 promissio
1235 4072 1297 4126 in
1329 4072 1499 4129 nobis
1530 4076 1620 4129 est
1666 4073 1930 4148 impleta.
1961 4087 1963 4090 ‘
2046 4073 2128 4130 hil
2153 4073 2400 4146 dignum
2433 4072 2549 4128 Deo
2580 4072 2794 4143 egisse.
3315 4090 3325 4097 η

912 4183 1299 4225 PAPIINUTIUS.
2680 4185 3065 4227 PAPIINUTIUS.

350 4263 488 4330 Quae
515 4258 640 4317 huic
673 4256 1033 4332 promissio?
2116 4262 2176 4318 Si
2208 4261 2364 4317 Deus
2392 4259 2737 4331 iniquitates
2768 4259 3123 4328 observabit,
3157 4276 3329 4317 nemo
3362 4262 3698 4321 sustinebit.

947 4360 1258 4401 ANTONIUS.
2772 4372 2963 4412 THAIS.

349 4442 431 4497 Ea
455 4435 724 4495 videlicet
753 4451 882 4509 quae
915 4434 1348 4498 consentientes
1380 4436 1441 4493 in
1492 4438 1752 4494 oratione
1801 4456 1931 4511 pre-
2106 4447 2174 4504 'Si
2207 4454 2403 4503 tamen
2432 4446 2573 4519 quid
2606 4445 2843 4502 fecerim
2873 4445 2963 4502 vis
3008 4446 3178 4518 scire,
3211 4447 3695 4507 numerositatem

278 4529 444 4589 misit
471 4526 670 4587 omnia
699 4526 1015 4601 impetrare
1046 4541 1238 4597 Ροδεο·
2042 4554 2310 4595 meorum
2343 4535 2631 4593 scelerum
2665 4535 2823 4591 intra
2852 4535 3295 4617 conscientiam,
3327 4538 3498 4613 quasi
3526 4537 3585 4594 in
3620 4540 3698 4595 fa-

915 4639 1301 4681 PAPHNUTIUS.
1960 4626 2012 4697 D
2042 4626 2331 4686 sciculum
2364 4624 2569 4696 collegi
2602 4629 2658 4680 et
2690 4625 3101 4698 pertractando
3131 4630 3327 4682 mente
3357 4618 3693 4700 semperin-

346 4715 497 4787 Quid
527 4711 661 4773 est?
960 4748 963 4751 -
1400 4788 1403 4790 _
2040 4716 2223 4790 spexi,
2268 4732 2407 4788 quo,
2465 4715 2618 4770 sicut
2667 4714 2911 4771 naribus
2955 4729 3261 4786 nunquam
3311 4715 3581 4772 molestia
3612 4718 3693 4773 fe-

456 4798 463 4801 ’
644 4842 659 4853 κ
946 4814 1255 4857 ANTONIUS.
1399 4788 1404 4795 ’

2149 4824 2206 4874 .s,
2255 4805 2338 4862 ita
2383 4803 2634 4862 formido
2688 4802 3129 4882 gehennm‘non
3180 4803 3413 4885 abesset
3467 4804 3691 4864 visibus

343 4891 523 4951 Paulo
554 4908 683 4950 meo
713 4889 1003 4965 discipulo
1036 4893 1274 4946 ostensa
1302 4894 1393 4948 est
1422 4892 1691 4964 quaedam
1720 4892 1889 4950 visio.
1949 4896 1965 4929 ·’
2040 4895 2255 4954 cordis.
2884 4924 2889 4929 ~
3134 4926 3137 4931 ε
3684 4886 3689 4889 Α

910 4996 1053 5037 PAEH
1060 4994 1292 5037 NUTIUS.
2674 4997 3035 5042 PAPHNUTIUS
3045 5012 3065 5038 .’

344 5071 503 5129 Voca
529 5069 721 5127 illum.
2082 5073 2259 5141 ~Quia
2286 5077 2342 5130 te
2373 5060 2823 5144 compunetiene
2854 5072 3101 5143 qunisti,
3133 5058 3262 5129 ideo
3308 5072 3541 5130 veniam
3572 5090 3696 5131 me-

951 5166 1258 5216 ANTONIUS.
1915 5147 1919 5153 ’
2039 5163 2232 5219 ruisti.

346 5245 544 5317 Paule,
578 5246 808 5317 accede,
838 5251 1047 5319 etquae
1076 5247 1274 5304 vidisti
1309 5248 1637 5321 Papbnutie
1684 5267 1925 5325 expone.
2761 5266 2949 5307 rans.

972 5352 1216 5396 munus.
1602 5372 1608 5377 ο
2109 5344 2154 5399 0
2184 5340 2450 5399 utinam!

342 5425 628 5483 Videbam
659 5422 719 5478 in
748 5422 973 5480 visione
1004 5423 1288 5481 lectulum
1319 5426 1652 5485 candidulis
1673 5428 1928 5502 palliolis
2668 5444 3052 5485 PAPHNU'I‘IUS.

270 5513 330 5572 in
363 5513 506 5572 ccelo
536 5511 848 5584 magnifice
873 5515 1145 5578 stratum,
1180 5513 1273 5568 cui
1307 5519 1563 5586 quatuor
1606 5516 1926 5589 splendide
2107 5522 2194 5578 Da
2223 5535 2488 5585 manum,
2522 5522 2590 5574 ut
2619 5521 2676 5574 te
2705 5518 2973 5574 educam.

269 5601 528 5675 virgines
557 5603 864 5671 praeerant,
899 5602 957 5653 et
987 5599 1156 5669 quasi
1191 5602 1577 5659 custodiendo
1609 5606 1923 5676 astabant;
2763 5625 2949 5663 mare.

272 5698 330 5748 at
359 5691 459 5748 ubi
481 5687 923 5761 jucunditatem
956 5686 1116 5741 mirae
1148 5686 1429 5745 claritatis
1458 5682 1928 5763 aspiciebam,in-
2107 5698 2257 5767 Noli,
2292 5697 2460 5755 Pater
2508 5697 2862 5766 venerande,
2893 5696 3011 5752 noli
3063 5712 3156 5753 me
3204 5695 3569 5754 sordidulam
3601 5697 3695 5755 his
