3904 6380
203 414 356 478 1045

201 546 595 606 immunditiis
625 547 985 619 abstrahere,
1010 551 1113 607 sed
1143 549 1271 608 sine
1299 550 1360 607 in
1390 551 1514 608 loco
1545 550 1691 608 meis
1720 566 1843 607 me-
1875 550 1932 619 Α

200 636 326 693 ritis
358 637 647 709 condigno
678 654 953 695 mansum
986 640 1085 697 ire.

834 755 1215 795 PAPHNUTIUS.

1238 417 1648 480 CONttEDI/E
1694 417 1865 478 SEX.
1899 448 1976 459 -—
2006 416 2107 478 VI.
2156 418 2599 481 SAPIENTIA.

3452 411 3605 497 1046

2578 551 2805 609 SCENA
2842 550 2989 608 XIII.

2684 659 2869 698 THAIS.
2986 666 2993 669 '

2028 740 2153 796 Noli
2204 740 2383 808 abire,
2427 740 2598 796 Pater
2627 740 3006 807 venerabilis;
3059 738 3159 793 sed
3211 736 3411 792 adesto
3461 733 3605 791 mihi

268 825 528 898 Tempus
560 831 651 882 est
698 832 765 882 ut
813 827 1061 900 levigato
1116 830 1328 884 timore
1375 828 1621 901 incipias
1668 829 1848 883 vitam
1956 846 2060 901 pro
2093 829 2301 886 solatio
2334 830 2391 885 in
2424 830 2569 885 hora
2596 847 2735 885 mea:
2768 827 3191 885 dissolutionis.

198 930 449 985 sperare,
485 914 627 987 quia
657 915 742 971 tui
775 918 1119 988 pmnitentia
1150 916 1521 990 acceptabilis
1552 921 1643 973 est
1671 917 1807 973 Deo.

927 1033 1114 1073 THAIS.

268 1101 409 1171 Ejus
453 1100 654 1174 pietati
702 1103 936 1159 laudem
987 1106 1175 1160 ferant
1221 1122 1423 1160 omnes
1473 1104 1683 1176 angeli,
1710 1104 1847 1176 quia

199 1206 313 1244 non
346 1190 565 1261 sprevit
592 1190 987 1248 humilitatem
1024 1195 1216 1250 cordis
1246 1194 1500 1249 contriti.

825 1306 1211 1347 PAPHNUTIUS.

265 1376 402 1433 Esto
448 1376 678 1433 stabilis
709 1379 770 1434 in
802 1378 904 1435 Dei
952 1380 1181 1449 timore,
1215 1386 1274 1437 et
1322 1396 1598 1454 permane
1628 1381 1687 1436 in
1718 1382 1847 1453 ejus

194 1464 541 1537 dilectione;
574 1472 709 1540 post
737 1468 1075 1541 quindecim
1107 1486 1361 1543 namque
1392 1469 1515 1525 dies
1546 1470 1846 1526 hominem

195 1568 396 1625 exues,
426 1560 487 1612 et
516 1557 755 1613 tandem
787 1558 940 1614 felici
982 1575 1160 1615 cursu
1191 1561 1443 1631 peracto,
1478 1575 1736 1632 superna
1762 1560 1844 1617 fa-

188 1649 358 1702 vente
392 1646 610 1719 gratia,
642 1647 1097 1721 transmigrabis
1128 1650 1201 1704 ad
1238 1653 1412 1704 astra.

926 1762 1114 1802 THAIS.

261 1831 306 1888 Ο
350 1831 581 1889 utinam
640 1849 896 1889 mererer
953 1852 1153 1907 poenas
1203 1835 1465 1903 evadere,
1498 1834 1584 1891 vel
1637 1835 1844 1891 saltem

189 1918 539 1976 clementius
570 1921 732 1977 exuri
774 1922 995 1978 mitiori
1028 1922 1200 1996 ignei
1254 1924 1381 1979 Non
1413 1928 1503 1979 est
1532 1924 1688 1980 enim
1738 1925 1847 1982 hoc
1875 1927 1924 1992 Β

188 2007 303 2063 mei
331 2007 552 2075 meriti,
584 2012 651 2064 ut
684 2009 869 2065 doner
897 2010 1263 2066 beatitudine
1293 2010 1734 2066 interminabili.

824 2124 1208 2165 PAPHNUTIUS.

260 2196 596 2253 Gratuitum
628 2196 728 2253 Dei
761 2197 980 2253 donum
1004 2214 1120 2253 non
1142 2203 1350 2270 pensat
1381 2198 1705 2253 humaunm
1731 2215 1846 2253 me-

188 2284 390 2354 ritum,
423 2285 563 2359 quia
597 2285 645 2341 si
697 2286 924 2343 meritis
953 2286 1544 2359 tribueretur,'gratia
1592 2304 1707 2343 non
1756 2287 1841 2342 di-

191 2378 438 2431 seretur.

926 2468 1110 2520 riuus.

258 2552 424 2609 Unde
486 2552 686 2609 laudet
743 2552 910 2609 illum
961 2553 1087 2609 cmli
1135 2559 1475 2621 concentus,
1534 2557 1845 2629 omnisque

192 2642 352 2695 terra}
385 2641 685 2710 surculus,
719 2658 945 2698 necnon
977 2643 1262 2699 universa)
1293 2644 1565 2701 animalis
1596 2646 1841 2717 species,

190 2732 365 2801 atque
394 2732 657 2787 confusa)
700 2746 989 2801 aquarum
1036 2732 1319 2804 gurgites,
1353 2733 1453 2805 qui
1504 2752 1619 2789 non
1652 2734 1842 2790 solum

190 2823 502 2888 peccantes
534 2818 776 2890 patitur,
812 2820 911 2874 sed
946 2818 1120 2875 etiam
1153 2822 1573 2892 paenitentibus
1604 2825 1844 2895 prmmia

193 2906 375 2977 gratis
405 2906 678 2979 largitur.
1444 2898 1452 2903 ’

829 3013 1193 3054 PAPHNUTIUS
1202 3040 1214 3053 .

260 3083 379 3142 Hoc
410 3084 500 3142 illi
531 3085 859 3159 antiquitus
890 3086 1000 3141 fuit
1030 3087 1090 3143 in
1121 3103 1303 3160 more,
1338 3093 1405 3144 ut
1436 3089 1633 3146 mallet
1665 3092 1845 3148 mise-

199 3173 308 3229 reri
342 3191 527 3247 quam
556 3174 747 3231 ferire.

2589 962 2973 1001 PAPHNUTIUS.

2028 1044 2153 1099 Non
2186 1040 2350 1114 abeo,
2376 1061 2491 1099 non
2525 1044 2779 1110 discedo,
2808 1044 2987 1098 donec
3015 1042 3211 1097 anima
3232 1058 3408 1113 super
3440 1038 3608 1094 cethe-

1891 1181 1894 1184 .
1958 1150 2022 1188 ra
2052 1132 2362 1205 plaudente
2395 1149 2603 1204 corpus
2636 1133 2732 1189 56
2766 1134 2992 1217 tradam
3027 1131 3359 1204 sepultum.

2687 1265 2871 1304 THAIS.

2026 1338 2135 1406 En,
2168 1337 2383 1410 incipio
2414 1337 2584 1393 mori.

2592 1441 2975 1489 PAPHNUTIUS.

2026 1516 2195 1573 Nunc
2226 1519 2313 1573 cst
2346 1519 2579 1588 tempus
2611 1515 2839 1574 orandi.

2688 1650 2873 1689 THAIS.

2027 1722 2135 1789 Qui
2166 1722 2441 1795 plasmati
2487 1738 2602 1794 me,
2637 1724 2915 1779 miserere
2961 1721 3097 1789 mei,
3134 1726 3192 1777 et
3221 1721 3311 1777 fac
3341 1719 3493 1777 felici
3525 1737 3608 1777 re~

1955 1812 2082 1867 ditu
2114 1812 2184 1867 ad
2216 1816 2271 1868 te
2304 1812 2510 1868 reverti
2542 1813 2803 1869 animam
2836 1827 3013 1884 quam
3047 1810 3370 1883 inspirasti.

2586 1943 2970 1984 PAPHNUTIUS.

2025 2025 2133 2090 Qui
2164 2026 2352 2081 factus
2384 2042 2418 2081 α
2448 2024 2608 2081 nullo
2638 2041 2769 2080 vere
2800 2041 2861 2081 es
2894 2024 3021 2081 sine
3051 2022 3295 2079 materia
3324 2022 3388 2095 [γ’.
3424 2022 3603 2078 mate-

1953 2112 2075 2184 riae]
2108 2114 2309 2181 fo.ma,
2342 2114 2515 2186 cujus
2558 2113 2808 2186 simplex
2850 2130 2979 2170 esse
3008 2111 3329 2182 hominem,
3351 2110 3451 2183 qui
3484 2128 3599 2165 non

1954 2208 2044 2257 est
2075 2203 2132 2258 id
2166 2204 2321 2275 quod
2354 2208 2462 2271 est,
2495 2219 2564 2258 ex
2595 2202 2703 2258 hoc
2736 2208 2792 2258 et
2835 2202 2941 2257 hoc
2991 2201 3125 2257 fecit
3153 2200 3495 2270 consistere,
3526 2200 3601 2255 da

1953 2292 2214 2348 diversas
2246 2298 2443 2364 partes
2488 2292 2667 2363 hujus
2700 2291 2985 2346 solvenda:
3018 2288 3274 2346 hominis
3326 2305 3601 2360 prospere

1954 2387 2241 2453 repertere
2264 2381 2619 2453 principium
2643 2381 2733 2435 sui
2757 2380 3024 2452 originis,
3051 2396 3168 2451 quo
3190 2383 3247 2434 et
3276 2378 3475 2433 anima
3495 2386 3602 2433 eaa-

1953 2468 2095 2525 litus
2132 2470 2319 2526 indita
2350 2470 2685 2527 cmlestibus
2734 2470 2967 2540 gaudiis
3019 2468 3511 2534 intermisceatur,
3545 2469 3603 2521 et

1953 2576 2165 2631 corpus
2199 2560 2256 2614 in
2290 2559 2451 2614 molli
2484 2561 2704 2631 gremio
2727 2565 2891 2614 terrae
2926 2576 3044 2614 sure
3077 2558 3333 2613 materia.-
3365 2556 3603 2628 paeiﬁce

1953 2648 2236 2713 foveatur,
2256 2649 2649 2720 quoadusque
2693 2648 2963 2719 pulverea
3012 2645 3209 2701 favilla
3250 2650 3497 2700 coeunte
3544 2648 3600 2699 et

1951 2736 2132 2792 vivaci
2175 2737 2316 2792 flatu
2366 2737 2647 2792 redivivos
2695 2744 2860 2791 artus
2907 2736 3120 2790 iterum
3172 2734 3447 2796 intrante,
3478 2731 3600 2787 haec

1953 2827 2155 2882 eadem
2187 2825 2367 2882 Thais
2390 2830 2655 2897 resurgat
2686 2826 2957 2896 perfecta,
2992 2828 3056 2878 ut
3088 2824 3217 2893 fuil,
3243 2822 3418 2877 homo
3450 2820 3602 2876 inter

1953 2914 2297 2971 candidulas
2328 2930 2460 2970 oves
2505 2912 2839 2969 collocanda
2872 2917 2926 2967 et
2965 2913 3020 2966 in
3054 2911 3336 2984 gaudium
3370 2910 3599 2965 (eterni-

1951 3006 2090 3059 tatis
2130 3004 2487 3071 inducenda;
2540 3007 2623 3071 tu,
2660 3004 2758 3074 qui
2810 3002 2970 3057 solus
3019 3019 3079 3056 es
3128 3002 3185 3056 id
3237 3001 3392 3071 quod
3422 3016 3506 3071 es,
3538 2998 3599 3055 in

1955 3092 2179 3149 unitate
2208 3091 2511 3148 Trinitatis
2562 3108 2768 3163 regnas
2802 3097 2858 3147 et
2907 3090 3173 3163 gloriaris
3219 3106 3322 3161 per
3369 3088 3601 3145 infinita

1882 3185 1926 3251 C
1960 3182 2173 3241 saecula
2201 3182 2569 3239 saeculorum.
2605 3184 2807 3237 Amen.

1821 3541 1974 3645 Vl

1414 3741 2370 3882 SAPIENTIA

902 4139 1785 4253 ARGUMENTUM
1885 4139 2007 4250 IN
2110 4137 2916 4299 SAPlENTlAM.

267 4362 841 4421 Passio-sanctarum
872 4365 1165 4436 virginum
1201 4364 1379 4435 Fidei,
1411 4363 1543 4436 Spei
1589 4368 1645 4436 et
1673 4362 2010 4436 Charitatis,
2038 4363 2581 4436 quas,_earumdem
2609 4364 2956 4436 veneranda
2996 4363 3275 4436 genitrioe
3308 4362 3607 4436 Sapientia

197 4441 483 4506 prmsente
514 4439 571 4491 et
601 4437 883 4492 maternis
913 4432 1413 4492 admonitionibus
1446 4432 1513 4491 ad
1541 4435 1869 4490 tolerandas
1892 4432 2195 4506 passiones
2225 4434 2516 4499 hortante,
2541 4435 2834 4488 Adrianus
2866 4432 3449 4506 irmpératorgdiversis
3473 4449 3607 4505 sup-
3677 4478 3686 4487 .

194 4503 388 4580 pliciis
415 4508 749 4580 interfecit;
778 4525 1029 4580 quarum
1061 4508 1236 4563 etiam
1268 4524 1509 4578 corpora
1551 4506 1827 4580 martyrio
1857 4503 2266 4580 consummata
2296 4510 2499 4580 sancta
2525 4509 2715 4580 mater
2758 4505 3055 4575 Sapientia
3098 4503 3348 4580 qulegit,
3384 4510 3441 4557 et
3472 4503 3607 4580 aro-

196 4573 459 4635 inatibus
488 4573 744 4635 condita
793 4573 954 4635 uinto
1005 4581 1077 4634 ab
1128 4580 1271 4635 urbe
1323 4573 1504 4634 Roma
1552 4573 1824 4633 milliaria
1856 4576 2174 4632 honoriﬁce
2206 4575 2488 4648 sepelivit.
2524 4576 2654 4648 Ipsa
2704 4573 2936 4645 quodue
2988 4573 3438 4645 quadragesima
3488 4574 3604 4639 die,

196 4647 355 4706 iuxta
386 4667 593 4706 earum
625 4597 913 4706 sendlcra.
949 4652 1116 4706 ﬁnita
1146 4652 1405 4706 oratione
1436 4667 1623 4706 sacra.
1654 4650 1928 4706 sniritum
1962 4648 2245 4706 nraamisit
2276 4647 2439 4704 caelo.
3600 4660 3603 4669 ‘

732 4660 913 4706 ulcra.
949 4660 1116 4706 tinita
1146 4660 1405 4706 οταιιοῐιῡ
1436 4667 1623 4706 sacra.
1654 4660 1928 4706 smmum
1962 4660 2245 4706 ονωηιιειι
2276 4660 2439 4704 οωιο.
3600 4660 3603 4669 ’

186 4647 355 4717 juxta
386 4667 593 4708 earum
625 4665 727 4723 sep

797 4668 913 4718 cra,
949 4652 1116 4707 ﬁnita
1146 4652 1405 4707 oratione
1436 4667 1623 4717 sacra,
1654 4650 1928 4721 spiritum
1962 4648 2245 4719 prmmisit
2274 4647 2439 4704 caelo.

1503 4939 2244 5013 INTERLOCUTORES
2288 4964 2306 5007 :

600 5116 1034 5185 ANTIOCHUS,
1064 5115 1451 5184 ADRIANUS,
1484 5115 1882 5185 SAPIENTIA,
1918 5116 2144 5183 FIDES,
2178 5115 2370 5181 SPES,
2404 5112 2781 5177 CHARITAS,
2817 5109 3210 5167 MATRONzE.

882 5270 1110 5327 SCENA
1149 5269 1173 5325 Ι

793 5359 887 5415 51
921 5374 1265 5417 amoenus.

268 5441 467 5499 Tuum
496 5443 682 5517 igitur
701 5463 849 5515 esse,
875 5465 907 5504 ο
929 5449 1248 5521 imperator
1266 5444 1541 5513 Adriane,
1564 5445 1877 5517 prosperis-

198 5529 272 5585 ad
302 5536 441 5589 vota
470 5537 947 5594 successionibus
970 5538 1186 5611 pollere
1207 5536 1410 5606 tuique
1431 5536 1653 5589 statum
1674 5534 1858 5607 impe-

199 5614 278 5671 rit
307 5618 559 5678 feliciter
586 5626 809 5698 absque
856 5627 1293 5699 perturbatione
1336 5627 1616 5696 exeptans
1645 5623 1857 5696 vigere,

202 5706 491 5780 quidquid
523 5716 950 5787 rempublicam
982 5714 1356 5782 confundere,
1389 5711 1677 5784 quidquid
1710 5717 1862 5770 tran-

1882 5270 1930 5335 D
1962 5266 2212 5340 quillum
2252 5264 2469 5321 mentis
2518 5279 2647 5318 reor
2684 5262 2988 5319 vulnerare
3027 5277 3221 5333 posse,
3264 5258 3615 5332 qnantocius

1968 5355 2159 5413 divelli
2191 5353 2544 5427 penitusque
2573 5351 2743 5422 cupio
2774 5349 3135 5408 labefactari.

2638 5457 2947 5497 ADRIANUS.

2038 5535 2153 5591 Nec
2185 5532 2429 5605 injuria;
2463 5548 2599 5586 nam
2632 5532 2815 5587 nostri
2865 5530 3225 5603 prosperitas
3256 5524 3343 5581 tui
3374 5525 3464 5580 est
3493 5519 3618 5602 feli-

1970 5626 2135 5694 citas,
2170 5640 2303 5679 cum
2338 5637 2605 5676 summos
2644 5620 2948 5693 dignitatis
2999 5618 3217 5692 gradus
3248 5614 3304 5667 in
3340 5611 3463 5667 dies
3515 5607 3619 5665 tibi

1970 5730 2181 5785 augere
2213 5729 2329 5768 non
2364 5708 2729 5767 desistimus.
