3904 6392
335 417 493 505 3047

993 559 1336 602 ANTLOCIIUS.

408 638 793 713 Congratulor
822 640 934 693 tum
961 636 1238 703 almitatl;
1273 636 1449 703 unde,
1475 634 1523 691 si
1556 634 1698 707 quid
1733 634 2000 707 experior

319 729 634 802 emergere
652 728 806 800 quod
829 729 928 782 tuo
951 725 1274 798 potentatui
1293 725 1525 780 videtur
1541 728 1743 780 contra
1765 723 1996 793 luctari,

339 836 455 876 non
485 817 708 888 occule,
733 817 834 874 sed
867 816 1184 890 impatiens
1216 833 1389 872 morm
1422 815 1671 887 profero.

1005 931 1320 972 ADRIANUS.

408 1010 480 1065 Et
517 1007 744 1076 merito,
780 1023 852 1064 ne
882 1024 1016 1063 reus
1064 1005 1393 1077 maiestatis
1443 1020 1571 1061 esse
1621 1004 1911 1078 arguaris,
1949 1005 1998 1060 si

339 1115 456 1156 non
488 1097 732 1156 celanda
760 1096 1057 1174 celaveris.

998 1201 1345 1241 ANTIOCllUS.

411 1277 762 1350 llujusmodi
795 1275 1112 1332 commisso
1163 1279 1358 1331 reatus
1405 1289 1712 1347 nunquam
1766 1275 1845 1330 fui
1899 1275 2000 1329 ob-

340 1367 570 1426 noxius.

1015 1469 1325 1510 ADRIANUS.

411 1545 681 1615 Memini;
713 1546 816 1603 sed
850 1545 1046 1620 profer
1074 1542 1122 1600 si
1158 1543 1296 1617 quid
1330 1542 1484 1600 scias
1517 1543 1670 1599 novi.

996 1658 1340 1699 ANTIOCHUS.

408 1718 684 1814 Quaedam
716 1734 940 1815 advena
982 1732 1197 1789 mulier
1240 1733 1393 1788 hanc
1434 1733 1642 1788 urbem
1687 1750 1876 1805 nuper
1920 1733 2006 1789 in-

336 1823 512 1881 travit
542 1822 822 1880 comitata
850 1821 1074 1896 preprii
1107 1823 1261 1879 fetus
1291 1821 1540 1894 pusiolis
1572 1822 1786 1879 tribus.

1011 1936 1325 1977 ADRIANUS.

406 2010 594 2084 Crujus
624 2023 797 2069 sexus
825 2013 968 2068 sunt
1001 2009 1214 2084 pusioli
1237 2010 1265 2065 ?

995 2124 1316 2165 ANTIOCHUS
1327 2150 1338 2163 .

409 2200 626 2257 Omnes
659 2197 919 2256 feminei.

1012 2303 1324 2344 ADRIANUS.

407 2352 687 2452 Nunquid
705 2377 1069 2434 tantillar'um
1088 2379 1371 2434 adventus
1393 2377 1874 2434 muliercularum
1900 2379 1998 2433 ali-

333 2469 493 2541 quod
524 2467 856 2542 reipublicae
889 2468 1174 2525 adducere
1208 2467 1420 2540 poterit
1449 2469 1873 2526 detaimentum
1897 2470 1924 2524 ‘?

995 2581 1337 2622 ANTIOCUUS.

408 2656 823 2730 Permagnam.

1007 2760 1319 2802 ADRIANUS.

411 2836 574 2905 Quod
596 2836 623 2891 ‘i

991 2923 1334 2982 Auriocnus.

405 3014 572 3073 Pacis
605 3015 918 3072 defectum.

1003 3119 1316 3161 ADRIANUS.

401 3198 525 3263 Quo
558 3197 726 3268 pacto
745 3194 774 3250 ?

988 3298 1326 3338 ANTIOCHUS.

399 3375 470 3431 Et
493 3373 642 3446 quid
673 3371 862 3448 magis
883 3376 1076 3446 potest
1099 3388 1374 3444 rumpere
1403 3371 1590 3428 civilis
1612 3372 1983 3428 concordiam

329 3460 493 3536 pacis
524 3477 704 3534 quam
734 3459 1104 3518 dissonantia
1132 3459 1554 3517 observationis
1574 3459 1602 3515 ?

999 3574 1310 3615 ADRIANUS.

397 3649 553 3716 Nihil
585 3648 840 3724 gravius,
873 3647 1021 3705 nihil
1047 3647 1327 3716 deterius,
1356 3648 1512 3720 quod
1547 3651 1796 3705 testatur
1825 3649 1985 3707 orbis

326 3741 648 3808 Romanus,
663 3737 764 3812 qui
787 3738 1048 3809 undique
1067 3753 1236 3794 secus
1253 3736 1596 3794 Christianm
1615 3738 1790 3795 cmdis
1813 3740 1984 3796 sorde

323 3832 415 3886 est
438 3827 712 3886 infectus.

982 3931 1328 3972 ANTIOGIIUS.

395 4006 527 4064 Haec
557 4005 738 4079 igitur
776 4005 1014 4073 femina,
1045 4006 1218 4076 cujus
1258 4005 1614 4063 mentionem
1646 4007 1813 4077 facio,
1847 4002 1980 4064 hor-

323 4099 485 4154 tatur
513 4096 804 4152 nostrates
835 4093 1019 4151 avitos
1057 4093 1207 4150 ritus
1242 4096 1508 4152 deserere
1543 4099 1601 4153 et
1638 4097 1980 4156 Christiana:

321 4183 588 4258 religioni
621 4197 684 4240 se
711 4181 941 4239 dedere.

998 4286 1308 4328 ADRIANUS.

340 4411 346 4416 .
391 4362 546 4420 Nu'm
579 4360 852 4435 prasv'alet
879 4361 1319 4419 hortamentum
1344 4362 1371 4418 7

973 4475 1314 4517 ΛΝτιοσηυε.

385 4539 673 4634 Nimium.
706 4541 854 4608 Nam
905 4553 1114 4606 nostrae
1148 4552 1428 4626 conjuges
1477 4553 1828 4611 fastidiendo
1869 4574 1977 4613 nos

317 4630 705 4700 contemnunt
734 4640 899 4710 adeo,
936 4643 999 4696 ut
1029 4640 1419 4713 dedignentur
1451 4643 1758 4701 nobiscum
1792 4662 1978 4702 come-
2005 4675 2054 4744 Β

316 4733 472 4802 dere,
507 4734 730 4804 quanto
761 4728 960 4787 minus
991 4729 1269 4786 dormire.

990 4843 1300 4885 ADRIANUS.

387 4917 610 4986 Fateor,
651 4915 1005 4990 periculum.

971 5022 1314 5063 ANTIOCHUS.

384 5095 559 5152 Decet
584 5093 669 5150 tui
701 5110 1011 5166 personam
1045 5113 1385 5169 praecavere.

990 5210 1300 5249 ADRIANUS.

382 5267 784 5352 Consequens.
818 5281 1162 5362 Advoeetnr,
1213 5288 1270 5339 et
1319 5284 1376 5339 in
1431 5287 1613 5340 nostri
1661 5290 1971 5358 prmsentia

311 5388 385 5427 an
417 5369 555 5426 velit
585 5368 788 5424 cedere
818 5363 1191 5426 disCutiatur.

375 5530 381 5538 Ι
425 5535 431 5546 ⁸
965 5483 1206 5522 ANTIOCH
1219 5485 1308 5524 US.

377 5556 509 5612 Vin’
541 5569 634 5613 me
664 5551 825 5609 illam
859 5549 1184 5609 advocare?

984 5638 1293 5699 Annianus.

377 5732 519 5789 Volo
553 5733 830 5805 percerte.

1140 444 1188 501 ll
1201 440 1671 502 ROTSUITH/E
1715 437 1983 500 ΜΟΝΙᾹ]

2163 439 2706 500 ΞΑΝΟΕΠΞΗΕῘΜ
2719 439 2960 500 ENSIS.

2022 542 2079 610 Α
2765 541 2995 600 SCENA
3035 543 3104 599 II.

2766 649 3104 688 ANTIOCHUS.

2183 721 2330 788 Quid
2364 722 2610 791 vocaris,
2645 741 2677 777 o
2711 721 2923 777 mulier
2955 723 3177 775 advena
3198 720 3224 774 ?

2783 827 3099 867 SAPIENTIA.

2185 901 2498 974 Sapientia.

2774 1007 3112 1046 ANTIOCHUS.

2183 1081 2504 1152 Imperator
2535 1081 2830 1136 Adrianus
2871 1080 3054 1152 jussit
3086 1085 3143 1135 te
3168 1079 3225 1134 in
3261 1080 3475 1153 palatio
3528 1099 3783 1154 prsesen-

2111 1169 2219 1224 tari
2245 1168 2379 1225 suis
2405 1169 2842 1242 conspectibus.

2781 1277 3100 1318 ΒΑΡῘΕΝΤΙΛ.

2185 1347 2471 1404 Palatium
2503 1366 2636 1405 cum
2689 1349 2869 1406 nobili
2916 1349 3171 1406 ﬁliarum
3219 1349 3500 1406 comitatu
3557 1351 3782 1406 intrare

2113 1455 2229 1494 non
2260 1438 2508 1512 trepido,
2543 1441 2600 1494 et
2628 1439 2918 1495 minacem
2952 1439 3324 1512 imperatoris
3349 1438 3583 1496 vultum
3618 1458 3784 1497 com-

2113 1527 2313 1584 minus
2343 1527 2604 1602 aspicere
2637 1529 2736 1585 58
2769 1546 2884 1585 non
2916 1528 3185 1586 formido.

2774 1635 3113 1677 ANTIOCIIUS-

2185 1706 2443 1763 Invisum
2467 1721 2654 1779 genus
2676 1706 3157 1764 Christicolarum
3181 1724 3413 1781 semper
3432 1714 3784 1782 promptum

2113 1800 2203 1853 est
2231 1795 2600 1870 principibus
2630 1797 2702 1853 ad
2735 1797 3153 1853 resistendum.

2262 1961 2266 1966 Ι
2785 1903 3100 1943 ΒΑΡῙΕΝἸΊΛ.

2149 2000 2151 2002 ·
2185 1976 2460 2050 Princeps
2499 1975 2918 2046 universitatis,
2953 1977 3054 2049 qui
3096 1977 3282 2034 nescit
3311 1976 3486 2047 vinei,
3521 1995 3646 2035 non
3691 1997 3786 2053 pa-

2109 2066 2254 2122 titur
2283 2084 2422 2123 suos
2455 2067 2526 2122 ab
2559 2067 2725 2123 hoste
2753 2066 3039 2139 superari.

2765 2173 3108 2212 ANTIOCHUS.

2183 2247 2382 2320 Mitiga
2427 2245 2787 2302 affluentiam
2821 2247 3155 2315 verborum,
3190 2249 3248 2302 et
3288 2261 3463 2320 perge
3492 2248 3563 2305 ad
3610 2247 3780 2320 pala-

2108 2336 2278 2392 tium.

2777 2443 3095 2485 SAPIENTIA.

2181 2516 2442 2572 Monstra
2487 2516 2639 2572 viam
2694 2517 3033 2588 praeeundo,
3069 2533 3176 2572 nos
3224 2515 3658 2589 subsequimur
3690 2536 3781 2574 ac—

2108 2604 2434 2663 celerando.

2751 2695 2980 2752 SCENA
3022 2695 3118 2750 ΙΙΙ.

2763 2800 3105 2840 ANTIOCIIUS.
3743 2833 3752 2846 ,

2175 2875 2279 2930 llic
2309 2873 2433 2946 ipse
2464 2877 2552 2930 est
2584 2874 2920 2946 imperator,
2945 2889 3118 2945 quem
3149 2873 3206 2927 in
3236 2872 3382 2929 solio
3413 2873 3768 2931 residentem

2103 2963 2422 3036 conspicis;
2458 2962 2769 3035 prmcogita
2799 2961 2938 3034 quid
2975 2962 3254 3033 loquaris.

2767 3067 3059 3106 ΒΛΡῙΕΝΤΙΑ
3070 3091 3082 3104 .

2171 3141 2288 3195 lloc
2319 3139 2588 3212 prohibet
2616 3130 2831 3194 Christi
2864 3138 3172 3207 sententia,
3203 3141 3561 3211 promittens
3595 3143 3760 3200 nobis

2100 3228 2516 3302 insuperabilis
2547 3227 2843 3300 sapientia}
2878 3229 3050 3283 dona.

2197 3388 2200 3390 _
2772 3334 3082 3374 manuus.

2168 3410 2291 3466 Huc
2331 3410 2488 3476 ades,
2521 3407 2822 3464 Antioche.

2754 3512 3097 3554 ANTIOCHUS.

2169 3591 2379 3646 Praesto
2412 3604 2568 3658 sum,
2601 3587 2857 3644 domine.

2157 3746 2160 3748 τ
2769 3693 3078 3732 ADRIANUS.

2166 3769 2466 3841 Numquid
2509 3768 2597 3823 hac
2626 3768 2791 3838 :sunt
2836 3764 3218 3831 mulierculae,
3252 3783 3401 3837 quas
3451 3768 3756 3826 deferebas

2095 3867 2198 3934 pro
2229 3855 2563 3915 Christiana
2593 3856 2875 3929 religione
2894 3857 2921 3910 ‘I

2747 3961 3090 4002 ANTIOCIIUS.

2164 4042 2315 4096 Sunt
2344 4037 2532 4111 plane.

2764 4139 3074 4180 ADRIANUS.

2162 4215 2639 4288 Uniuscujusque
2687 4211 3187 4287 pulchritudinem
3238 4212 3618 4285 obstupesco,
3652 4217 3746 4271 sed

2091 4313 2146 4368 et
2175 4309 2542 4366 honestatem
2574 4305 2810 4361 habitus
2843 4303 2987 4360 satis
3019 4302 3296 4359 admirari
3330 4319 3577 4374 nequeo.

2715 4450 2722 4455 _
2745 4405 3086 4450 ANTIOCHUS.

2161 4487 2390 4556 Desine,
2426 4504 2457 4544 o
2491 4484 2571 4542 mi
2604 4481 3152 4556 seniorﬁadmirari,
3187 4488 3241 4539 et
3272 4498 3410 4555 coge
3445 4481 3578 4541 illas
3611 4485 3748 4542 deos

2087 4576 2372 4635 venerari.

2757 4679 3072 4720 ADRIANUS.

2156 4757 2303 4825 Quid
2338 4757 2384 4813 si
2418 4755 2549 4811 illas
2595 4753 2846 4827 primulo
2891 4753 3201 4825 aggrediar
3253 4751 3472 4809 blanda
3521 4751 3740 4810 allocu-

2087 4849 2262 4917 tione,
2297 4848 2346 4903 si
2379 4846 2526 4902 forte
2555 4845 2736 4902 velint
2765 4844 2967 4900 cedere
2991 4843 3018 4897 Ὺ

2163 4995 2166 4998 .
2742 4948 3082 4989 ANTIOCllUS.

2157 5027 2366 5084 Melius
2394 5029 2502 5082 est.
2532 5024 2677 5079 Nam
2712 5022 2999 5096 fragilitas
3033 5038 3209 5079 sexus
3241 5019 3476 5078 feminei
3512 5019 3739 5078 facilius

2085 5119 2274 5188 petest
2303 5113 2725 5171 blandimentis
2759 5111 2995 5168 molliri.

2759 5219 3068 5258 ADRIANUS.

2153 5294 2404 5352 Illustris
2436 5297 2722 5360 matrona,
2754 5292 2966 5348 blande
3010 5294 3065 5348 et
3111 5291 3304 5363 quiete
3339 5291 3410 5346 ad
3445 5290 3731 5346 culturam

2081 5387 2321 5440 deorum
2355 5388 2409 5438 te
2436 5383 2635 5450 invito,
2671 5387 3036 5453 quouiostra
3075 5381 3293 5453 perfrui
3344 5381 3537 5453 possis
3591 5381 3731 5436 ami-

2080 5473 2238 5532 citia.

2745 5577 3058 5617 ΒΛΡΙΕΝΤῘᾹ.

2148 5651 2261 5707 Nec
2295 5651 2353 5705 in
2387 5649 2614 5706 cultura
2649 5651 2890 5707 deorum
2921 5650 3039 5708 tuis
3068 5647 3215 5706 'votis
3247 5647 3610 5720 satisfacere,
3634 5666 3727 5706 nec

2079 5740 2400 5798 amicitiam
2431 5741 2615 5811 gestio
2647 5739 2813 5797 inire.
