3904 6390
398 385 550 447 1051

1075 536 1377 575 ADRIANUS.

466 608 582 664 Nec
616 608 954 677 terminum,
975 624 1151 679 quem
1185 608 1404 677 dixisti,
1426 625 1701 682 agnosco,
1731 627 1835 665 nec
1870 611 2053 666 deno-

395 697 780 753 minationem
812 714 915 752 seu
950 697 1341 769 quantitatem
1374 698 1514 755 scio.

1063 802 1377 843 SAPIENTIA.

463 876 705 943 Quando
724 875 1075 947 quantilibet
1093 876 1320 931 numeri
1338 877 1611 949 digestim
1634 878 2049 949 disponuntur,

391 964 620 1036 primus
646 964 835 1019 minor
850 964 1140 1021 terminus
1164 970 1219 1020 et
1242 971 1577 1037 postremus
1596 966 1783 1035 major
1803 966 2046 1033 dicitur;

390 1053 624 1125 quando
650 1057 848 1108 autem
881 1054 1231 1110 divisionem
1265 1054 1531 1110 faciendo
1584 1059 1763 1126 quota
1806 1072 1941 1127 pars
1973 1055 2049 1110 sit

388 1140 619 1197 numeri
642 1141 1465 1210 dicimus,denominationem
1503 1144 1751 1199 facimus
1770 1163 1781 1211 ;
1800 1162 1930 1198 cum
1952 1163 2049 1199 au-

388 1235 532 1299 tem,
564 1235 709 1303 quot
737 1231 797 1286 in
832 1249 1185 1304 unaquaque
1232 1238 1393 1305 parte
1444 1234 1562 1288 sint
1605 1249 2042 1301 enumeramus,

386 1320 774 1394 quantitatem
805 1323 1174 1394 exponimus.

1061 1428 1369 1470 ADRIANUS.

455 1500 526 1556 Et
556 1500 690 1572 quis
721 1505 811 1556 est
839 1500 1146 1573 impariter
1175 1501 1326 1574 par?

1048 1606 1368 1647 SAPIENTIA.

452 1678 561 1747 Qui
593 1696 708 1734 non
740 1679 931 1735 solum
965 1697 1145 1735 unam
1178 1679 1384 1752 recipit
1412 1681 1917 1746 sectionem,sicut
1947 1697 2044 1752 pa-

380 1768 523 1823 riter
553 1784 679 1840 par,
714 1769 815 1823 sed
848 1768 1026 1824 etiam
1059 1774 1115 1823 ct
1144 1770 1809 1841 secundam,aliquoties
1842 1774 2038 1825 autem

378 1860 437 1912 et
465 1856 700 1912 tertiam
733 1856 823 1912 vel
856 1856 1079 1929 plures,
1102 1858 1205 1913 sed
1229 1863 1424 1913 tamen
1460 1876 1646 1930 usque
1677 1860 1747 1914 ad
1767 1858 2042 1915 ‘indivisi-

377 1944 557 2002 bilem
585 1962 703 2002 non
736 1947 1033 2019 perveniet
1063 1946 1373 2003 unitatem.

998 2096 1007 2105 ,
1049 2051 1363 2092 ADRIANUS.

447 2124 491 2180 Ο
514 2140 692 2197 quam
713 2123 1062 2197 scrupulosa
1073 2130 1130 2180 et
1140 2124 1432 2197 plexibilis
1455 2126 1575 2198 (leg.
1595 2124 1868 2199 plecti-lis)
1887 2141 2038 2198 qua:-

373 2212 488 2270 stio
517 2231 586 2270 ex
615 2214 865 2270 istarum
897 2219 1064 2271 aetate
1097 2214 1523 2271 infantularum
1550 2220 1641 2271 est
1673 2217 1836 2271 ortal

1049 2319 1360 2360 SAPIENTIA.

449 2391 513 2447 In
544 2391 654 2447 hoc
685 2391 983 2449 laudanda
1030 2398 1122 2449 est
1167 2393 1615 2465 supereminens
1648 2393 1905 2450 Factoris
1935 2410 2033 2449 sa-

373 2480 614 2553 pientia,
648 2484 706 2536 et
736 2481 887 2537 mira
945 2482 1152 2537 mundi
1209 2483 1455 2539 artiﬁcis
1485 2483 1884 2554 scientia,‘.qui
1918 2500 2032 2538 non

374 2569 568 2625 solum
600 2569 659 2624 in
681 2569 972 2643 principio
1004 2572 1291 2627 mundum
1334 2588 1539 2628 creans
1568 2588 1637 2627 ex
1667 2571 1872 2639 nihilo,
1902 2588 2031 2626 om-

373 2659 474 2715 nia
503 2659 563 2714 in
594 2677 839 2715 numero
871 2663 929 2715 et
962 2678 1240 2716 mensura
1268 2664 1325 2716 et
1374 2661 1629 2733 pondere
1678 2661 1893 2731 posuit,
1928 2661 2027 2717 sed

372 2748 551 2805 etiam
573 2747 632 2803 in
656 2749 1099 2805 succedentium
1133 2751 1282 2805 serie
1315 2754 1647 2821 temporum
1679 2756 1736 2804 et
1766 2750 1823 2804 in
1856 2749 2033 2804 astati-

372 2839 486 2894 bus
513 2837 1065 2908 hominum,miram
1084 2838 1504 2895 deditinveniri
1522 2856 1693 2911 posse
1724 2838 2027 2895 scientiam

370 2927 613 2985 artium.

1046 3032 1345 3073 ADRIANUS.

440 3105 553 3161 Diu
575 3109 631 3161 te
652 3106 907 3161 sustinui
939 3104 1407 3173 ratiocinantem,
1429 3122 1542 3176 quo
1575 3111 1631 3161 te
1662 3106 1805 3161 mihi
1828 3107 2025 3162 effice-

368 3210 493 3251 rem
524 3195 1045 3265 obtemperantem.

968 3282 1063 3338 οι
1115 3298 1420 3339 summa.

441 3352 505 3410 In
537 3369 652 3424 quo
674 3353 702 3407 ‘I

1058 3460 1314 3500 ADBIANUS
1323 3485 1334 3496 .

440 3531 506 3589 In
537 3530 768 3588 cultura
797 3531 1064 3589 deorum.

1050 3637 1341 3678 SAPIENTIA.

440 3710 503 3767 In
534 3710 646 3767 hoc
676 3710 880 3783 utique
910 3728 1027 3768 non
1059 3712 1378 3768 consentio.

1050 3818 1329 3857 ΑυιιιΔΝυε.

438 3888 498 3945 Si
529 3888 818 3958 reniteris,
850 3890 1159 3946 tormentis
1190 3890 1481 3947 afficieris.

1051 3996 1342 4036 SAPIEN’I’IA.

435 4067 660 4139 Corpus
692 4067 931 4139 quidem
966 4067 1274 4139 suppliciis
1330 4068 1615 4126 lacessere
1646 4071 1882 4142 poteris,
1916 4071 2017 4126 sed

363 4155 632 4212 animum
663 4155 736 4210 ad
767 4155 1095 4213 cedendum
1129 4155 1481 4228 compellere
1511 4175 1625 4214 non
1657 4158 2016 4231 praevalebis.

1034 4260 1345 4302 ANTIOCHUS.

435 4332 570 4389 Dies
597 4332 762 4400 abiit,
797 4349 909 4389 nox
938 4332 1251 4397 incumbit,
1287 4350 1403 4390 non
1452 4341 1542 4392 est
1573 4340 1807 4409 tempus
1840 4336 2018 4393 alter-

361 4422 556 4490 candi,
590 4422 729 4494 quia
755 4421 939 4478 instat
962 4422 1105 4478 hora
1137 4425 1426 4479 ccenandi.

1050 4529 1152 4568 ADR
1162 4530 1325 4569 IANUS.

434 4601 496 4657 In
515 4601 843 4657 custodiam
854 4602 1027 4672 juxta
1041 4600 1325 4672 palatium
1344 4606 1720 4674 ponantur,et
1733 4604 2015 4661 triduana:

361 4689 610 4745 induciae
640 4688 759 4744 illis
792 4690 862 4745 ad
886 4690 1258 4745 tractandum
1291 4695 1659 4762 praxstentur.

1040 4794 1342 4835 ANTIOCHUS.

434 4866 746 4923 Observate
805 4867 971 4940 istas,
1017 4884 1049 4923 ο
1096 4867 1337 4940 milites,
1387 4871 1546 4925 omni
1600 4870 2015 4940 sollicitudine,

360 4952 708 5026 nullamque
734 4954 852 5012 illis
881 4956 1247 5014 occasionem
1279 4959 1559 5015 evadendi
1592 4960 1923 5034 relinquite.

1005 5063 1234 5121 SCENA
1283 5065 1373 5121 IV.

1049 5171 1335 5210 SAPIENTIA.

435 5236 480 5292 Ο
510 5235 712 5291 dulces
745 5236 935 5295 filiolae
971 5245 1030 5297 et
1061 5241 1249 5298 chara:
1306 5244 1569 5316 pusiolm,
1606 5246 1784 5304 nolite
1842 5265 2018 5321 super

362 5323 671 5382 carceralis
702 5329 976 5397 angustia
1004 5332 1280 5387 custodia:
1313 5335 1663 5405 contristari,
1700 5337 1876 5395 nolite
1906 5340 2014 5394 im-

362 5413 715 5471 minentium
747 5415 925 5473 minis
956 5435 1261 5489 poenarum
1293 5424 1516 5480 terreri.

1102 5522 1282 5564 FIDES.

435 5592 594 5648 Licet
643 5592 991 5664 corpuscula
1048 5602 1361 5666 pavescant
1399 5602 1470 5656 ad
1504 5605 1813 5672 tormenta,
1849 5623 2017 5666 mens

359 5684 558 5741 tamen
590 5680 786 5752 gliscit
812 5683 884 5739 ad
918 5682 1176 5755 prannia.

1205 389 1737 451 HROTSUITILE
1782 390 2159 453 MONIALIS
2204 394 3025 463 GANDERSHEIMENSIS.

2072 527 2135 596 Α

2048 4651 2097 4717 D

3670 405 3808 467 1052

2845 550 3132 590 θλιιιιςκτιι.

2234 616 2460 673 Vincitc
2492 618 2780 677 infantilis
2808 623 3263 681 teneritudinem
3320 626 3570 683 mtatulze
3606 628 3808 685 maturi

2164 723 2373 763 sensus
2405 708 2767 767 fortitudine.

2910 819 3065 859 SPES.

2234 887 2427 942 Tuum
2460 893 2549 944 est
2578 906 2685 945 nos
2734 891 3005 962 precibus
3065 893 3363 965 adjuvare,
3399 902 3465 952 ut
3496 898 3809 971 ~possimus

2159 973 2404 1033 vincere.

2841 1070 3127 1110 SAPIENTLL

2230 1137 2344 1192 lloc
2381 1138 2781 1196 indesinenter
2811 1159 3002 1210 exoro,
3040 1144 3147 1198 hoc
3197 1145 3472 1218 efﬂagito,
3508 1151 3575 1202 ut
3627 1166 3808 1221 perse-

2155 1227 2367 1281 veretis
2399 1228 2455 1282 in
2490 1229 2602 1283 {ide
2633 1247 2810 1302 quam
2841 1231 2997 1287 inter
3047 1234 3177 1305 ipsa
3228 1237 3552 1309 crepundia
3610 1239 3806 1295 vestris

2156 1316 2429 1373 sensibus
2460 1335 2575 1374 non
2607 1319 2960 1376 desistebam
2993 1321 3297 1381 instillare.

2847 1426 3115 1469 CHARITASo

2224 1495 2385 1559 Quod
2418 1500 2697 1568 sugentes
2730 1496 2911 1554 ubera
2928 1499 2988 1555 in
3012 1500 3323 1559 cunabulis
3353 1503 3683 1562 didicimus
3700 1505 3809 1562 nul-

2151 1580 2383 1639 latenus
2415 1584 2677 1642 oblivisci
2710 1587 3036 1658 quibimus.

2842 1695 3132 1735 SAPIENTM.

2221 1762 2304 1816 Ad
2333 1762 2440 1819 hoc
2470 1780 2571 1819 vos
2603 1769 2870 1822 materno
2902 1766 3052 1823 lacte
3083 1769 3396 1826 afﬂuenter
3422 1770 3568 1837 alui,
3603 1772 3680 1827 ad
3710 1772 3803 1828 hoc

2148 1849 2396 1908 delicate
2428 1854 2669 1919 nutrivi,
2702 1860 2769 1910 ut
2795 1873 2898 1912 vos
2929 1857 3150 1914 caelesti
3183 1876 3300 1915 non
3332 1864 3568 1917 terreno
3596 1879 3803 1934 sponso

2150 1941 2462 2007 traderem,
2484 1958 2599 2013 quo
2630 1945 2805 2001 vestri
2838 1961 3018 2003 causa
3047 1964 3253 2005 socrus
3282 1950 3482 2006 mterni
3514 1951 3681 2024 regis
3701 1951 3801 2007 diei

2149 2030 2516 2088 meruissem.

2889 2124 3063 2164 FIDES.

2218 2190 2324 2247 Pro
2356 2191 2540 2263 ipsius
2590 2210 2785 2251 amore
2834 2198 3035 2267 sponsi
3069 2200 3350 2271 prompta:
3384 2216 3604 2257 sumus
3641 2202 3797 2257 mori.

2578 2284 2591 2295 ‘
2834 2302 3120 2344 summa.

2217 2368 2481 2425 Delector
2506 2386 2575 2426 ex
2601 2378 2795 2429 vestra
2842 2375 3090 2445 ratione,
3122 2394 3155 2432 o
3189 2376 3343 2444 filim,
3377 2379 3575 2451 magis
3634 2396 3800 2452 quam

2144 2464 2423 2516 nectarcze
2454 2460 2782 2518 dulcedinis
2812 2466 3173 2537 gustamine.

2891 2570 3041 2610 SPES.

2213 2639 2505 2695 Praemitte
2535 2657 2641 2695 nos
2675 2646 2807 2699 ante
2836 2643 3096 2702 tribunal
3127 2645 3370 2717 judicis,
3403 2650 3460 2703 et
3488 2648 3794 2719 experieris

2140 2732 2429 2801 quantum
2461 2730 2589 2800 ejus
2620 2747 2786 2786 amor
2812 2732 2983 2788 nobis
3015 2734 3281 2791 attulerit
3308 2735 3690 2791 temeritatis.

2810 2836 3133 2880 BAPIBNTIA.

2210 2906 2328 2963 Hoc
2358 2910 2563 2979 exopto
2595 2911 2660 2962 ut
2688 2913 2881 2964 vestra
2922 2909 3258 2982 virginitate
3313 2927 3585 2981 coroner,
3620 2916 3685 2969 ut
3712 2927 3788 2967 ve-

2137 2998 2258 3051 stro
2289 2994 2569 3066 martyrio
2600 2995 2908 3067 gloriﬁcer.

2823 3103 3093 3143 CHABITAS.

2205 3172 2502 3228 Consertis
2530 3172 2808 3243 palmulis
2838 3173 3279 3243 incedamus,et
3307 3177 3548 3236 vultum
3573 3178 3781 3252 tyranni

2055 3276 2098 3344 ρ
2136 3261 2587 3317 confundamus.

2804 3349 3118 3393 εΑυιεΜιΑ.

2203 3422 2545 3494 Exspectate
2604 3422 2788 3479 donec
2820 3425 3001 3481 instet
3031 3426 3179 3483 hora
3206 3426 3535 3486 vocationis
3567 3432 3781 3487 nostras.

2874 3530 3047 3570 FIDES.

2205 3599 2399 3655 Taedet
2430 3616 2536 3656 nos
2566 3614 2891 3670 morarum,
2923 3608 3121 3660 tamen
3173 3608 3264 3661 est
3309 3606 3780 3678 exspectandum.

2776 3708 3005 3765 SCENA
3041 3710 3110 3765 V.

2823 3812 3102 3857 ADRIANUS.

2201 3884 2503 3952 Antioche,
2517 3885 2663 3956 jube
2692 3885 2826 3944 illas
2857 3887 3149 3945 Graeculus
3181 3889 3351 3946 nobis
3381 3890 3778 3963 representari

2130 3974 2408 4046 captivas.

2748 4083 2753 4091 -
2798 4063 3113 4106 ANTIOCHUS.

2202 4133 2981 4209 Procede,Sapientia,tequc
3012 4156 3148 4196 cum
3180 4138 3416 4196 filiabus
3449 4137 3775 4212 imperatori

2130 4226 2498 4293 mprmsenta.

2809 4313 3103 4355 SAPIBN’PIA.

2201 4381 2426 4454 Pergite
2471 4399 2726 4454 mecum,
2760 4385 2913 4453 filim,
2948 4391 3303 4456 constanter,
3338 4391 3396 4443 et
3425 4389 3774 4461 perseverate

2127 4470 2187 4526 in
2220 4470 2333 4526 ﬁde
2359 4472 2738 4540 unanimiter,
2772 4478 2835 4530 ut
2882 4476 3118 4547 possitis
3178 4476 3435 4548 palmam
3493 4476 3775 4550 percipere

2128 4559 2390 4617 feliciter.

2818 4636 2919 4693 62
2951 4655 3088 4693 srss.

2201 4721 2777 4796 Pergimus,ipseque
2810 4726 3121 4784 nobiseum
3151 4727 3596 4800 comitetur,pro
3618 4725 3772 4796 cujus

2129 4826 2326 4867 amore
2357 4811 2428 4867 ad
2461 4815 2712 4870 mortem
2742 4814 3048 4871 ducamur.

2818 4920 2945 4960 Δοιιῐ
2953 4921 3095 4961 ΔΝῐῖδ.

2199 4990 2529 5048 Triduanas
2559 4991 2725 5049 vobis
2757 4992 3028 5050 inducias
3060 4993 3375 5067 praestabat
3403 4992 3593 5049 nostri
3624 5005 3769 5048 sere-

2127 5078 2463 5147 nitas,unde
2493 5080 2543 5136 si
2574 5080 2717 5152 quid
2748 5083 3080 5140 tractaretis
3110 5082 3409 5149 utilitatis,
3443 5080 3633 5138 cedite
3651 5079 3768 5152 jus-

2126 5167 2391 5225 sionibus
2423 5170 2661 5226 nostris.
2942 5236 2947 5241 ἡ

2809 5278 3105 5319 8ΛΡΙΒΝΤῙΔ.

2199 5347 2513 5404 Summum
2544 5347 2723 5421 igitur
2753 5350 2895 5406 utile
2926 5350 3328 5419 tractavimus,
3352 5348 3410 5405 id
3443 5349 3682 5416 scilicet,
3710 5344 3766 5400 ut

2127 5453 2243 5493 non
2274 5437 2574 5493 cedamus.

2802 5546 3112 5586 ΔΝτῐοοιιυε.

2198 5614 2313 5669 Cur
2345 5614 2607 5686 dignaris
2638 5632 2770 5672 cum
2805 5618 2913 5675 hac
2947 5625 3289 5676 contumace
3316 5618 3493 5675 verba
3515 5615 3755 5673 miscere.

2128 5720 2254 5775 qua:
2284 5709 2341 5759 te
2373 5703 2648 5760 insolenti
2684 5707 2890 5780 fatigat
2918 5709 3417 5781 praesumptione?
