3904 6376
109 397 262 460 1053
1143 388 1515 450 ΟΟΜΕΠΙᾸΞ
1561 384 1734 446 SEX.

1943 381 1975 442 [.
2021 381 2467 444 SAPIENTIA.
3357 382 3510 443 1054

774 538 1069 599 annuus.

2515 532 2852 571 ANTIOCIIUS.

174 619 437 679 Debeone
467 616 637 671 illam
671 615 967 671 dimittere
1000 592 1351 686 impunitam
1375 611 1403 666 ‘?
1819 592 1855 632 ’-
1929 605 2189 661 Justum.

758 718 1095 761 ANTIOCHUS.
2529 711 2839 752 ADRIANUS.

178 798 581 870 Nequaquam.
1935 781 2227 855 Perquire,
2260 782 2561 851 Antioche,
2592 801 2742 839 anne
2771 784 2909 841 velit
2939 787 3157 842 cedere.

770 898 1071 941 ADIHANUS.
2516 891 2857 931 ANTIOCHUS.

178 978 245 1033 Et
275 975 415 1048 quid
438 976 467 1029 ‘I
1934 961 2044 1017 Vin
2078 960 2290 1031 adhuc,
2324 960 2514 1029 Fides,
2550 962 2723 1018 solita
2750 964 3142 1022 conviciorum
3187 968 3513 1039 objectionc

757 1077 1004 1120 ANTIOCB
1015 1077 1094 1117 US.

181 1154 420 1211 Hortare
472 1151 785 1227 puellulas,
825 1156 882 1207 et
931 1153 978 1207 si
1016 1151 1363 1219 renituntur,
1398 1148 1657 1202 infantiae
1687 1164 1757 1201 ne

114 1261 335 1318 parcas,
370 1244 472 1299 sed
506 1244 593 1298 tae
628 1246 693 1297 ut
723 1241 833 1296 illa:
866 1246 1169 1311 uocentur,
1201 1257 1317 1311 quo
1348 1237 1582 1294 rebellis
1632 1253 1757 1292 ma-

117 1338 203 1389 ter
230 1332 535 1389 funeribus
568 1335 839 1387 natarum
873 1330 1066 1385 acrius
1097 1332 1456 1401 torqueatur.

787 1433 1088 1476 ADIIARUS.

186 1510 417 1568 Faciam
450 1526 578 1583 qua:
609 1508 887 1567 hortaris.

764 1613 1106 1657 ANTIOCBUS.

185 1690 271 1746 Ita
298 1689 541 1745 demum
572 1686 933 1761 praevalebis.

781 1791 1089 1833 ADRIANUS.

186 1868 374 1940 Fides,
411 1868 641 1923 intuere
670 1865 1060 1921 venerabilem
1090 1878 1313 1936 magna:
1346 1864 1539 1919 Diana:
1564 1862 1767 1935 imagi-
1794 1890 1843 1955 Β

117 1972 269 2029 nem,
301 1961 357 2013 et
404 1956 493 2014 fer
535 1972 714 2013 sacras
766 1956 887 2012 deaa
935 1953 1236 2021 libamina,
1272 1968 1386 2025 quo
1436 1951 1626 2024 possis
1677 1951 1763 2008 uti

115 2047 240 2118 ejus
269 2045 480 2119 gratia.

846 2150 1028 2194 'lDES.

188 2223 231 2281 0
263 2223 516 2279 stultum
548 2220 919 2294 imperatoris
951 2224 1307 2293 prteceptum
1325 2218 1483 2275 omni
1515 2222 1769 2274 contem-

124 2315 222 2386 ptu
254 2312 501 2386 dignum
526 2311 539 2366 l

790 2414 1099 2455 ADRIANUS.

193 2490 336 2558 Quid
400 2503 746 2546 murmuras
806 2486 1276 2543 subsannando?
1321 2489 1505 2553 Quem
1558 2486 1770 2542 irridos

125 2579 305 2636 fronte
336 2595 554 2653 rugosa
573 2576 603 2633 τ

856 2684 1038 2722 Ριωςες.

191 2758 291 2813 Tui
326 2756 637 2815 stultitiam
668 2756 1001 2824 irrideo,tui
1022 2752 1423 2826 insipientiam
1447 2754 1765 2809 subsanno.

788 2860 1098 2901 ADRIANUS.

194 2935 344 2992 Mei?
1679 2929 1685 2937 '
1742 2952 1768 2973 .

859 3038 1038 3079 ιἰῡεε.

195 3112 322 3172 Tui.

772 3215 1112 3256 ANTlOClIUS.

195 3290 569 3365 Imperatoris
588 3290 615 3346 τ

854 3395 1034 3433 FIDES.

198 3468 405 3542 Ipsius.

771 3572 902 3614 ΔΝΤῙ
912 3572 1117 3612 OGllUS.

197 3647 240 3703 0
270 3648 432 3705 nefas
457 3650 469 3704 !

857 3752 1037 3791 FIDES.

196 3827 339 3892 Quid
372 3826 535 3883 enim
568 3824 830 3893 stultius,
865 3825 1003 3897 quid
1039 3823 1416 3896 insipientius
1458 3823 1640 3880 videri
1671 3840 1770 3896 po-

129 3916 256 3982 test,
290 3922 469 3988 quam‘
501 3915 657 3986 quod
682 3914 953 3970 hortatur
984 3931 1110 3980 nos,
1140 3917 1475 3985 contempto
1506 3913 1774 3969 Creatore

129 4003 549 4071 universitatis,
581 4003 1016 4059 venerationem
1048 4002 1263 4058 inferre
1293 4000 1549 4058 metallis
1568 4002 1599 4056 7

772 4108 1114 4149 ANTIOCHUS.

195 4181 395 4239 Nonne
444 4182 570 4238 Ι]ωο
620 4197 859 4237 summa
903 4180 1137 4237 insania
1183 4182 1241 4234 et
1292 4195 1508 4252 magna
1550 4184 1639 4236 est
1677 4181 1775 4236 de-

131 4270 364 4344 mentia,
416 4271 578 4343 quod
625 4287 820 4327 rerum
870 4268 1197 4342 principem
1242 4266 1440 4324 dixisti
1493 4268 1777 4341 insipien-

132 4361 245 4414 tem
259 4358 287 4413 ?

861 4463 1043 4505 UIDES.

207 4536 329 4593 Dixi
362 4543 420 4595 et
450 4536 603 4604 dico,
635 4537 945 4608 dicamque
977 4536 1237 4607 quandiu
1268 4535 1479 4591 vixero.

792 4640 1130 4681 ANTIOCIIUS.

202 4713 375 4771 Breve
423 4720 661 4787 tempus
713 4713 924 4780 vivere,
996 4718 1052 4768 et
1106 4716 1219 4768 clto
1270 4712 1446 4769 debes
1514 4715 1782 4771 consumi

138 4806 337 4860 morte.

860 4906 1044 4951 F1038.
1156 4965 1161 4969 ⁷

174 4978 320 5057 ,Ηοο
348 4985 489 5054 opto
519 4984 585 5038 ut
616 4981 836 5038 moriar
862 4979 924 5036 in
955 4979 1208 5036 Christo.

800 5085 1106 5126 ADRIANUS.

205 5156 522 5215 Duodecim
554 5159 928 5216 centuriones
971 5158 1315 5215 alternando
1356 5159 1630 5215 scindant
1677 5160 1781 5216 ﬂa-

139 5244 254 5314 gris
282 5248 410 5319 ejus
441 5249 727 5308 membra.

782 5348 1026 5395 ANTIOCH
1036 5353 1122 5394 US.

208 5422 321 5480 Nec
348 5423 590 5497 injuria.

798 5532 1111 5572 ADRIANUS.

210 5600 252 5655 0
283 5601 588 5660 fortissimi
616 5605 1007 5673 centuriones,
1043 5603 1299 5661 accedite
1348 5604 1581 5676 meique
1626 5604 1819 5676 inju--

143 5686 284 5747 riam
313 5691 625 5749 vindicate.

147 5781 172 5808 ι

1865 1050 2278 1121 imperatorem
2311 1049 2695 1107 dehonestare
2714 1054 2741 1106 ‘P

2602 1158 2782 1196 FIDES.

1940 1229 2055 1285 Cur
2086 1226 2258 1283 solito
2290 1228 2531 1284 minus?

2522 1334 2763 1373 ANTIOCH
2773 1335 2840 1375 US
2851 1362 2862 1374 .

1941 1405 2089 1472 Quia
2120 1405 2446 1477 prohiberis
2475 1406 2837 1464 verberibus.

2603 1512 2785 1552 F1088.

1939 1582 2196 1639 Verbera
2226 1600 2341 1641 non
2372 1583 2735 1657 compellunt
2781 1602 2875 1641 me
2923 1591 3135 1660 tacere,
3169 1591 3308 1663 quia
3361 1592 3521 1648 nullo

1871 1671 2096 1728 afﬁcior
2124 1672 2343 1730 dolore.

2523 1779 2862 1821 ANTIOCHUS.

1944 1850 1988 1907 0
2020 1851 2218 1907 infelix
2250 1852 2592 1924 pertinacia,
2627 1869 2660 1909 ο
2692 1858 3008 1911 contumax
3038 1858 3303 1914 audacia.

2542 1958 2855 1999 ADRIANUS.

1945 2030 2171 2102 Corpus
2202 2029 2420 2085 fatiscit
2450 2047 2554 2104 per
2584 2030 2894 2104 supplicia,
2928 2038 2984 2090 et
3014 2050 3181 2093 mens
3211 2041 3403 2096 tumet
3431 2058 3525 2096 su-

1876 2119 2097 2191 perbia.

2611 2226 2790 2266 FIDES.

1949 2298 2143 2365 Erras,
2176 2298 2449 2364 Adriano,
2482 2298 2528 2354 si
2564 2299 2709 2355 reris
2741 2315 2834 2356 me
2883 2300 3143 2374 fastigari
3174 2304 3276 2362 οι
3308 2308 3529 2380 suppli-

1880 2386 2006 2441 ciis.
2040 2386 2165 2442 Non
2215 2402 2321 2458 ego
2372 2387 2632 2459 quidem,
2667 2389 2768 2444 sed
2818 2390 3039 2446 infirmi
3085 2395 3335 2451 tortores
3385 2395 3525 2452 defi-

1880 2475 2045 2531 ciunt
2074 2480 2131 2532 et
2160 2476 2373 2532 sudore
2403 2476 2476 2531 ob
2501 2475 2915 2534 lassitudinem
2948 2480 3158 2537 ﬂuunt.

2549 2582 2860 2622 ADRIANUS.

1952 2656 2083 2721 Fac,
2135 2653 2438 2723 Antioche,
2487 2658 2553 2709 ut
2599 2655 2859 2726 gemelle:
2928 2659 3182 2728 pectoris
3230 2663 3525 2733 particulae

1880 2742 2281 2810 abscindatur,
2315 2758 2431 2814 quo
2461 2742 2670 2799 saltem
2705 2744 2914 2800 rubore
2940 2751 3291 2805 coerceatur.

2536 2849 2855 2889 ANTIOCHUS
2864 2875 2876 2888 .

1951 2921 1996 2977 0
2027 2920 2256 2976 utinam
2290 2920 2478 2993 possit
2506 2920 2625 2978 ullo
2647 2923 2897 2978 coerceri
2928 2926 3100 2983 modo
3128 2926 3142 2981 l

2547 3026 2856 3068 ADRIANUS.

1952 3100 2172 3156 Forsan
2203 3098 2581 3158 coercebitur.

2615 3205 2795 3246 FIDES.

1955 3278 2304 3334 Inviolatum
2332 3282 2536 3351 pectus
2565 3279 2907 3345 vulnerasti,
2940 3282 3042 3337 sed
3074 3297 3168 3339 me
3199 3301 3316 3341 non
3356 3285 3534 3343 lmsis-

1877 3367 1943 3423 tl.
1976 3369 2083 3435 En,
2118 3385 2222 3441 pro
2255 3369 2410 3425 fonte
2440 3369 2770 3442 sanguinis,
2804 3370 2934 3426 fons
2967 3374 3226 3447 erumpit
3254 3375 3441 3435 lactis.

2548 3474 2858 3516 ADRIANUS.

1951 3544 2017 3600 In
2052 3543 2399 3600 craticulam
2430 3545 2747 3602 substratis
2778 3547 3016 3620 ignibus
3047 3553 3301 3609 assanda
3348 3567 3529 3626 pona-

1879 3637 1997 3704 tur,
2030 3650 2145 3705 quo
2175 3632 2231 3689 vi
2260 3632 2493 3705 vaporis
2522 3638 2812 3690 euocetur.

2533 3739 2870 3781 ANTIOCHUS.

1954 3812 2143 3885 Digna
2172 3815 2262 3868 est
2292 3815 2355 3867 ut
2387 3810 2801 3868 miserabiliter
2830 3818 3046 3886 pereat,
3082 3832 3209 3889 qua:
3258 3822 3373 3875 tua;
3393 3821 3533 3893 jus-

1883 3901 2035 3957 sioni
2064 3905 2267 3957 contra
2293 3899 2502 3957 luctari
2529 3918 2645 3957 non
2674 3903 2945 3974 trepidat.

2621 4008 2804 4047 FIDES.

1936 4080 2142 4135 Omne
2172 4080 2327 4152 quod
2362 4096 2535 4153 paras
2568 4082 2640 4137 ad
2691 4080 2952 4138 dolorem
3000 4084 3145 4139 mihi
3192 4087 3438 4143 vertitur
3474 4088 3534 4144 in

1886 4168 2178 4241 quietem;
2213 4168 2369 4225 unde
2400 4172 2708 4227 commode
2756 4188 2940 4243 pauso
2986 4172 3047 4228 in
3096 4174 3397 4245 craticula,
3431 4194 3537 4234 ceu

1888 4257 1949 4313 in
1980 4256 2301 4328 tranquilla
2332 4257 2617 4315 navicula.

2555 4366 2862 4407 ADRIANUS.

1963 4436 2204 4508 Sartago
2238 4433 2410 4507 plena
2441 4437 2568 4507 pice
2598 4442 2656 4492 et
2686 4455 2817 4493 cera
2867 4440 3210 4496 ardentibus
3253 4443 3409 4515 rogis
3438 4461 3535 4499 su-

1891 4527 2267 4598 perponatur,
2294 4527 2351 4579 et
2382 4524 2440 4579 iu
2474 4524 2789 4582 ferventem
2826 4526 3121 4599 liquorum
3153 4528 3275 4586 haec
3306 4530 3538 4588 rebellis

1813 4635 1861 4700 Ι)
1894 4615 2181 4670 mittatur.

2622 4721 2806 4760 FlDBS.

1966 4793 2185 4865 Sponte
2213 4789 2428 4848 insilio.

2556 4898 2628 4939 AD
2635 4900 2771 4941 RIAN
2778 4901 2847 4940 US
2856 4925 2869 4939 .

1962 4970 2290 5027 Consentio.

2372 5060 2377 5063 ⁴
2626 5079 2805 5121 FIDES.

1962 5148 2070 5204 Ubi
2103 5152 2243 5205 sunt
2273 5149 2446 5204 mina:
2478 5154 2591 5205 tua:
2612 5150 2641 5205 ?
2673 5152 2836 5218 Ecce,
2880 5150 3064 5208 illaesa
3112 5152 3266 5209 inter
3316 5154 3542 5212 ferven-

1895 5242 2013 5295 tem
2071 5237 2360 5311 liquorem
2428 5237 2639 5296 ludens
2686 5245 2840 5307 nato,
2892 5245 2951 5296 et
2997 5259 3101 5314 pro
3150 5243 3205 5298 vi
3253 5245 3543 5300 caumatis

1894 5327 2082 5383 sentio
2116 5327 2389 5384 matutini
2421 5328 2790 5402 refrigerium
2821 5330 2987 5387 roris.

2098 5422 2103 5425 ⁷
2560 5435 2873 5476 ADRIANUS.

1961 5507 2266 5575 Antioche,
2292 5506 2436 5579 quid
2466 5507 2540 5562 ad
2572 5507 2695 5564 hanc
2724 5513 2816 5564 est
2843 5511 3138 5583 agendum
3160 5511 3189 5564 ?

2544 5614 2787 5653 ANTIOCH
2796 5615 2865 5654 US
2875 5640 2886 5652 .

1963 5686 2044 5741 Ne
2072 5684 2279 5740 evadat
2310 5684 2759 5757 providendum.
2862 5690 2881 5725 ι’
