3936 6442
414 410 531 471 227

1388 412 1764 475 BATHERII
1809 409 2052 474 EPlSC.
2100 405 2391 474 VERON.
2439 408 2611 472 OPP.
2657 408 2858 473 PARS
2903 409 2951 471 Ι.

3707 406 3812 470 228

412 543 740 617 gligentes?
770 546 859 610 At,
913 543 1180 616 inquam,
1224 543 1359 599 licet
1392 546 1512 600 sint
1540 545 1919 618 negligentes,
1954 559 2068 599 non
2101 542 2156 609 Α
2191 542 2380 612 (Exod.
2427 557 2565 610 xxn,
2612 543 2726 613 28).
2752 543 2831 598 Ne
2846 558 2998 615 ergo
3045 556 3286 597 excuses
3316 544 3372 596 te
3419 497 3690 597 nescisse.
3718 541 3818 600 Eos

413 638 553 689 sunt
582 636 782 688 tamen
814 633 886 689 de
916 632 1252 690 conditione
1300 633 1400 691 illa
1449 633 1663 701 servili,
1698 633 1799 706 qui
1846 631 2067 705 passim

411 722 658 778 debeant
690 740 725 778 a
765 721 969 793 quovis
1014 721 1316 795 ﬂagellari.
1350 723 1645 779 Audenter
1676 723 1914 795 quidem
1961 720 2067 775 tibi

412 811 515 867 84
544 810 686 882 quid
718 811 838 866 sint
882 814 939 865 et
982 810 1151 882 quasi
1201 810 1517 866 insolenter
1546 810 1962 875 enumerando,
1994 825 2066 864 ne

410 916 527 955 non
569 899 722 954 scias
769 903 826 954 et
858 898 1003 971 (131)
1036 899 1317 965 offendas,
1350 900 1684 972 pronuntio,
1719 899 1817 955 sed
1869 902 2065 953 tamen

409 991 571 1044 tante
619 986 883 1054 liberius,
916 991 1137 1058 quanto
1185 1005 1299 1043 non
1332 1005 1400 1043 ex
1443 1004 1557 1055 me,
1592 988 1692 1043 sed
1742 1004 1810 1043 ex
1852 985 2067 1041 divinis

410 1076 710 1149 proferens
731 1076 1198 1133 auctoritatibus.
1218 1075 1564 1131 Miraculnm
1589 1082 1806 1140 autem,
1832 1075 1883 1129 si
1904 1077 2069 1129 tanta

411 1170 468 1221 et
495 1170 618 1221 tam
666 1163 1009 1231 ineffabilia,
1040 1170 1097 1221 et
1127 1164 1303 1220 etiam
1359 1164 1494 1236 ipsi,
1529 1164 1630 1236 qui
1689 1163 1781 1218 his
1828 1163 2062 1229 fruitur,

411 1252 1045 1326 incomprehensibilia,
1078 1254 1149 1309 ab
1197 1252 1435 1308 homine
1486 1256 1733 1325 possunt
1780 1251 2061 1307 conferri!

411 1343 560 1406 Quid
592 1348 744 1399 Deus
790 1342 1091 1412 distat,vel
1123 1341 1264 1414 quid
1315 1359 1464 1415 opus
1498 1344 1557 1413 If.
1590 1340 1808 1413 ipsum]
1837 1340 1960 1412 ipse
1992 1340 2070 1395 sit

408 1431 621 1503 rogari,
648 1431 696 1486 si
730 1435 894 1485 tanta
927 1430 1117 1503 pulvis
1146 1430 1301 1487 valet
1327 1429 1573 1503 largiri?
1595 1430 1756 1495 Quod
1793 1428 2064 1501 cogitare,

410 1518 552 1589 quid
584 1522 673 1573 est
702 1518 860 1573 aliud
896 1535 1073 1591 quam
1120 1518 1177 1573 in
1217 1517 1430 1574 cmlum
1460 1517 1605 1574 velle
1637 1516 2069 1573 conscendere?

407 1607 560 1679 (Isai.
595 1607 846 1677 x1v,13).
872 1608 1032 1671 Quod
1078 1608 1290 1674 dicere,
1332 1607 1473 1679 quid
1522 1606 1634 1662 nisi
1685 1624 1862 1678 super
1908 1611 2068 1662 astra

408 1694 767 1767 cmli(lbid.),
804 1696 962 1768 quod
1019 1695 1220 1767 utique
1277 1695 1558 1767 episcopi,
1593 1695 1641 1749 si
1674 1700 1865 1750 tamen
1929 1698 2068 1750 sunt

406 1785 561 1857 quod
592 1784 892 1850 dicuntur,
934 1783 1186 1839 exaltare
1227 1793 1315 1839 est
1366 1783 1619 1839 solium?
1647 1782 1793 1847 Quid
1842 1781 2060 1849 conari,

403 1872 517 1928 nisi
541 1874 854 1969 ascendere
877 1890 1054 1969 super
1072 1872 1445 1969 altitudinem
1468 1872 1713 1969 nubium
1740 1872 1922 1941 (Ibid.,
1951 1871 2060 1943 14),
2092 1902 2140 1969 Β

403 1962 559 2032 quod
601 1961 884 2033 propheta
933 1962 1216 2016 referente
1262 1961 1431 2016 testis
1480 1965 1567 2016 est
1597 1960 1750 2016 Deus
1781 1978 1879 2016 eos
1908 1977 2058 2027 esse,

405 2050 607 2107 dicens
633 2067 645 2105 :
670 2051 934 2106 Mandabo
974 2050 1213 2105 nubibus
1258 2052 1412 2117 meis,
1445 2067 1514 2104 ne
1556 2054 1753 2122 pluunt
1782 2067 1945 2121 super
1973 2066 2060 2105 eos

403 2140 633 2195 imbrem
666 2141 815 2209 (Isai.
841 2157 892 2207 ν,
916 2140 994 2207 6),
1028 2144 1087 2193 et
1134 2138 1261 2193 ideo
1310 2155 1372 2194 se
1421 2138 1675 2193 similem
1723 2139 2011 2194 mstimare
2032 2138 2061 2192 ?

402 2227 491 2284 Dii
516 2233 673 2296 sunt,
700 2228 925 2284 Domini
949 2232 1107 2293 sunt,
1123 2226 1336 2281 Christi
1362 2231 1522 2292 sunt,
1538 2225 1663 2281 coeli
1685 2232 1845 2293 sunt,
1868 2226 2060 2298 angeli

401 2321 561 2381 sunt,
584 2316 927 2390 patriarchae
952 2320 1111 2381 sunt,
1133 2316 1428 2388 propheta:
1451 2321 1609 2387 sunt,
1630 2315 1873 2389 apostoli
1900 2320 2058 2383 sunt,

404 2404 773 2478 evangelista:
806 2408 964 2471 sunt,
986 2408 1270 2476 martyres
1317 2409 1457 2460 sunt
1502 2406 1673 2477 (132),
1707 2405 1867 2459 uncti
1899 2409 2058 2471 sunt,

400 2510 566 2566 reges
606 2498 766 2559 sunt,
803 2492 1098 2565 principes
1138 2498 1298 2571 sunt,
1325 2492 1558 2564 judices
1590 2498 1749 2559 sunt,
1783 2510 1897 2548 non
1930 2497 2059 2548 tan-

398 2588 525 2638 tum
552 2583 884 2649 hominum,
911 2583 1011 2638 sed
1035 2588 1092 2637 et
1111 2581 1487 2654 angelorum;
1512 2583 1721 2638 arietes
1742 2582 1934 2654 gregis
1956 2581 2062 2639 De.

399 2672 545 2726 mini
576 2676 734 2737 sunt,
761 2676 1025 2743 pastores
1051 2671 1268 2730 ovium.
1291 2689 1405 2727 non
1431 2688 1939 2743 quarumcunque,
1958 2672 2058 2726 sed

401 2759 617 2814 Christi
644 2759 927 2831 sanguine
951 2759 1224 2825 letarum,
1253 2765 1424 2828 sunt;
1450 2761 1720 2815 doctores
1740 2763 1897 2826 sunt,
1923 2777 2061 2831 prie-

401 2865 579 2904 cenes
608 2847 835 2902 venturi
872 2847 1093 2917 judicis
1143 2853 1301 2913 sunt,
1334 2847 1728 2920 speculatores
1759 2853 1916 2914 sunt,
1950 2866 2057 2920 pu-

402 2935 545 3009 pilla
574 2935 727 2991 oculi
777 2936 1004 2990 Domini
1058 2940 1215 3003 sunt,
1253 2936 1426 2992 amici
1462 2936 1560 2991 Dei
1592 2937 1837 2992 viventis
1897 2942 2056 3008 sunt,

403 3025 507 3081 filii
542 3024 644 3080 Dei
694 3029 854 3093 sunt,
888 3028 1082 3097 patres
1127 3030 1286 3096 sunt,
1314 3023 1630 3080 luminaria
1659 3026 1861 3081 mundi
1896 3031 2054 3094 sunt,

401 3112 582 3170 stellae
625 3112 749 3168 coeli
800 3118 961 3179 sunt,
995 3113 1276 3169 columnae
1324 3113 1592 3169 Ecclesiae
1636 3119 1794 3182 sunt,
1845 3114 2056 3171 medici

401 3201 732 3258 animarum
764 3206 922 3267 sunt,
947 3202 1230 3273 janiteres
1259 3202 1517 3275 paradisi
1539 3207 1696 3269 sunt,
1718 3203 1906 3259 claves
1929 3203 2051 3260 coeli

2181 634 2376 685 autem
2408 631 2571 703 ipsos
2601 631 2939 686 confortans
2981 633 3039 685 et
3077 629 3367 697 animans,
3404 634 3462 686 et
3490 646 3564 685 ne
3592 630 3820 687 timeant

2178 720 2483 787 roborans,
2507 720 2708 788 Nolite,
2741 720 2955 792 inquit,
3001 721 3211 784 timere,
3243 719 3338 774 sed
3390 718 3659 789 conﬁdite,
3701 722 3821 794 quia

2178 824 2271 877 ego
2316 810 2426 863 vici
2474 807 2740 863 mundum
2772 808 2948 880 (Joan.
2980 825 3098 870 xvx,
3127 808 3239 878 33).
3272 807 3413 880 Ege,
3447 806 3659 879 inquit,
3701 823 3816 880 ego.

2180 895 2294 969 Ege
2324 897 2480 953 Deus
2508 902 2717 964 vester,
2734 914 2840 970 ego
2870 901 3034 968 pater
3060 902 3268 963 vester,
3293 912 3399 969 ego
3429 897 3606 952 frater
3625 901 3819 964 vester,

2176 1002 2280 1058 ego
2311 991 2487 1058 caput
2516 990 2795 1054 vestrum,
2820 1002 2925 1059 ego
2956 986 3082 1058 ipse
3114 1002 3215 1058 per
3244 984 3707 1057 naturam,quod
3728 1002 3821 1041 vos

2177 1090 2281 1146 per
2311 1075 2712 1147 ofﬁcium,ege
2743 1076 3036 1147 particeps
3065 1072 3265 1144 vestri,
3285 1090 3391 1146 ego
3418 1072 3703 1141 Christus,
3726 1087 3821 1146 ego

2179 1168 2412 1231 unctus,
2437 1179 2542 1235 ego
2564 1168 2781 1235 pastor,
2801 1180 2906 1235 ego
2931 1162 3222 1227 sacerdos,
3247 1178 3353 1235 ego
3375 1162 3703 1235 episcopus,
3726 1178 3823 1235 ego

2176 1251 2434 1324 pontifex
2463 1269 2757 1318 summus,
2782 1267 2887 1323 ego
2936 1252 3053 1308 Rex
3094 1267 3323 1323 regum,
3348 1267 3453 1323 ego
3501 1249 3609 1306 vici
3659 1267 3820 1305 mun-

2176 1341 2339 1395 dum.
2362 1340 2544 1404 Quem
2577 1340 2675 1397 85
2704 1341 2946 1407 timetis,
2980 1340 3169 1396 victus
3196 1344 3313 1408 est;
3347 1356 3521 1412 quem
3552 1338 3820 1396 formida-

2172 1429 2273 1496 tis,
2302 1431 2412 1484 sub
2443 1429 2692 1501 pedibus
2725 1429 2931 1486 vestris
2966 1429 3142 1501 jacet.
3178 1429 3246 1483 Et
3277 1432 3341 1483 ut
3370 1428 3680 1501 approbas,
3701 1425 3820 1483 leva

2174 1517 2421 1589 quilibet
2451 1523 2722 1574 metuens
2774 1518 2849 1585 [id
2897 1526 2978 1574 est
3019 1517 3355 1589 quicunque
3401 1533 3464 1573 es
3513 1516 3820 1588 metuens),

2175 1611 2229 1660 et
2263 1605 2405 1660 forte
2435 1606 2495 1661 in
2543 1623 2770 1661 carcere
2801 1608 2948 1677 (183)
2981 1606 3089 1661 sub
3120 1604 3369 1660 vinculis
3419 1621 3683 1678 gemens,
3710 1603 3828 1660 leva

2176 1711 2439 1760 manum,
2486 1695 2641 1767 erige
2690 1695 2948 1767 signum,
2995 1699 3277 1767 tropaeum
3329 1711 3517 1762 exere,
3558 1692 3825 1750 vexillum

2173 1782 2532 1854 demonstra,
2578 1783 2846 1839 labarum
2897 1784 3148 1857 porrige.
3183 1783 3443 1850 Videbis,
3477 1782 3576 1840 ille
3624 1784 3822 1847 fastus,

2176 1870 2273 1926 illa
2304 1870 2573 1938 altitude,
2608 1871 2709 1927 illa
2749 1872 3044 1944 superbia,
3080 1870 3180 1927 illa
3218 1876 3413 1928 torosa
3442 1872 3654 1941 cervix,
3688 1870 3824 1926 illud

2172 1959 2424 2015 ﬁliarum
2458 1960 2770 2033 Babylonis
2796 1961 3009 2017 collum
3041 1966 3322 2028 erectum,
3355 1960 3457 2016 illa
3483 1961 3667 2017 turris
3688 1962 3826 2015 Sen-

2170 2066 2331 2113 naar,
2366 2050 2580 2104 mmnia
2609 2050 2864 2116 Jericho,
2902 2048 3052 2104 muri
3084 2048 3531 2122 Cariatbsepher
3560 2047 3828 2106 firmissi-

2170 2138 2249 2192 mi
2282 2138 2423 2209 quid
2456 2143 2647 2210 agent,
2685 2139 2825 2210 quid
2852 2140 3244 2211 conabuntur,
3268 2140 3564 2210 quomodo
3596 2140 3820 2204 cedent,

2169 2225 2606 2297 supplicabunt,
2658 2227 2972 2296 nutabunt,
3028 2233 3319 2295 cerruent,
3370 2228 3828 2292 cenfundentur,

2170 2314 2493 2385 arclinique
2514 2321 2570 2369 et
2590 2314 2841 2370 humiles
2860 2320 3055 2371 mente
3074 2316 3438 2387 despectum,
3453 2316 3823 2387 injuriatum,

2166 2401 2542 2474 vilipensum,
2575 2409 2961 2476 carceratum,
3007 2403 3279 2477 ligatum,
3311 2404 3564 2473 nudum,
3600 2400 3825 2460 fameli-

2169 2507 2324 2558 cum,
2365 2491 2757 2562 sitibundum,
2807 2492 3297 2566 miseriarumque
3342 2492 3614 2549 omnium
3662 2491 3827 2565 copia

2169 2580 2616 2635 refertissimum
2648 2582 2994 2637 adorabunt.
3019 2581 3135 2637 Vos
3161 2580 3317 2636 enim
3336 2585 3515 2638 testes
3546 2580 3663 2637 mei
3689 2578 3826 2637 estis

2170 2669 2319 2739 (Luc.
2351 2685 2502 2736 XXIV,
2529 2670 2639 2737 l18),
2663 2674 2719 2724 et
2749 2670 2845 2740 qui
2903 2687 3006 2725 vos
3064 2670 3307 2741 spernit,
3338 2685 3433 2725 me
3489 2669 3745 2743 spernit,
3776 2671 3829 2724 et

2169 2759 2266 2829 qui
2302 2774 2403 2812 ves
2433 2757 2815 2826 censtritavit,
2850 2775 2943 2813 me
2974 2759 3338 2814 centristavit
3365 2761 3519 2827 (Luc.
3548 2776 3610 2827 x,
3643 2760 3752 2826 16),
3775 2761 3827 2812 et

2168 2846 2265 2918 qui
2302 2846 2437 2902 facit
2468 2847 2767 2918 injuriam,
2801 2848 3005 2920 recipit
3037 2849 3191 2921 quod
3222 2847 3423 2920 inique
3454 2848 3575 2921 egit
3601 2848 3827 2917 (Cotoss.

2166 2952 2249 2999 in,
2272 2936 2386 3003 25),
2410 2940 2465 2991 et
2495 2935 2593 3007 qui
2628 2937 2815 3008 tangit
2844 2954 2966 3004 vos,
2991 2936 3159 3010 quasi
3183 2936 3281 3009 qui
3314 2936 3504 3010 tangit
3537 2935 3824 3010 pupillam

2166 3023 2315 3079 oculi
2349 3026 2460 3079 mei
2494 3025 2676 3097 (Zaeh.
2702 3041 2763 3092 II,
2797 3022 2875 3095 8.)

2853 3114 2976 3169 Tir.
3008 3112 3130 3169 Vll.

2234 3202 2321 3258 44.
2353 3202 2460 3257 Sed
2494 3202 2631 3257 tacti
2672 3219 2901 3269 sumus,
2936 3201 3063 3258 elisi
3109 3219 3340 3271 sumus,
3375 3203 3561 3275 spreti
3593 3218 3824 3269 sumus,

394 3294 653 3363 portant,
678 3308 936 3347 reserare
975 3296 1031 3347 et
1059 3292 1331 3347 claudere
1362 3291 1569 3346 coelum
1614 3292 1829 3359 valent,
1864 3294 2051 3349 nubes
2081 3265 2125 3337 (ἶ
2161 3289 2401 3363 impulsi
2450 3309 2677 3357 sumus,
2713 3291 2923 3348 versati
2956 3308 3184 3360 sumus,
3219 3292 3446 3359 cecidit,
3480 3309 3616 3365 quae
3651 3306 3829 3365 super

392 3380 604 3453 [supple
640 3384 795 3448 sunt]
850 3397 998 3452 quas
1028 3380 1315 3436 Dominus
1364 3396 1674 3436 ascensum
1725 3397 1900 3437 suum
1950 3398 2049 3453 po-

391 3468 532 3539 suit,
567 3469 757 3537 bases,
782 3486 959 3541 super
996 3486 1143 3541 quas
1175 3473 1294 3524 tota
1344 3469 1492 3540 jacet
1521 3474 1818 3526 structura
1846 3471 2050 3544 templi

391 3557 515 3623 Dei,
541 3557 647 3624 Qui
678 3575 814 3630 ergo
847 3557 1104 3630 aliquem
1136 3557 1369 3623 herum,
1396 3562 1458 3613 ut
1482 3558 1720 3614 omissis
1753 3560 2050 3616 brevitatis

392 3648 589 3701 studio
639 3647 881 3714 caeteris,
925 3646 1132 3702 saltem
1182 3647 1253 3702 de
1302 3647 1416 3702 isto
1464 3648 1898 3718 ratiocinemur,
1932 3666 2048 3705 uno

386 3734 648 3806 impulsu
680 3739 875 3791 movet
904 3734 1123 3807 alique,
1149 3736 1313 3807 quid,
1357 3753 1519 3808 rege,
1561 3737 1632 3791 de
1679 3738 2048 3810 superposito

397 3823 518 3894 agit
548 3823 832 3877 aedificio?
855 3824 1023 3895 (Psal.
1057 3841 1176 3891 CIII,
1208 3824 1284 3894 3.)

461 3912 547 3967 13.
584 3911 808 3967 Clamat
865 3928 968 3983 pre
1012 3911 1098 3967 eis
1144 3911 1450 3982 Dominus,
1484 3914 1744 3969 minatur
1802 3933 1901 3987 pro
1961 3916 2045 3972 eis

386 3999 694 4066 Dominus,
712 4003 937 4071 pugnat
964 4017 1066 4071 pro
1087 3999 1441 4059 eis.etiamsi
1467 4002 1713 4069 nescias,
1739 4002 2043 4060 Dominus.

385 4086 634 4154 Clamat,
660 4088 924 4159 inquam,
950 4087 1185 4156 clamat,
1211 4106 1326 4143 non
1351 4088 1708 4157 dissimulat,
1731 4107 1847 4146 non
1870 4096 2043 4158 tacet,

387 4193 460 4233 ne
490 4182 552 4232 tu
587 4176 851 4232 fersitam
889 4177 1079 4233 dicere
1111 4177 1303 4250 possis
1337 4195 1350 4233 :
1390 4178 1515 4234 Non
1548 4179 1711 4247 novi;
1742 4179 1959 4236 clamat
1987 4186 2046 4237 et

387 4265 576 4323 dicit:
608 4267 787 4323 Nolite
832 4275 1057 4337 tangere
1101 4268 1334 4324 christos
1381 4284 1524 4324 meos
1570 4269 1740 4340 (Psal.
1783 4286 1894 4330 CIV.
1930 4272 2039 4343 15).

380 4355 450 4411 Et
480 4355 589 4411 hoc
621 4355 749 4423 tibi,
783 4361 848 4411 ut
881 4354 1054 4419 scias,
1090 4359 1154 4412 ut
1201 4373 1426 4421 caveas,
1461 4362 1526 4411 ut
1556 4356 1886 4430 resipiscas,
1923 4361 2041 4416 imo

381 4460 452 4499 ne
474 4460 648 4517 agere
671 4449 877 4514 tentes,
897 4462 969 4499 ne
992 4462 1336 4518 prmsumas,
1362 4461 1434 4501 ne
1456 4446 1695 4514 audeas,
1717 4463 1788 4503 ne
1809 4452 2036 4520 tangas,

382 4547 587 4585 verum
619 4548 724 4587 nec
755 4531 1113 4588 detrahas.\"
1117 4533 1430 4589 eciferatur
1448 4533 1625 4599 enim,
1650 4539 1707 4589 et
1736 4534 1844 4590 hoc
1879 4537 2039 4592 into-

2160 3396 2266 3434 nos
2322 3380 2625 3435 videbatur
2675 3385 2850 3446 stare,
2912 3383 3236 3449 structura;
3285 3380 3652 3452 possederunt
3708 3396 3824 3449 nos,

2158 3468 2403 3535 Domine,
2435 3469 2634 3540 absque
2664 3477 2714 3525 te
2744 3469 2878 3538 (Isai
2905 3486 3056 3535 xxvn,
3092 3470 3201 3535 13).
3234 3472 3371 3541 facti
3396 3484 3593 3526 sumus
3624 3485 3829 3542 oppro-

2160 3558 2344 3612 brium
2373 3558 2567 3612 vicinis
2610 3560 2836 3624 nostris,
2866 3559 3225 3613 subsannatio
3251 3567 3302 3614 et
3333 3558 3525 3614 illusio
3580 3559 3674 3615 his
3735 3558 3830 3630 qui

2156 3655 2287 3700 sunt
2316 3647 2374 3701 in
2402 3648 2638 3701 circuitu
2666 3656 2849 3702 nostro
2879 3647 3050 3718 (Psul.
3086 3664 3316 3715 LXXVIII,
3350 3648 3427 3717 4),
3452 3647 3830 3721 exemplum,

2156 3734 2579 3807 spectaculum,
2614 3735 2830 3803 fabula,
2866 3740 2923 3790 et
2960 3736 3254 3791 canticum
3299 3753 3500 3791 eorum
3552 3742 3691 3793 tota
3738 3737 3831 3793 die

2156 3824 2371 3895 (Thren.
2407 3841 2491 3890 III,
2520 3825 2949 3895 14).!ntcltigite,
2992 3823 3204 3895 inquit,
3238 3826 3562 3896 insipientes
3614 3828 3683 3882 in
3727 3842 3831 3898 po-

2150 3914 2301 3983 pulo,
2332 3918 2386 3968 et
2414 3914 2574 3969 stulti
2602 3914 2899 3985 aliquando
2924 3916 3129 3983 sapite;
3158 3917 3257 3985 qui
3298 3906 3593 3985 plantavit
3632 3931 3831 3971 aurem

2152 4019 2263 4057 non
2308 4002 2511 4069 audiet,
2562 4011 2613 4057 et
2663 4004 2761 4074 qui
2814 4003 2980 4073 ﬁnxit
3030 4004 3250 4058 oculum
3305 4020 3413 4058 non
3461 4005 3832 4061 considerat?

2154 4091 2322 4161 (Psal.
2355 4107 2512 4157 xcuI,
2544 4094 2620 4158 8.)
2644 4091 2792 4154 Quid
2832 4100 3016 4146 autem
3059 4092 3352 4146 miramini
3378 4093 3428 4146 si
3452 4094 3711 4149 mundus
3740 4108 3831 4149 ros

2151 4178 2385 4251 odit,qui
2403 4183 2453 4235 et
2472 4196 2559 4234 me
2576 4181 2814 4251 priorem
2834 4181 2984 4236 vobis
3002 4180 3129 4236 odio
3146 4180 3338 4236 habuit
3351 4183 3578 4250 ?(Joan.
3593 4200 3697 4250 xv,
3715 4181 3831 4251 18.)

2151 4267 2294 4322 Nam
2320 4268 2503 4339 (Ibid,
2530 4268 2640 4339 19))
2663 4268 2728 4324 de
2749 4269 2958 4342 mundo
2975 4270 3244 4339 fuissetis,
3264 4270 3452 4340 utique
3472 4271 3628 4341 quod
3658 4287 3829 4328 suum

2147 4364 2268 4412 erat
2284 4356 2604 4427 ditigeretis.
2619 4356 2767 4420 Quid
2793 4356 3112 4413 amicitiam
3138 4356 3360 4412 inimici
3383 4359 3672 4430 captatis,
3689 4376 3831 4416 cum

2149 4445 2391 4501 avellere
2421 4463 2522 4501 ves
2553 4462 2658 4501 nec
2702 4461 2807 4518 ego
2838 4445 3010 4501 velim
3042 4464 3075 4501 a
3106 4446 3399 4502 consertio
3437 4448 3684 4519 capitis,
3723 4464 3832 4504 nec

2148 4536 2271 4608 ipse
2292 4536 2551 4591 mundus
2570 4535 2777 4607 dignes
2792 4534 2879 4589 vel
2898 4534 3259 4606 suisjudicet
3276 4534 3605 4593 amicitiis?
3619 4537 3834 4593 Videte

379 4621 567 4685 tonat,
609 4622 665 4674 et
691 4619 801 4674 hoc
831 4619 1082 4676 clamat:
1114 4622 1247 4688 Diis,
1294 4620 1591 4693 inquiens,
1614 4640 1685 4680 ne
1731 4625 2038 4682 detraxeris
2068 4628 2116 4695 Ι)
2149 4643 2220 4681 ne
2252 4640 2519 4682 recusare
2549 4622 2864 4679 videamini
2886 4640 3013 4680 esse
3045 4623 3104 4679 in
3131 4640 3393 4696 corpore,
3416 4623 3465 4680 si
3488 4641 3617 4682 non
3641 4625 3833 4683 vultis

451 4812 689 4888 (131)__In
712 4813 981 4888 Vulgatis
1011 4820 1280 4888 corrupte
1300 4818 1569 4874 ostendas.
1593 4819 1877 4877 Censtrue
1908 4839 2040 4879 vero

377 4888 434 4940 et
489 4883 715 4961 explica
776 4902 789 4939 :
833 4883 1120 4941 ‘Audenter
1166 4883 1413 4961 quidem,
1442 4894 1696 4961 etquasi
1743 4894 2042 4950 insolenter

375 4955 747 5033 enumerando
775 4960 1072 5033 pronuntio
1121 4955 1241 5023 tibi,
1285 4960 1416 5033 quid
1449 4955 1559 5028 (illi
1594 4962 1873 5033 episcopi)
1904 4967 2037 5032 sint,

374 5044 445 5102 ne
472 5044 584 5102 non
610 5029 771 5094 scias,
806 5032 857 5082 et
888 5030 1163 5100 o/fendas;
1210 5029 1304 5083 sed
1332 5039 1511 5085 tamen
1554 5029 1860 5102 pronuntio
1888 5029 2040 5091 tanto

379 5096 659 5170 libentius,
678 5107 879 5168 quanto
908 5096 1189 5170 proferens
1218 5117 1328 5155 non
1353 5117 1424 5155 ea:
1451 5096 1567 5165 me;
1587 5102 1678 5157 sed
1708 5119 1778 5158 ex
1806 5108 2041 5161 auctori-

376 5170 584 5245 tatibus
623 5168 846 5245 divinis.
876 5168 1200 5225 Illiraculum
1240 5179 1443 5245 autem,
1475 5174 1526 5226 si
1560 5180 1711 5228 tanta
1740 5178 1892 5245 (quae
1926 5177 2037 5231 sci-

376 5237 511 5317 licet
552 5239 955 5317 deppiscepis
986 5258 1121 5317 mox
1149 5242 1659 5317 proterebet‘tam
1684 5237 2037 5317 ine/fabilia,

376 5313 430 5365 et
455 5309 765 5384 ineffabilia
820 5309 986 5384 etiam
1016 5312 1107 5365 illi
1136 5309 1245 5383 ipsi
1271 5314 1368 5383 qui
1410 5315 1622 5384 fruitur
1675 5309 2039 5383 his,"possunt

372 5383 574 5465 referri
599 5382 666 5435 ab
698 5382 935 5465 bomine,
970 5399 1037 5465 ex
1060 5382 1198 5465 ,ευρ
1234 5400 1267 5437 a
1288 5382 1452 5465 rege,
1481 5400 1520 5465 1a
1550 5401 1675 5465 que_
1718 5387 1841 5465 ﬁeri
1873 5389 2035 5465 dice:

374 5399 573 5452 referri
599 5399 666 5435 ao
698 5399 935 5462 nomine,
970 5399 1037 5438 ex
1060 5399 1198 5507 ἓν..
1234 5400 1267 5437 a
1299 5399 1452 5465 rege,
1487 5400 1520 5438 a
1550 5401 1668 5510 cipe
1718 5399 1841 5441 neri
1873 5399 2035 5444 dice-

374 5451 591 5525 bantur
629 5453 932 5523 episcopi).
964 5454 1063 5520 Qui
1149 5455 1287 5509 Deus
1323 5453 1492 5509 distat
1538 5472 1572 5510 a
1660 5455 1921 5525 homine,
1954 5462 2038 5515 vel

374 5522 506 5596 quid
534 5522 770 5597 opus’sit
801 5522 982 5597 ipsum
1010 5527 1179 5579 Deum
1211 5528 1396 5595 rogari
1425 5530 1488 5579 ut
1518 5525 1576 5580 in
1610 5522 1917 5597 electione,
1947 5531 2036 5586 vel

374 5593 1098 5669 consecratieneepiscepi
1139 5593 1396 5669 regatur,
1428 5597 1478 5652 si
1516 5598 1704 5669 pulvis
1742 5593 2036 5659 valet'lar-

372 5666 488 5756 αἰνί
516 5664 707 5727 tanta?
729 5664 893 5749 Quod
905 5664 1145 5742 cogitare
1158 5664 1334 5742 (male
1364 5668 1424 5730 in
1444 5664 1601 5752 vulg.
1625 5670 1758 5751 quid
1776 5673 2035 5752 cogitare,

2151 4826 2208 4895 et
2234 4839 2370 4878 mox
2392 4821 2523 4895 quid
2545 4821 2764 4895 dicere),
2782 4822 2913 4895 quid
2936 4830 3014 4878 est
3033 4821 3190 4877 aliud
3206 4839 3382 4895 quam
3403 4823 3542 4879 velle
3563 4840 3836 4881 conscen-

2149 4894 2276 4949 dere
2305 4896 2365 4948 in
2394 4893 2636 4949 caelum?
2667 4894 2817 4961 Quod
2858 4893 3038 4949 dicere
3085 4893 3236 4965 quid
3269 4897 3367 4961 est,
3398 4896 3515 4949 nisi
3566 4898 3841 4953 exaltare

2147 4969 2349 5020 solium
2376 4982 2541 5035 super
2568 4974 2716 5041 astra
2733 4966 2904 5041 cali;
2929 4965 3067 5041 quod
3098 4967 3286 5041 utique
3314 4973 3442 5041 sunt
3467 4968 3752 5041 episcopi,
3785 4970 3839 5024 si

2149 5046 2331 5092 tamen
2368 5040 2495 5090 sunt
2524 5036 2663 5107 quod
2710 5035 3004 5090 dicuntur?
3032 5036 3164 5107 quid
3194 5035 3289 5100 est,
3323 5038 3438 5092 nisi
3479 5035 3694 5097 conari
3743 5056 3838 5095 as-

2148 5108 2376 5162 cendere
2397 5106 2563 5175 super
2590 5106 2943 5161 altitudinem
2971 5106 3236 5173 nu’bium;
3266 5108 3406 5178 quod
3436 5124 3527 5163 eos
3558 5126 3710 5178 esse,
3748 5129 3841 5168 re-

2146 5182 2354 5251 ferente
2380 5180 2662 5249 pr0pheta,
2687 5179 2839 5232 testis
2862 5186 2945 5251 est,
2958 5179 3098 5251 Deus
3118 5178 3302 5233 dicens
3323 5197 3343 5234 :
3372 5179 3665 5251 Mandavi,
3692 5187 3835 5251 etc.,

2147 5254 2199 5305 et
2229 5250 2352 5324 ideo
2374 5252 2652 5305 aestimare
2695 5265 2751 5304 se
2796 5250 3075 5324 similem?
3095 5251 3197 5324 _l_)_ii
3224 5258 3373 5315 sunt,
3404 5250 3643 5307 Domini
3674 5250 3836 5324 sunt,

2147 5327 2279 5385 etc.,
2309 5320 2437 5375 Hcce
2469 5326 2663 5375 autem
2698 5321 2896 5399 omnia
2925 5325 3068 5399 sunt
3093 5320 3193 5399 illa
3220 5330 3391 5387 tanta,
3417 5324 3670 5399 quasde
3699 5320 3837 5399 θρίᾲ

2148 5408 2457 5463 scoporum
2490 5390 2885 5463 prieregativis
2918 5408 2986 5446 ex
3014 5391 3228 5447 divinis
3262 5390 3839 5456 auctoritatibus-86

2145 5461 2511 5534 prolaturum
2543 5461 2876 5534 affirmavit.

2217 5534 2365 5659 (132)
2398 5532 2670 5588 Mendose
2696 5533 2762 5617 in.
2788 5531 2959 5588 editis
2988 5535 3177 5589 vineti.

2251 5605 2341 5659 33)
2369 5603 2497 5659 Haec
2531 5604 2871 5659 Ratherium
2917 5605 2990 5659 ab
3036 5605 3177 5659 Hum

2251 5605 2341 5682 33)
2369 5603 2497 5682 Haec
2525 5603 2871 5682 _Ratherium
2916 5605 2990 5682 ab
3036 5605 3274 5682 Hugene
3314 5621 3447 5682 rege
3478 5605 3547 5665 in
3584 5625 3840 5677 carcere

2143 5675 2413 5755 Papiensi
2443 5675 2746 5743 detentum
2776 5674 3118 5757 respiciunt.
