3904 6382
138 447 290 509 1051

140 667 304 725 fateri
341 684 434 724 me
464 684 582 723 non
614 682 785 740 posse
816 665 1120 739 suppliciis
1151 665 1303 721 laedi.

808 770 1119 812 ADRIANUS.

205 844 506 915 Antioche,
542 846 683 917 quid
717 845 875 901 enim
905 843 1051 900 mihi
1080 848 1169 899 est
1199 844 1491 917 agendum
1510 845 1538 900 ’ἔ

790 950 1133 991 ANTIOCIIUS.

209 1025 381 1083 Novis
410 1024 771 1083 cruciatibus
802 1024 1288 1081 iucumbendum.

808 1129 1117 1173 ADIUANUS.

208 1204 450 1259 (Eneum
467 1219 569 1261 vas
593 1202 831 1276 plenum
854 1201 981 1257 oleo
1004 1206 1061 1256 et
1082 1201 1272 1273 adipe,
1288 1218 1419 1256 cera
1440 1204 1614 1273 atque
1637 1202 1783 1275 pice,

137 1291 372 1366 ignibus
404 1296 861 1364 superponatur,
894 1291 952 1346 in
986 1290 1143 1362 quod
1174 1289 1357 1361 ligata
1386 1289 1749 1363 projiciatur.

791 1396 1135 1435 ANTIOCHUS.

207 1470 266 1525 Si
296 1469 356 1526 in
377 1470 483 1542 jus
510 1467 759 1525 Vulcani
791 1468 1077 1535 tradetur,
1103 1466 1350 1523 forsitan
1379 1467 1661 1523 evadendi
1696 1469 1789 1525 ad-

136 1557 283 1625 itum
315 1575 433 1617 non
464 1556 859 1617 nanciscetur.

724 1634 729 1641 ’
883 1662 1039 1719 spes.

206 1736 336 1793 Hine
376 1736 565 1793 virtus
614 1734 845 1793 Christo
896 1752 1012 1790 non
1064 1739 1151 1790 est
1189 1733 1447 1803 insolita,
1480 1739 1547 1790 ut
1590 1734 1786 1807 ignem

136 1824 309 1899 faciat
337 1825 649 1899 mitescere
676 1828 906 1897 mutata
935 1828 1168 1894 natura.

816 1931 1119 1983 nummus.

205 2004 398 2072 Quid?
418 2005 631 2074 Audio,
651 2003 954 2073 Antioche,
977 2002 1137 2059 velut
1158 2002 1416 2060 sonitum
1439 2003 1786 2061 inundantis

138 2111 322 2171 aquae.

200 2178 204 2183 ’
478 2200 483 2205 ’
789 2200 1132 2239 ANTIOCHUS.

207 2272 350 2342 Heu,
384 2274 524 2343 heu,
559 2272 795 2330 domine
815 2272 828 2327 !

807 2377 1115 2435 ADRIANQS.

209 2452 359 2520 Quid
388 2452 634 2531 contigit
665 2451 878 2508 nobis?

460 2528 481 2533 Η
789 2557 1130 2596 ANTIOCIIUS.

204 2630 509 2688 Ebulliens
539 2631 729 2687 fervor
754 2631 1052 2686 eonfracto
1102 2647 1234 2685 vase
1280 2630 1581 2685 ministros
1631 2647 1788 2684 com-

144 2721 356 2791 bussit,
387 2726 449 2776 et
478 2720 579 2777 ilia
616 2719 884 2776 maleﬁca
912 2718 1080 2774 illesa
1110 2718 1456 2791 comparuit.

807 2825 1118 2866 ADRIANUS.

130 2942 133 2947 ν
209 2900 435 2969 Fateor,
463 2898 600 2955 victi
631 2915 860 2956 sumus.

795 3003 1134 3043 ANTIOCBUS.

208 3078 471 3134 Penitus.

816 3182 1120 3221 ADRZANUS.

205 3257 392 3330 Caput
426 3254 786 3312 abscidatur.

794 3360 1114 3400 ANTIOCHUS
1125 3386 1137 3398 .

206 3434 365 3492 Alias
397 3451 516 3497 non
548 3434 917 3490 absumetur.

888 3538 1047 3578 SPES.

209 3613 252 3671 Ο
284 3613 559 3671 Charitas
599 3610 834 3682 dilecta,
868 3629 902 3668 o
933 3628 1098 3668 soror
1146 3611 1353 3667 unica!
1388 3612 1469 3668 Ne
1510 3612 1791 3669 formides

131 3704 369 3776 tyranni
400 3702 617 3771 minus,
646 3718 719 3761 ne
749 3701 1006 3774 trepides
1045 3701 1118 3757 ad
1170 3718 1392 3773 pcenas,
1421 3701 1606 3767 nitere
1652 3719 1791 3759 con-

140 3792 317 3849 stanti
348 3793 469 3849 fide
498 3791 716 3848 imitari
749 3808 978 3847 sorores
1010 3791 1082 3846 ad
1108 3789 1237 3859 φωιὶ
1268 3789 1555 3862 palatium
1585 3808 1791 3865 praece-

139 3882 362 3940 dentes.

819 3985 1089 4025 CHABITAS
1099 4011 1110 4022 .

207 4061 407 4117 Taedet
438 4075 534 4116 me
562 4059 690 4115 vita:
721 4057 1046 4138 praesentis,
1082 4057 1254 4115 taedet
1286 4061 1526 4115 terrente
1560 4058 1790 4117 habita-

137 4148 334 4219 tionis,
368 4150 528 4224 quod
559 4148 758 4206 saltim
790 4148 862 4225 ad
893 4147 1192 4225 modicum
1223 4147 1505 4221 temporis
1555 4167 1795 4223 separor

139 4255 175 4311 α
199 4239 384 4317 vehis.-

359 4312 362 4315 ’
887 4342 1042 4381 eras.

206 4417 448 4491 Depone
476 4416 718 4503 taedium
749 4419 807 4470 et
835 4415 1009 4491 tende
1034 4414 1107 4493 ad
1139 4417 1609 4487 prmmium.Non
1632 4418 1791 4474 enim

138 4505 239 4563 diu
267 4504 703 4585 separabimur,
737 4504 839 4560 sed
872 4504 1035 4581 ocius
1067 4504 1127 4559 in
1157 4503 1302 4583 oculo
1342 4506 1791 4583 conjungemur.

384 4582 409 4591 ”
462 4582 487 4585 Π
820 4610 1120 4650 cnamms.

207 4685 355 4756 Fiat,
385 4686 492 4743 ﬂat
511 4683 526 4740 l
845 4676 851 4685 ’
948 4676 953 4685 ’

888 4788 1044 4828 SPES.

204 4863 388 4936 Euge,
419 4865 611 4917 mater
641 4858 911 4928 illustris,
929 4860 1264 4933 gaude,nee
1294 4861 1558 4933 tangaris
1581 4862 1651 4917 de
1674 4862 1790 4919 mei

135 4952 411 5024 passione
442 4949 695 5007 materni
727 4948 968 5004 affectus
1000 4947 1231 5018 dolore;
1260 4949 1363 5005 sed
1389 4951 1596 5021 prafer
1624 4968 1789 5024 spem

136 5042 392 5110 mmrori,
424 5056 562 5097 eum
596 5026 695 5095 me.
718 5037 919 5097 videas
945 5056 1050 5110 pro
1082 5037 1316 5095 Christo
1348 5040 1518 5095 mori.

807 5144 1130 5186 BAPIENTIA.

204 5219 375 5276 Nune
406 5217 648 5291 quidem
679 5218 926 5291 gaudeo,
958 5218 1059 5274 sed
1092 5222 1231 5273 tunc
1264 5218 1501 5273 tandem
1541 5219 1792 5289 perfecte

136 5308 442 5366 exsultans
489 5308 779 5381 gaudebo,
821 5308 1057 5380 quando
1106 5306 1192 5362 tui
1250 5307 1613 5364 sororeulam
1664 5308 1792 5380 pari

136 5398 474 5461 conditione
502 5397 855 5454 exstinctam
888 5396 1030 5453 coelo
1058 5384 1486 5467 praemisero,et
1514 5412 1620 5469 ego
1652 5397 1790 5453 sub-

138 5503 352 5560 sequar
380 5490 702 5559 postrema.

888 5590 1045 5630 SPES.

206 5665 494 5723 Perennis
524 5665 784 5722 Trinitas
817 5668 1063 5731 resttuet
1092 5663 1200 5719 tibi
1233 5662 1293 5718 in
1325 5680 1509 5719 aevum
1550 5662 1792 5737 plenum

136 5756 363 5832 absque
397 5754 791 5814 diminutione
813 5753 1069 5812 ﬁliarum
1097 5769 1435 5812 numerum.

1142 443 1553 509 COMOEDUE
1597 444 1767 505 SEX.
1816 477 1893 484 —
1937 443 2040 507 VI.
2090 444 2531 504 SAI’IENTIA.

136 579 425 653 grantiam
453 575 801 651 paradisiaci
834 577 1135 645 aromatis,
1168 592 1284 649 quo
1316 578 1520 635 nolens
1558 577 1782 651 cogeris
1810 576 1868 647 Α

3396 447 3550 508 10ὔὸ

2565 592 2878 635 ῦΛΡΙΕΝΤΙΑο

1967 665 2324 734 Confortare,
2359 665 2510 733 ﬁlia;
2545 682 2857 738 percussor
2884 664 3110 722 invadit
3141 682 3248 723 nos
3279 667 3549 741 evagina-

1896 759 1954 812 to
1985 754 2200 831 gladio.

2643 860 2798 899 BPES.

1971 932 2184 987 Libens
2214 932 2315 987 66
2345 931 2568 1003 excipio
2599 930 2883 1003 gladium.
2910 932 3018 999 Tu,
3044 932 3290 999 Christe,
3314 936 3549 1006 suscipe

1895 1021 2171 1092 spiritum
2204 1038 2306 1092 pro
2335 1021 2419 1075 tui
2470 1021 2837 1076 confessione
2890 1020 3147 1076 nominis
3194 1024 3443 1094 ejectum
3477 1026 3549 1081 de

1894 1108 2230 1163 habitaeulo
2262 1110 2540 1181 corporis.

2561 1216 2876 1254 SAPIENTIA.

1966 1286 2011 1340 Ο
2041 1286 2376 1353 Charitatis,
2412 1287 2645 1341 soboles
2677 1288 2912 1360 inclyta,
2947 1306 3083 1360 spes
3116 1291 3262 1345 uteri
3287 1291 3400 1347 mei
3427 1292 3552 1347 uni-

1897 1393 1985 1445 ca,
2010 1393 2081 1431 ne
2098 1375 2407 1441 contristes
2432 1381 2681 1431 matrem
2704 1377 2921 1433 bonam
2946 1378 3029 1433 tui
3051 1380 3390 1436 certaminis
3412 1398 3547 1438 con-

1896 1465 2354 1520 summationem
2385 1469 2863 1538 exspectantem;
2898 1466 2999 1522 sed
3032 1484 3243 1539 sperne
3292 1486 3551 1541 prmsens

1897 1553 2058 1622 utile,
2084 1569 2199 1626 quo
2223 1554 2527 1625 pervenias
2559 1554 2630 1611 ad
2655 1554 2940 1627 gaudium
2968 1555 3551 1631 interminabile,quo

1896 1642 1983 1699 tui
2000 1658 2292 1716 germanas
2323 1642 2551 1717 fulgent
2582 1643 2814 1700 coronis
2846 1642 3082 1723 illibata)
3105 1644 3477 1720 virginitatis.

2574 1748 2869 1791 CHARITAS.

1969 1819 2129 1876 Fulei
2164 1836 2278 1888 me,
2313 1824 2521 1890 mater,
2554 1820 2829 1894 precibus
2859 1821 3064 1905 sacris,
3099 1826 3393 1905 quatenus
3433 1841 3553 1905 me-

1817 1948 1867 2037 ”
1898 1923 2029 1965 rear
2055 1908 2340 1966 interesse
2370 1908 2606 1965 illarum
2636 1909 2889 1982 gaudiis.

2567 2015 2856 2037 caninam":

2567 2015 2883 2056 ΒΑΡΙΒΝἸῚΑ.

1965 2087 2150 2144 Exora
2178 2092 2236 2144 te
2264 2087 2558 2145 ﬁnetenus
2587 2088 2647 2146 in
2680 2088 2797 2145 ﬁdo
2826 2088 3148 2146 solidatam
3177 2090 3274 2161 iri,
3300 2107 3406 2149 nec
3438 2093 3546 2150 du-

1898 2176 2020 2233 bito
2052 2177 2156 2234 tibi
2184 2193 2437 2250 perenne
2469 2178 2799 2253 tripudium
2828 2180 3107 2237 donatum
3134 2178 3229 2237 iri.

2571 2284 2882 2326 ADRIANUB.

1970 2356 2259 2429 Charitas,
2308 2360 2609 2414 saturatas
2671 2358 2950 2415 conviciis
3000 2357 3088 2414 tui
3136 2376 3427 2430 sororum,
3469 2360 3553 2416 ni-

1898 2444 2204 2517 miumque
2235 2445 2614 2502 exacerbatus
2636 2462 2769 2501 sum
2792 2446 3021 2519 prolixa
3040 2447 3303 2504 oratione
3325 2447 3549 2506 earum.

1898 2533 2062 2589 Unde
2094 2534 2194 2589 diu
2243 2538 2437 2589 tecum
2492 2551 2609 2590 non
2661 2536 2968 2604 contendo,
3002 2522 3111 2592 sed
3136 2536 3225 2593 vel
3257 2539 3552 2611 obtempe-

1900 2627 2127 2678 rantem
2160 2623 2272 2678 mei
2304 2623 2454 2678 votis
2487 2623 2686 2680 ditabo
2718 2625 2995 2683 omnibus
3025 2626 3218 2696 bonis,
3241 2626 3325 2682 vel
3351 2631 3553 2683 contra

1899 2711 2218 2767 luctantem
2252 2713 2506 2769 afﬁciam
2540 2711 2735 2768 malis.

2574 2818 2865 2858 CHARITAS.

1971 2891 2577 2948 Bonum'cordetenus
2605 2889 2946 2963 amplector,
2971 2895 3030 2949 et
3050 2891 3275 2949 malum
3306 2893 3547 2950 omnino

1899 2979 2174 3037 detestor.

2576 3080 2883 3126 ADnlANUS.

1972 3159 2089 3213 Iloe
2114 3159 2221 3213 tibi
2256 3159 2633 3231 potissimum
2659 3159 2895 3214 salubre
2925 3158 3190 3232 mihique
3230 3164 3319 3217 est
3368 3160 3557 3233 placa-

1902 3246 2038 3315 bile,
2073 3246 2319 3319 ideoque
2352 3247 2474 3305 leve
2500 3247 2782 3320 quiddam
2814 3248 2921 3304 tibi
2952 3266 3224 3322 prmpono
3264 3268 3406 3308 meae
3435 3251 3553 3324 pie-

1821 3322 1869 3390 C
1901 3336 2041 3392 tatis
2072 3337 2280 3409 gratia.

2585 3443 2854 3483 CHARITAS
2861 3468 2875 3482 ι

1970 3514 2163 3581 Quid?

2575 3620 2789 3660 ADRIAN
2795 3621 2865 3660 US
2874 3646 2886 3660 .

1971 3692 2073 3749 Dic
2106 3696 2336 3747 tantum
2362 3708 2376 3748 :
2411 3690 2604 3764 Magna
2632 3693 2842 3749 Diana!
2874 3696 2933 3749 et
2962 3708 3067 3765 ego
3097 3693 3253 3751 ultra
3275 3696 3346 3752 ad
3378 3697 3557 3754 sacri-

1901 3783 2200 3841 ﬁcandum
2232 3786 2289 3838 te
2320 3799 2439 3841 non
2470 3781 2777 3853 compello.

2576 3887 2852 3928 CIIABITAS
2862 3913 2874 3925 .

1974 3960 2235 4019 Percerte
2269 3977 2385 4019 non
2419 3960 2568 4019 dico.

2570 4064 2883 4107 ADRIANUS.

1974 4141 2017 4207 Q
2026 4156 2160 4195 uare
2173 4138 2201 4192 ?

2579 4243 2855 4291 CIIARITAS
2862 4270 2876 4283 .

1974 4318 2121 4385 Quia
2150 4315 2384 4372 mentiri
2417 4314 2571 4371 nolo.
2603 4315 2723 4388 Ego
2764 4316 3004 4387 quidem
3034 4321 3093 4372 et
3135 4332 3364 4375 sorores
3414 4333 3555 4374 mea:

1902 4408 2126 4464 eisdem
2157 4405 2500 4479 parentibus
2531 4404 2763 4479 genitze,
2784 4405 3024 4461 misdem
3045 4405 3429 4483 sacramentis
3452 4406 3558 4463 im-

1903 4497 2059 4553 butae
2091 4512 2323 4563 sumus,
2356 4511 2477 4550 una
2506 4494 2830 4565 eodemque
2861 4493 2997 4549 ﬁdei
3028 4491 3365 4550 constantia
3393 4495 3556 4551 robo-

1904 4590 2062 4643 ναίω.
2096 4587 2460 4657 Quapropter
2487 4583 2634 4639 scito
2658 4585 2926 4639 nostrum
2945 4581 3113 4653 velle,
3129 4586 3399 4661 nostrum
3424 4599 3556 4639 con-

1822 4698 1872 4784 n
1903 4673 2139 4744 sentire,
2174 4678 2446 4729 nostrum
2479 4689 2703 4745 sapere,
2735 4688 2922 4728 unum
2954 4670 3229 4744 idemque
3258 4688 3410 4743 esse,
3446 4689 3554 4730 nec

1904 4782 1950 4784 de
1977 4782 1987 4784 _
2027 4765 2078 4784 2..
2114 4762 2227 4784 --11-
2265 4779 2520 4784 -___.._____
2560 4761 2677 4784 £I13_
2713 4760 2990 4784 J:_.-!.!-_-

1903 4782 1996 4823 me
2025 4765 2085 4820 in
2113 4762 2233 4820 ullo
2264 4779 2528 4835 unquam
2560 4761 2678 4818 illis
2708 4760 3014 4818 dissidere.

2580 4869 2881 4909 ADRIAIUS.

1971 4944 2015 5000 0
2049 4942 2286 5017 injuria,
2323 4942 2479 5015 quod
2510 4958 2543 4999 a
2574 4940 2805 4998 tantilla
2852 4940 3031 4997 etiam
3082 4944 3424 4998 contemnor
3450 4941 3556 4997 ho-

1902 5032 2152 5090 mullula
2171 5033 2184 5086 ε

2576 5135 2851 5177 CHARITAS
2860 5161 2872 5172 .

1974 5215 2133 5270 Licet
2162 5211 2376 5269 tenella
2407 5213 2520 5267 sim
2552 5215 2743 5277 artato,
2776 5215 2975 5266 tamen
3007 5226 3202 5282 gnara,
3221 5228 3355 5267 sum
3384 5216 3438 5267 te
3471 5229 3558 5268 ar-

1899 5309 2248 5378 gumentose
2280 5301 2656 5357 confundere.

2576 5405 2877 5446 ADRIANUS.

1970 5481 2258 5539 Abstrahe
2291 5480 2474 5547 illam,
2508 5478 2809 5547 Antioche,
2843 5481 2900 5534 et
2931 5478 3038 5547 fac,
3074 5482 3138 5533 ut
3170 5494 3460 5550 suspensa
3488 5477 3549 5533 in

1901 5572 2147 5644 equuleo
2179 5568 2451 5626 atrociter
2480 5568 2833 5625 verberetur.

2559 5675 2896 5731 ANTIOCHUS.

1972 5751 2186 5807 Vereor
2215 5748 2372 5824 quod
2398 5748 2641 5806 verbera
2667 5766 2783 5806 non
2812 5746 3185 5824 praavaleant.
