3904 6386
406 462 561 522 1059

1080 599 1378 641 ADRIANUS.

474 694 533 748 Si
568 708 683 747 non
712 685 1083 761 praevaleant,
1105 683 1251 755 jube
1283 681 1474 737 tribus
1518 680 1816 736 continuis
1846 677 2055 733 diebus

403 800 469 838 ac
498 779 775 838 noctibus
804 776 1101 831 fornacem
1133 769 1409 828 succendi
1443 774 1501 826 et
1532 768 1695 824 illam
1735 768 1887 823 inter
1916 767 2053 823 bac-

401 872 643 929 chantes
672 868 947 925 ﬂammas
977 860 1203 935 projici.

1075 982 1350 1026 CHARI’I‘AS
1359 1009 1371 1021 .

469 1076 803 1150 Ojudiccm
854 1072 1261 1144 impotentem,
1295 1064 1397 1137 qui
1447 1062 1665 1119 diffidit
1712 1079 1775 1116 se
1826 1061 2051 1150 absque

398 1149 581 1225 armis
607 1165 833 1240 ignium
866 1165 1176 1217 octennem
1209 1157 1493 1211 infantem
1528 1167 1806 1224 superare
1836 1149 2047 1222 posse!

1065 1279 1376 1322 ADRIANUS.

464 1373 597 1443 Abi,
625 1368 930 1434 Antioche,
959 1370 1018 1421 et
1047 1364 1382 1435 injunctum
1413 1358 1674 1415 ofﬁcium
1706 1355 1937 1428 perfice.

1077 1484 1374 1525 CHARITAS.

466 1578 708 1638 Saevitiae
741 1573 980 1648 quidem
1001 1575 1115 1626 tute
1136 1564 1549 1622 satisfaciendo
1570 1561 1929 1634 parebit,sed
1954 1576 2047 1615 me

394 1669 639 1727 minime
669 1663 921 1730 nocebit,
954 1659 1097 1732 quia
1126 1672 1231 1710 nec
1260 1655 1356 1710 B7
1390 1652 1633 1709 verbera
1679 1651 1794 1705 mei
1843 1664 2048 1722 corpu-

393 1758 628 1816 sculum
679 1755 956 1818 lacerare,
990 1762 1097 1804 nec
1144 1746 1394 1801 ﬂamma:
1447 1757 1677 1797 comam
1723 1739 1811 1796 vel
1853 1743 2045 1796 vestes

393 1848 670 1924 poterunt
698 1842 1025 1900 obfuseare.

1062 1939 1369 1984 ADRIANUS.

461 2025 823 2101 Experietur.

418 2126 423 2131 ’
1073 2119 1349 2162 CHARI'I‘AS
1358 2144 1369 2156 .

461 2205 828 2280 Experiatur.

941 2287 945 2293 ’
1040 2300 1270 2359 SCENA
1304 2297 1399 2353 VI.

1066 2404 1371 2448 ADRIANUS.

456 2508 760 2576 Antioche,
793 2504 936 2578 quid
967 2498 1185 2575 pateris
1205 2496 1232 2550 ‘?
1264 2512 1369 2552 cur
1396 2493 1622 2549 tristior
1651 2491 1820 2547 solito
1850 2506 2041 2563 regre-

385 2603 547 2661 deris
560 2600 589 2656 Ἰ

1043 2691 1381 2736 ANTIOCIIUS.

456 2788 701 2858 Quando
730 2797 970 2840 causam
996 2776 1250 2837 tristitiae
1282 2770 1618 2845 experieris,
1650 2769 1805 2824 haud
1842 2768 2039 2823 minus

383 2876 775 2947 contristeris.

1055 2969 1361 3012 ADRIANUB.

455 3057 581 3127 Dic,
612 3072 685 3112 ne
716 3051 889 3109 celes.

1037 3145 1375 3189 ANTIOCHUS.

454 3243 559 3299 Illa
586 3239 827 3305 lasciva,
865 3248 1043 3307 quam
1092 3229 1237 3285 mihi
1286 3224 1664 3283 cruciandam
1716 3221 2031 3290 tradidisti,

380 3328 642 3407 puellula
671 3344 766 3383 me
798 3325 1082 3397 praesente
1114 3315 1540 3389 ﬂagellabatur,
1575 3314 1675 3368 sed
1717 3329 1787 3367 ne
1837 3311 2032 3368 tenuis
2060 3331 2105 3399 ρ

379 3401 618 3495 quidem
649 3415 805 3472 cutis
835 3413 1248 3468 summotenus
1277 3403 1778 3475 disrumpebatur.
1810 3401 2032 3457 Deinde

377 3490 596 3584 projeci
639 3505 804 3561 illam
852 3501 914 3556 in
962 3499 1279 3566 fornacem,
1313 3493 1553 3567 igneum
1612 3490 1865 3547 colorem
1913 3507 2030 3563 pra:

377 3598 562 3656 nimio
591 3594 798 3654 ardore
826 3586 1270 3664 exprimentem.

1047 3706 1360 3751 ADRIANUS.

446 3797 564 3853 Cur
593 3787 936 3851 dissimulas
966 3782 1175 3857 loqui?
1203 3782 1437 3854 Expone
1463 3778 1686 3836 exitum
1720 3778 1823 3835 rei.

1032 3906 1277 3949 ANTIOCII
1286 3906 1373 3947 US.

447 4000 713 4058 Flamma
772 3994 983 4068 erupit,
1040 3994 1097 4047 et
1156 3988 1417 4061 quinque
1468 3983 1662 4042 “millia
1721 3982 2030 4041 hominum

375 4089 726 4151 combussit.

1055 4183 1360 4227 ADRIANUS.

446 4272 516 4329 Et
546 4267 688 4342 quid
721 4264 968 4338 contigit
996 4259 1127 4318 illi?

1029 4381 1369 4426 ANTIOCIIUS.

445 4463 728 4525 Charitati
743 4462 771 4518 ‘I

1052 4563 1255 4605 ΑῡιιΙΔΝ
1264 4561 1355 4602 US.

394 4716 408 4732 ‘
447 4644 584 4719 Ipsi.

1032 4736 1370 4779 ANTIOCHUS.

446 4831 683 4887 Ludens
712 4826 865 4882 inter
912 4820 1341 4880 ﬂammivomos
1388 4833 1631 4889 vapores
1680 4817 2020 4889 vagabatur,

373 4923 431 4975 et
460 4918 561 4975 illa
607 4916 813 4972 laudes
864 4913 980 4968 Deo
1030 4926 1139 4985 suo
1188 4906 1513 4980 pungebat;
1547 4905 1630 4961 illi
1681 4906 1879 4973 etiam,
1922 4906 2023 4978 qui

373 5007 684 5079 diligenter
710 5003 1033 5073 inspexere,
1071 4998 1333 5052 ferebant
1353 5001 1469 5051 tres
1492 4995 1841 5051 candidulos
1872 4996 2024 5051 viros

373 5113 510 5151 cum
542 5094 643 5148 illa
674 5088 1103 5147 deambulasso.

735 5250 749 5270 ο
1041 5211 1350 5250 ADRIANUS.

445 5298 738 5355 Erubesce
770 5294 931 5349 illam
979 5294 1131 5348 ultra
1186 5293 1404 5360 videre,
1437 5292 1577 5363 quia
1607 5309 1830 5363 nequeo
1860 5292 2020 5350 illam

372 5389 602 5447 laedere.

1025 5488 1364 5527 ANTIOCIIUS.

446 5568 645 5623 Restat
671 5568 734 5619 ut
766 5562 1088 5635 perimatur
1117 5560 1333 5632 gladio.

1038 5682 1348 5723 ADRIANUS.

442 5770 560 5829 Hoc
591 5770 695 5827 fiat
724 5768 948 5847 absque
980 5782 1163 5823 mora.

1206 456 1255 513 Il
1269 450 1739 513 liUTSUITlI/E
1784 446 2155 509 MONIALIS
2201 449 3017 513 GANDERSHEIMENSIS.

2083 583 2140 651 Α

2056 4708 2105 4776 D

3678 450 3822 512 1060

2799 584 3028 640 SCENA
3061 583 3187 640 VII.

2820 688 3163 730 ANTIOCHUS.

2235 760 2447 833 Detege
2505 762 2736 830 duram,
2780 762 3069 832 Charitas,
3125 763 3431 833 cervicem,
3481 769 3543 819 et
3600 762 3818 820 sustine

2164 865 2527 920 pBI‘OUSSOPIS
2556 865 2778 908 ensem.

2843 955 3135 995 CHARITAS.

2234 1027 2297 1081 In
2320 1025 2430 1081 hoc
2446 1044 2569 1082 non
2586 1027 2806 1083 renitor
2820 1028 2907 1084 tui
2924 1029 3201 1097 votis,sed
3221 1030 3412 1086 libens
3424 1048 3602 1103 pareo
3608 1032 3811 1103 jussis.

2828 1143 2892 1181 SA
2906 1143 3147 1182 PIENTIA.

2230 1214 2418 1282 Nunc,
2452 1231 2631 1283 nunc,
2665 1214 2808 1282 ﬁlia,
2843 1214 3298 1288 gratulandum;
3323 1216 3563 1273 nuncin
3589 1217 3811 1273 Christo

2157 1306 2248 1357 est
2277 1303 2680 1375 gaudendum,
2714 1318 2819 1358 nec
2850 1307 2940 1358 est
2989 1319 3117 1375 quis
3165 1304 3431 1360 mordeat
3477 1320 3648 1374 cura,
3683 1304 3812 1377 quia

2157 1406 2365 1446 secura
2395 1407 2528 1447 sum
2558 1391 2629 1446 de
2658 1394 2761 1446 tua
2783 1389 3045 1446 victoria.

2834 1501 3127 1543 CHARITAS.
3205 1537 3213 1545 .

2228 1577 2506 1651 lmprime
2563 1576 2708 1632 mihi
2770 1579 2979 1645 mater,
3018 1576 3314 1646 osculum,
3360 1582 3418 1633 et
3463 1578 3809 1634 commenda

2156 1669 2382 1725 iturum
2411 1666 2646 1723 Christo
2675 1665 2973 1739 spiritum.

2825 1780 3139 1820 SAPIENTIA.

2225 1856 2332 1922 Qui
2360 1860 2416 1911 te
2462 1855 2522 1910 in
2571 1870 2700 1909 meo
2746 1857 2911 1909 utero
2970 1853 3300 1922 viviﬁcavit,
3335 1854 3462 1928 ipse
3522 1856 3806 1929 suscipiat

2073 1958 2123 2026 Β
2154 1944 2435 2013 animam,
2470 1960 2649 2016 quam
2682 1942 2910 2000 cmlitus
2944 1941 3268 2016 inspiravit.

2833 2055 3129 2097 CHARITAB.

2227 2132 2378 2199 Tibi,
2411 2130 2656 2200 Christe,
2689 2130 2893 2204 gloria,
2930 2130 3031 2203 qui
3064 2146 3157 2188 me
3188 2131 3260 2189 ad
3297 2136 3352 2189 te
3402 2132 3634 2189 vocasti
3684 2149 3806 2190 cum

2156 2221 2420 2294 martyrii
2451 2220 2668 2293 palma.

2822 2325 3137 2365 SAPIBN’I‘IA.

2223 2400 2382 2469 Vale,
2416 2399 2608 2472 proles
2638 2397 3004 2466 dulcissima,
3029 2403 3086 2453 et
3114 2414 3250 2455 cum
3282 2398 3511 2455 Christo
3539 2398 3804 2473 jungeris

2153 2492 2212 2547 in
2239 2489 2404 2558 ccelo,
2435 2491 2729 2544 memento
2779 2487 2987 2544 matris
3024 2487 3153 2559 jam
3205 2489 3484 2546 matronis
3533 2489 3720 2545 effetae
3756 2494 3802 2543 te

2151 2578 2454 2654 parientis.

2769 2665 2999 2722 SCENA
3035 2664 3186 2722 VIII.
3272 2699 3281 2703 ν

2815 2771 2880 2811 8A
2889 2771 3107 2811 PIENTIA
3116 2796 3128 2808 .

2202 2832 2551 2915 'Convenite,
2584 2845 2849 2900 illustres
2882 2848 3183 2911 matronae,
3218 2849 3275 2899 ct
3304 2860 3581 2900 mearum
3635 2845 3791 2900 cada-

2145 2952 2281 2993 vera
2312 2934 2567 2991 Iiliarum
2594 2949 2828 2989 mecum
2861 2930 3120 3005 sepelite.

2818 3054 3127 3094 ΜΑΤΒΟΝᾹΞ.

2214 3127 2575 3202 Corpuscula
2603 3126 2966 3183 aromatibus
3017 3126 3353 3195 condimus,
3386 3132 3446 3183 et
3491 3128 3783 3199 exsequias

2143 3219 2463 3276 honorifice
2494 3216 2880 3273 celebramus.

2815 3340 3131 3379 SAPIENTIA.

2212 3415 2464 3473 Grandis
2495 3413 2878 3487 benignitatis
2907 3417 2965 3467 et
2995 3412 3147 3469 mira
3176 3412 3384 3485 pietas,
3419 3431 3607 3485 quam
3656 3411 3782 3469 mihi

2141 3505 2483 3580 impenditis
2514 3504 2749 3575 meique
2778 3501 3051 3558 mortuis.

2813 3626 3119 3665 ΜΔΤΒΟΝΒ.

2212 3707 2347 3770 Quas
2365 3702 2472 3760 tibi
2491 3704 2631 3758 sunt
2644 3700 2955 3758 commoda
2971 3697 3349 3771 exsequimur
3359 3704 3561 3757 mente
3572 3701 3783 3757 devota.

2805 3823 3120 3865 SAPIENTIA.

2213 3902 2339 3960 Non
2371 3899 2596 3957 dubito.

2811 4000 3118 4043 ΜΑἸἮΟΝιΕ.

2213 4079 2321 4137 Ubi
2352 4080 2439 4135 vis
2472 4077 2684 4151 eligere
2713 4074 2907 4133 locum
2940 4072 3302 4148 sepulturae?

2811 4198 3127 4240 SAPIBNTIA.

2212 4276 2406 4333 Tertio
2439 4274 2713 4333 milliario
2745 4272 2816 4331 ab
2848 4272 3022 4343 Urbe,
3053 4270 3103 4327 si
3140 4269 3307 4327 vobis
3357 4286 3476 4328 non
3527 4269 3781 4343 displicet

2140 4366 2463 4441 prolixitas.

2810 4466 3115 4508 ΜΑΤΒΟΝῶο

2208 4547 2336 4605 Non
2368 4544 2659 4619 displicet,
2694 4542 2795 4601 sed
2827 4540 2981 4600 elata
3010 4541 3215 4597 funera
3246 4537 3413 4611 sequi
3444 4537 3657 4611 placet.

2784 4657 3014 4718 SCENA
3053 4656 3143 4715 IX.

2803 4764 3117 4806 BAPIBNTIA.

2204 4842 2348 4899 Ecce
2377 4841 2563 4898 locus.

2152 4992 2157 4996 .
2807 4943 3112 4983 ΜΛΤΒΟΝᾸΞ.

2206 5023 2307 5078 08
2342 5021 2441 5079 Hic
2476 5037 2684 5091 nempe
2716 5018 3016 5074 servandis
3051 5013 3313 5086 reliquiis
3342 5018 3435 5069 est
3466 5016 3660 5085 aptus.

2805 5140 3115 5181 SAPIENTIA.

2209 5216 2507 5274 Flosculos
2541 5215 2687 5271 uteri
2742 5214 2854 5270 mei
2889 5213 3017 5279 tibi,
3051 5218 3226 5277 terra,
3260 5209 3584 5265 servandos
3631 5220 3766 5262 com-

2134 5308 2324 5375 mitto,
2360 5324 2509 5378 quos
2540 5312 2602 5359 tu
2638 5303 2926 5359 materiali
2967 5302 3102 5356 sinu
3151 5300 3359 5365 fovete,
3392 5298 3578 5354 donec
3612 5297 3665 5349 in
3695 5308 3765 5346 re-

2133 5396 2495 5453 surrectione
2527 5393 2735 5464 majori
2757 5391 3174 5447 reviridescant
3189 5387 3395 5459 gloria.
3416 5387 3488 5442 Et
3506 5381 3768 5455 tu,Chris-

2134 5492 2210 5554 te,
2240 5485 2469 5542 animas
2503 5482 2735 5538 interim
2769 5480 2949 5552 imple
2982 5477 3415 5551 splendoribus,
3441 5477 3589 5533 dans
3625 5470 3761 5546 paci-

2130 5580 2303 5632 licam
2336 5573 2600 5645 requiem
2633 5571 2889 5629 ossibus.

2811 5683 3115 5726 MATRONE.

2201 5766 2408 5821 Amen.
