3904 6382
373 400 536 462 1063

1193 400 1727 462 HRO'I‘SUITIIAE
1770 396 2149 460 MONIALIS
2194 397 2735 459 GANDERSIIEID

1443 401 1727 461 iUI'l‘lle
1770 396 2149 460 MONIALIS
2194 397 2985 460 GANDERSIIEIMENSIS

3656 399 3801 458 1064

373 535 594 600 fectum
625 550 768 594 mea:
797 532 1138 592 intentionis
1183 531 1542 588 consulendo
1591 529 1920 600 enucleare,
1955 547 2030 586 ne
2057 531 2112 600 Α
2142 530 2235 586 tiae
2262 530 2500 599 auxilio,
2530 548 2646 587 non
2677 529 2930 606 propriis
2959 529 3204 597 viribus,
3226 529 3468 598 confisa,
3483 529 3674 602 hujus
3693 546 3801 586 car-

374 623 715 696 probiberor
761 638 864 694 pro
913 620 1260 678 rusticitate.
1295 619 1480 689 Unde,
1513 619 1664 676 clam
1697 619 1926 676 cunctis
1974 624 2033 676 et

373 711 546 783 quasi
577 709 801 778 furtim,
818 709 1056 766 nuncin
1079 709 1502 781 componendis
1519 708 1644 765 sola
1665 709 2032 779 desudando,

371 816 530 856 nunc
559 797 711 858 male
742 798 1075 872 composita
1103 798 1482 867 destruendo,
1503 798 1845 872 satagebam
1860 797 2034 870 juxta

371 905 568 946 meum
593 905 784 961 posse,
803 887 940 946 licet
969 887 1212 944 minime
1233 887 1656 957 necessarium,
1673 887 1931 959 aliquem
1953 893 2035 944 ta-

369 994 504 1034 men
537 978 822 1034 conficere
851 981 1078 1039 textum
1111 995 1181 1033 ex
1220 976 1530 1034 sententiis
1567 977 2032 1050 Scripturarum,

369 1084 517 1140 quas
546 1067 702 1123 intra
731 1084 928 1123 arcam
956 1066 1141 1123 nostri
1165 1065 1755 1124 Gandershcimensis
1785 1065 2032 1140 college-

368 1172 496 1212 ram
529 1155 798 1214 coenobii.
833 1155 1026 1212 Primo
1055 1155 1507 1228 sapientissimis
1537 1158 1712 1228 atque
1742 1154 2036 1229 benignis-

367 1244 529 1302 simae
576 1243 913 1312 Rikkardis,
948 1245 1268 1318 magistras,
1303 1243 1672 1317 aliarumque
1717 1262 1834 1300 SlltD
1889 1242 2034 1299 vicis

365 1333 692 1392 instruente
725 1333 1083 1407 magisterio,
1099 1334 1308 1392 deinde
1332 1351 1518 1406 prona
1537 1335 1764 1390 favente
1785 1333 2038 1390 clemen-

364 1422 449 1505 tia
477 1423 647 1498 regia:
679 1421 896 1483 indolis
929 1423 1443 1496 Gerbergm,cujus
1477 1439 1634 1480 nunc
1675 1422 1900 1502 subdor
1929 1421 2031 1480 do-

363 1511 571 1584 minio,
595 1513 866 1586 abbatiie,
887 1530 1014 1586 quae
1043 1516 1210 1569 mtate
1242 1512 1457 1580 minor,
1489 1513 1615 1580 sed,
1651 1517 1716 1568 ut
1755 1511 2032 1585 imperia-

363 1600 480 1683 lem
531 1593 778 1658 decebat
826 1607 1082 1674 neptem,
1113 1601 1364 1660 scientia
1407 1601 1756 1674 provectior,
1807 1600 2036 1674 aliquot

363 1694 657 1764 auctores,
689 1707 837 1762 quos
870 1689 1001 1764 ipsa
1030 1690 1193 1762 prior
1223 1707 1258 1746 a
1288 1688 1751 1764 sapientissimis
1801 1689 2029 1759 didicit,

363 1795 458 1836 me
483 1779 804 1838 admodum
833 1779 928 1852 pie
957 1779 1230 1835 erudivit.
1263 1778 1542 1846 Quamvis
1573 1777 1754 1836 etiam
1784 1778 2034 1838 metrica

361 1859 684 1953 modulatio
717 1867 982 1950 femineas
1013 1866 1316 1944 fragilitati
1366 1867 1628 1926 difﬁcilis
1673 1851 1942 1946 videatur
1969 1873 2028 1928 et
2057 1907 2062 1946 5

360 1958 564 2044 ardua,
585 1955 713 2019 sola
741 1961 940 2040 tamen
971 1973 1204 2030 semper
1235 1957 1572 2019 miserantis
1601 1973 1870 2031 superne:
1897 1973 2026 2031 gra-

2107 615 2112 619 ’
2142 619 2304 676 mina
2316 619 2584 692 opusculi
2607 618 2912 695 dactylicis
2933 618 3194 676 modulis
3215 619 3518 694 succinere
3533 620 3798 697 apposui,

2143 725 2215 764 ne
2231 709 2517 765 creditum
2534 707 2822 766 talentum
2847 707 3144 781 ingenioli.
3167 707 3277 765 sub
3296 708 3548 769 obscuro
3569 711 3800 786 torpens

2142 796 2394 868 pectoris
2441 797 2731 871 rubigine,
2752 796 3110 870 negligentia
3157 796 3676 865 exterminaretur,
3711 798 3799 852 sed

2142 885 2371 941 nodulis
2403 885 2616 942 malleo
2646 885 2974 944 devotionis
3003 903 3378 959 percussum,
3417 885 3799 962 aliquantulis

2141 975 2350 1031 divina:
2381 975 2738 1032 laudationis
2759 977 2998 1034 referret
3018 975 3320 1044 tinnitum,
3347 993 3482 1048 quo,
3504 975 3557 1032 si
3580 976 3798 1032 occasio

2143 1082 2259 1120 non
2291 1051 2530 1120 daretur
2556 1064 2908 1138 negotiando
2930 1064 3089 1120 aliud
3124 1064 3363 1137 lucrari,
3376 1064 3578 1136 ipsum
3610 1068 3796 1125 tamen

2141 1153 2203 1209 in
2215 1153 2452 1226 aliquod
2471 1153 2680 1210 saltem
2702 1157 2972 1212 extremas
2991 1153 3264 1213 utilitatis
3281 1154 3800 1210 transformaretur

2140 1242 2624 1299 instrumentum.
2675 1243 2861 1312 Unde,
2895 1243 3232 1318 quicunque
3291 1242 3494 1312 lector,
3550 1243 3604 1298 si
3658 1248 3796 1298 recte

2143 1333 2470 1388 secundum
2495 1333 2680 1388 Deum
2711 1333 3136 1405 sapias,egenti
3158 1333 3405 1405 paginis,
3425 1349 3556 1404 qua:
3583 1329 3794 1387 nullius

2142 1421 2514 1494 praceptoris
2539 1422 2808 1481 munitur
2836 1421 3390 1494 auctoritate,opem
3422 1417 3536 1476 tius
3569 1421 3797 1476 rectitu-

2143 1511 2300 1568 dinis
2330 1527 2402 1567 ne
2433 1510 2731 1585 pigriteris
2763 1511 3064 1583 adhibere,
3097 1511 3215 1567 Deo
3252 1503 3546 1579 videlicet,
3563 1510 3617 1567 si
3665 1510 3792 1584 quid

2142 1600 2289 1656 forte
2327 1600 2608 1672 probetur
2659 1605 2812 1656 recte
2859 1599 3276 1672 compositum,
3309 1614 3574 1672 meisque
3620 1599 3794 1674 negli-

2141 1688 2350 1762 gentiae
2402 1691 2495 1745 71
2556 1689 2918 1763 designando
2965 1687 3297 1746 universale
3340 1687 3653 1755 vitiorum,
3703 1705 3794 1744 nec

2140 1782 2342 1834 tamen
2371 1777 2779 1852 vituperando.
2805 1777 2907 1834 sed
2938 1777 3321 1851 indulgendo,
3353 1777 3495 1851 quia
3517 1777 3628 1850 jus
3660 1768 3797 1834 ἰτέη-

2139 1867 2299 1947 gitur
2327 1867 2758 1941 objurgationis
2795 1867 2898 1925 ubi
2951 1867 3263 1926 intervenit
3305 1866 3623 1950 humilitas
3669 1883 3793 1938 con-

2110 1969 2115 1980 '
2139 1957 2431 2014 fessionis.

1109 2275 1669 2340 ARGUMENTUM
1715 2275 1795 2338 IN
1840 2273 2281 2348 HISTORIAM
2325 2275 2608 2340 BEAT/E
2648 2275 3019 2339 VIRGINIS.

1972 2441 2186 2454 -α

425 2569 670 2626 Joaehim
711 2577 761 2625 et
808 2568 987 2638 Anna,
1021 2568 1086 2624 de
1136 2570 1305 2641 stirpe
1352 2568 1544 2636 David,
1578 2585 1703 2624 eum
1747 2568 1846 2641 diu
1892 2569 2104 2624 steriles
2151 2571 2440 2638 vixissent,
2475 2571 2546 2641 in
2585 2569 2886 2641 temploque
2933 2568 2995 2625 ob
3043 2569 3385 2641 sterilitatem
3439 2567 3722 2640 repudiati
3743 2584 3773 2621 α

356 2641 726 2697 sacerdotibus
779 2642 1035 2712 fuissent,
1069 2639 1285 2696 tandem
1345 2641 1521 2712 longis
1582 2640 1923 2696 orationibus
1965 2642 2196 2712 etivotis
2248 2641 2458 2712 prolem
2514 2639 2807 2706 divinam;
2831 2642 3054 2698 nomine
3110 2639 3362 2706 Mariam,
3406 2639 3768 2712 susCepcrnnt,

356 2729 584 2785 eamque
612 2710 849 2768 castitati
867 2720 925 2785 et
951 2720 1156 2769 «Ἠιονηο
1207 2714 1308 2768 Dei
1353 2710 1606 2784 obsequio
1640 2714 1718 2785 in
1767 2712 1962 2784 templo
2008 2710 2353 2768 devoverant.
2384 2713 2492 2768 Illa
2537 2712 2755 2782 tenella,
2789 2713 2922 2785 Lfeta
2964 2721 3015 2785 ct
3059 2719 3338 2785 constans,
3361 2710 3579 2781 gradus
3605 2710 3772 2785 templi

356 2779 760 2856 cum-omnium
789 2783 1175 2856 admiratione
1219 2779 1520 2855 superavit,
1568 2779 1918 2856 reliquasque
1963 2784 2205 2855 virgines
2249 2785 2536 2840 sanctitate
2580 2785 2706 2839 vita:
2741 2779 3030 2840 'cxcclluit.
3075 2783 3258 2856 Quam
3280 2779 3441 2856 dum
3484 2779 3770 2838 sacerdote:

354 2855 922 2928 despondereivolunt,
954 2863 1004 2928 et
1035 2857 1204 2928 virgis
1255 2853 1452 2928 temere
1496 2853 1749 2928 projectis
1780 2853 2214 2928 rilliAconjugem
2261 2862 2537 2927 qu.:erunt,
2570 2863 2624 2928 et
2659 2871 2778 2928 sors
2824 2871 2989 2928 super
3024 2855 3239 2926 virgam
3264 2853 3458 2928 [oseph
3489 2870 3567 2910 ea:
3593 2867 3766 2926 genere

355 2925 531 2982 David
557 2927 768 2984 cecidit.
801 2927 939 2982 Nam
963 2927 1097 2982 mox
1116 2925 1385 2994 columba,
1419 2925 1539 2983 suée
1561 2925 1735 2998 virgae
1765 2925 2034 2998 insidens,
2059 2925 2284 2998 ctelum'
2294 2928 2472 2998 petiit,
2516 2925 2956 2998 collaudantibus
2999 2925 3209 2981 cunctis
3255 2925 3517 2980 divinam
3563 2925 3762 2998 sertem.

353 2998 548 3071 Ioseph
575 3001 730 3070 virgo
776 2999 1154 3070 despondetnr,
1206 2999 1480 3070 pauloque
1523 2996 1662 3070 post
1687 2999 1916 3070 angelus
1959 2997 2069 3071 illi,
2120 2996 2314 3052 divind
2360 2999 2690 3071 saluattione
2733 2999 2900 3071 facta,
2929 2997 3120 3071 Deum,
3154 2998 3432 3071 omnium_
3454 2996 3761 3071 creatorem,

356 3066 768 3126 obumbratibne
794 3066 972 3127 sancti
999 3066 1239 3142 Spiritus
1267 3066 1490 3126 carnem
1517 3066 1810 3141 suscipere,
1843 3070 2084 3142 nuntiat.
2118 3072 2284 3142 Quae,
2313 3069 2474 3124 verbo
2503 3069 2689 3142 angeli
2705 3066 2976 3142 _credens,
3023 3066 3175 3142 dum_
3195 3069 3288 3142 in_
3313 3067 3634 3142 Bethlehem
3661 3084 3766 3124 aus

353 3143 571 3214 Ioseph,
599 3143 840 3202 Caesaris
889 3138 1116 3214 Augusti
1157 3142 1349 3209 edicto,
1379 3138 1678 3214 migraret;
1685 3142 1894 3214 peperit
1937 3138 2362 3211 primogenitum
2383 3155 2590 3214 suum,
2623 3139 2958 3214 Salvatorem
3001 3138 3467 3214 mundi,_.lesum_
3485 3141 3762 3214 Christum,

353 3211 510 3286 cujus
539 3213 883 3270 divinitatem
907 3222 958 3269 et
975 3211 1245 3284 pastores,
1273 3222 1326 3269 et
1355 3211 1513 3284 Magi,
1545 3213 1613 3268 ab
1639 3211 1858 3286 Oriente
1885 3213 2180 3286 venientes,
2209 3213 2390 3286 testati
2432 3219 2582 3286 sunt.

2617 3211 2752 3278 Quae
2799 3213 2952 3282 fama
2996 3227 3124 3282 cum
3172 3209 3244 3282 ad
3288 3211 3563 3282 Herodem
3609 3212 3764 3268 debita

355 3279 569 3355 fuisset,
601 3301 786 3340 omnes
815 3286 938 3356 ejus
968 3279 1108 3340 (ἱπηὶ
1138 3279 1560 3356 infantesn'atos
1589 3283 1762 3339 occidi
1794 3283 1986 3356 jussit,
2017 3291 2078 3356 ut
2121 3282 2393 3353 hacredem
2422 3283 2583 3356 regni
2625 3279 2868 3338 tolleret.
2916 3280 3131 3356 Ioseph,
3151 3281 3232 3356 ab
3282 3279 3478 3355 angelo
3520 3284 3762 3356 manuus,

355 3353 480 3412 cum
505 3353 682 3412 matre
700 3364 752 3412 et
773 3353 964 3428 puero,
998 3365 1060 3413 ut
1089 3353 1232 3428 regis
1261 3355 1636 3412 crudelitatem
1653 3353 1894 3481 [ager-et,
1927 3355 1988 3409 in
2026 3355 2318 3426 zEgyptum
2345 3353 2626 3421 concessit,
2655 3370 2892 3424 moxque
2937 3353 3320 3425 Egyptiomm
3361 3353 3670 3424 simulacra
3713 3355 3759 3409 in

356 3435 560 3481 terram
590 3445 764 3481 prona
787 3427 1035 3481 cadentia
1064 3429 1352 3481 nutabant.
1382 3427 1650 3481 sacerdoti
1685 3443 1856 3481 usque
1881 3427 2000 3481 suis
2029 3443 2220 3481 verum
2247 3427 2420 3481 Deum
2445 3434 2638 3481 natum
2662 3426 3086 3481 proclamabam.
3119 3426 3184 3480 In
3213 3428 3409 3481 itinere
3451 3433 3642 3481 autem
3663 3427 3759 3481 ini-

356 3435 560 3484 terram
584 3426 1035 3501 prona—cadentia
1064 3426 1352 3501 nutabant,
1382 3426 1856 3501 sacerdotibusque
1881 3427 2000 3482 suis
2029 3443 2220 3482 verum
2247 3427 2420 3501 Deum
2445 3434 2638 3482 natum
2658 3426 3086 3501 proclamabam.
3119 3426 3190 3501 In
3213 3428 3412 3501 itinere
3451 3433 3642 3484 autem
3663 3427 3759 3501 nii-

353 3501 543 3574 racula
571 3496 738 3574 pueri
763 3499 830 3555 de
855 3501 1206 3573 serpentibus.
1223 3508 1274 3574 et
1294 3499 1640 3574 draconibus,
1664 3496 1797 3574 dum
1827 3500 1888 3555 in
1917 3514 2080 3570 specu
2105 3506 2316 3574 noctem
2343 3497 2620 3574 ducerent,
2649 3496 2862 3566 narrat,
2887 3500 3128 3574 itemque
3145 3497 3222 3574 _dc
3245 3497 3498 3574 leonibus
3519 3508 3574 3556 et
3595 3496 3766 3574 parilis

353 3573 486 3628 mite
512 3569 872 3629 et'mansuete
897 3569 956 3628 se
978 3588 1150 3644 puero
1179 3570 1550 3644 offerentibus,
1579 3569 2093 3644 palmamquecum
2137 3571 2325 3641 fructu
2353 3571 2680 3626 inclinatam
2726 3571 2920 3627 matris
2980 3569 3208 3642 gremio,
3253 3569 3611 3644 fontemque,'
3615 3569 3759 3644 pueri

353 3644 533 3702 verbis
563 3651 952 3718 erumpentem,
980 3642 1110 3700 dum
1141 3646 1197 3700 in
1229 3642 1429 3701 itinere
1455 3644 1552 3700 siti
1582 3642 1934 3710 laborassent,
1966 3649 2364 3706 commenwrat.

679 3948 777 4004 72
807 3942 913 4002 AD
959 3940 1468 4014 GERBERGAM,
1514 3937 2012 4001 ABBATISSAM
2057 3938 2136 3998 IN
2183 3937 2778 4011 GANDERSHEIM,
2828 3937 3166 4001 OTTONIS
3213 3936 3438 3999 PRIMI

1600 4026 2135 4090 IMPERATORIS
2181 4027 2528 4089 NEPTEM.

355 4191 522 4250 Salve
551 4189 762 4264 regalis
794 4188 985 4263 proles
1017 4189 1346 4246 clarissima
1377 4187 1600 4260 stirpis.

425 4280 688 4352 Gorbirg,
722 4276 970 4335 illustris
1001 4277 1265 4334 moribus
1297 4281 1354 4333 et
1383 4274 1617 4331 studiis.

351 4369 560 4442 Accipe
589 4365 906 4425 frenticula
934 4366 1291 4424 dominatrix
1319 4363 1476 4422 alma
1505 4378 1730 4430 serena,

424 4461 560 4527 Qum
589 4457 697 4514 tibi
727 4456 1037 4530 purganda
1065 4455 1161 4512 hic
1190 4456 1398 4511 olferro
1426 4448 1774 4508 earminula.

351 4549 494 4621 Ejus
523 4553 583 4604 et
610 4545 864 4602 incultos
895 4545 1212 4616 dignanter
1243 4540 1430 4614 dirige
1462 4538 1706 4606 stichos,

423 4639 610 4706 Quam
641 4634 912 4692 doctrina
934 4637 1037 4690 tua
1067 4628 1356 4689 construit
1382 4627 1636 4702 egregia.

2043 4185 2086 4257 C
2125 4183 2214 4257 Et,
2247 4201 2383 4242 cum
2417 4187 2499 4244 sis
2529 4191 2682 4259 certe
2709 4186 2868 4243 vario
2899 4187 3120 4243 lassata
3148 4185 3364 4256 labore,

2195 4271 2430 4331 Ludens
2460 4275 2703 4348 dignare
2731 4274 2840 4332 hos
2861 4292 3018 4332 nunc
3048 4274 3318 4332 modulos
3348 4274 3563 4349 legere.

2121 4360 2281 4418 Hanc
2309 4381 2543 4437 quoque
2564 4363 2928 4422 sordidulam
2950 4369 3112 4422 tenta
3152 4381 3402 4439 purgare
3435 4364 3758 4430 Camenam.

2131 4445 2141 4452 ’
2298 4451 2504 4536 fulcire
2533 4452 2620 4536 tui
2649 4453 2790 4510 ﬂore
2819 4454 3168 4528 magisterii.

2119 4522 2256 4608 Qud.
2272 4522 2508 4599 la‘udem
2539 4522 2788 4598 dominis
2811 4522 3078 4600 studium
3100 4547 3410 4617 supportet
3429 4543 3698 4610 alumnae,

2189 4629 2560 4705 Doctricique
2591 4632 2700 4706 piae
2731 4632 2994 4690 carmina
3026 4631 3350 4707 discipula),

914 4919 989 4979 ΙΝ
1035 4917 1474 4980 HISTORIAM
1519 4917 2060 4985 INTEMERATJE
2099 4920 2231 4982 DEI
2275 4917 2722 4982 GENITRICIS
2767 4905 3206 4980 PR/EFATIO.

353 5089 534 5146 Unica
555 5103 689 5158 spes
722 5086 952 5156 mundi,
988 5086 1346 5144 dominatrix
1378 5086 1595 5160 inclyta
1626 5088 1776 5157 cmli,

422 5179 636 5235 Sancta
667 5191 880 5247 parens
913 5175 1106 5248 Regis,
1141 5174 1337 5232 lucida
1365 5175 1535 5235 stella
1563 5177 1764 5244 maris,

351 5269 486 5334 Quae
518 5263 752 5337 pariens
786 5265 1006 5321 mundo
1040 5265 1382 5322 restaurasti
1415 5266 1511 5337 pia
1542 5265 1703 5338 virgo

420 5355 637 5424 Vitam,
668 5371 846 5426 quam
877 5355 1039 5427 virgo
1072 5355 1403 5430 perdiderat
1432 5353 1648 5425 vetula,

349 5447 436 5505 Tu
469 5444 713 5516 dignare
747 5447 858 5500 tua:
889 5443 1120 5500 famulae
1154 5443 1472 5500 clementer
1499 5444 1726 5513 adesse,

422 5532 740 5592 Hrosvithae
772 5533 920 5591 votis
951 5533 1412 5607 carminulisque
1445 5530 1627 5589 novis.

350 5625 485 5692 Quae
519 5619 623 5693 tibi
646 5620 908 5680 femineae
939 5621 1134 5683 studio
1165 5621 1488 5680 famulante
1504 5619 1789 5692 Camenae,

418 5713 553 5772 Jam
585 5710 832 5788 supplex
859 5711 1114 5774 modulis
1146 5709 1384 5772 succino
1413 5709 1737 5788 dactylicis,

2041 5095 2088 5159 D
2119 5090 2434 5163 Exoptans,
2467 5086 2553 5143 vel
2588 5086 2934 5144 summatim
2965 5086 3254 5159 attingere
3283 5084 3493 5142 saltem

2193 5179 2414 5237 Laudis
2446 5176 2820 5249 particulam,
2853 5176 3048 5249 Virgo,
3083 5181 3194 5232 tuae
3227 5173 3559 5240 minimam,

2119 5269 2294 5326 Ortus
2328 5273 2504 5340 atque
2537 5266 2619 5322 tui
2655 5265 2976 5339 primordia
3008 5264 3166 5324 clara
3194 5264 3372 5333 beati,

2188 5358 2422 5414 Necnon
2457 5355 2712 5429 regalem
2741 5368 2998 5426 pangere
3029 5353 3388 5428 progeniem.

2116 5445 2234 5502 IIoc
2267 5451 2463 5503 tamen
2492 5460 2771 5516 agnosco,
2802 5442 3038 5514 fragiles
3071 5443 3347 5500 excedere
3371 5440 3541 5510 vires,

2188 5536 2488 5592 Laudibus
2521 5539 2585 5593 ut
2616 5537 2834 5594 tentem
2868 5539 2924 5591 te
2955 5532 3184 5592 meritis
3213 5547 3422 5590 canere

2114 5625 2299 5699 Digne
2330 5640 2432 5696 pro
2462 5622 2690 5680 meritio
2720 5633 2901 5695 quam
2932 5627 3094 5682 totus
3123 5639 3242 5700 non
3271 5621 3432 5682 canit
3457 5619 3635 5680 orbis.

2185 5717 2438 5792 Quinque
2471 5729 2647 5788 super
2674 5711 2880 5774 laudes
2913 5710 3207 5792 angelicas
3231 5707 3473 5776 renitas.
