3904 6446
134 402 341 471 1065

136 533 261 589 7³
304 533 501 603 Hinc,
537 537 678 607 quia
708 537 969 609 virgineo
1000 538 1246 609 portasti
1273 546 1473 595 ventre
1506 540 1697 613 puella

226 621 598 692 Inclusum,
632 630 847 681 cuncta
874 626 975 697 qui
1006 626 1157 698 regit
1182 626 1449 698 imperio.

131 710 327 766 Olim
370 713 487 768 sed
519 712 768 770 stultum
798 714 904 769 fari
938 716 1037 786 qui
1063 717 1248 786 jussit
1278 716 1549 772 asellum.

220 799 304 855 In
344 800 600 857 laudem
633 802 821 858 sancti
854 802 1111 859 nominis
1146 803 1239 859 ille
1274 806 1387 873 sui,

132 889 380 961 Teque
420 907 527 963 per
556 891 886 964 angelicum
928 892 1081 959 fecit,
1115 893 1481 965 virguncula,
1515 896 1778 961 verbum,

221 978 323 1035 De
363 985 583 1036 sancto
613 981 789 1051 digne
823 980 1082 1037 Flamine
1115 984 1439 1054 concipere,

131 1070 369 1139 Atque
405 1086 531 1125 suae
564 1068 745 1141 prolis
776 1074 1022 1125 matrem
1055 1071 1181 1125 sine
1214 1074 1385 1127 sorde
1418 1074 1657 1145 pudoris

227 1157 496 1226 Eﬂ‘ecit,
531 1157 762 1214 cunctis
794 1158 1143 1214 dissimilem
1180 1160 1425 1228 meritis,

1187 410 1556 469 lllSTtllllA
1606 412 1973 472 ΙΝΤΛΟΊΨΕ
2020 417 2146 476 DEI
2195 418 2653 483 GENlTlllClS.

3464 430 3619 494 1066

1888 552 1943 611 Α
1974 547 2029 600 Si
2064 546 2271 618 placet,
2309 550 2431 624 ipse
2458 569 2649 609 meam
2681 555 2832 626 potis
2865 561 2951 613 est
2983 558 3298 615 dissolvere
3328 559 3613 634 linguam,

2039 636 2109 690 Et
2139 653 2237 692 cor
2266 656 2392 695 rore
2424 659 2541 696 sum
2574 646 2812 714 tangere
2841 646 3122 717 gratiolaa,

1965 726 2086 789 Quo
2118 732 2430 797 prmstaute
2463 748 2581 786 sua:
2615 732 2776 788 mitis
2802 734 2954 789 dono
2986 733 3221 808 pietatis

2036 812 2210 868 Grata
2241 815 2351 870 sibi
2385 834 2658 889 pangam,
2691 824 2747 875 te
2786 838 3036 895 quoque,
3069 820 3264 897 Virgo,
3299 841 3505 885 canam

1963 901 2043 956 Ne
2076 918 2269 959 comes
2302 904 2545 977 ingratis
2576 909 3084 982 eondemnerjure
3117 912 3369 985 pigellis,

2035 993 2189 1055 Quos
2220 994 2377 1065 piget
2402 994 2731 1053 Altithrono
2763 999 3011 1071 psallere
3044 1018 3145 1073 pro
3178 1003 3435 1069 modulo,

1966 1079 2073 1133 Sed
2110 1097 2277 1153 mage
2308 1099 2671 1155 purpureum
2704 1086 2943 1144 laudare
2974 1090 3305 1161 perenniter
3342 1094 3573 1166 Agnum

1937 1219 1941 1222 ,
2037 1168 2397 1240 Promerear,
2429 1174 2641 1230 turmis
2676 1175 2874 1232 addita
2901 1178 3197 1251 virgineis.

137 1355 3608 1393 Ἥ

538 1714 1251 1805 NATIVITATIS
1308 1716 2219 1834 LAUDABILISQUE
2270 1720 3283 1823 'CONVERSATIONIS

1238 1898 1305 1998 Ι
1297 1919 1658 2001 ηίαοιεε
1744 1901 1945 2002 Dei
2032 1904 2561 2009 Genitricz’s

441 2096 666 2168 QUAM
710 2097 1112 2159 SClth'l‘AM
1158 2092 1445 2161 ltEPERI
1489 2099 1638 2161 SUB
1685 2102 1991 2164 NOMINE
2034 2105 2316 2167 SANCTI
2357 2108 2623 2171 JACOBI
2668 2102 3005 2174 FRATRIS
3048 2106 3354 2178 DOMINL

1690 2293 2113 2308 ψ

228 2432 459 2490 Mundi
490 2433 741 2489 labentis
772 2433 977 2490 lustris
1006 2450 1143 2489 nam
1178 2435 1338 2491 mille
1372 2438 1648 2508 peractis,

153 2522 425 2596 Incmpit
459 2523 694 2595 quando
727 2523 861 2578 felix
891 2523 1127 2579 aetatula
1155 2530 1334 2593 sexta,

133 2606 287 2678 ’Q'ua
318 2611 493 2667 Deus
514 2608 744 2682 impleri
761 2609 945 2681 jussit
975 2610 1187 2683 pietate
1219 2612 1393 2679 fideli,

147 2699 477 2771 Quidquid
509 2714 742 2753 veraces
765 2699 891 2769 jam
921 2698 1276 2769 praicinuere
1308 2699 1619 2771 prophetm,

150 2788 267 2854 Qui
302 2786 544 2843 mundo
570 2786 772 2843 Jesum
803 2804 939 2842 mox
970 2787 1284 2859 przedixere
1324 2789 1587 2849 futurum

159 2876 462 2933 Germine
489 2876 561 2931 de
589 2875 763 2943 Juda,
796 2875 1040 2947 quidam
1074 2882 1403 2931 surrexerat
1432 2892 1569 2949 ergo

159 2964 352 3021 Israel
385 2964 455 3019 in
488 2968 643 3020 terra
673 2964 886 3030 senior,
922 2964 1031 3018 sub
1060 2964 1187 3035 lege
1214 2969 1465 3032 vetusta,

155 3054 345 3110 Ortus
383 3053 573 3126 regali
604 3052 783 3108 David
816 3053 886 3107 de
917 3053 1178 3122 germine
1209 3055 1429 3125 magni,

154 3145 351 3209 Quem
388 3143 644 3198 tradunt
675 3142 889 3196 etenim
924 3157 1135 3195 nomen
1169 3142 1431 3195 tenuisse
1462 3142 1749 3197 Joachim.

156 3231 265 3286 llic
298 3232 364 3287 in
402 3231 708 3287 mandatis
739 3230 1050 3302 genetricis
1081 3231 1152 3283 ab
1183 3230 1359 3284 ubere
1394 3228 1537 3302 legis

157 3321 494 3378 Exstiterat
516 3321 741 3391 justus,
776 3336 881 3375 nec
915 3336 1029 3374 non
1062 3320 1236 3391 digne
1268 3322 1587 3376 studiosus.

157 3409 282 3466 Hoc
315 3426 562 3482 quoque
593 3408 868 3464 continuo
902 3408 1091 3463 fuerat
1122 3424 1231 3463 sua
1270 3409 1525 3464 maxima
1562 3426 1725 3478 cura,

164 3502 267 3556 74
299 3500 377 3555 Ut
408 3497 608 3571 gregis
634 3499 756 3569 ipse
774 3516 883 3553 sua
900 3498 1045 3552 bene
1064 3502 1327 3567 pasceret
1349 3498 1588 3568 agmina
1610 3501 1831 3572 magni,

163 3588 529 3661 Designans,
559 3587 677 3641 veri
711 3603 839 3641 sese
870 3586 1125 3657 pastoris
1158 3585 1382 3653 haberi,

162 3676 434 3749 Dignum
467 3675 946 3748 quandoquidem
978 3674 1239 3728 terrestri
1286 3691 1458 3730 carne
1507 3681 1829 3747 parentem,

163 3762 275 3831 Qui
308 3769 551 3838 portare
582 3765 707 3819 suis
738 3764 1002 3817 humeris
1035 3780 1151 3816 non
1183 3762 1415 3817 distulit
1444 3780 1650 3835 agnos,

164 3853 232 3909 In
265 3853 529 3927 propriis
559 3853 686 3907 vita:
717 3852 938 3906 ducens
968 3851 1042 3906 ad
1074 3849 1289 3923 gaudia
1310 3850 1471 3919 lmtre,

165 3940 468 3998 Pessume
495 3946 763 4008 mortem,
799 3956 1081 4011 magnum
1114 3940 1296 3994 nostri
1332 3958 1434 4012 per
1473 3956 1754 4007 amorem,

163 4030 616 4103 Emptu‘rusque
646 4046 774 4085 reos
807 4030 1016 4084 anima:
1051 4029 1233 4100 pretio
1267 4030 1377 4084 sibi
1402 4028 1611 4084 charm.

236 4119 343 4175 Hic
374 4120 554 4176 heros
584 4118 820 4189 etenim,
852 4118 924 4173 de
955 4134 1070 4188 quo
1112 4118 1381 4184 narrabo,
1413 4118 1685 4175 Joachim

165 4206 292 4262 Tali
320 4208 591 4281 percerte
622 4206 759 4262 felix
789 4205 1122 4277 patriarcha
1155 4212 1381 4278 nepote.

164 4296 310 4353 Toto
342 4314 408 4353 se
440 4295 691 4369 placidis
723 4312 941 4351 ornans
972 4295 1279 4351 conamine
1311 4294 1502 4361 factis,

162 4382 470 4458 Quidquid
501 4386 765 4457 possedit
794 4402 895 4457 per
924 4389 1042 4439 tres
1075 4390 1270 4456 partes
1302 4385 1600 4452 resecavit,

168 4472 402 4530 Partem
431 4475 584 4531 dans
612 4472 822 4539 viduis,
858 4471 1178 4545 peregrinis
1211 4478 1383 4544 atque
1415 4470 1644 4543 puellis.

168 4560 396 4634 Smpius
427 4565 489 4619 in
520 4562 737 4634 templo
768 4566 995 4633 partem
1028 4561 1454 4616 famulantibus
1486 4577 1644 4634 ergo,

158 4643 644 4724 IParticulamque
672 4668 790 4707 sua:
822 4650 1023 4705 domui
1057 4656 1385 4705 servaverat
1415 4652 1597 4705 omni.

164 4734 285 4794 Hoc
315 4758 553 4814 quoque
584 4757 700 4796 non
731 4756 861 4796 raro
893 4739 1112 4795 faciens
1144 4740 1357 4810 pietate
1388 4740 1663 4812 benigna,

170 4824 351 4901 Digne
384 4829 716 4885 mercedem
748 4828 1009 4899 suscepit
1034 4821 1288 4900 denique
1319 4827 1516 4896 talem,

169 4912 243 4969 Ut
271 4919 511 4991 prepria
541 4915 933 4974 substantiola
964 4916 1112 4972 bene
1139 4916 1550 4987 multiplicata,

172 5001 359 5072 Ipsius
392 5011 595 5079 gentes
626 5022 896 5079 proceres
924 5004 1278 5076 praecelleret
1306 5021 1533 5073 omnes,

171 5088 284 5147 Nec
312 5094 426 5150 sibi
458 5094 825 5152 consimilem
858 5099 1115 5167 portaret
1145 5100 1298 5150 terra
1330 5099 1647 5166 potentem,

173 5178 351 5244 Quem
383 5185 469 5240 sic
498 5188 845 5240 cunctarum
878 5182 1110 5239 fulciret
1139 5184 1306 5254 copia
1337 5200 1557 5238 rerum.

238 5268 519 5333 Quattuor
548 5272 687 5329 hinc
718 5276 873 5328 certe
905 5289 1041 5328 cum
1066 5273 1193 5343 jam
1228 5271 1474 5326 feliciter
1505 5272 1630 5344 ipse

172 5350 392 5416 Viverct
421 5362 483 5417 in
512 5376 750 5418 summa
777 5362 1016 5417 fortuna
1045 5360 1233 5416 lustra
1262 5365 1472 5428 rotata,

170 5436 346 5501 Vultu
376 5451 787 5523 perpulchram
820 5450 933 5507 sibi
963 5450 1339 5522 desiionsavit
1367 5450 1642 5520 amicam,

175 5527 429 5592 Nec'ne'n
452 5528 830 5611 premitidam
862 5538 1177 5596 laudandis
1208 5538 1476 5595 moribus
1508 5536 1738 5596 Annam

173 5617 217 5671 Α
238 5619 428 5681 charis
456 5632 678 5696 natam,
704 5622 895 5684 “David
925 5628 997 5682 de
1016 5628 1205 5699 "stirpe
1234 5632 1512 5695 creatam,

177 5701 401 5770 Fcedere
430 5713 602 5791 legali
622 5716 863 5791 proprie
895 5724 1075 5789 quam
1099 5715 1301 5787 junxit
1328 5717 1538 5775 amori.

521 5852 793 5918 PATROL.
840 5851 1176 5916 CXXXVII.

1872 2425 1919 2490 Β
1952 2424 2111 2480 Hanc
2128 2430 2322 2482 autem
2342 2434 2687 2498 memorant,
2704 2430 2961 2486 sterilem
2981 2449 3096 2489 non
3116 2439 3376 2506 tempore
3395 2424 3592 2508 parvo,

1949 2513 2126 2585 Spem
2157 2520 2359 2586 partus
2390 2516 2614 2573 homini
2649 2518 2874 2575 nullam
2906 2522 3170 2579 conferre
3210 2523 3388 2595 fideli,

1947 2603 2235 2673 Tandem,
2266 2604 2512 2677 digestis
2543 2607 2633 2663 bis
2663 2608 2830 2667 denis
2859 2610 3081 2668 scilicet
3109 2614 3301 2681 annis,

1947 2692 2202 2765 Contigit
2233 2693 2291 2749 in
2324 2695 2541 2767 templo
2571 2697 2862 2767 Joachim,
2892 2699 3003 2756 sub
3036 2705 3296 2774 tempore
3328 2704 3495 2773 festo,

1949 2780 2105 2836 Inter
2134 2787 2394 2838 sacratos
2425 2784 2626 2842 altaris
2654 2791 2807 2843 stare
2837 2788 3160 2857 ministros,

1947 2868 2256 2926 Incensum
2290 2872 2451 2943 digni
2485 2874 2713 2929 fuerant
2743 2876 2842 2947 qui
2867 2892 3081 2948 ponere
3109 2878 3239 2947 visi,

1947 2960 2129 3024 Quem
2162 2960 2365 3017 Ruben
2399 2962 2601 3034 templi
2634 2963 2776 3020 dum
2807 2966 2953 3021 vidit
2981 2966 3176 3023 scriba
3206 2970 3440 3039 sacrati,

1946 3047 2199 3103 Exosum
2232 3051 2447 3106 factum
2480 3052 2653 3108 dictis
2685 3053 2897 3109 affatur
2928 3056 3167 3111 amaris.

1947 3136 2068 3191 Non
2095 3136 2230 3194 licet
2261 3140 2588 3207 incensum,
2624 3141 2787 3209 dixit,
2824 3147 2877 3199 te
2908 3149 3147 3216 tangere
3188 3150 3483 3215 sanctum,

1950 3228 1987 3279 7
2002 3226 2045 3281 5
2079 3227 2321 3284 Munera
2351 3247 2453 3284 nec
2488 3230 2733 3285 Domino
2767 3237 3004 3304 praestat
3024 3234 3160 3289 dare
3184 3235 3593 3305 sacrificanda,

1946 3314 2025 3369 Te
2055 3316 2195 3386 quia
2224 3318 2504 3389 despexit,
2540 3318 2759 3376 sobolis
2790 3337 2925 3376 cum
2958 3321 3111 3377 dona
3142 3324 3393 3395 negavit.

2015 3403 2140 3459 Non
2191 3406 2410 3461 dedite
2440 3412 2641 3463 contra
2688 3409 2933 3465 verbum
2981 3410 3069 3465 vir
3116 3412 3331 3469 nobilis
3380 3413 3590 3486 ullum,

1945 3493 2055 3548 Sed
2088 3511 2339 3550 mmrcns
2374 3496 2535 3563 abiit,
2571 3496 2750 3552 silvas
2781 3498 3080 3571 tristisque
3113 3500 3335 3572 petivit,

1943 3582 2005 3637 In
2039 3583 2208 3654 queis
2239 3600 2388 3654 smpe
2415 3601 2649 3655 gregem
2682 3586 2982 3641 consuevit
3008 3604 3245 3658 pascere
3270 3588 3517 3661 pridem.

1940 3674 2039 3738 Ac,
2076 3671 2134 3726 in
2165 3671 2548 3743 longinquam
2583 3690 2829 3745 pergens
2860 3691 2964 3745 per
2994 3675 3160 3731 devia
3185 3682 3422 3745 terram,

1861 3795 1903 3861 Ο
1944 3758 2144 3831 Ipsum
2176 3778 2308 3814 cum
2337 3760 2589 3832 propriis
2623 3779 2821 3817 secum
2855 3763 3118 3819 ducendo
3151 3764 3472 3837 magistris,

1945 3848 2046 3903 Hic
2078 3847 2137 3903 in
2170 3848 2409 3903 secretis
2441 3847 2630 3904 latitat
2660 3851 2953 3922 pascendo
2986 3850 3247 3920 latebris,

1940 3937 2053 3993 Nec
2084 3943 2217 4009 post
2246 3938 2317 3993 ad
2350 3938 2599 4009 patriam
2633 3938 2852 4011 placuit
2883 3957 3138 3997 remeare
3172 3940 3465 4012 relictam,

1940 4026 2157 4083 Passus
2189 4043 2442 4099 namque
2474 4043 2707 4100 gravem
2733 4034 2956 4085 secreta
2981 4034 3177 4086 mente
3199 4032 3481 4103 pudorem

1938 4114 2019 4171 Ex
2051 4115 2253 4171 Ruben
2282 4115 2495 4183 verbis,
2531 4117 2629 4188 qui
2657 4134 2719 4173 se
2749 4124 3043 4186 causatur,
3076 4120 3315 4177 amaris.

2011 4203 2197 4275 Hujus
2256 4210 2516 4276 perccrte
2571 4211 2705 4277 post
2760 4224 2991 4263 menses
3051 4207 3267 4281 inclyta
3321 4210 3582 4282 quinque

1937 4292 2181 4362 Conjux,
2215 4293 2555 4365 desperans,
2592 4293 2760 4350 illum
2784 4296 2911 4367 jam
2942 4294 3131 4353 vivere
3159 4297 3409 4367 salvum,

1937 4381 2000 4437 In
2033 4381 2186 4438 soles
2217 4382 2389 4450 ﬂevit,
2424 4396 2531 4438 nec
2561 4383 2822 4439 solamen
2853 4384 2963 4439 sibi
2995 4384 3164 4441 scivit

1938 4470 2170 4542 Hasque
2192 4487 2391 4542 preces
2423 4471 2670 4526 Domino
2703 4472 2983 4543 profudit,
3018 4472 3184 4529 triste
3216 4474 3463 4531 dolendo
3498 4466 3521 4530 ε’

1938 4558 2170 4615 Israelis
2194 4559 2436 4625 ~Hector,
2468 4558 2628 4615 solus
2662 4576 2892 4632 quoque
2921 4560 3112 4633 gentis
3142 4566 3386 4632 amator,

1937 4648 2047 4713 Qui
2078 4664 2310 4719 semper
2341 4648 2561 4702 refoves
2593 4648 2723 4703 miti
2757 4648 2973 4720 pietate
3004 4647 3266 4705 dolentes

1937 4735 2053 4793 Cur
2083 4735 2355 4792 mihimet
2385 4736 2611 4792 socium
2642 4735 2878 4793 voluisti
2914 4734 3115 4793 tollere
3144 4736 3413 4807 charum,

1934 4824 2170 4880 Addens
2201 4841 2508 4880 maerorem
2542 4825 2695 4881 tristi
2729 4842 3074 4898 semperque
3103 4825 3344 4897 dolenti,

1936 4914 2100 4981 Quod
2131 4929 2362 4986 semper
2401 4912 2616 4968 sterilis
2665 4914 2877 4981 mansi,
2911 4914 3039 4969 sine
3088 4916 3351 4987 germine
3396 4908 3586 4984 ventri

1936 5003 2049 5058 Sed
2082 5019 2237 5057 nunc
2270 5000 2510 5072 majoris
2539 5000 2752 5057 vulnus
2785 5002 3016 5074 suspiro
3049 5002 3288 5074 doloris,

1936 5082 2071 5161 lloc‘,
2124 5091 2263 5162 quia
2314 5108 2418 5146 nec
2478 5089 2729 5162 penitus,
2781 5091 2921 5162 quid
2970 5092 3280 5163 conferret,
3313 5095 3454 5170 scio,
3487 5113 3587 5157 cas

1856 5167 1904 5230 D
1939 5178 2133 5252 Legali
2165 5180 2411 5234 Domino
2444 5178 2643 5234 devolo
2672 5178 2818 5251 legis
2849 5179 3058 5236 amico.

1938 5270 1981 5326 Ο
2015 5286 2105 5324 me
2134 5268 2381 5334 felicem,
2418 5267 2467 5323 si
2499 5267 2693 5323 saltim
2727 5286 2965 5325 noscere
2996 5286 3253 5343 possem,

1937 5358 2142 5414 Utrum
2176 5359 2334 5413 mo'rs
2363 5356 2533 5412 illum
2564 5357 2758 5413 subito
2791 5358 3057 5414 sorberet
3086 5377 3309 5431 amara,

1932 5451 2018 5505 An
2052 5448 2342 5503 frueretur
2373 5446 2565 5502 adhuc
2595 5446 2784 5503 calida
2810 5448 3066 5505 vitaliter
3092 5467 3253 5521 aura,

1929 5538 2118 5603 Certe,
2153 5537 2205 5593 si
2236 5536 2469 5603 scirem,
2505 5553 2621 5592 non
2646 5537 2750 5608 jus
2784 5538 3051 5595 mmroris
3081 5536 3377 5596 haberem.

1932 5627 2187 5682 Tantum
2219 5636 2355 5681 cum
2390 5624 2649 5681 tenebris
2677 5624 2777 5681 leti
2810 5626 3219 5684 succumberet
3249 5620 3391 5683 atris

1934 5716 2155 5785 Funus,
2191 5714 2295 5776 sed
2328 5725 2575 5775 summa
2597 5712 2846 5776 colerem
2876 5713 3188 5793 prwnobile
3220 5730 3488 5803 pompa,”

3141 5850 3222 5914 34
