3904 6382
429 378 584 444 1067
1231 383 1760 444 llROTSUlTll/E
1804 379 2183 444 MONIALIS
2231 381 3034 444 GANDERSHElMENSIS
3717 384 3853 446 10ϋὸ

425 515 648 588 Inclyta
677 516 968 588 condigne
999 515 1376 570 committens
1407 514 1673 570 membra
1710 515 1998 588 sepulcro.

493 603 594 660 llis
625 604 705 658 ita
734 603 936 670 finitis,
972 602 1220 658 sublatis
1253 603 1440 658 cernit
1467 602 1665 659 ocellis

419 694 484 747 In
508 691 689 748 ramis
718 690 868 746 lauri
902 697 1241 746 resonantes
1272 708 1576 747 murmure
1607 692 1784 746 dulci.

416 780 612 836 Pullos
642 779 988 853 plumigcris
1017 779 1284 836 volucres
1311 781 1679 836 circumdare
1713 781 1944 853 pennis.

417 868 535 924 Hoc
567 868 653 924 uti
687 869 978 935 cernebat,
1014 869 1284 924 subtristi
1316 887 1451 924 voce
1483 871 1728 940 canebat
1761 886 1774 923 :

416 957 536 1012 Rex
565 957 714 1026 cmli,
749 957 917 1012 fortis
949 957 1040 1012 cui
1074 958 1340 1028 subjaeet
1371 959 1620 1029 astrigor
1651 959 1811 1024 axis;

421 1047 520 1102 πθ
549 1046 761 1102 Omnia
791 1047 892 1118 qui
923 1051 1077 1102 certe
1110 1047 1262 1118 potis
1294 1065 1355 1102 es
1379 1047 1686 1118 disponere
1715 1053 1887 1113 recte,

416 1137 661 1208 Semper
689 1140 1036 1191 cunctarum
1069 1136 1173 1189 tibi
1207 1135 1336 1190 laus
1371 1141 1556 1190 exstet
1581 1135 1888 1208 pictatum,

417 1225 581 1291 Quod
615 1225 874 1280 clemens
905 1229 1148 1280 cunctos
1181 1225 1412 1296 pietatis
1445 1243 1686 1280 munere
1716 1225 1898 1294 vivos,

415 1313 760 1382 Pisciculos,
792 1314 1066 1386 pecudes,
1102 1317 1402 1385 serpentes
1433 1319 1606 1385 atque
1639 1313 1922 1382 volucres,

415 1401 794 1476 Congaudere
823 1403 949 1458 suis
980 1402 1210 1456 donasti
1243 1402 1446 1457 sedulo
1473 1402 1674 1474 pullis.

413 1490 526 1548 Sed
557 1495 775 1548 memet
803 1491 989 1546 solam
1023 1491 1282 1546 sterilem
1318 1508 1617 1546 remanere
1648 1491 1940 1547 misellam

411 1580 602 1636 Causa
622 1579 833 1652 judicii
857 1579 1092 1652 jussisti
1127 1579 1378 1651 denique
1402 1581 1566 1636 recti.

411 1671 492 1726 Te
512 1670 750 1725 tandem
783 1669 1176 1741 omnipatrem
1209 1669 1504 1724 constanti
1536 1674 1765 1740 pectore
1787 1673 1996 1726 testem

412 1758 641 1827 Invoco,
674 1757 932 1831 conjugii
963 1757 1154 1829 primo
1186 1759 1339 1829 quod
1374 1763 1636 1830 tempore
1665 1759 1817 1827 vovi,

411 1847 471 1904 Si
501 1847 722 1904 ventris
752 1847 1012 1902 fructum
1045 1845 1192 1901 mihi
1222 1852 1534 1920 praestares
1554 1847 1688 1920 pius
1719 1847 1875 1916 ullis,

410 1935 558 1993 Hinc
585 1953 720 1992 mox
749 1936 809 1990 in
841 1934 1060 2008 templo
1093 1935 1222 1991 sisti
1255 1935 1361 1990 tibi
1393 1935 1500 1991 rite
1530 1940 1776 2003 sacrato,

413 2025 824 2099 Ohsequioque
847 2025 934 2081 tui
966 2023 1138 2097 legali
1168 2041 1330 2080 more
1360 2026 1600 2081 sacrari.

483 2113 648 2171 Talia
676 2115 818 2170 dum
845 2113 1086 2170 mundis
1117 2115 1396 2169 formaret
1425 2114 1667 2170 verbula
1691 2114 1890 2181 labris,

411 2203 670 2277 Angelus
701 2203 984 2276 astrigero
1016 2203 1211 2259 subito
1245 2203 1546 2258 descendit
1581 2205 1651 2259 ab
1685 2203 1820 2270 alto,

413 2293 668 2350 Maxima
699 2293 946 2348 tristitiae
978 2296 1217 2365 portans
1249 2291 1539 2348 solamina
1567 2297 1776 2359 tanta);

411 2383 483 2438 Et
512 2385 676 2438 stans
707 2381 818 2437 sub
851 2383 1013 2450 facie,
1050 2381 1220 2436 dictis
1253 2381 1371 2436 hcce
1405 2384 1562 2437 fatur
1593 2381 1798 2437 amicis
1833 2399 1846 2435 ί

411 2472 569 2526 Exue
599 2487 904 2526 mmrorem
939 2470 1150 2538 cordis,
1189 2471 1410 2542 depone
1443 2471 1725 2538 dolorem,

407 2559 782 2633 Consilioque
813 2560 910 2616 Dei
944 2575 1182 2632 germen
1216 2559 1319 2614 tibi
1353 2561 1570 2614 credito
1603 2559 1821 2616 summi

409 2649 548 2718 Hoc,
579 2649 734 2722 quod
767 2653 963 2704 ventre
995 2653 1094 2703 tuo
1127 2649 1402 2720 procedet
1430 2653 1689 2721 tempore
1719 2653 1898 2716 certo,

406 2738 552 2794 Vere
585 2739 683 2794 fiet
713 2738 869 2794 idem
901 2737 1134 2810 populis
1166 2737 1433 2792 mirabile
1459 2738 1710 2792 cunctis.

407 2827 584 2898 Dixit,
617 2833 675 2884 et
703 2828 997 2900 aurivagis
1029 2827 1295 2882 revolans
1326 2832 1483 2882 secat
1516 2827 1729 2882 aethera
1759 2826 1986 2898 pennis.

405 2919 574 2974 Anna
603 2917 728 2986 sed,
761 2915 1041 2990 angelicis
1073 2915 1324 2971 nimium
1359 2916 1671 2988 perterrita
1701 2915 1915 2982 verbis,

407 3007 614 3064 Mmsta
644 3007 886 3061 domum
918 3005 1103 3078 petiit,
1138 3022 1266 3060 sese
1297 3004 1560 3076 lectoque
1592 3003 1824 3070 locavit,

407 3097 480 3152 Et
506 3095 846 3151 tremefacta
877 3094 1030 3149 diem
1062 3091 1426 3165 psalmorum
1458 3093 1582 3164 lege
1608 3095 1856 3164 perorat,

407 3183 626 3240 Ell'usis
656 3187 886 3238 noctem
917 3181 1190 3254 precibus
1224 3181 1490 3236 ducendo
1521 3184 1883 3252 sequentem.

408 3272 546 3328 Post
571 3270 696 3326 hinc
726 3286 864 3342 ergo
893 3286 1062 3326 suam
1094 3268 1367 3341 praecepit
1395 3269 1601 3326 adesse
1631 3267 1908 3342 puellam,

404 3360 706 3417 Astantem
739 3358 1002 3432 rogitans
1032 3356 1286 3430 propriis
1319 3355 1479 3412 illam
1509 3357 1620 3412 sub
1653 3355 1871 3412 ocellis.

404 3449 523 3506 Cur
550 3465 614 3506 se
639 3447 981 3520 despiceret,
1013 3445 1101 3502 vel
1135 3463 1240 3502 cur
1269 3449 1390 3501 tam
1423 3459 1551 3502 sero
1584 3446 1824 3516 veniret,

401 3539 549 3597 Cum
579 3537 694 3595 sibi
723 3536 964 3593 sentiret
994 3534 1119 3592 fieri
1150 3535 1290 3608 quid
1325 3537 1470 3590 forte
1502 3535 1824 3607 stupendi?

473 3627 748 3686 Reddidit
770 3642 801 3682 e
830 3631 1036 3683 contra
1063 3624 1314 3681 domina:
1345 3623 1563 3680 lasciva
1592 3622 1828 3681 famella

397 3716 742 3791 Opprobriis
772 3719 996 3772 tactum
1029 3714 1222 3770 servili
1256 3729 1559 3769 murmure
1589 3713 1851 3769 verbum.

396 3806 458 3864 Si
487 3811 544 3865 te
576 3806 841 3880 despexit
871 3803 1129 3861 sterilem
1164 3803 1384 3860 faciens
1417 3803 1592 3872 Deus,
1629 3802 1844 3876 inquit,

395 3895 523 3968 Dic,
553 3911 712 3968 rego,
746 3894 957 3950 divina:
988 3910 1177 3950 causa)
1210 3893 1348 3966 quid
1384 3891 1638 3963 pertinet
1670 3893 1744 3947 ad
1776 3891 1912 3948 me?

394 3987 565 4042 Anna
593 3984 696 4041 sed
727 3982 1111 4057 opprobrium
1147 3981 1436 4053 patienter
1466 3980 1708 4052 pertulit
1739 3980 1920 4050 istud,

398 4073 721 4130 Eﬂ'undens
749 4075 982 4128 tantum
1015 4069 1308 4142 lacrymas
1340 4067 1642 4124 subtristis
1674 4085 1928 4126 amaras.

403 4164 498 4220 ⁸1³1
532 4159 770 4219 Scilicet
793 4159 901 4216 hac
933 4159 1062 4232 ipsa
1090 4157 1358 4215 Joachim
1391 4157 1706 4230 pradictus
1736 4157 1797 4214 in
1827 4157 1973 4214 hora

400 4248 661 4324 Angelus
691 4265 999 4322 apparens,
1033 4245 1186 4302 inter
1216 4250 1494 4302 montana
1523 4245 1840 4318 refulgens,

407 4342 470 4400 In
502 4339 669 4414 queis
700 4344 841 4396 tunc
873 4336 1164 4411 pascendo
1193 4350 1430 4408 gregem
1464 4334 1793 4390 latitavorat
1825 4353 1974 4408 aeger

401 4431 670 4489 Jusserat
695 4429 768 4486 ad
798 4427 1019 4486 sociam
1051 4425 1226 4481 citius
1259 4441 1518 4480 remeare
1551 4423 1838 4481 relictam.

401 4521 509 4589 Qui
541 4519 708 4589 dixit,
743 4517 986 4576 monitis
1019 4515 1215 4572 animo
1247 4516 1547 4586 permotus
1580 4512 1653 4568 ab
1684 4511 1801 4570 illis
1835 4530 1848 4569 :

403 4610 532 4666 Hinc
556 4610 684 4682 jam
717 4609 808 4664 bis
839 4607 1006 4662 denis
1039 4620 1269 4659 mecum
1302 4607 1708 4674 permanserat
1739 4603 1932 4671 annis,

401 4700 482 4754 Ex
514 4697 614 4754 illa
641 4695 928 4753 Dominus
960 4692 1220 4750 sobolem
1255 4691 1397 4746 mihi
1433 4708 1537 4746 nec
1568 4689 1727 4746 dedit
1759 4691 1962 4758 ullam,

401 4787 646 4860 Insuper
675 4783 1007 4858 opprobriis
1047 4779 1290 4835 discessi
1325 4778 1532 4850 plenus
1563 4779 1782 4836 amaris

399 4875 596 4946 Nuper
625 4875 696 4930 de
725 4871 962 4944 templo,
997 4885 1173 4926 causa
1204 4869 1486 4923 confusus
1518 4868 1588 4922 ab
1620 4868 1767 4938 ipsa,

399 4963 470 5018 Et
499 4979 592 5018 me
626 4961 986 5032 despectum,
1021 4958 1319 5027 tantisque
1353 4956 1522 5011 malis
1556 4962 1908 5025 saturatam,

401 5050 666 5107 Horturis
698 5047 948 5121 regredi,
981 5047 1152 5102 subdi
1189 5045 1492 5117 primoque
1527 5047 1756 5116 pudori.

396 5140 481 5196 Ad
513 5155 689 5212 quem
721 5137 1046 5192 mansuetis
1077 5134 1327 5190 cmlestis
1361 5135 1605 5190 nuntius
1628 5136 1798 5202 orsis,

396 5227 488 5286 Mc
516 5229 639 5284 fore
669 5226 992 5295 cmlestcm,
1024 5225 1275 5292 dicebat,
1311 5224 1551 5293 credito,
1587 5241 1804 5290 vocem,

393 5317 827 5387 Custodemque
857 5315 941 5372 tui
978 5315 1194 5369 factum
1230 5313 1444 5385 pietate
1477 5307 1712 5384 supc'rni

394 5405 589 5480 Regis,
623 5404 720 5478 qui
741 5405 966 5476 justam
997 5402 1283 5459 consolari
1317 5402 1476 5458 dedit
1504 5403 1734 5456 Annam

393 5497 500 5553 Per
527 5512 644 5566 me,
676 5495 819 5551 dum
852 5493 1120 5566 preeulas
1154 5492 1343 5548 [lende
1373 5491 1753 5563 profunderet
1784 5491 1992 5551 almas.

389 5588 464 5641 At
495 5601 651 5641 nunc
681 5599 818 5657 ergo
847 5581 930 5638 tui
961 5598 1141 5637 causa
1165 5582 1237 5636 de
1267 5580 1504 5636 cardine
1538 5579 1686 5648 cmli,

388 5675 512 5760 Quo
542 5673 780 5735 veniens
813 5672 997 5731 refero
1027 5670 1329 5748 permagni
1361 5668 1578 5746 gaudia
1606 5667 1764 5743 doni,

2102 517 2158 582 Α
2190 515 2424 588 Ilocque
2456 516 2560 570 tibi
2599 515 2749 584 dico,
2785 517 2941 588 quod
2975 533 3106 572 mox
3137 518 3478 589 pramobilis
3507 521 3718 587 Anna,

2184 604 2484 676 Concipiet
2515 609 2734 673 natam,
2769 606 2998 661 cunctis
3030 606 3244 662 seculis
3274 609 3721 664 venerandam.

2183 693 2314 748 Haec
2345 693 2496 749 inter
2522 699 2691 749 natas
2720 695 3032 750 hominum
3064 697 3162 751 fiet
3192 713 3359 752 sacra
3387 701 3673 766 cunctas,

2183 782 2439 854 Spiritus
2469 787 2527 838 et
2558 784 2766 839 merito
2799 788 3041 840 sanctus
3074 785 3401 857 requiescet
3431 785 3492 841 in
3528 786 3663 854 illa,

2181 873 2259 926 Ac
2291 889 2394 944 per
2423 889 2600 944 quam
2633 874 2824 927 veniet
2856 875 3053 929 nundo
3086 875 3414 930 benedictio
3439 893 3724 943 summa,

2182 961 2298 1016 Nec
2330 961 2582 1033 primam
2608 961 3007 1027 similem,ncc
3031 963 3215 1018 fertur
3237 963 3451 1019 habere
3474 970 3853 1036 sequentem.

2180 1050 2252 1102 At
2283 1066 2439 1104 nunc
2471 1051 2542 1104 ad
2577 1051 2796 1104 sociam
2832 1055 2993 1105 tenta
3026 1068 3287 1107 remeare
3320 1053 3584 1119 beatam,

2181 1139 2315 1202 Qua:
2337 1139 2602 1210 gaudens
2631 1138 2790 1194 omni
2827 1143 3060 1194 tantum
3094 1141 3280 1212 pariet
3311 1141 3494 1196 decus
3526 1143 3691 1205 orbi,

2180 1225 2249 1280 Et
2277 1243 2508 1297 semper
2537 1231 2733 1298 grates
2768 1228 2992 1283 Factori
3027 1228 3248 1284 reddite
3281 1229 3504 1297 dulces,

2179 1311 2282 1367 Cui
2317 1313 2506 1385 placet
2535 1315 2780 1386 stirpem
2815 1317 2979 1371 vobis
3010 1317 3325 1372 concedere
3357 1317 3562 1382 talem,

2181 1400 2421 1467 Qualem
2454 1409 2712 1475 percerte
2744 1422 3048 1477 nunquam
3077 1411 3316 1461 tenuere
3337 1405 3670 1478 prophetae,

2180 1490 2396 1547 Omnes
2428 1489 2594 1546 electi
2628 1497 2762 1564 post
2791 1493 2912 1550 hanc
2945 1512 3060 1550 non
3093 1500 3234 1550 sunt
3265 1495 3552 1551 habituri.

2247 1580 2333 1634 Ad
2366 1597 2564 1652 quem,
2597 1575 2907 1653 p'romissis
2937 1583 3206 1639 Joacbim
3238 1583 3473 1641 laetatus
3507 1585 3567 1640 in
3604 1583 3732 1640 illis
3767 1602 3780 1639 :

2179 1668 2237 1723 Si
2266 1668 2411 1724 mihi
2443 1672 2602 1725 certa
2633 1675 2732 1726 tuo
2766 1677 3002 1728 maneat
3033 1677 3136 1728 tua
3164 1674 3354 1744 gratia
3384 1690 3575 1742 servo,

2175 1757 2260 1812 Ad
2291 1761 2527 1830 tempus
2559 1758 2800 1831 dignare
2833 1777 2961 1816 meo
2993 1761 3356 1833 requiescere
3388 1765 3565 1829 tecto,

2176 1845 2248 1900 Et
2276 1851 2516 1918 gustare
2545 1847 2744 1903 cibum
2777 1866 2892 1904 non
2925 1850 3239 1922 dedignere
3269 1855 3565 1922 paratum.

2246 1935 2506 2008 Angelus
2536 1953 2566 1992 e
2599 1942 2800 1992 contra
2823 1937 3051 1994 diccbat
3081 1956 3219 1994 voce
3251 1940 3459 1996 decora
3493 1956 3507 1994 :

2180 2026 2217 2080 7
2229 2024 2277 2081 8
2312 2025 2542 2093 Desine,
2577 2043 2772 2098 posco,
2801 2043 2997 2083 meum
3028 2032 3160 2100 post
3175 2028 3295 2084 lucc
3313 2033 3369 2084 te
3386 2028 3580 2084 dicere
3599 2044 3839 2084 servum

2175 2113 2335 2182 Esse,
2371 2115 2474 2169 sed
2505 2114 2779 2187 angelica:
2811 2121 3139 2172 consortem
3172 2116 3392 2171 credito
3425 2121 3659 2172 turmaa.

2175 2201 2322 2258 Nam
2355 2202 2499 2258 mihi
2530 2203 2778 2260 terrenis
2809 2221 2956 2277 Opus
2987 2211 3076 2261 est
3103 2221 3218 2260 non
3250 2205 3470 2261 vescier
3499 2206 3685 2273 escis,

2175 2292 2357 2357 Quem
2391 2291 2579 2364 pascit
2608 2293 2842 2348 Domini
2874 2311 3106 2366 semper
3135 2295 3445 2365 prmsentia
3475 2296 3733 2350 summi.

2174 2381 2538 2453 Quapropter
2566 2398 2793 2450 moneo,
2829 2381 3075 2438 Domino
3107 2382 3389 2439 libamine
3421 2401 3593 2440 sacro

2174 2469 2291 2526 Hoc
2321 2474 2376 2525 te
2407 2471 2578 2539 ferre,
2606 2471 2752 2526 meis
2782 2473 3001 2544 satagis
3033 2473 3188 2544 quod
3221 2489 3433 2544 ponere
3475 2473 3734 2529 mensis.

2172 2558 2280 2624 Qui
2313 2559 2464 2614 citus
2497 2559 2837 2615 anniculum
2869 2561 3147 2633 gregibus
3177 2561 3547 2617 subtraxerat
3590 2579 3838 2634 agnum,

2173 2648 2427 2720 Sperans
2457 2649 2862 2720 opprobrium,
2897 2649 3124 2717 Ruben,
3157 2667 3420 2705 cessasse
3469 2655 3806 2719 vetustum,

2174 2724 2530 2790 Immolat'et
2562 2735 2829 2804 Domino,
2863 2738 3101 2809 gavisus
3131 2744 3365 2810 pectore
3396 2737 3549 2805 laeto,

2173 2822 2415 2894 Ignibus
2446 2824 2756 2896 appositis,
2788 2829 2854 2880 ut
2884 2825 3060 2880 habet
3092 2826 3402 2898 praeceptio
3434 2825 3606 2899 legis.

2167 2911 2447 2983 Angelus,
2479 2912 2574 2968 his
2604 2913 2754 2968 votis
2785 2917 2850 2968 ut
2870 2913 3054 2984 jussit
3083 2913 3192 2969 rite
3217 2916 3496 2986 peractis,
3541 2981 3548 2988 ε

2167 2999 2382 3056 Altaris
2411 3001 2573 3055 fumo
2606 3000 2876 3056 sublatus
2909 3002 3100 3074 pergit
3129 3003 3202 3057 ad
3236 3008 3420 3059 astra.

2239 3092 2426 3156 Quam
2457 3095 2597 3145 tunc
2624 3089 2933 3146 clementis
2957 3090 3242 3163 paulatim
3277 3093 3470 3166 gratia
3499 3094 3693 3150 Patris

2169 3177 2412 3250 Incmpit
2441 3177 2624 3234 radiis
2659 3179 2880 3234 mundo
2911 3177 3207 3236 lucescere
3239 3180 3440 3250 claris,

2086 3264 2130 3331 C
2166 3267 2356 3338 Atque
2385 3266 2544 3338 prior
2572 3267 2846 3323 stabilem
2877 3269 3174 3324 discordia
3205 3286 3438 3326 sumere
3482 3271 3688 3340 finem,

2164 3354 2310 3410 Cum
2343 3372 2451 3412 sua
2480 3355 2745 3412 ccslestes
2776 3356 3038 3428 primum
3070 3357 3364 3414 consortia
3393 3360 3550 3416 cives

2165 3442 2315 3500 Olim
2347 3444 2670 3518 terrigenas
2703 3445 3130 3518 promittebant
3160 3446 3488 3517 habituros,

2165 3535 2322 3600 Quos
2349 3532 2512 3605 prius
2543 3551 2573 3590 e
2605 3533 2832 3590 meritis
2860 3535 3045 3590 Adam
3077 3552 3345 3607 sprevere
3374 3539 3662 3609 parentis.

2166 3621 2283 3678 Nec
2307 3621 2479 3678 latuit
2507 3627 2651 3680 tunc
2680 3622 3014 3696 angelicum
3046 3623 3360 3682 clementia
3387 3631 3609 3683 emtum

2166 3710 2550 3783 Omnipatris,
2562 3712 2865 3785 proprium
2897 3712 3000 3784 qui
3029 3729 3165 3770 mox
3179 3719 3312 3786 post
3326 3718 3596 3788 tempora
3612 3722 3816 3772 natum

2165 3799 2392 3856 Mittere
2420 3800 2749 3873 virgineum
2782 3802 3071 3858 miserans
3104 3803 3372 3876 disponit
3401 3803 3461 3859 in
3491 3803 3717 3874 alvum,

2166 3888 2241 3944 Ut
2261 3888 2388 3945 sine
2412 3889 2698 3962 principio
2732 3895 2908 3947 natus
2939 3891 3010 3948 de
3041 3891 3208 3947 Patre
3237 3909 3536 3964 supremo,

2165 3978 2412 4035 Carnem
2442 3978 2704 4050 virgineo
2735 3979 2848 4034 sub
2877 3983 3139 4052 tempore
3169 3985 3431 4037 sumeret
3459 3981 3609 4051 alvo,

2166 4068 2384 4125 Omnes
2414 4070 2590 4140 atque
2619 4085 2726 4124 suo
2757 4067 3008 4125 salvaret
3037 4071 3325 4143 sanguine
3357 4087 3548 4140 sacro,

2167 4157 2249 4214 Ne
2280 4161 2413 4230 post
2439 4156 2562 4212 haec
2591 4157 2822 4230 generis
2849 4157 3094 4214 humani
3125 4157 3377 4214 callidus
3407 4159 3598 4217 hostis

2168 4246 2461 4302 Gauderet
2490 4247 2780 4302 mundum
2811 4245 3037 4318 laqueis
3069 4247 3318 4303 retinere
3351 4247 3654 4320 malignis,

2169 4335 2280 4391 Sed
2306 4334 2512 4406 Patris,
2531 4340 2588 4390 et
2605 4335 2756 4403 Nati,
2781 4353 3001 4392 numen
3033 4353 3265 4410 quoque
3299 4338 3640 4395 Pneumatis
3659 4338 3824 4405 almi,

2167 4423 2393 4496 IEquali
2429 4424 2615 4479 forma
2645 4423 2870 4496 pollens
2904 4425 3013 4480 sub
3046 4427 3282 4482 nomine
3310 4425 3485 4495 trino,

2171 4513 2484 4569 Finetenus
2511 4513 2782 4570 stabilem
2815 4521 3086 4587 regnaret
3105 4516 3242 4586 jure
3274 4532 3377 4588 per
3407 4516 3633 4573 orbem.

2237 4603 2494 4675 Angelus
2526 4603 2880 4675 astrigerum
2915 4610 3228 4677 postquam
3261 4606 3629 4662 transcendit
3648 4607 3828 4680 olym-

3634 4699 3820 4770 lpum,

2167 4781 2273 4836 Vix
2307 4781 2536 4853 patiens
2565 4781 2832 4838 Joachim
2865 4787 3036 4838 tantm
3067 4783 3356 4854 prmeonia
3386 4801 3599 4854 causze,

2167 4871 2237 4926 Et
2266 4875 2456 4926 tactus
2479 4871 2678 4942 jaculo
2711 4871 2949 4927 terroris
2983 4872 3236 4944 denique
3270 4889 3506 4944 magno,

2167 4960 2398 5016 Stratus
2432 4961 2503 5016 ad
2540 4977 2727 5032 usque
2759 4961 2950 5016 solum
2986 4962 3122 5017 doni
3156 4961 3370 5018 virtute
3403 4965 3671 5035 superni,

2166 5048 2518 5106 Pertimidus
2541 5051 2733 5120 jacuit
2763 5067 2868 5106 nec
2905 5069 3018 5106 non
3052 5051 3177 5107 sine
3209 5056 3404 5107 mente
3433 5052 3660 5122 quievit

2167 5139 2264 5194 79
2297 5138 2490 5210 Ipsius
2521 5143 2702 5208 sexta,
2737 5138 2794 5192 ni
2829 5139 3018 5209 fallor,
3052 5140 3198 5196 forte
3231 5141 3366 5210 diei,

2161 5226 2312 5282 Dum
2343 5227 2428 5283 sol
2459 5245 2646 5298 usque
2677 5245 2851 5284 suum
2886 5229 3174 5286 conclusit
3202 5247 3438 5301 vespere
3481 5247 3746 5288 cursum.

2229 5315 2454 5373 Interea
2484 5317 2649 5389 pueri
2681 5321 2967 5374 venerunt
2996 5335 3131 5374 cum
3162 5335 3338 5390 grege
3369 5317 3536 5387 lassi,

2155 5405 2420 5478 Cumque
2448 5422 2624 5462 suum
2652 5405 2957 5462 dominum
2993 5424 3245 5479 pronum
3270 5406 3466 5462 videre
3487 5407 3745 5465 locatum

2155 5493 2498 5551 Comminus
2531 5498 2814 5563 astantes,
2849 5500 3154 5567 cceperunt
3181 5496 3406 5552 discere
3437 5495 3645 5554 tristes

2155 5583 2407 5640 Causam
2433 5583 2698 5658 terroris,
2734 5583 2969 5639 turbata
3003 5590 3217 5651 mente,
3253 5583 3527 5641 recentis.

2157 5672 2356 5752 Ipsum
2387 5677 2645 5747 percerte
2678 5672 2779 5733 sed
2810 5671 2901 5728 vix
2927 5677 3166 5752 potuere
3198 5671 3409 5733 levare.
