3904 6404
75 446 254 506 1069
1085 447 1448 509 HISTORIA
1496 447 1617 510 INT

1971 452 2030 511 EI
2076 451 2541 513 GENITRICIS.
3359 455 3513 516 1070

69 579 265 646 Queis
292 595 434 634 cum
459 577 712 633 ccelestis
743 583 1041 634 narrasset
1075 581 1282 635 nuntia
1303 581 1464 647 civis,
1785 583 1835 649 Α
1865 583 1970 639 Per
1999 600 2061 638 se
2091 585 2232 656 quid
2267 586 2389 640 fieri
2421 585 2799 658 praesignaret
2829 586 2943 642 cito
2976 587 3174 659 magni

69 670 426 725 Suaserunt
455 666 538 721 illi
564 669 757 738 jussis
789 683 992 738 parere
1023 669 1298 738 supernis
1860 671 1930 727 Et
1959 689 2088 727 vere
2121 673 2340 744 magni,
2373 673 2602 729 cunctis
2634 675 2959 750 meritoque
2998 675 3295 747 stupendi.

66 758 145 812 Et
175 756 398 828 rapido
428 757 682 829 patriam
715 773 895 812 cursu
928 759 1204 827 repedare
1237 757 1525 812 relictam.
1929 763 2114 829 Quod,
2149 763 2326 829 credi,
2359 764 2574 834 majus,
2601 763 2686 818 vel
2717 765 2873 835 quod
2910 768 3109 835 posset
3141 763 3261 819 fore
3291 765 3509 836 majus,

66 846 182 912 Qui
221 845 516 917 gregibus
547 845 712 900 lectis
745 845 908 899 silvis
944 845 1218 900 discnssit
1250 847 1324 900 ab
1357 846 1494 912 illis,
1859 851 2042 913 Quam
2079 852 2234 922 quod
2264 851 2524 922 virgineo
2557 853 2808 923 portavit
2839 857 3036 907 ventre
3066 851 3280 924 puella,

62 937 152 990 Ac
183 936 464 1007 gaudens
499 951 710 1006 pueros
743 952 942 988 secum
975 936 1291 988 deduxerat
1325 935 1502 1006 ipsus.
1857 938 1951 992 SI
1985 939 2258 1008 Magnum
2293 941 2568 994 factorem
2602 941 2830 1008 mundi,
2857 941 3274 1012 propriumque
3297 958 3510 1013 paren-

67 1026 143 1079 Et
175 1040 325 1078 cum
362 1023 673 1078 transisset
703 1023 961 1094 spatium
997 1023 1237 1093 triginla
1266 1026 1515 1091 (lic-rum,
1858 1027 2752 1100 Necmirum,sursumcu)pitsie
2768 1030 2941 1098 figere
2963 1046 3253 1101 gressum,
3341 1029 3505 1101 Item.

65 1111 348 1184 Angelus
375 1112 565 1166 oranti
601 1117 814 1165 sanctae.
847 1113 1178 1182 comparuit
1210 1115 1413 1180 Annsr,
1858 1114 2056 1169 Infans
2089 1115 2348 1171 lacteolis
2383 1118 2569 1170 fuerat
2597 1119 2736 1171 dum
2773 1117 3012 1188 parvula
3041 1118 3342 1184 membris,

67 1202 142 1256 Et
175 1217 323 1256 cum
361 1200 621 1273 pacificis
651 1201 1018 1272 deprompsit
1049 1200 1188 1256 talia
1219 1202 1412 1256 verbis
1447 1219 1458 1254 :
1856 1203 2064 1271 Quam,
2100 1205 2268 1259 Pater
2296 1205 2468 1272 alme,
2499 1209 2599 1260 tuo
2625 1206 2822 1260 ditasti
2854 1205 3112 1261 Flaminc
3139 1222 3327 1278 sacro,

67 1290 425 1362 Exsurgens
455 1287 674 1357 animo,
707 1288 875 1344 vultu
908 1306 1142 1362 quoque
1173 1307 1347 1362 perge
1380 1308 1585 1346 sereno
1854 1291 2006 1346 Dum
2040 1293 2230 1348 fuerat
2261 1299 2475 1347 sanctae
2508 1294 2808 1364 genitricis
2841 1295 3075 1349 condita
3103 1300 3324 1363 ventre,

67 1379 158 1434 Ad
190 1382 434 1450 portam
467 1377 684 1446 subito,
719 1394 847 1449 qua:
881 1377 1100 1434 dicitur
1125 1381 1318 1435 Aurea
1347 1379 1544 1451 vulgo.
1857 1379 2142 1436 Prmscius
2173 1381 2326 1438 hanc
2352 1381 2539 1437 solam
2572 1387 2726 1436 certe
2757 1381 3078 1437 consistere
3106 1382 3347 1454 dignam

68 1467 199 1523 Illic
231 1467 392 1522 forte
422 1471 614 1535 tuum,
643 1484 880 1522 summa
911 1484 1046 1522 cum
1069 1485 1210 1540 pace
1242 1485 1562 1537 reversum,
1851 1469 1934 1523 Ad
1967 1469 2185 1542 proprii
2220 1474 2453 1542 partum
2487 1469 2630 1537 nati,
2665 1487 2770 1542 per
2799 1469 3014 1526 smcula
3043 1471 3186 1542 nati,

67 1554 360 1628 Legalem
391 1555 698 1611 dominum
731 1573 865 1611 mox
897 1557 1221 1629 comperies
1253 1557 1373 1613 fore
1405 1558 1623 1613 vivum.
1853 1558 1960 1624 Qui
1988 1563 2139 1630 post,
2173 1576 2459 1631 corporea:
2493 1563 2682 1615 tectus
2713 1559 3002 1616 velamine
3034 1560 3255 1628 formae,

65 1646 210 1712 Quae
242 1643 430 1700 citius
451 1644 609 1699 dicto
627 1645 872 1716 jussum
901 1645 1217 1716 complevit
1248 1647 1598 1713 amandum,
1851 1649 2173 1703 Ascensum
2205 1650 2499 1721 graduum
2528 1649 2760 1704 cunctis
2789 1649 3064 1721 patefecit
3096 1649 3155 1703 in
3187 1666 3395 1717 savum,

65 1733 524 1806 Impatiensque
555 1749 750 1800 morae,
786 1735 1039 1804 perrexit
1067 1733 1137 1788 ad
1172 1735 1322 1788 ostia
1363 1739 1561 1805 portae,
1853 1734 1958 1790 Per
1987 1753 2134 1808 quas
2165 1737 2236 1792 ad
2271 1737 2520 1809 patriam
2549 1737 2798 1793 tendunt
2819 1753 3076 1792 remeare
3108 1737 3394 1806 relictam,

68 1820 425 1878 Przestolata
451 1837 625 1877 suum
657 1822 889 1893 gravisa
921 1827 1114 1877 mente
1145 1828 1481 1894 patronum.
1851 1823 1954 1878 Cui
1985 1823 2254 1881 Christus
2285 1842 2518 1893 nomen,
2554 1826 2646 1880 cui
2678 1824 2809 1881 laus
2841 1824 2920 1880 sit
2948 1825 3199 1892 coalitus,
3229 1827 3434 1882 Amen.

137 1911 388 2020 Scilic‘et
415 1909 684 2012 attonitis
715 1927 890 1982 quem
923 1928 1058 1967 cum
1088 1912 1392 2020 epespcxit
1422 1911 1646 1979 ocellis,
1773 1956 1820 2020 Β
1855 2002 1888 2020 ﬁ
1922 1912 2153 2020 Scilicet
2179 1918 2235 1968 et
2265 1913 2534 1985 genitrix,
2564 1913 2672 2014 tali
2705 1914 2854 2020 facto
2886 1913 3031 1970 bene
3049 1913 3212 1982 felix,

67 2000 262 2056 Charo
297 1999 640 2072 ﬂorigerum
678 2005 1046 2071 percurrerat
1078 2000 1247 2055 obvia
1279 2017 1575 2073 campum,
1774 1999 1820 2020 "
1851 2001 2201 2058 Collaudans
2232 2019 2427 2074 regem
2460 2003 2670 2058 cecinit
2701 2003 2784 2059 sic
2817 2005 2984 2058 Anna
3022 2019 3338 2076 perennem
3374 2021 3387 2058 :

69 2089 270 2162 Ipsius
302 2093 364 2144 et
395 2088 543 2144 collo
573 2106 700 2144 sese
731 2090 1043 2162 suspendit
1076 2091 1348 2156 amando,
1851 2090 2236 2162 Omnipotens
2265 2096 2474 2162 rector,
2512 2091 2674 2147 solus
2706 2092 2941 2164 pictatis
2971 2097 3219 2158 amator,

68 2177 412 2234 Altithrono
442 2182 639 2250 grates
668 2179 963 2234 reddendo
995 2178 1248 2250 denique
1279 2179 1425 2234 tales
1461 2196 1473 2233 :
1849 2177 2176 2235 Clementer
2205 2180 2438 2251 proprio
2472 2181 2659 2236 fecisti
2693 2181 2844 2237 mira
2873 2180 3122 2252 popello,

69 2268 227 2323 Laus
259 2267 396 2335 tibi,
430 2272 778 2323 cunctorum
815 2267 1082 2339 Largitor
1113 2284 1346 2324 summe
1389 2269 1698 2337 bonorum,
1846 2267 2153 2340 Aspieiens
2184 2269 2468 2324 humilem
2503 2269 2835 2326 miserando
2867 2285 3059 2326 meam
3082 2286 3316 2342 quoque
3343 2286 3501 2328 men-

70 2355 181 2422 Qui
213 2355 368 2412 mihi
403 2373 521 2411 non
557 2356 776 2410 merita:
809 2356 1083 2411 concedis
1113 2357 1330 2428 gaudia
1361 2361 1544 2412 tanta.
1845 2356 1979 2413 Jam
2011 2357 2332 2429 desperata)
2363 2358 2593 2414 donasti
2623 2359 2842 2430 gaudia
2870 2361 3041 2414 natae.
3333 2360 3496 2430 (tem,

71 2446 216 2502 Ecce
244 2445 444 2501 virum
477 2445 780 2517 proprium
813 2450 1160 2517 przescntem
1195 2445 1384 2501 sentio
1413 2445 1660 2512 salvum,
1845 2445 2042 2500 Audco
2074 2451 2332 2516 percertc
2363 2452 2496 2518 post
2525 2447 2648 2502 haec
2679 2447 2784 2502 tibi
2819 2464 3064 2503 munera
3097 2447 3264 2515 ferre,

72 2535 366 2607 Tempore
395 2551 525 2606 qum
557 2533 729 2606 longo
751 2535 880 2605 jam
912 2534 1210 2606 permensi
1245 2535 1503 2600 viduata,
1847 2535 1961 2589 Nec
1992 2551 2191 2590 vereor
2224 2535 2531 2606 prohibere
2563 2552 2760 2591 meum
2793 2541 2928 2608 post
2958 2535 3082 2591 haec
3113 2535 3442 2603 inimicum,

73 2625 330 2695 Quaeque
360 2622 449 2677 fui
484 2621 722 2688 sterilis,
754 2622 988 2692 concepi
1024 2623 1243 2693 gaudia
1275 2622 1475 2694 prolis.
1847 2621 1997 2687 Quin
2027 2622 2256 2678 visitem
2289 2624 2472 2678 sacris
2504 2623 2790 2696 templum
2823 2625 3043 2680 sociata
3081 2623 3388 2680 ministris.

75 2710 320 2767 Talibus
352 2710 1008 2781 auditis,.congaudens
1039 2711 1297 2765 concinit
1327 2712 1521 2766 omnis
1847 2709 1992 2765 Hine
2024 2716 2078 2766 te
2109 2712 2372 2768 cmlestes
2403 2712 2743 2768 collaudant
2773 2712 2978 2768 sedulo
3007 2713 3182 2780 cives,
3311 2775 3327 2784 _

79 2799 246 2855 Plebs
276 2801 523 2856 Hebraea
553 2799 669 2854 Deo
701 2798 906 2854 laudes
936 2816 1070 2853 cum
1107 2803 1337 2871 pectore
1369 2799 1517 2855 lzeto.
1845 2799 2214 2871 Condignum
2245 2818 2482 2856 carmen
2515 2801 2871 2856 modulando
2903 2801 3260 2872 perenniter,
3289 2802 3494 2856 Amen.

151 2888 288 2943 Post
318 2888 466 2957 haec,
501 2905 722 2943 noveno
753 2893 1014 2960 percertc
1046 2905 1244 2942 mense
1277 2895 1536 2960 peracto,
1847 2888 1948 2943 llis
1980 2888 2060 2943 ita
2093 2889 2299 2956 finitis,
2329 2888 2554 2944 orantis
2583 2887 2810 2944 scilicet
2839 2888 3010 2956 orsis,

80 2975 254 3032 Venit
283 2993 528 3034 summa
548 2977 696 3044 dies,
731 2977 790 3032 in
822 2994 938 3048 qua
969 2976 1302 3047 praenobilis
1333 2979 1522 3044 Anna,
1847 2977 2119 3033 Germine
2152 2977 2348 3033 felices
2381 2977 2513 3032 talis
2545 2977 2766 3033 rediere
2798 2981 3070 3050 parentes

84 3064 183 3120 ευ
215 3065 538 3140 Progenuit
570 3069 769 3120 natam
801 3066 1032 3121 eunetis
1065 3066 1280 3121 seculis
1321 3069 1732 3123 venerandam.
1848 3065 2086 3134 lndolis,
2120 3065 2180 3120 in
2216 3065 2434 3139 templo
2463 3083 2642 3138 parva
2673 3070 3011 3122 remanente
3043 3066 3246 3123 Maria.

83 3153 332 3226 Postque
358 3155 486 3210 dies
519 3159 647 3209 octo
679 3153 852 3226 primi
882 3170 1090 3208 venere
1121 3155 1306 3210 vocati
1917 3154 2133 3210 Omnes
2159 3155 2432 3210 humana:
2463 3160 2762 3227 nequeunt
2791 3156 3211 3228 comprendere
3259 3155 3494 3229 linguae,

83 3240 416 3312 Pontiﬁces,
451 3245 625 3298 tanta:
655 3241 827 3298 solito
859 3242 959 3315 qui
993 3259 1155 3299 more
1188 3243 1395 3315 puella:
1846 3244 1962 3299 Nec
1993 3243 2147 3316 potis
2175 3247 2266 3299 est
2289 3242 2539 3312 stabilis,
2572 3243 2844 3316 quamvis
2871 3244 3115 3300 verbum
3145 3245 3499 3314 sonet,orbis

83 3329 301 3388 Nomen
331 3335 393 3388 et
423 3335 717 3404 aptarent,
748 3331 938 3404 ipsam
971 3349 1204 3404 quoque
1242 3333 1698 3390 sanctiﬁcarcnt.
1768 3325 1812 3392 C
1851 3333 2030 3388 Istius
2061 3331 2304 3388 infantis
2335 3332 2676 3405 praeclaram
2705 3333 2896 3390 dicere
2925 3333 3166 3403 famam,

83 3418 250 3484 Queis
277 3419 552 3478 Joaebim
585 3419 854 3492 preculas
887 3419 1037 3476 fudit
1066 3422 1460 3492 praesentibus
1505 3423 1648 3478 istas
1683 3441 1695 3476 :
1846 3421 1958 3477 Sed
1989 3437 2096 3476 nec
2125 3420 2404 3476 miranda:
2435 3421 2616 3477 vitam
2648 3438 2955 3492 moresque
2984 3421 3210 3494 puellae.

85 3507 199 3596 Ite;
227 3507 383 3578 emli,
417 3509 604 3565 stellis
635 3507 797 3564 solus
828 3509 928 3582 qui
963 3508 1204 3564 nomina
1235 3510 1426 3580 ponis,
1846 3509 1988 3577 Quis
2017 3509 2257 3565 laudare
2286 3510 2478 3564 modis
2508 3509 2662 3581 potis
2687 3515 2782 3596 θςι
2814 3525 2916 3581 per
2945 3509 3160 3566 saecula
3191 3510 3387 3583 dignis
3419 3559 3424 3564 .

85 3594 258 3652 Istius
289 3602 507 3653 tenera:
541 3614 752 3653 nomen
783 3597 1027 3670 dignare
1058 3597 1266 3670 puellae
1847 3598 1977 3653 Haec
2006 3597 2146 3670 quia
2176 3597 2452 3654 continuo
2483 3597 2651 3653 cunis
2683 3594 2987 3654 subtracta
3016 3597 3211 3670 puella

86 3683 321 3743 Coelitus
352 3685 593 3742 indiciis
625 3702 729 3758 per
759 3691 814 3742 te
847 3691 1173 3742 monstrare
1206 3687 1485 3743 coruscis.
1849 3685 2114 3755 Maturis,
2147 3685 2307 3742 omni
2337 3684 2570 3742 lucebat
2599 3685 2866 3742 moribus
2896 3685 3046 3753 orbi,

25 3780 29 3784 ’
153 3773 408 3845 Dixerat,
443 3779 502 3831 ct
531 3775 728 3830 subito
757 3775 957 3831 sonuit
987 3793 1094 3831 vox
1126 3776 1296 3831 fortis
1326 3776 1397 3830 ab
1428 3776 1566 3842 alto,
1849 3775 1963 3830 Nec
1994 3775 2317 3846 quidquam
2349 3772 2632 3829 membris
2661 3771 2844 3846 gessit
2873 3773 3096 3846 puerile
3134 3774 3387 3832 tenellis.

90 3860 370 3920 Mandans
403 3863 701 3936 egregiam
735 3863 978 3920 Mariam
1009 3864 1264 3920 vocitare
1297 3863 1575 3937 puellam.
1848 3865 1952 3918 Ast
1979 3862 2040 3918 in
2072 3862 2374 3935 praeceptis
2404 3861 2596 3917 fuerat
2616 3861 2957 3933 justissima
2987 3862 3154 3936 legis,

89 3949 262 4008 Stella
290 3953 478 4010 maris
502 3952 706 4024 lingua
733 3953 890 4025 quod
923 3957 1206 4008 consonat
1233 3970 1370 4026 ergo
1405 3953 1628 4021 Latina,
1851 3951 1966 4007 Nec
1998 3967 2114 4006 non
2143 3949 2506 4008 carminibus
2539 3966 2773 4022 semper
2801 3951 3070 4007 studiosa
3100 3951 3358 4008 Davidis.

91 4037 204 4094 Hoc
234 4057 450 4097 nomen
481 4041 688 4096 merito
722 4040 968 4097 sortitur
995 4045 1199 4097 sancta
1229 4041 1446 4114 puclla,
1853 4040 1953 4096 82
1987 4040 2116 4096 Haec
2135 4037 2920 4113 prudens,humilis,fcrvens
2936 4039 3246 4096 dulcedine
3265 4039 3503 4110 mentis,

94 4125 188 4181 Est
215 4130 354 4200 quia
383 4128 730 4203 praeclarum
763 4129 930 4185 sidus
961 4130 1116 4202 quod
1148 4129 1328 4202 fulget
1357 4130 1417 4186 in
1448 4147 1634 4187 aevum
1853 4129 2142 4186 Omnibus
2173 4133 2346 4201 atque
2378 4127 2765 4201 placens,tota
2783 4129 3000 4186 virtute
3029 4127 3347 4202 refulgens.

95 4213 260 4295 Regis
291 4217 493 4274 interni
524 4217 680 4274 claro
709 4217 1038 4274 diademate
1065 4218 1306 4274 Christi.
1854 4219 2013 4275 Ilanc
2043 4217 2304 4274 hominis
2336 4216 2788 4274 maledicentem
2821 4235 2940 4274 non
2971 4218 3160 4275 audiit
3189 4219 3350 4275 auris

162 4304 296 4362 Post
325 4307 470 4375 haec,
501 4323 790 4363 annorum
824 4312 980 4364 meta
1010 4312 1283 4380 vergente
1323 4309 1602 4378 duorum,
1853 4307 2172 4375 Otl‘ensam,
2205 4306 2307 4361 sed
2340 4322 2448 4362 nec
2478 4305 2799 4378 quisquam
2833 4311 3183 4380 cognoverat
3218 4321 3504 4378 unquam.

97 4391 406 4454 Fortunata
438 4413 608 4452 suam
640 4397 781 4452 dum
813 4396 1068 4469 sumpsit
1099 4397 1172 4452 ab
1205 4397 1381 4452 ubere
1414 4402 1634 4464 natam,
1855 4398 2098 4468 Semper
2119 4397 2243 4450 erat
2272 4393 2454 4462 mitis,
2486 4411 2592 4450 nec
2623 4411 2740 4450 non
2769 4395 3110 4467 gratissima
3145 4395 3396 4468 cunctis,

94 4480 451 4541 Ablaetando
483 4485 643 4558 piam
673 4486 929 4558 genitrix
961 4487 1030 4541 de
1059 4503 1220 4541 more
1262 4486 1528 4554 Mariam,
1854 4487 1947 4554 Et,
1979 4501 2104 4556 quae
2136 4499 2348 4555 nempe
2377 4499 2484 4538 suo
2516 4482 2792 4554 proﬂuxit
2821 4483 2894 4538 ab
2926 4499 3044 4552 ore,
3077 4475 3312 4554 loquela

95 4567 256 4626 Otius
284 4571 345 4628 in
377 4573 600 4646 templo
633 4573 792 4629 sistit
819 4591 956 4629 cum
987 4591 1230 4630 munere
1261 4573 1440 4646 digno
1855 4574 2096 4630 Nectare
2123 4567 2382 4643 gratiolze
2413 4569 2604 4624 fuerat
2629 4569 2864 4625 condita
2894 4586 3181 4643 supernae,

99 4654 302 4729 Ipsam,
336 4679 468 4735 qua:
499 4661 789 4735 templum
823 4661 1054 4718 Domini
1080 4663 1193 4717 fuit
1224 4663 1340 4717 imo
1374 4664 1646 4733 futurum.
1777 4694 1824 4757 D
1857 4664 1944 4730 Et,
1975 4677 2112 4717 cum
2139 4658 2272 4730 quis
2301 4657 2492 4714 verbis
2521 4657 2608 4712 illi
2638 4658 2934 4714 benedixit
2963 4657 3190 4714 amicis.

98 4745 233 4815 Quo,
261 4751 486 4806 sociata
515 4751 700 4807 sacris
725 4750 1074 4823 virguncula
1106 4769 1282 4823 parva
1309 4751 1540 4824 puellis,
1777 4745 1821 4757 ”’
1859 4752 1990 4806 Mox
2019 4753 2213 4822 grates
2244 4747 2493 4802 Domino
2524 4747 2748 4802 curavit
2777 4747 3017 4802 reddere
3047 4763 3302 4812 summo,

101 4832 332 4908 Semper
363 4839 582 4914 divinis
613 4839 733 4894 illic
766 4844 1053 4911 perstaret
1085 4840 1143 4894 in
1176 4841 1326 4908 orlis,
1856 4841 1972 4896 Nec
1997 4839 2080 4893 sic
2111 4836 2324 4892 divinis
2353 4836 2616 4909 linguam
2647 4836 2924 4892 retineret
2954 4837 3025 4891 ab
3057 4835 3187 4891 odis

101 4921 274 4984 Quem
307 4927 515 4984 merito
549 4927 705 4984 cives
733 4927 1000 4984 cmlcstes
1033 4927 1204 4982 laude
1245 4928 1638 4998 frequentant.
1858 4927 2321 5000 Exemplumque
2355 4926 2480 4980 suis
2513 4925 2570 4979 in
2599 4942 2664 4982 se
2693 4925 3008 4996 praenobile
3039 4923 3288 4992 cunctis,

169 5009 300 5068 Post
328 5015 472 5085 haec;
507 5017 564 5071 in
598 5017 802 5088 templi
833 5016 1200 5072 susbsistens
1229 5015 1414 5072 limite
1446 5019 1621 5086 sacri,
1861 5015 2146 5088 Prmponit
2175 5013 2350 5069 sociis
2371 5014 2499 5084 jam
2531 5013 2889 5085 cunctigcna:
2920 5011 3222 5068 bonitatis.

101 5095 412 5160 Ascensum
445 5105 738 5177 graduum
770 5105 968 5159 subito
1000 5109 1090 5160 ter
1129 5104 1390 5176 quinque
1439 5105 1741 5176 supinum,
1861 5107 2054 5178 Ipsius
2087 5103 2292 5160 faciem
2323 5102 2487 5158 niveo
2517 5101 2768 5157 candore
2798 5101 3080 5157 nitentem

107 5182 413 5249 Immemor
444 5193 657 5262 aetatis,
681 5195 808 5265 jam
841 5193 1016 5266 plena
1043 5193 1180 5263 Deo,
1215 5192 1458 5264 puerilis
1862 5193 2146 5260 Tradunt,
2180 5189 2440 5248 ardentis
2473 5189 2668 5246 radios
2701 5189 3029 5260 praecellere
3059 5188 3221 5258 solis,

105 5272 384 5336 Audacter
413 5282 617 5352 currit,
647 5281 878 5338 vultum
911 5299 1017 5338 nec
1050 5286 1201 5338 retro
1235 5281 1476 5347 reﬂexit,
1862 5285 1976 5341 Nec
2007 5298 2122 5337 non
2155 5281 2484 5336 humanum
2515 5279 2751 5350 penitus
2781 5279 3085 5338 devincere
3113 5279 3330 5336 visum.

109 5360 348 5437 Quaerat,
379 5375 445 5425 ut
475 5374 762 5435 astantes,
795 5370 1089 5426 infantum
1131 5386 1312 5438 more,
1346 5375 1637 5440 parentes.
1859 5371 2007 5440 Quid
2041 5370 2286 5425 referam
2319 5366 2554 5439 digitos,
2587 5383 2833 5438 sperum
2865 5369 3010 5424 satis
3043 5373 3168 5424 arte
3197 5365 3511 5441 probatas?

175 5450 272 5509 His
300 5473 477 5530 super
505 5459 759 5529 ascensi,
791 5459 1086 5515 mirantur
1115 5457 1368 5530 denique
1409 5460 1605 5514 cuncti
1754 5445 1760 5449 I
1860 5462 2126 5532 Namque
2156 5474 2336 5513 manu
2365 5455 2535 5511 docta
2567 5456 2809 5528 perfecit
2838 5474 3016 5530 parva
3045 5456 3260 5530 puella.

109 5535 364 5603 Astantes
396 5547 618 5621 populi,
652 5547 858 5620 templi
890 5547 1224 5620 pariterque
1260 5545 1534 5616 ministri,
1861 5551 2100 5621 Nempe,
2133 5545 2248 5602 sibi
2280 5560 2549 5600 normam
2581 5548 2847 5602 statuens
2877 5546 3181 5618 ipsissima
3208 5545 3438 5612 duram,

113 5621 406 5710 Pontifices
437 5635 573 5710 ipsi,
607 5638 828 5692 factum
859 5635 1104 5693 laudant
1133 5652 1370 5707 quoque
1407 5633 1626 5707 primi,’
1862 5637 2148 5696 Omnibus
2179 5635 2240 5692 in
2270 5631 2489 5705 templo
2517 5633 2745 5691 vivebat
2778 5634 3068 5692 strictius.
3095 5634 3264 5708 Ergo,

111 5707 387 5800 Dicentes,
419 5707 582 5787 tanto
612 5726 770 5800 quod
803 5730 944 5783 tunc
975 5723 1266 5782 intantula
1293 5724 1464 5796 facto,
1859 5726 2200 5801 Virginibus
2233 5721 2480 5798 reliquis
2511 5721 2630 5780 illic
2663 5724 2882 5801 pariter
2911 5721 3166 5795 sociatis,
