3904 6426
412 435 585 499 (1.071

432 568 583 627 Nam
613 569 846 624 tantum
878 563 1134 638 prconiis
1164 561 1397 621 studuit
1426 558 1737 633 persistere
1773 557 1978 626 sacris,

431 658 548 715 Nec
581 674 697 713 non
729 654 943 712 divinis
972 670 1207 727 semper
1236 654 1572 709 constanter
1600 649 1659 705 in
1692 648 1841 704 odis.

418 746 513 802 .Ex
543 761 659 818 quo
685 744 966 800 discussae
996 741 1187 798 noctis
1216 739 1439 814 periere
1469 738 1745 804 tenebras,

430 835 659 890 Aurora
687 836 999 906 spargente
1028 831 1262 905 plagam
1294 828 1485 885 lucem
1512 845 1618 900 per
1646 828 1848 894 anm,

418 920 620 977 Altius
654 938 841 994 usque
871 919 1072 993 polum
1100 918 1315 975 Phoebo
1346 917 1697 974 ascendente
1728 930 2022 983 serenum,

422 1009 629 1068 .Tertia
650 1011 778 1082 jam
810 1010 1006 1066 subito
1038 1010 1348 1065 devenerat
1373 1007 1518 1063 hora
1548 1005 1688 1075 diei,

432 1100 601 1156 Tunc
630 1117 743 1155 usu
775 1099 991 1171 digitos
1024 1097 1218 1171 operis
1248 1096 1543 1153 laxaverat
1569 1094 1757 1164 albos,

435 1186 615 1245 Docte
643 1188 958 1260 purpureis
990 1187 1268 1243 instando
1302 1184 1553 1257 denique
1580 1182 1716 1240 filis.

437 1276 552 1335 Sed
586 1294 722 1334 mox
750 1281 819 1332 ut
850 1293 1005 1333 nona
1038 1275 1291 1331 Phoebus
1325 1271 1628 1330 descendit
1657 1271 1717 1327 in
1747 1271 1914 1339 hora,

438 1366 514 1423 Se
545 1365 819 1439 precibus
851 1364 1024 1421 solito
1057 1363 1249 1419 reddit
1280 1363 1508 1418 famosa
1538 1360 1752 1434 puella,

438 1455 519 1511 Ac
548 1454 745 1511 studio
776 1454 994 1509 mentis
1024 1454 1171 1509 bene
1202 1452 1543 1525 perduravit
1574 1450 1633 1505 in
1666 1449 1806 1518 illis,

439 1541 638 1615 Usque
649 1558 755 1615 per
765 1540 1096 1614 angelicum
1112 1538 1369 1611 sumpsit
1382 1555 1547 1595 sccra
1557 1538 1719 1609 virgo
1732 1536 2093 1592 ministrum.

441 1629 613 1686 Omni
643 1646 900 1701 namque
934 1628 1026 1683 die
1058 1627 1304 1682 missam
1336 1626 1450 1682 sibi
1480 1625 1712 1681 ccelitus
1745 1641 1961 1691 escam,

438 1719 648 1775 Escam
681 1717 986 1789 pontifices
1014 1717 1298 1772 dederant
1328 1717 1398 1771 de
1430 1731 1592 1770 more
1624 1718 1908 1787 potentes.

440 1807 602 1863 Hanc
633 1806 827 1863 studio
854 1805 1073 1861 mentis
1106 1804 1281 1860 citius
1312 1802 1604 1859 concessit
1629 1801 1848 1875 egenis.

439 1895 542 1953 88
574 1894 835 1967 Denique
868 1893 1155 1960 caelestes,
1188 1892 1340 1965 lapsi
1375 1892 1444 1948 de
1476 1891 1685 1959 sidere,
1724 1891 1878 1947 cives

442 1984 604 2042 Hanc
636 1983 841 2040 crebro
871 1983 1065 2039 verbis
1095 1981 1555 2038 consolabantur
1587 1979 1813 2048 amicis,

445 2075 733 2146 Spernere
763 2075 1099 2132 terrestrem
1133 2088 1248 2142 quo
1283 2088 1417 2127 mox
1445 2069 1747 2127 didicisset
1782 2084 2065 2139 amorem,

446 2163 519 2221 Et
548 2166 771 2219 castam
803 2160 924 2234 regi
956 2164 1215 2216 mentem
1246 2175 1474 2215 servare
1506 2158 1768 2231 perenni.

438 2249 734 2322 Quisquis
761 2247 1125 2321 languidulis
1154 2248 1428 2304 infirmus
1458 2246 1711 2319 denique
1752 2247 2033 2304 membris

451 2340 613 2398 Hanc
645 2338 844 2395 saltim
878 2337 1089 2411 tetigit,
1126 2337 1335 2410 raptim
1369 2336 1566 2392 salvus
1598 2337 1895 2392 remeavit.

524 2428 713 2500 Hujus
742 2443 878 2483 cum
912 2426 1181 2483 stabilem
1213 2426 1483 2481 volitaret
1511 2425 1667 2481 lama
1696 2442 1799 2497 per
1827 2425 2049 2494 orbem,

452 2517 736 2575 Abiathar
762 2515 1020 2588 reliquos
1050 2519 1248 2572 exorat
1277 2532 1428 2587 saepe
1452 2514 1726 2571 sacerdos

455 2605 765 2663 Pontifices
796 2604 999 2676 templi
1028 2604 1196 2677 pretii
1230 2620 1344 2658 non
1377 2620 1619 2658 munere
1646 2603 1825 2674 parci,

453 2693 686 2750 Vellent
716 2691 1052 2765 prmclaram
1082 2710 1197 2765 quo
1228 2693 1582 2764 despousare
1613 2692 1858 2748 Mariam

457 2782 653 2856 Ipsius
683 2782 916 2855 egregio
946 2780 1117 2855 legali
1152 2782 1362 2839 foedere
1394 2786 1552 2838 nato.

454 2871 618 2939 Quod
651 2870 777 2927 ﬁeri
804 2887 939 2927 vero
973 2870 1243 2943 prohibet
1271 2869 1616 2943 virguncula
1647 2873 1827 2938 casta,

452 2958 675 3031 Inclyta
705 2958 918 3031 regalis
958 2975 1243 3030 spernens
1276 2958 1569 3014 consortia
1598 2957 1819 3029 stirpis,

454 3050 529 3106 Se
560 3065 793 3120 quoque
823 3048 1116 3103 tinetenus
1148 3052 1396 3104 testatur
1429 3048 1621 3103 nobile
1653 3064 1865 3118 corpus

454 3138 597 3209 Ejus
629 3136 900 3207 conjugio
935 3140 1190 3206 percerte
1219 3136 1467 3190 subdere
1501 3134 1681 3190 nullo.

454 3225 621 3283 Talia
652 3224 957 3296 pontifices
990 3224 1080 3279 cui
1118 3240 1249 3277 mox
1277 3224 1469 3277 dixere
1504 3226 1768 3293 potentes
1805 3240 1815 3276 :

1249 434 1299 492 II
1311 427 1781 491 ROTSUITIIIE
1812 421 2201 486 IMONIABI’S
2250 418 3039 482 GANDERSHEIMENSIS
3696 419 3831 478 aea

2104 557 2167 625 Α
2202 552 2388 622 Istud,
2422 568 2525 627 per
2554 552 2755 624 magni
2788 552 2944 625 regis
2974 549 3647 618 studium'Salcmonis,

2196 642 2269 700 Ut
2290 643 2476 710 scitis,
2509 658 2643 697 vere
2674 644 3024 698 manserunt
3055 657 3287 714 semper
3314 640 3375 696 in
3408 639 3517 697 illo

2197 732 2409 789 Forma
2434 730 2769 802 conspicuae
2797 730 2998 786 vultus
3026 728 3448 787 aetate-tenellae

2195 821 2358 878 Natae
2391 820 2701 887 nobilium,
2737 819 2964 875 famoso
2994 818 3258 893 germine
3288 835 3532 892 regum,

2195 910 2384 983 Atque
2413 910 2807 977 sacerdotum,
2838 912 3040 965 vatum
3072 907 3406 980 pariterque
3436 906 3712 980 piorum,

2199 1001 2335 1066 Quae
2367 998 2625 1054 celebres
2657 998 2817 1054 omni
2851 997 3060 1053 merito
3092 1014 3364 1053 mansere
3395 995 3668 1070 popello.

2199 1088 2367 1144 Certe
2398 1087 2654 1160 perfecta
2684 1087 2786 1142 sed
2817 1103 2952 1142 mox
2983 1090 3155 1142 aetate
3184 1090 3435 1159 recepta,

2199 1177 2565 1251 Conjugibus
2596 1180 2771 1233 tantae
2797 1175 3107 1249 condignis
3138 1179 3280 1231 sunt
3309 1175 3577 1245 sociatae,

2203 1265 2388 1323 Multo
2417 1265 2726 1339 magisque
2754 1265 2871 1321 Deo
2904 1264 3255 1337 placuerunt
3285 1281 3527 1336 semper
3557 1264 3637 1320 ab
3668 1263 3777 1320 illo.

2204 1356 2363 1412 More
2395 1356 2498 1411 sed
2530 1354 2766 1411 insolito
2795 1359 2995 1426 sperat
3024 1372 3087 1410 se
3115 1354 3276 1427 virgo
3307 1353 3497 1409 Maria

2205 1445 2381 1501 Posse
2411 1444 2659 1518 placere,
2682 1443 2833 1499 'viris
2864 1444 3095 1500 Domini
3120 1461 3225 1517 pro
3246 1442 3488 1500 nomine
3521 1442 3758 1515 spretis,

2207 1534 2395 1601 Nunc,
2431 1532 2570 1606 quia
2602 1549 2718 1589 non
2750 1535 2999 1603 constat,
3023 1536 3224 1589 votum
3252 1549 3315 1589 se
3337 1532 3589 1589 reddere
3618 1535 3830 1593 tantum,

2209 1622 2411 1679 Restat
2469 1626 2536 1677 ut
2572 1621 2943 1677 Altithonum
2993 1622 3268 1693 precibus
3318 1622 3495 1694 digne
3550 1621 3832 1695 rogitem:

2210 1711 2283 1768 Ut
2311 1728 2416 1766 nos
2450 1711 2594 1767 forte
2621 1710 2747 1767 suis
2780 1710 2954 1767 faciat
2986 1727 3341 1783 cognoscere
3365 1709 3586 1781 jussis,

2211 1801 2371 1857 Hanc
2403 1798 2542 1873 quia
2568 1798 2740 1873 legali
2775 1800 2862 1855 fas
2893 1799 2971 1855 sit
2997 1816 3130 1856 cum
3162 1799 3375 1855 ﬁndere
3397 1800 3607 1873 jungi.

2285 1887 2414 1945 Tali
2447 1888 2692 1945 consilio
2724 1904 3016 1945 consensu
3048 1887 3237 1960 plebis
3266 1888 3509 1960 adepto,

2120 1942 2133 1959 ,ι
2294 1939 2414 1945 ————
2452 1939 2687 1945 ν--------
2728 1939 3016 1945 "nn—ﬁ
3048 1939 3234 1960 τ--ψ-
3270 1939 3509 1960 “vr”.

2120 1939 2183 2007 Β
2215 1979 2444 2034 Sortem
2476 1978 2784 2050 pontifices
2813 1976 3105 2033 miserunt
3136 1976 3410 2049 primitus
3443 1991 3676 2033 omnes.

2216 2067 2373 2123 Inter
2401 2083 2657 2139 namque
2688 2067 2879 2122 tribus
2914 2065 3143 2123 Israelis
3175 2067 3504 2132 duodenas,

2216 2158 2350 2223 Quae
2383 2172 2517 2213 mox
2546 2155 2841 2229 egregiam
2872 2156 3038 2212 Juda:
3068 2155 3263 2227 signat
3292 2156 3411 2212 fore
3441 2156 3706 2228 dignam,

2216 2247 2341 2313 Qua
2371 2245 2677 2318 designata
2709 2262 2825 2318 prae
2854 2244 3085 2301 cunctis
3116 2243 3341 2301 scilicet
3370 2262 3516 2312 una,

2217 2334 2568 2406 Praecepere,
2597 2333 2752 2389 viros
2783 2335 3049 2406 ejusdem
3081 2333 3365 2405 germinis
3392 2349 3626 2401 omnes,

2217 2424 2373 2490 Quos
2403 2423 2530 2480 sine
2559 2424 2913 2497 conjugibus
2945 2423 3081 2478 fecit
3110 2423 3433 2479 consistere
3465 2439 3642 2479 casus
3678 2438 3691 2475 :

2216 2511 2501 2569 Collectos
2532 2528 2668 2586 ergo
2701 2528 3046 2568 concurrere
3076 2509 3199 2567 sole
3222 2512 3484 2568 secundo

2217 2601 2287 2657 Et
2317 2601 2593 2658 manibus
2621 2601 2815 2673 virgas
2848 2599 3065 2665 dextris
3097 2601 3361 2656 conferre
3396 2599 3674 2656 novellas.

2290 2688 2405 2745 Piis
2438 2688 2618 2762 igitur
2646 2689 2874 2746 cunctis
2906 2694 3026 2745 toto
3057 2689 3367 2745 conamine
3400 2688 3594 2755 lectis,

2216 2779 2464 2835 Advenit
2494 2779 2710 2853 dignus
2742 2779 2938 2835 senior
2965 2778 3205 2851 Joseph,
3242 2779 3511 2835 sociatus

2219 2868 2318 2925 85
2351 2867 2493 2936 Illis,
2526 2867 2832 2925 incurvam
2862 2871 3102 2939 portans
3133 2867 3245 2923 sub
3277 2867 3482 2924 indice
3510 2868 3733 2941 virgam.

2215 2958 2290 3012 At
2317 2973 2451 3013 vero
2477 2974 2751 3013 summus
2780 2957 2973 3028 virgas
3004 2955 3260 3012 tollendo
3293 2957 3580 3013 sacerdos

2218 3047 2511 3114 Gaudens,
2545 3051 2889 3102 cunctorum
2922 3046 3169 3102 Domino
3191 3045 3414 3101 faciens
3438 3048 3817 3107 holocaustum,

2217 3135 2363 3201 Quid
2395 3135 2517 3189 fieri
2542 3135 2733 3206 jubet,
2766 3134 2968 3190 effusis
2999 3134 3273 3206 precibus
3307 3136 3624 3208 rogitabat.

2216 3222 2318 3278 Cui
2350 3240 2484 3277 mox
2515 3222 2750 3278 indiciis
2782 3222 2995 3278 divinis
3029 3223 3141 3279 ista
3164 3223 3487 3293 jubentur,

525 3313 727 3368 Nonne
759 3312 911 3368 Deus
943 3311 1173 3380 colitur,
1209 3312 1498 3381 digneque
1532 3317 1735 3382 potens
1774 3314 2101 3378 veneratur,
2136 3311 2180 3379 C
2218 3314 2503 3383 Tempore
2533 3312 2755 3383 digesto
2789 3312 2899 3367 sibi
2934 3329 3059 3384 qum
3095 3312 3327 3368 fuerant
3360 3314 3642 3370 facienda.

456 3404 521 3458 In
553 3400 743 3475 plebis
769 3401 931 3456 Judae
962 3399 1131 3472 legali
1168 3401 1549 3470 posteritate?

455 3492 571 3549 Nec
604 3490 768 3546 decet
800 3490 1109 3561 innuptam
1145 3488 1319 3581 tatem
1355 3505 1653 3543 remanere
1686 3487 1963 3559 puellam.

456 3579 635 3648 Queis
658 3584 937 3634 constans
970 3578 1164 3633 animo
1202 3575 1503 3649 respondit
1534 3575 1670 3633 talia
1701 3578 1862 3649 virgo
1896 3594 1908 3634 :

456 3669 605 3727 Nam
634 3660 790 3724 Deus
818 3667 878 3722 in
910 3664 1129 3738 templo
1159 3666 1373 3738 gaudet
1401 3665 1762 3738 requiescere
1794 3666 2034 3736 mundo,

458 3758 758 3815 Mentibus
788 3760 845 3813 et
876 3755 1110 3822 sobriis,
1148 3772 1251 3811 nec
1284 3754 1611 3828 delectatur
1641 3755 1699 3810 in
1734 3755 1851 3813 illis

454 3845 710 3905 Crimine
742 3861 887 3918 quos
921 3860 1134 3917 magno
1167 3843 1422 3900 maculat
1452 3843 1667 3900 lasciva
1690 3844 1890 3901 libido.

456 3935 712 4003 Scimus,
743 3933 882 3990 Abel
916 3933 1155 4005 duplam
1186 3932 1393 3987 merito
1434 3934 1763 4005 sumpsisse
1812 3949 2108 4001 coronam,

452 4023 567 4092 Qui
598 4024 826 4097 primus
860 4023 1080 4077 mundo
1105 4024 1308 4093 justus
1341 4022 1531 4077 fuerat
1564 4021 1945 4094 protoplasto,

456 4113 646 4170 Unam
680 4112 965 4183 martyrii,
1001 4112 1198 4192 fratris
1231 4111 1300 4166 de
1334 4112 1485 4166 caide
1520 4113 1760 4183 peracti,

455 4203 645 4272 Atque
676 4199 864 4272 magis
893 4198 1139 4254 nitidam
1173 4216 1274 4271 pro
1296 4199 1626 4271 virginitate
1660 4201 2000 4268 secundum,

456 4289 787 4360 Credimus,
821 4287 1005 4344 Eliam
1039 4287 1250 4344 caelum
1284 4289 1523 4360 petiisse
1558 4294 1869 4355 secretum,

458 4379 709 4451 Corpore
742 4394 876 4433 cum
908 4393 1040 4433 vero
1068 4378 1288 4434 mansit
1319 4378 1457 4449 quia
1486 4378 1646 4450 virgo
1680 4382 1965 4449 potenter,

457 4467 575 4526 Nec
607 4484 818 4539 corpus
844 4465 1096 4523 maculis
1124 4482 1386 4537 unquam
1417 4464 1652 4521 violavit
1692 4465 1929 4521 amaris.

456 4556 589 4614 Haec
621 4554 797 4612 didici
829 4560 1002 4623 certe,
1040 4555 1186 4627 legis
1214 4555 1437 4611 ratione
1468 4555 1731 4621 docente,

455 4646 527 4702 Et
557 4643 790 4701 discens
823 4644 1020 4701 animo
1053 4642 1325 4700 mandavi
1355 4641 1560 4698 sedula
1592 4643 1725 4707 fixo,

455 4734 663 4806 Meque
694 4732 1014 4805 puellarem
1048 4730 1177 4787 novi
1213 4730 1465 4786 retinere
1496 4731 1801 4800 pudorem.

524 4822 844 4893 Postquam
877 4821 967 4876 bis
1000 4824 1222 4892 septem
1255 4824 1408 4873 totos
1440 4817 1830 4889 compleverat
1861 4837 2069 4890 annos,

451 4911 577 4968 Non
610 4910 719 4965 hoc
750 4926 877 4965 esse
907 4910 999 4964 sui
1032 4907 1232 4973 moris,
1270 4907 1473 4962 dicunt
1504 4907 1799 4978 Pharisaei,

451 4999 554 5057 84
583 4998 787 5055 [Etatis
814 5002 989 5052 tantre
1021 4998 1174 5068 quod
1208 4996 1378 5051 vellet
1410 4997 1570 5069 virgo
1597 5014 1851 5054 manere.

451 5087 591 5144 Post
619 5086 739 5140 haec
771 5086 829 5140 in
863 5085 1099 5156 templo,
1136 5085 1381 5141 Domini
1418 5087 1528 5141 sub
1579 5087 1797 5143 honore
1850 5094 2100 5158 sacrato,

450 5177 583 5233 Mox
613 5175 991 5229 decreverunt
1024 5174 1309 5247 populum
1344 5193 1688 5232 concurrere
1728 5182 2029 5243 cunctum,

449 5264 523 5321 Ut
549 5262 767 5337 pariter
799 5266 1023 5318 tantam
1056 5268 1351 5319 tentarent
1382 5264 1609 5319 volvere
1641 5282 1900 5321 causam.

446 5354 536 5422 Et,
572 5367 706 5408 cum
737 5350 846 5406 sub
880 5352 1046 5408 tectis
1081 5353 1282 5425 templi
1318 5354 1666 5411 consisteret
1706 5356 1919 5423 omnis,

443 5440 745 5507 Abiathar,
780 5456 955 5511 quem
988 5441 1108 5509 iam
1140 5443 1403 5511 memini,
1440 5443 1549 5499 sub
1584 5442 1707 5514 lege
1739 5444 2032 5513 sacerdos,

2121 3460 2129 3467 ,
2222 3401 2607 3458 Ρτωωοηίιυε
2636 3401 2827 3473 virgas
2861 3401 2961 3473 qui
2993 3401 3157 3456 misit
3186 3403 3460 3474 protinus
3492 3405 3662 3475 ipsas,

2222 3489 2284 3546 In
2318 3489 2521 3562 templi
2554 3495 2822 3545 sanctum
2858 3490 3061 3545 famosi
3087 3491 3221 3563 jure
3244 3496 3560 3561 secretum,

2221 3579 2594 3635 Demandans
2626 3579 2832 3651 quidni
2863 3579 3153 3635 collectim
3180 3578 3310 3635 luce
3334 3580 3622 3653 sequenti,

2222 3666 2357 3723 lnde
2388 3666 2612 3740 regales
2646 3668 2860 3724 iterum
2891 3667 3121 3723 venisse
3150 3674 3411 3741 nepotes,

2222 3756 2713 3829 Unumquemque
2744 3774 2913 3812 suam
2942 3774 3180 3826 rursum
3211 3774 3447 3830 quoque
3496 3771 3710 3814 sumere
3734 3749 3812 3805 vir-

2221 3846 2370 3902 Nam
2382 3845 2495 3903 sibi
2513 3863 2616 3919 pro
2635 3847 2804 3920 signo
2823 3846 3045 3902 dictum
3069 3847 3257 3902 fuerat
3278 3847 3611 3914 manifesto,
3686 3848 3812 3915 [gam-

2220 3933 2394 4007 Virgo
2428 3934 2582 4007 quod
2607 3935 2727 3990 haec
2762 3935 2919 3990 credi
2950 3935 3187 3990 deberet
3210 3934 3424 3991 nobilis
3460 3935 3565 4002 illi,

2222 4024 2302 4080 De
2333 4024 2502 4095 cujus
2531 4025 2695 4096 virga
2724 4022 2991 4080 volitaret
3021 4024 3129 4079 rite
3155 4023 3451 4092 columba,

2222 4115 2358 4179 Qua:
2388 4113 2626 4184 petiisse
2659 4112 2860 4185 polum
2891 4117 3141 4169 tentaret
3171 4114 3440 4185 protinus
3474 4113 3666 4169 altum.

2294 4199 2438 4256 Cum
2470 4205 2558 4257 ter
2589 4201 2749 4258 mille
2782 4219 2923 4257 suas
2951 4203 3269 4257 retinerent
3298 4202 3549 4275 denique
3572 4203 3741 4271 captas

2219 4289 2448 4363 Virgas,
2484 4306 2743 4361 personae
2776 4289 3051 4361 praedicto
3082 4294 3341 4360 tempore
3372 4294 3562 4356 certae,

2222 4379 2337 4435 Nec
2369 4380 2606 4452 signum
2639 4377 2854 4451 populo
2888 4379 3233 4451 praidictum
3266 4379 3530 4435 redderet
3558 4374 3682 4441 ulla,

2221 4467 2447 4525 Obtulit
2476 4468 2783 4525 incensum
2817 4466 3029 4539 presul
3059 4466 3387 4523 venerabile
3420 4480 3659 4529 rursum,

2220 4558 2410 4629 Seque
2440 4558 2599 4614 dedit
2625 4556 2897 4630 precibus
2927 4557 3130 4613 devoto
3162 4561 3394 4629 pectore
3427 4555 3590 4612 fusis.

2139 4685 2188 4754 Ι)
2221 4645 2325 4702 Cui
2358 4664 2492 4703 mox
2522 4646 2738 4702 cozlesti
2771 4646 3000 4702 dicetur
3027 4661 3163 4701 voce
3195 4646 3479 4717 precanti,

2218 4735 2344 4754 17',,_
2406 4734 2418 4754 I
2492 4752 2616 4754 ,_,___
2642 4751 2740 4754 _,,-
2780 4734 2969 4754 1,,__A_'_
3011 4732 3212 4754 1_-A_-L
3252 4733 3389 4754 2___12
3430 4749 3479 4754 --

2218 4734 2461 4808 Virgula
2491 4751 2747 4806 namque
2780 4734 2972 4790 brevis
3001 4732 3219 4805 Joseph
3244 4733 3392 4803 justi
3427 4728 3674 4793 senioris,

2217 4825 2352 4889 Quae
2376 4824 2535 4895 jacet
2567 4822 2627 4877 in
2659 4822 2880 4895 templo
2914 4838 3019 4877 nec
3057 4820 3408 4877 sollicitetur
3438 4821 3510 4877 ab
3539 4817 3666 4882 ullo,

2216 4912 2492 4983 Implebit
2524 4912 2732 4967 merito
2760 4912 3000 4983 signum
3032 4909 3414 4966 memorabile
3446 4907 3580 4965 sola.

2287 4999 2387 5057 llis
2420 5001 2501 5056 ita
2530 5000 2735 5067 ﬁnitis,
2772 4999 2971 5055 sonuit
2997 5016 3106 5055 vox
3135 4998 3509 5070 pontificalis,

2215 5091 2500 5146 Mandans
2533 5090 2589 5144 in
2625 5090 2878 5145 mediam
2909 5088 3126 5160 Joseph
3155 5088 3462 5160 procedere
3493 5083 3713 5143 turbam,

2215 5179 2317 5235 Hic
2349 5184 2473 5234 erat
2505 5180 2791 5249 abjectus,
2819 5179 3008 5235 forma
3040 5176 3319 5247 nullaque
3346 5177 3604 5235 decorus,

2214 5266 2329 5321 Nec
2362 5266 2473 5322 sibi
2505 5266 2860 5337 complacuit
2891 5265 3062 5321 sociis
3094 5266 3369 5320 interfore
3400 5263 3589 5327 tantis,

2212 5356 2323 5412 Sed
2358 5372 2526 5428 mage
2557 5359 2852 5427 pestremo
2883 5354 3102 5426 gaudet
3132 5371 3431 5409 remanere
3461 5346 3663 5411 locello»

2210 5443 2317 5510 Qui
2346 5461 2500 5512 mox,
2534 5448 2600 5499 ut
2626 5460 2827 5499 vocem
2859 5443 3064 5512 sensit,
3100 5461 3162 5499 se
3191 5444 3339 5499 forte
3367 5443 3663 5499 vocantem,

439 5532 766 5589 Ascensum
795 5528 1086 5601 graduum
1119 5531 1459 5587 conscendit
1488 5548 1744 5603 namque
1775 5533 2096 5605 superbum
2208 5531 2498 5590 Processit
2527 5533 2795 5606 pavidus,
2817 5533 3045 5605 virgam
3077 5531 3494 5604 comprendere
3513 5529 3710 5600 jussus,

439 5616 681 5685 Praesul,
710 5620 771 5675 et
798 5616 1016 5675 astanti
1047 5618 1279 5676 dicebat
1308 5617 1450 5675 talia
1480 5616 1635 5692 plebi
1671 5635 1682 5674 :

2206 5621 2289 5678 Ex
2321 5637 2437 5694 qua
2466 5620 2750 5678 continuo
2781 5619 3099 5694 splendens
3127 5632 3364 5694 egressa
3388 5614 3654 5679 columbﬁ,

508 5707 593 5787 Ex
621 5720 738 5786 quo
770 5710 1173 5769 constructum
1218 5707 1408 5769 fuerat
1457 5707 1771 5783 praenobile
1802 5707 2093 5788 templum
2207 5709 2375 5771 Haud
2405 5709 2569 5770 tarde
2597 5709 2810 5771 caelum
2844 5710 3030 5773 fertur
3058 5709 3300 5789 petiisse
3320 5710 3625 5770 secretum.
