3904 6446
86 455 278 524 107⁸3

83 589 209 647 His
245 589 346 647 ita
379 591 722 661 transactis,
743 590 947 650 laudes
970 592 1134 666 plebs
1166 598 1478 664 concrepat
1507 594 1722 661 omnis,

87 680 334 736 Grates
373 681 714 736 Altithrono
747 682 1058 738 rcddcntcs
1093 689 1322 755 pectore
1355 683 1506 737 lecto.

87 771 206 828 86
242 770 369 826 Cui
407 771 633 844 placuit
661 771 829 842 signo
853 773 1084 843 justum
1120 778 1446 828 monstrare
1480 771 1720 838 novello,

89 860 239 932 Ipse
279 860 399 916 sed
435 860 624 915 sitatis
658 878 772 916 non
806 860 1118 916 immemor
1149 862 1464 928 ulterioris,

87 949 475 1006 Protcstaus
507 967 773 1022 proceres
808 967 869 1005 se
903 951 1283 1022 pmgenuisse
1317 956 1576 1022 nepotes,

89 1039 337 1112 Magno
377 1044 645 1111 percerte
679 1041 864 1094 fertur
895 1041 1149 1111 rogitare
1181 1041 1399 1112 pudore

89 1129 469 1193 Pontifices,
509 1129 753 1184 Mariam
786 1147 898 1200 quo
931 1147 1044 1184 non
1079 1129 1289 1184 vellent
1321 1131 1430 1186 sibi
1485 1129 1790 1200 pulchram

91 1218 314 1292 Ipsius
352 1218 620 1291 proprio;
657 1219 756 1272 sed
791 1236 1068 1290 Sponsam
1102 1220 1326 1274 tradere
1363 1224 1517 1274 nato.

89 1308 278 1375 Quod
300 1323 452 1364 cum
471 1308 616 1362 forte
631 1313 936 1378 negant,se
955 1308 1253 1379 signatum
1276 1324 1509 1380 qualine
1527 1313 1788 1374 narrant,

92 1399 185 1455 Ne
224 1397 534 1469 cuiquam
566 1396 721 1452 credi
757 1402 1020 1452 sanctam
1054 1399 1261 1452 debere
1294 1397 1572 1470 puellam,

91 1492 303 1556 Quam
341 1485 670 1558 sibi,quem
695 1485 979 1541 Dominus
1001 1485 1192 1542 solum
1227 1487 1360 1542 fecit.
1379 1488 1496 1542 fore
1518 1487 1784 1560 dignum,

93 1575 599 1644 Exorans,.alias
630 1574 804 1646 coepit
836 1576 1089 1648 rogitare
1123 1575 1348 1648 puellas

94 1665 264 1722 Mitti
301 1680 456 1721 cum
488 1662 690 1729 Maria,
725 1679 904 1718 causa
935 1663 1237 1718 solaminis
1269 1680 1429 1734 ergo,

96 1757 272 1822 Qum,
307 1751 502 1808 veluti
530 1751 876 1808 connutritae
908 1751 1194 1822 sociaeque
1227 1767 1446 1816 coasvze,

95 1843 280 1902 Illam
311 1840 608 1912 colloquii
639 1839 858 1894 scirent
889 1839 1173 1895 solamine
1204 1838 1382 1906 dulci,

95 1935 356 2006 Absque
393 1946 566 1986 mora
596 1927 884 1984 consolari
919 1946 989 1984 ne
1018 1927 1179 1999 virgo
1211 1929 1418 2000 pudori

97 2023 384 2096 Conjuge
421 2036 530 2093 pro
558 2017 755 2074 vetulo
787 2019 950 2074 ﬁeret
982 2019 1246 2088 subjecta
1278 2017 1512 2088 tenella,

99 2111 278 2181 Quod
312 2127 464 2166 mox
494 2107 802 2181 pontifices
834 2107 958 2162 fieri
983 2107 1215 2176 jussere
1247 2112 1538 2178 parentes,

100 2203 222 2259 Sed
255 2199 471 2256 senior
505 2198 724 2252 frustra
753 2197 1067 2251 sudaverat
1101 2197 1214 2251 ista
1247 2197 1529 2265 rogando,

100 2291 237 2348 Non
272 2288 425 2358 sibi,
461 2286 563 2342 sed
594 2284 847 2351 Christo,
884 2286 1072 2340 fuerat
1103 2285 1242 2356 quia
1271 2285 1432 2355 virgo
1461 2285 1672 2339 dicata.

178 2379 516 2451 Postquam
549 2374 856 2447 pontifices
888 2373 1140 2445 preculis
1171 2391 1397 2428 cessere
1427 2374 1741 2446 precantis,

110 2467 341 2540 Joseph
374 2465 729 2522 servandam
763 2463 1022 2534 suscepit
1049 2479 1304 2534 namque
1335 2463 1614 2536 puellam,

105 2560 177 2614 Et
209 2557 447 2630 pariter
481 2552 716 2617 missas,
749 2552 808 2607 ni
841 2551 1032 2617 fallor,
1062 2551 1324 2624 quinque
1356 2551 1598 2624 puellas,

106 2650 384 2714 Quarum
421 2643 510 2699 sic
542 2659 678 2714 ergo
711 2641 1032 2697 creduntur
1061 2640 1301 2695 nomina
1323 2641 1477 2696 dicta
1511 2657 1523 2693 :

107 2733 530 2809 Scphiphona,
561 2730 756 2798 Zabel,
789 2730 1082 2796 Susanna,
1117 2729 1397 2798 Rebecca,
1427 2729 1666 2800 Abigea,

107 2826 216 2892 Qui
251 2840 412 2897 opus
445 2821 521 2876 ad
556 2817 760 2890 templi
792 2818 1128 2890 pertingens
1160 2835 1415 2889 namque
1447 2817 1661 2872 sacrati

109 2913 401 2970 Traditur
432 2914 713 2966 ornatum
748 2908 1010 2963 studiose
1043 2908 1462 2978 perficiendum

109 3002 386 3076 Purpura
420 3014 561 3054 cum
594 2997 768 3069 bysso
800 2996 989 3051 linum
1021 3012 1156 3050 cum
1187 2995 1397 3051 vellere
1427 3011 1649 3063 serum,

111 3091 384 3164 Purpura
418 3088 526 3144 sed
559 3091 772 3143 sanctae
807 3084 1036 3156 fulgens
1069 3085 1366 3156 operanda
1398 3084 1616 3152 Mariae,

109 3179 386 3236 Creditur
418 3178 496 3234 ad
528 3174 722 3231 velum
754 3174 986 3230 Domini
1019 3172 1218 3244 templi
1250 3173 1595 3245 pretiosum.

183 3269 290 3326 His
318 3283 508 3340 super
537 3281 794 3321 accensa:
827 3267 1143 3335 pressantes
1176 3263 1391 3334 quippe
1422 3261 1651 3334 puellae,

113 3356 429 3431 Opprobrii
462 3369 644 3410 causa
673 3351 945 3408 dixerunt
974 3349 1166 3408 taliter
1193 3365 1330 3421 ergo
1366 3367 1376 3403 :

116 3447 273 3503 Num
300 3451 362 3502 te
391 3443 658 3516 reginam
691 3445 922 3497 constat
951 3444 1083 3512 post
1112 3439 1233 3494 11330
1265 3440 1383 3495 fore
1416 3443 1706 3508 nostram,

116 3533 247 3590 Jam
277 3533 540 3590 taxanda
563 3529 692 3598 tibi,
727 3529 867 3602 quia
896 3545 1158 3600 purpura
1183 3528 1444 3584 creditur
1474 3527 1577 3584 uni

117 3623 241 3678 Non
272 3639 454 3696 parvo
487 3637 626 3676 cum
656 3621 738 3675 sis
757 3618 965 3690 junior
994 3623 1058 3674 tu
1092 3621 1351 3690 tempore
1383 3617 1553 3672 nobis
1578 3635 1592 3684 ;

119 3714 251 3778 Qua:
281 3717 427 3768 tunc
463 3713 530 3765 ut
553 3725 786 3780 semper
815 3707 961 3763 bene
995 3705 1284 3764 sustinuit
1318 3706 1630 3778 patienter,

119 3799 288 3856 Talia,
314 3817 426 3857 nec
447 3798 627 3856 verbo
647 3797 774 3868 jam
807 3796 1234 3852 contradixerat
1264 3795 1403 3852 ullo.

189 3889 283 3946 81
319 3892 542 3946 Astans
571 3887 678 3942 sed
709 3886 884 3942 citius
917 3891 1120 3942 custos
1151 3903 1384 3958 semper
1413 3884 1526 3941 sibi
1554 3885 1710 3941 fidus

119 3979 374 4052 Angelus
394 3975 687 4049 astrigera
716 3975 982 4047 dilapsus
1013 3974 1158 4030 dixit
1187 3975 1259 4030 ab
1293 3974 1451 4042 aula,

120 4066 242 4123 Non
272 4071 349 4136 te,
383 4069 572 4140 virgo,
608 4081 746 4136 rogo
778 4065 1088 4136 pertubent
1119 4063 1260 4120 talia
1287 4063 1482 4132 verba,

121 4155 245 4210 Istas
277 4161 544 4230 percerte
573 4154 713 4226 quia
738 4158 938 4208 vatum
971 4169 1131 4208 more
1162 4152 1394 4221 locutze,

122 4242 250 4300 Jam
279 4263 442 4304 nunc
471 4259 734 4317 praesaga
761 4242 1036 4298 dicebant
1061 4258 1197 4305 voce
1229 4241 1448 4308 futura,

123 4333 210 4388 Tu
239 4335 385 4406 quia
407 4333 538 4390 sola
566 4336 832 4404 potenter
861 4331 977 4386 eris
1010 4331 1212 4402 regina
1241 4331 1535 4402 perennis,

125 4421 236 4478 Nec
267 4440 384 4480 non
415 4420 697 4494 stelligeri
726 4419 1083 4476 dominatrix
1107 4418 1326 4492 inclyta
1354 4418 1502 4475 coeli.

195 4510 332 4568 Post
361 4511 489 4568 huic
517 4513 742 4567 secreta
771 4508 1062 4565 residebat
1091 4507 1154 4562 in
1181 4508 1304 4563 aede
1334 4508 1555 4580 quieta,

128 4597 454 4672 Purpureos
485 4598 687 4672 digitis
717 4597 848 4654 {ilos
875 4613 1125 4669 operans
1155 4596 1498 4653 benedictis.

128 4686 376 4759 Angelus
407 4693 468 4744 et
497 4702 772 4743 summus
799 4684 1030 4742 Gabriel
1061 4685 1473 4756 conspectibus
1503 4687 1652 4756 ejus,

130 4775 321 4832 Astitit
350 4777 640 4850 astrigera
667 4775 944 4831 caelorum
976 4773 1180 4846 lapsus
1211 4774 1283 4829 ab
1315 4773 1450 4831 aula

129 4861 466 4938 Virgineum
497 4866 680 4921 decus
707 4863 899 4920 verbis
931 4863 1141 4919 affatur
1166 4862 1392 4928 amicis,

133 4949 300 5010 Juxta
329 4958 675 5011 cunctorum
705 4969 954 5009 narrans
983 4951 1222 5008 oracula
1247 4956 1470 5010 vatum.

133 5037 316 5110 Ipsius
344 5058 376 5098 e
396 5046 556 5100 casto
577 5041 754 5097 .nasei
783 5040 1082 5114 dignarier
1111 5038 1240 5096 alvo

133 5127 433 5188 Altithroni
463 5130 694 5204 prolem
712 5131 936 5186 mundo
966 5129 1113 5187 satis
1142 5129 1559 5202 antiquiorem,

133 5213 502 5294 Virgineique
525 5221 769 5288 modum
799 5224 1006 5292 partus
1037 5223 1236 5275 narrat
1265 5219 1734 5280 memorandum.

199 5306 352 5381 Ergo
373 5326 490 5365 non
520 5309 744 5366 nostris
773 5309 928 5382 potis
955 5313 1048 5364 est
1079 5306 1356 5380 exponier
1383 5309 1558 5378 orsis,

137 5391 329 5452 Nobile
357 5398 915 5473 colloquiumlongo
946 5413 1216 5454 sermone
1247 5403 1548 5470 peractum

139 5480 404 5557 Virginis,
435 5495 668 5546 aeternis.
687 5487 905 5544 Christi
932 5487 1142 5543 matris
1173 5487 1487 5544 benedictae

141 5569 334 5631 Partus
361 5581 420 5633 et
443 5579 593 5636 tan-ti
624 5594 792 5635 sacra
817 5577 1115 5633 narrantis
1146 5576 1555 5650 paranymphi,

144 5657 246 5716 Sed
275 5679 376 5720 nec
406 5668 706 5741 dactylicis
737 5685 886 5741 opus
914 5672 1006 5724 est
1036 5684 1144 5722 nos
1175 5667 1425 5738 psallere
1455 5665 1690 5723 chordis

146 5745 408 5822 Magnum
439 5774 745 5836 tumrorem
777 5757 996 5830 Jeseph
1027 5757 1362 5828 durumque
1395 5755 1678 5824 dolorem,

1123 459 1489 522 llIS'l‘OltIA
1539 459 1901 522 INTACTA‘I
1947 461 2075 524 DEI
2121 461 2585 524 GENITRICIS.

3401 470 3560 534 M4

1826 594 1888 670 Α
1912 593 2148 651 Frustra
2175 595 2522 652 cordetenus
2554 613 2669 669 quo
2693 597 2820 670 jam
2853 598 3042 656 fuerat
3071 601 3392 674 cruciatus,

1907 683 2104 740 Talem
2139 685 2279 739 dum
2313 687 2614 757 gravidam
2649 687 2930 743 sensisset
2961 689 3105 744 forte
3130 690 3409 762 puellam,

1907 773 2162 839 Qualiter
2193 780 2248 830 et
2278 776 2465 830 tristis
2496 775 2721 832 solatur
2751 781 3009 849 tempore
3042 780 3250 848 noctis,

1903 861 2162 934 Virginis
2195 863 2423 919 intacta:
2447 865 2656 936 jussus
2689 882 2889 920 curam
2924 867 3192 937 retinere,

1903 949 2159 1023 Virginis
2191 957 2246 1008 et
2280 954 2395 1007 nati
2435 954 2600 1008 nobis
2635 956 2702 1008 de
2736 955 2923 1010 sidere
2957 956 3144 1012 missi.

1905 1039 2033 1095 Ilzec
2065 1042 2378 1113 evangelici
2414 1043 2821 1098 demonstrant
2853 1049 3061 1099 cuncta
3093 1045 3298 1116 libelli,

1902 1127 2142 1208 Nostras
2173 1135 2228 1184 et
2261 1130 2495 1201 fragiles
2527 1132 2810 1186 excedunt
2842 1133 3094 1204 denique
3124 1135 3294 1192 vires.

1901 1217 2002 1273 His
2036 1236 2140 1272 nos
2169 1221 2531 1274 transmissis
2565 1227 2833 1276 constant
2864 1222 3000 1293 quia
3033 1225 3265 1294 cognita
3295 1231 3546 1299 cunctis,

1901 1307 2242 1363 Sermonem
2269 1308 2432 1363 vobis
2465 1313 2693 1364 tantum
2731 1312 3011 1365 faciemus
3045 1313 3115 1366 ab
3149 1313 3286 1382 illis,

1898 1395 2146 1452 Charius
2179 1396 2235 1451 in
2269 1396 2483 1468 templo
2516 1415 2642 1469 quae
2671 1399 2988 1454 creduntur
3017 1402 3161 1456 forte
3192 1402 3366 1458 dicta.

1969 1484 2133 1540 Certe
2165 1502 2299 1539 cum
2333 1486 2602 1541 stabilem
2633 1487 2883 1543 volitans
2913 1489 3134 1545 veniret
3165 1491 3224 1546 in
3259 1493 3458 1550 orbem

1897 1572 2167 1646 Undique
2199 1575 2495 1646 subjectos
2518 1575 2981 1646 describijussio
3013 1577 3192 1635 lectos

1895 1661 2138 1719 Cresaris
2165 1665 2411 1735 Augusti
2446 1681 2806 1736 censumque
2837 1665 2948 1721 sibi
2981 1668 3260 1738 profiteri,

1895 1751 1996 1809 88
2027 1751 2244 1824 Joseph
2276 1754 2348 1808 ad
2382 1753 2633 1824 patriam
2664 1753 2927 1809 Bethlem
2959 1761 3291 1826 perrexerat
3316 1758 3546 1827 urbem,

1895 1842 2038 1897 Cum
2071 1842 2428 1914 desponsata
2457 1841 2692 1897 sibimet
2723 1848 3061 1916 praegnante
3093 1845 3310 1914 Maria;

1815 1969 1865 2038 Β
1893 1930 1964 1985 Et
1993 1947 2128 1986 cum
2162 1930 2404 1986 famosis
2429 1935 2625 1986 essent
2657 1948 2835 2002 prope
2867 1933 3160 1990 mcenibus
3197 1933 3380 2002 urbis,

1892 2019 2147 2090 Aspexit,
2177 2037 2289 2075 non
2323 2020 2638 2091 corporeis,
2672 2021 2772 2076 sed
2809 2026 3004 2077 mente
3035 2022 3256 2090 ocellis,

1892 2107 2171 2165 Cominus
2199 2108 2354 2163 alma
2385 2109 2532 2163 duos
2559 2107 2906 2179 virguncula
2932 2114 3084 2166 stare
3117 2111 3396 2183 popellos,

1893 2195 2085 2253 Unum
2116 2197 2423 2263 ridentem,
2455 2213 2559 2252 nee
2592 2214 2706 2251 non
2741 2196 2920 2252 alium
2954 2197 3394 2270 laerymantem,

1892 2287 2054 2352 Quod
2087 2287 2303 2358 Joseph
2335 2286 2528 2341 vetulo
2559 2304 2826 2354 narrans,
2861 2278 3086 2343 audivit
3117 2289 3188 2346 ab
3222 2289 3321 2348 illo
3357 2307 3369 2344 :

1891 2377 2135 2432 Contine
2166 2377 2430 2447 subjecto
2463 2381 2690 2431 tantum
2723 2381 2777 2431 te
2810 2378 2915 2432 rite
2939 2377 3233 2448 jumento,

1890 2465 1960 2521 Et
1990 2464 2130 2534 noli,
2167 2481 2364 2538 posco,
2397 2483 2632 2521 narrare
2665 2466 2962 2538 superflua
2985 2467 3180 2522 verba.

1961 2554 2216 2618 Dixerat,
2251 2559 2306 2609 et
2330 2556 2606 2626 juvenem
2641 2572 2835 2610 coram
2868 2556 3163 2627 prospexit
3193 2557 3455 2624 herilem,

1889 2643 1996 2709 Qui
2030 2643 2144 2699 sibi
2178 2643 2523 2715 mysterium
2553 2643 2868 2698 declaravit
2901 2644 3250 2716 populorum

1888 2731 2054 2788 Talia
2084 2736 2315 2788 sacrata
2341 2732 2542 2788 dicens
2575 2750 2676 2803 pro
2709 2733 2928 2803 virgine
2955 2733 3128 2788 verba
3163 2750 3173 2787 :

1888 2820 2006 2876 Cur
2029 2821 2176 2876 dicis
2206 2821 2456 2899 Mariam.
2483 2839 2595 2876 non
2637 2821 2876 2874 verbula
2902 2837 3036 2875 vera
3065 2821 3320 2876 locutam

1887 2909 2254 2982 Indignatus,
2285 2927 2412 2964 eam
2445 2913 2730 2964 secretum
2764 2924 2996 2964 cernere
3027 2909 3213 2966 solam

1886 2999 2034 3055 Nam
2067 2999 2300 3054 flentem
2334 2997 2616 3070 populum
2647 2998 2856 3053 merito
2885 2998 3030 3053 vidit
3058 2997 3404 3067 Judeorum,

1887 3089 1995 3154 Qui
2023 3103 2155 3144 mox
2183 3103 2216 3142 a
2248 3086 2495 3144 Domino
2525 3087 2784 3142 discedet
2813 3087 2986 3141 corde
3018 3086 3300 3160 maligno,

1886 3175 2102 3234 Contra
2130 3175 2407 3250 gentilem
2436 3177 2535 3232 sed
2569 3175 2770 3231 laetitia
2799 3176 3086 3232 fluitatem

1886 3267 1970 3322 Ad
1998 3265 2132 3321 fidei
2162 3281 2442 3338 magnum
2472 3265 2610 3337 quia
2639 3265 2932 3337 perveniet
2964 3270 3424 3322 sacramentum.

1805 3335 1848 3402 ί)
1957 3353 2059 3410 His
2091 3335 2289 3422 dictis,
2319 3335 2561 3410 Mariam
2593 3335 2806 3409 blande
2838 3370 3152 3410 conversus
3185 3355 3258 3412 ad
3308 3353 3534 3412 almam

1885 3445 2143 3515 Tempus
2176 3443 2523 3498 adesse‘sibi
2556 3441 2855 3498 Christum
2888 3446 3086 3498 narrat
3114 3443 3388 3515 pariendi

1883 3533 2018 3598 Quae
2051 3533 2122 3588 de
2154 3531 2418 3601 subjecto
2451 3530 2756 3586 descendit
2780 3531 3246 3601 jussajumento

1883 3619 2116 3678 Intrans
2147 3618 2488 3691 speluncam
2521 3619 2632 3672 sub
2663 3623 2817 3673 terra
2845 3617 2952 3673 rite
2985 3618 3234 3674 locatam

1881 3710 2017 3775 Qua:
2049 3707 2202 3764 male
2237 3706 2538 3779 praesentis
2571 3707 2804 3778 penitus
2834 3706 2944 3762 fuit
2973 3706 3158 3762 inscia
3187 3705 3336 3763 lucis

1880 3797 1950 3853 Et
1979 3813 2155 3869 quam
2186 3795 2474 3852 continua:
2507 3811 2739 3866 semper
2769 3797 3008 3850 tenuere
3036 3795 3310 3850 tenebrae.

1882 3886 1994 3942 Sed
2025 3902 2180 3952 mox,
2212 3887 2278 3939 ut
2301 3883 2496 3938 lucem
2527 3881 2780 3954 genitrix
2810 3881 3072 3954 paritura
3102 3901 3420 3955 perennem

1881 3975 2041 4032 Hanc
2070 3973 2234 4043 adiit,
2269 3972 2448 4028 radiis
2479 3971 2656 4044 cmpit
2688 3971 2909 4042 fulgere
2940 3971 3204 4028 coruscis

1880 4064 1996 4120 Nec
2027 4067 2159 4136 post
2185 4062 2307 4118 hac
2336 4060 2416 4116 ibi
2448 4059 2699 4116 caelestis
2732 4059 2830 4116 lux
2859 4060 3039 4116 defuit
3071 4062 3233 4117 omni

1880 4154 2165 4224 Tempore
2196 4169 2308 4224 quo
2341 4150 2595 4222 genitrix
2625 4150 2742 4206 illic
2775 4150 2994 4206 mansit
3022 4151 3167 4208 bene
3201 4151 3355 4210 felix.

1951 4241 2150 4297 Noctis
2181 4239 2509 4312 tranquillte
2541 4240 2736 4296 medio
2763 4239 3072 4297 libramine
3102 4244 3277 4310 certe,

1880 4331 2001 4388 Illic
2032 4331 2153 4386 hrrc
2182 4331 2382 4386 eadem
2416 4330 2621 4401 genuit
2644 4329 2991 4400 virguncula
3019 4329 3247 4402 prolem

1878 4421 2152 4478 Gaudens
2182 4417 2462 4486 divinam,
2487 4417 2716 4474 cunctis
2747 4417 2962 4474 seculis
2989 4419 3404 4484 venerandam,

1878 4508 1985 4566 Cui
2015 4524 2228 4564 nomen
2253 4506 2452 4573 Jesus,
2483 4505 2578 4561 cui
2609 4505 2685 4561 sit
2713 4505 2864 4572 laus,
2897 4503 3104 4578 gloria,
3137 4505 3345 4574 virtus,

1879 4597 2112 4656 Solvere
2143 4596 2242 4669 qui
2273 4599 2537 4652 veterum
2569 4595 2808 4650 veniens
2847 4593 3084 4650 oracula
3111 4597 3334 4660 vatum,

1803 4704 1860 4770 Β
1882 4689 1954 4744 Se
1968 4703 2070 4760 pro
2103 4684 2379 4742 salvando
2407 4688 2720 4740 venturum
2754 4682 2996 4756 praescia
3028 4683 3248 4739 mundo

1883 4777 2090 4833 Pacem
2122 4772 2399 4830 ccelicolis
2435 4773 2570 4828 fecit
2602 4787 2732 4828 cum
2759 4771 2982 4828 civibus
3015 4772 3192 4828 orbis.

1883 4865 1982 4923 89
2015 4867 2197 4932 Quem
2229 4862 2496 4934 genitum
2529 4879 2692 4918 sacro
2727 4865 2898 4917 castaa
2931 4861 3002 4916 de
3030 4860 3276 4933 virginis
3306 4861 3455 4934 alvo,

1883 4955 2168 5012 Protenus
2198 4949 2500 5024 angelicas
2527 4950 2872 5006 circumstat
2903 4949 3153 5020 denique
3185 4953 3370 5006 ccetus
3407 4969 3419 5006 :

1883 5043 2158 5101 Laudans
2187 5039 2502 5098 submissis
2534 5039 2813 5095 factorem
2842 5038 3084 5095 vocibus
3115 5039 3295 5107 orbis,

1883 5133 2068 5190 Orans
2097 5133 2157 5186 et
2184 5144 2434 5202 puerum
2465 5128 2636 5184 nobis
2667 5127 2738 5183 de
2768 5126 2958 5184 sidere
2989 5128 3295 5196 missum,

1883 5223 1994 5280 Sed
2027 5222 2215 5276 mater
2237 5217 2457 5285 subito,
2486 5217 2716 5274 cunctis
2745 5217 3095 5284 veneranda,
3130 5217 3343 5288 Maria,

1881 5309 2138 5368 Collocat
2168 5310 2420 5382 augusto
2447 5305 2693 5378 praesepi
2725 5307 2990 5362 membra
3019 5305 3235 5363 tenella

1881 5399 2116 5465 Christi,
2151 5394 2484 5470 panniculis
2519 5411 2714 5468 regem
2741 5394 3022 5452 volvendo
3054 5411 3375 5467 perennem

1952 5488 2024 5542 Et
2053 5484 2188 5558 pius
2215 5483 2440 5540 interea
2465 5483 2708 5556 Joseph,
2739 5483 3044 5557 digressus
3074 5485 3146 5542 ab
3178 5484 3302 5556 illa,

1881 5577 2012 5633 Mox
2043 5574 2384 5630 obstetrices
2417 5589 2619 5628 secum
2651 5574 2817 5629 duxit
2847 5574 3148 5643 mulieres,

1880 5669 2014 5732 Quae
2043 5663 2244 5729 Zelmi,
2274 5661 2507 5728 Salomc
2537 5663 2769 5720 fuerant
2797 5664 2870 5720 de
2899 5663 3134 5720 nomine
3163 5663 3349 5726 dictae,

1881 5752 2014 5810 Sola
2046 5753 2148 5808 sed
2179 5751 2504 5825 ingreditur
2534 5753 2760 5820 Zelimi,
2783 5753 3130 5822 Salomeque
3159 5753 3390 5805 veretur
