3904 6438
392 443 550 512 1075

1194 448 1731 511 HROTSUITH/E
1774 444 2147 509 MONIALIS
2195 446 2755 510 GANDERSIIEIM
2771 447 2995 509 ENSIS
3656 446 3781 507 4076

3829 129 3846 457 l

388 584 653 656 Tangere
683 579 1029 654 speluncam
1061 580 1308 653 pedibus
1342 581 1653 653 splendore
1683 581 1989 653 repletam.
2069 581 2125 647 Α
2156 581 2384 637 Intrant
2411 588 2469 637 et
2501 582 2663 655 pueri
2694 581 2911 653 regalia
2944 583 3095 636 tecta
3126 578 3350 648 tenelli,

390 672 522 729 Mox
553 687 786 743 quoque
814 669 1143 741 virgineum
1176 669 1389 724 Zelemi
1422 673 1682 724 tractans
1706 670 1797 742 pie
1816 673 2048 742 partum
2158 673 2253 727 9]
2294 671 2459 726 Haud
2492 671 2649 725 vario
2674 674 2827 725 certe
2860 669 3131 741 digestim
3168 670 3317 741 picta
3351 668 3565 737 colore,

386 759 760 826 Exclamans,
791 758 943 831 signi
980 758 1124 812 dixit
1152 758 1299 813 bene
1334 758 1570 814 credula
1598 759 1745 814 tanti
1783 776 1795 813 :

387 848 536 915 Quid
571 846 683 903 sibi
706 862 822 902 non
858 849 1054 919 nupta:
1088 850 1293 918 partus
1325 846 1451 901 vult
1480 847 1593 902 iste
1626 846 1935 903 novellus?

386 937 594 994 Editus
623 953 755 993 ecce
787 953 935 1009 puer
964 936 1143 1009 regali
1176 936 1438 1009 germine
1472 954 1658 1009 nuper

386 1025 669 1099 Conjugis
698 1029 991 1098 expertem
1018 1026 1165 1079 bene
1196 1024 1453 1079 declarat
1484 1026 1602 1079 fore
1634 1030 1903 1079 matrem.

387 1116 577 1189 Atque
607 1130 820 1187 parens
849 1113 1012 1186 virgo
1043 1118 1251 1168 natum
1284 1113 1463 1169 lactat
1493 1113 1585 1185 pie
1617 1113 1742 1169 sola

389 1203 680 1260 Uberibus
712 1202 892 1258 castis
924 1203 995 1257 de
1024 1202 1168 1257 cmlo
1190 1203 1327 1271 jure
1359 1202 1615 1274 repletis,

390 1293 517 1349 Non
550 1292 715 1348 dolor
743 1295 833 1347 est
864 1292 1035 1345 matri
1068 1307 1173 1346 nec
1204 1296 1293 1346 est
1323 1290 1637 1346 maculatio
1664 1291 1831 1362 proli,

391 1382 608 1439 Ordine
636 1380 834 1436 divino
868 1380 992 1436 fieri
1025 1381 1125 1435 sed
1160 1380 1299 1436 talia
1331 1382 1523 1436 credo.

2159 760 2381 817 Sideris
2406 760 2690 831 obsequio
2722 758 2885 826 tanti,
2922 759 3021 813 sed
3060 758 3168 813 rite
3201 758 3382 830 polita

2161 848 2330 904 Proni
2362 848 2626 920 vestigiis
2662 850 2904 920 ligentes
2930 846 3130 901 oscula
3159 847 3363 919 prolis,

2160 938 2427 1009 Orantes,
2462 936 2718 1010 preculis
2751 935 2960 991 humili
2992 953 3226 1008 quoque
3258 953 3395 991 vocc
3429 937 3701 1007 profusis,

2160 1026 2339 1081 Trino
2367 1024 2658 1081 cmlestem
2692 1028 3046 1078 venerantur
3077 1041 3319 1079 munere,
3350 1025 3591 1096 Regem,

2161 1116 2325 1169 Hunc
2360 1114 2779 1185 hominemque
2812 1113 2995 1167 Deum
3029 1113 3407 1185 designantes
3438 1113 3787 1168 moriturum.

2160 1204 2264 1269 Qui
2304 1221 2458 1271 mox,
2491 1202 2549 1257 in
2583 1203 2810 1257 somnis
2842 1202 3051 1257 moniti
3086 1202 3195 1257 sub
3229 1206 3489 1274 tempore
3522 1204 3722 1271 noctis,

2157 1293 2241 1347 Ad
2276 1293 2524 1365 patriam
2558 1292 2673 1346 ἰωιί
2709 1292 2953 1347 redeunt
2989 1309 3086 1363 per
3116 1290 3283 1346 devia
3303 1292 3487 1346 ducti.

2232 1381 2334 1436 His
2365 1381 2445 1436 ita
2476 1380 2743 1453 digestis,
2779 1381 3057 1446 Herodes,
3092 1379 3387 1452 pessimus
3416 1380 3628 1447 hostis,

464 1471 625 1527 Hanc
646 1469 881 1526 Salome
896 1486 1095 1525 vocem
1111 1485 1548 1541 spernens,non
1570 1469 2050 1541 fictaloquentem
2156 1468 2407 1542 Augusti
2434 1469 2587 1541 jussi
2625 1469 2870 1524 Romam
2899 1468 3231 1523 deducitur.
3264 1469 3437 1541 Ergo,

392 1560 629 1617 Dixerat
657 1557 878 1614 auditis
908 1574 1037 1615 sese
1063 1576 1178 1614 non
1212 1559 1446 1615 credere
1474 1558 1690 1627 verbis,

391 1650 475 1706 Ne
505 1649 713 1722 probet
742 1647 873 1720 ipsa
902 1664 1131 1703 sacram
1159 1648 1355 1720 palma
1375 1649 1668 1719 tangendo
1700 1648 1965 1703 Mariam.

392 1738 540 1795 Hinc
570 1737 841 1811 ingressa
869 1753 1039 1791 suam
1072 1737 1247 1808 coepit
1275 1737 1623 1809 protendere
1654 1737 1943 1806 dextram,

391 1828 687 1885 Audacter
715 1828 939 1882 castam
968 1829 1203 1882 tentans
1234 1825 1497 1898 palmare
1528 1825 1799 1895 Mariam,

392 1917 506 1975 Sed
538 1914 674 1972 talis
707 1932 941 1988 pmnam
970 1915 1193 1970 confert
1221 1914 1467 1971 audacia
1496 1915 1759 1988 dignam,

391 2008 607 2065 Dextra
637 2009 727 2061 est
757 2005 1037 2061 continuo
1068 2005 1346 2061 tentatrix
1377 2004 1700 2072 debilitata,

397 2095 634 2170 Ingenti
669 2098 825 2151 certe
850 2095 1146 2150 cruciatur
1168 2096 1303 2167 jure
1334 2094 1551 2150 dolore.

392 2187 560 2243 Tunc
588 2183 820 2241 Salome
852 2181 1120 2252 clamans
1153 2182 1349 2239 animo
1378 2183 1683 2239 subtristis
1714 2200 1933 2252 amaro,

404 2274 713 2331 Defectum
744 2250 971 2327 dextrae.
993 2271 1255 2328 subitum
1290 2272 1520 2328 deflevit
1549 2273 1857 2345 ademptae,

393 2362 671 2435 Moreque
699 2361 947 2417 Judaico
980 2361 1287 2433 proprium
1319 2361 1595 2416 meritum
1626 2360 1941 2415 recitando.

392 2454 511 2511 Nec
542 2469 659 2508 non
681 2450 923 2522 justitia
955 2454 1048 2506 sat
1079 2450 1384 2506 confidens
1415 2448 1715 2515 simulata,

394 2540 564 2598 Talia
592 2538 959 2596 Celsithrono
992 2539 1175 2594 fertur
1205 2538 1344 2595 dare
1370 2538 1548 2594 verba
1577 2538 1827 2594 dolendo
1860 2556 1872 2595 :

464 2629 657 2686 Testis
683 2632 1029 2684 cunctorum
1064 2627 1513 2701 consolatorque
1541 2627 1839 2696 laborum,

397 2720 511 2777 90
542 2720 631 2774 Tu
663 2717 781 2774 scis
812 2716 1118 2790 praeceptis
1151 2717 1373 2771 fueram
1408 2717 1562 2788 quod
1598 2714 1805 2771 sedula
1832 2714 1999 2786 legis,

393 2808 683 2880 Quodque
707 2806 791 2861 tui
827 2823 1008 2863 causa
1040 2823 1271 2879 semper
1302 2806 1525 2861 fueram
1559 2806 1706 2861 bene
1737 2805 1920 2876 larga,

394 2895 767 2970 Pauperibus
800 2895 1031 2951 cunctis
1060 2894 1227 2952 lectis
1258 2896 1330 2951 de
1358 2894 1578 2951 finibus
1607 2895 1766 2950 orbis
1800 2911 1813 2949 :

396 2987 505 3056 Qui
537 3001 793 3042 mmrens
823 2983 1006 3057 venit,
1035 2984 1107 3040 de
1136 3002 1229 3040 me
1259 3001 1493 3057 quoque
1524 2982 1710 3039 laetior
1741 2983 1861 3048 ivit,

395 3079 467 3135 Et
495 3092 654 3132 nunc
682 3092 787 3147 pro
820 3074 1047 3130 meritis
1075 3074 1267 3146 patior
1293 3074 1577 3128 damnum
1611 3088 1783 3143 grave
1818 3070 2017 3125 tantis.

463 3166 570 3233 Qui
606 3182 741 3220 mox
772 3180 1063 3235 apparens
1088 3162 1324 3234 juvenis
1352 3159 1732 3232 praelucidus,
1769 3159 1901 3214 infit
1933 3176 1946 3213 :

390 3251 744 3311 Panniculos
770 3251 933 3323 pueri
968 3250 1338 3306 solummodo
1372 3252 1544 3319 tange
1580 3247 1806 3313 tenelli,

392 3341 688 3399 Accedens
719 3339 865 3393 istas
895 3338 967 3393 ad
1000 3337 1225 3409 regales
1252 3336 1364 3390 cito
1396 3352 1599 3403 cunas,

394 3432 642 3504 Ipseque
671 3426 879 3498 majori
902 3429 958 3481 te
987 3425 1258 3481 restituet
1287 3423 1547 3479 sanitati.

393 3520 527 3577 Haec
557 3516 658 3573 ubi
682 3516 857 3588 jussa
888 3513 999 3571 sibi
1033 3514 1301 3585 sequitur
1332 3512 1623 3568 solamina
1651 3514 1866 3580 dantis,

394 3606 715 3680 Tangendo
747 3604 1063 3660 minimum
1096 3618 1426 3674 pannorum
1456 3602 1709 3674 denique
1742 3601 1904 3659 tilum
1943 3621 1955 3658 :

394 3697 595 3757 Sensit
618 3712 682 3752 sc
713 3693 908 3750 subito
940 3692 1162 3748 salvam
1196 3692 1316 3747 fore
1349 3708 1589 3763 corpore
1618 3695 1761 3762 toto,

392 3789 466 3844 Et
494 3789 692 3861 grates
721 3782 970 3839 Domino
1002 3780 1283 3837 reddebat
1315 3797 1452 3855 voce
1478 3797 1711 3848 canora,

390 3874 501 3941 Qui
533 3872 645 3929 sibi
679 3870 955 3943 dignatus
984 3868 1161 3925 talem
1196 3869 1458 3924 conferre
1487 3866 1758 3924 salutem.

462 3961 676 4019 Ordine
708 3960 931 4032 digesto
963 3962 1273 4031 postquam
1309 3958 1419 4013 fuit
1449 3975 1585 4031 ergo
1616 3957 1833 4029 repleta

388 4052 553 4108 Visio
583 4054 910 4122 pastorum,
941 4048 1179 4120 signum
1217 4046 1455 4102 sibimet
1483 4063 1718 4118 quoque
1749 4047 1971 4103 dictum

389 4141 471 4198 De
501 4153 679 4212 parvo
708 4152 888 4210 puero
921 4135 1283 4210 praesepibus
1315 4134 1683 4202 inveniendo,

390 4229 583 4302 Ipsius
613 4227 779 4301 pueri
812 4243 1045 4299 quoque
1076 4224 1448 4281 circumcisio
1480 4223 1719 4289 Christi,

389 4317 657 4375 Nominis
691 4320 864 4388 atque
897 4315 988 4371 sui
1022 4314 1252 4385 fulgens
1284 4312 1502 4385 aptatio
1535 4312 1753 4384 magni.

390 4407 578 4481 Reges
609 4404 911 4477 astrologi,
936 4403 1078 4459 solis
1110 4404 1182 4459 de
1211 4402 1449 4458 cardine
1481 4401 1632 4457 lecti.

386 4497 683 4553 Advenere
713 4495 888 4567 Magi,
921 4492 1225 4551 stellarum
1254 4491 1380 4563 lege
1412 4490 1604 4562 periti,

388 4588 722 4652 Quaerentes
753 4584 959 4638 urbem
991 4583 1278 4637 famosam
1312 4578 1563 4651 denique
1595 4577 1812 4644 Salem,

385 4675 502 4731 Nec
536 4691 651 4730 non
685 4673 994 4738 Herodem,
1030 4669 1321 4725 constanti
1356 4672 1587 4740 pectore
1614 4684 1832 4739 regem,

385 4761 715 4818 Sollicitant
745 4761 900 4833 regis
933 4776 995 4814 se
1026 4757 1329 4813 nativitate
1362 4755 1631 4820 recentis,

385 4850 459 4906 Se
482 4849 702 4905 vidisse
730 4864 939 4904 novam
973 4847 1164 4901 fantes
1197 4844 1538 4916 nuperrime
1570 4844 1821 4911 stellam,

383 4939 519 5005 Quae
551 4938 767 5010 Regem
801 4940 1005 4991 natum
1039 4936 1471 4988 demanstraret
1499 4933 1845 4988 Judcorum.

453 5025 554 5081 His
585 5042 685 5080 rex
711 5025 986 5080 turbatus
1017 5026 1243 5077 secreta
1274 5026 1469 5077 mente
1501 5022 1807 5093 profanus,

381 5114 598 5171 Accitis
630 5113 805 5170 citius
837 5112 1068 5180 scribis,
1105 5110 1328 5167 audivit
1360 5111 1431 5167 ab
1466 5110 1607 5177 illis,

382 5204 547 5260 Certe
577 5202 833 5259 Bethleis
862 5203 1024 5259 nasci
1057 5202 1212 5273 quod
1236 5201 1505 5257 Christus
1532 5201 1591 5255 in
1621 5202 1741 5258 oris

377 5292 558 5349 Juxta
586 5294 935 5348 cunctorum
969 5290 1144 5345 debet
1174 5289 1442 5345 carmina
1471 5293 1694 5357 vatum,

380 5378 613 5436 Scilicet
641 5374 815 5451 atque
848 5378 1034 5452 Magis
1053 5378 1239 5450 jussit
1272 5395 1406 5434 cum
1441 5378 1643 5433 fraude
1676 5379 1961 5450 remissis,

380 5468 456 5525 Ut
485 5485 734 5543 puerum
766 5473 1033 5540 quaerant
1066 5471 1293 5540 natum,
1326 5467 1563 5523 sibimet
1593 5484 1827 5541 quoque
1867 5488 2031 5528 mon-

1830 5565 2034 5626 [strcnt

379 5649 565 5712 Quem
593 5646 755 5719 cupit
785 5645 995 5714 occidi,
1025 5645 1315 5700 simulans
1348 5663 1409 5702 se
1440 5644 1584 5701 velle
1613 5649 1847 5718 precari

378 5735 487 5799 Qui
519 5740 889 5792 monstrante
919 5734 1073 5791 viam
1108 5733 1277 5790 stella
1312 5739 1561 5807 pergunt
1593 5736 1706 5789 cito
1739 5745 1977 5809 rectam,

2069 4697 2118 4760 Ι)

2159 1562 2283 1626 Quo
2312 1558 2400 1614 vel
2433 1562 2730 1632 purgaret,
2762 1558 2853 1613 lex
2886 1563 2952 1613 ut
2984 1559 3249 1614 Romana
3276 1558 3531 1630 doceret,

2159 1647 2438 1703 Criminis
2470 1647 2750 1720 imposita
2780 1648 2850 1702 de
2883 1646 3083 1720 magni
3115 1664 3178 1702 se
3210 1646 3323 1703 cito
3356 1646 3551 1719 culpa,

2159 1736 2261 1792 Vel
2292 1737 2502 1810 capitis
2533 1754 2765 1810 pomum
2792 1738 2954 1809 justc
2985 1740 3285 1809 pateretur
3315 1754 3604 1793 amaram.

2160 1827 2425 1899 Namque
2456 1843 2589 1882 rcus
2623 1826 2954 1899 majestatis
2977 1826 3204 1882 dicetur
3232 1824 3458 1895 herilis,

2159 1916 2229 1971 Et
2260 1916 2466 1972 merito
2499 1915 2676 1972 talem
2710 1916 2935 1989 patitur
2957 1916 3085 1987 jam
3118 1915 3544 1988 suspicionem,

2164 2005 2274 2072 Qui
2309 2006 2472 2078 cupit
2500 2005 2754 2073 insidiis,
2788 2004 3064 2077 volupino
3095 2004 3268 2059 corde
3299 2002 3545 2076 paratis,

2165 2094 2388 2151 Prolem
2422 2093 2673 2150 caelestis
2706 2094 2961 2149 divinam
2995 2094 3236 2166 perdere
3266 2093 3463 2166 Regis.

2164 2184 2282 2240 Hoc
2314 2201 2449 2240 nam
2486 2184 2680 2239 divino
2713 2187 2859 2239 nutu
2892 2184 3114 2238 factum
3150 2183 3289 2250 fore,
3322 2183 3525 2248 credo,

2164 2276 2327 2340 Quod
2359 2279 2497 2328 tunc
2530 2277 2786 2345 percerte
2822 2273 3065 2327 Romam
3100 2271 3416 2327 mandatur
3444 2272 3629 2337 adire,

2165 2365 2307 2433 Quo,
2335 2380 2397 2417 se
2430 2364 2751 2429 subtracto,
2785 2361 2932 2434 legis
2954 2359 3335 2416 mandamina
3355 2365 3575 2416 cuncta

2166 2451 2403 2507 Plenius
2436 2452 2494 2506 in
2528 2456 2664 2507 nato
2695 2449 3130 2522 complerentur
3160 2448 3274 2504 cito
3305 2448 3562 2505 Christo.

2237 2541 2523 2613 Namque,
2557 2545 2765 2612 quater
2793 2539 2981 2609 denis,
3017 2556 3194 2595 cursu
3226 2539 3497 2606 ducente,
3534 2538 3769 2610 peractis

2164 2630 2425 2704 Virginei
2458 2634 2662 2703 partus
2691 2629 2965 2702 digestim
3002 2628 3110 2684 rite
3142 2627 3369 2695 diebus,

2166 2720 2270 2776 llic
2299 2721 2504 2775 Factor
2535 2718 2817 2774 membris
2848 2718 3128 2773 caelorum
3163 2731 3412 2787 namque
3442 2714 3701 2782 tenellis,

2166 2809 2411 2865 Sistitur
2439 2808 2495 2862 in
2532 2807 2785 2880 proprio,
2822 2824 2996 2879 parvo
3022 2823 3155 2861 cum
3191 2821 3449 2871 munere,
3485 2802 3723 2875 templo.

2167 2897 2333 2954 Ulnis
2363 2901 2638 2968 exceptus
2672 2894 2939 2951 tremulis
2963 2894 3112 2965 justi
3146 2892 3460 2959 Simeonis,

2166 2988 2235 3043 Et
2265 2986 2468 3041 mundi
2502 2985 2788 3039 Dominus
2822 2981 3133 3053 condignis
3165 2984 3257 3035 cst
3287 2978 3545 3035 benedic

2166 3075 2329 3144 Odis,
2362 3090 2429 3128 ex
2462 3073 2587 3144 ipso
2613 3074 2778 3143 justo
2810 3070 3083 3125 Simeone
3112 3070 3370 3135 vetusto,

2167 3163 2281 3218 Nec
2314 3179 2426 3217 non
2460 3161 2685 3215 famosa
2717 3159 2997 3231 praesagis
3028 3156 3271 3213 vocibus
3301 3157 3498 3213 Anna.

2170 3251 2269 3306 llis
2302 3266 2532 3322 quoque
2563 3247 2869 3320 completis
2893 3248 3063 3319 juxta
3094 3246 3484 3301 mandamina
3514 3245 3674 3318 legis,

2074 3326 2117 3392 C
2154 3340 2237 3395 Ad
2270 3339 2522 3412 patriam
2557 3338 2818 3394 Bethlem
2841 3337 3141 3392 redierunt
3171 3334 3444 3408 protinus
3476 3336 3695 3391 urbem.

2227 3428 2397 3495 Nam,
2433 3432 2564 3499 post
2593 3427 2714 3482 haec
2744 3426 2900 3482 binis
2933 3423 3274 3480 mansurnis
3304 3440 3456 3495 pene
3494 3423 3733 3496 repletis,

2161 3517 2354 3572 llostis
2385 3517 2458 3572 ab
2489 3515 2694 3572 exsilio
2722 3516 2965 3570 veniens
2998 3530 3309 3586 perversus
3339 3529 3571 3581 amaro,

2158 3607 2319 3673 Quod
2351 3607 2545 3661 dixere
2576 3606 2753 3677 Magi,
2785 3604 3052 3661 volvebat
3082 3606 3277 3659 mente
3308 3601 3559 3671 dolenti,

2158 3697 2231 3751 Se
2258 3695 2379 3751 nati
2411 3694 2643 3751 stellam
2678 3694 2854 3767 Regis
2886 3693 3105 3748 vidisse
3135 3692 3431 3747 decoram.

2156 3786 2258 3842 92
2294 3786 2419 3839 Ιιιυθ
2452 3784 2710 3840 recolens
2741 3799 3007 3856 proceres
3040 3780 3201 3853 regni
3235 3780 3531 3851 rogitabat
3574 3777 3771 3840 herilcs,

2155 3876 2241 3930 An
2271 3875 2567 3930 redeundo
2600 3873 2753 3944 Magi
2785 3873 3085 3928 venissent
3116 3873 3309 3926 mente
3338 3868 3498 3924 fideli
3523 3868 3551 3923 ‘?

2154 3963 2276 4033 Vel,
2312 3963 2453 4035 quid
2485 3963 2555 4018 de
2588 3966 2724 4018 nato
2756 3961 3186 4017 demandareut
3218 3957 3329 4013 sibi
3363 3956 3639 4013 Christo?

2155 4052 2263 4118 Qui
2295 4069 2429 4108 mox
2460 4051 2755 4122 responsis
2784 4050 3003 4121 pariter
3034 4047 3240 4103 dicunt
3270 4046 3420 4115 bene
3452 4045 3661 4110 ﬁrmis,

2154 4143 2226 4197 Se
2258 4141 2501 4207 nescire,
2536 4140 2685 4212 Magi
2722 4139 2940 4194 fuerint
2969 4138 3015 4193 si
3053 4138 3200 4193 forte
3231 4134 3470 4201 reversi,

2154 4231 2269 4285 Nec
2298 4230 2439 4301 quid
2468 4231 2539 4284 de
2569 4235 2706 4284 nato
2738 4245 2867 4283 sese
2897 4226 3226 4298 perdiscere
3262 4224 3439 4294 Rege.

2152 4319 2258 4374 His
2288 4335 2465 4391 super
2491 4334 2772 4373 accensus
2805 4332 2904 4370 rex
2938 4314 3190 4370 llsrodes
3222 4311 3603 4376 furibundus,

2153 4409 2411 4473 Mittens,
2442 4407 2693 4461 infantes
2725 4405 2907 4461 occidi
2944 4403 3215 4475 protinus
3247 4416 3457 4456 omnes

2152 4497 2257 4562 Qui
2292 4500 2431 4550 tunc
2465 4494 2717 4550 Bethleis
2753 4495 2983 4549 fuerant
3013 4490 3291 4565 przncepit
3319 4489 3379 4543 in
3413 4489 3557 4555 oris,

2151 4586 2223 4640 Se
2255 4601 2485 4655 semper
2512 4584 2707 4638 vivum
2738 4599 2985 4654 sperans
3018 4581 3393 4651 exstinguere
3424 4576 3705 4632 Christum

2151 4674 2344 4729 Posse.
2378 4674 2488 4728 Sed
2511 4675 2569 4727 in
2602 4674 2827 4727 somnis
2861 4671 3121 4727 monitus
3150 4667 3368 4740 Joseph
3402 4662 3760 4722 venerandus.

2152 4763 2344 4834 Pergit
2374 4763 2433 4816 in
2463 4763 2798 4834 ZEgyptum,
2828 4760 2987 4815 vasti
3009 4776 3112 4831 per
3141 4757 3308 4813 devia
3346 4771 3550 4811 secum

2148 4852 2451 4907 Deducens
2483 4850 2661 4905 eremi
2695 4850 2897 4905 Jesum
2932 4865 3064 4904 cum
3099 4849 3285 4903 matre
3319 4843 3619 4908 tenellam,

2147 4941 2286 4997 Novi
2318 4939 2615 4996 terrestris
2647 4939 2875 4996 Christo
2902 4937 3241 4994 dominante
3273 4932 3527 4988 timoris.

2148 5030 2313 5086 Talia
2344 5030 2443 5085 sed
2472 5028 2642 5084 solito
2674 5028 2811 5084 fecit
2840 5027 3057 5100 pietate
3088 5039 3365 5096 superna,

2147 5119 2375 5192 {Egypti
2409 5118 2682 5174 tenebras
2712 5116 2949 5189 propria
2980 5133 3094 5188 quo
3124 5114 3256 5169 luce
3288 5114 3554 5167 vetustas

2148 5210 2281 5265 Mox
2310 5207 2654 5275 illustraret,
2688 5222 2792 5277 per
2821 5223 2883 5261 se
2908 5205 3262 5279 penitusque
3291 5202 3544 5273 fugaret.

2218 5296 2473 5368 Contigit
2508 5312 2645 5367 ergo
2677 5295 3079 5371 diequadam,
3114 5291 3484 5364 requiescere
3513 5283 3648 5341 velle

2144 5387 2323 5443 Juxta
2352 5384 2716 5457 speluncam,
2750 5388 3017 5439 sanctam
3040 5399 3175 5438 cum
3209 5377 3371 5453 prole
3404 5375 3663 5432 Mariam.

2145 5479 2279 5543 Quae
2314 5479 2405 5531 sat
2433 5474 2592 5530 lassa
2622 5471 2745 5530 solo
2778 5474 2967 5529 fuerat
2997 5489 3133 5528 cum
3166 5471 3310 5526 forte
3338 5466 3553 5530 locata,

2144 5565 2380 5621 Scilicet
2412 5564 2470 5617 in
2500 5562 2725 5634 gremio
2755 5562 2958 5617 Jesum
2991 5560 3151 5616 molli
3189 5556 3541 5620 refovendo;

2145 5654 2311 5711 Multi
2346 5650 2638 5708 terribiles
2667 5652 2993 5722 procedunt
3022 5664 3278 5719 namque
3311 5646 3590 5700 dracones

2141 5747 2223 5802 Ex
2254 5740 2694 5814 hac'spelunca,
2733 5759 2846 5812 pra:
2877 5759 2995 5813 qua
3028 5741 3135 5795 fuit
3171 5739 3298 5809 ipsa
3330 5734 3540 5789 locata.
