3936 6400
148 422 265 483 229

1090 424 1743 499 PBAELOQUIORUM
1786 424 1993 491 LIBRI
2041 425 2217 490 SEX.
2250 463 2327 473 —
2356 426 2508 491 LlB.
2555 428 2661 492 lli.

3467 434 3588 496 230

148 555 351 621 odium
375 558 588 614 mundi
613 558 907 617 sustinere
931 576 1069 616 cum
1088 559 1455 633 capite.Quid
1475 560 1633 617 enim
1654 559 1819 617 vobis
1846 562 1903 629 Α
1927 561 2159 632 Populus
2191 562 2371 631 (Prov.
2413 579 2566 629 xxnr,
2593 565 2681 632 18)
2705 581 2719 631 ;
2754 568 2842 619 etc
2870 580 2883 619 :
2914 564 3020 632 Qui
3049 565 3239 635 recipit
3264 564 3587 638 prophetam

148 644 394 714 faciunt,
427 648 589 720 quod
640 665 759 704 non
792 648 936 703 mihi
984 649 1311 719 majoribus
1343 649 1491 705 meis
1533 650 1659 720 jam
1700 666 1818 705 non

147 733 413 791 fecerunt
442 738 732 794 membris
752 737 874 795 ?,Si
899 753 988 809 me
1010 740 1285 810 persecuti
1319 746 1466 804 sunt,
1500 746 1552 794 et
1584 755 1675 794 vos
1702 753 1822 811 per-

143 833 443 897 sequentur
490 825 680 898 (Joan.
713 844 807 882 xv.
839 827 955 896 20).
988 825 1154 882 Sicut
1184 828 1330 898 (134)
1378 843 1484 899 ego
1514 826 1819 883 vobiscum

145 928 340 985 usque
401 916 474 971 ad
537 916 1113 973 consummationem
1169 915 1369 975 saeculi
1429 933 1562 973 sum
1605 916 1817 989 (Matth.

144 1018 346 1070 xxvm,
380 1005 498 1074 20),
531 1004 615 1059 ita
646 1020 752 1060 nec
781 1005 1048 1073 deerunt,
1083 1004 1185 1077 qui
1230 1020 1324 1060 me
1370 1005 1430 1060 in
1479 1004 1644 1061 vobis
1687 1004 1820 1061 odio

145 1089 431 1158 habeant,
463 1098 915 1167 persequantur,
944 1109 1394 1166 sermonemque
1412 1099 1819 1163 vestrum,non

147 1180 291 1253 quia
321 1186 536 1251 vester,
570 1183 672 1239 sed
708 1182 850 1255 quia
880 1200 1049 1239 meus
1078 1187 1189 1251 est,
1223 1187 1601 1239 contemnant
1634 1200 1647 1238 :
1681 1200 1820 1239 nam

146 1271 199 1325 si
231 1275 446 1339 vester,
494 1272 554 1329 id
602 1276 711 1339 est,
746 1271 1063 1341 saeeularis,
1111 1272 1384 1342 carnalis,
1428 1271 1698 1345 vitiisque
1730 1273 1818 1328 fa-

144 1375 294 1415 vens
324 1363 503 1427 esset,
537 1361 745 1434 utique
795 1366 1116 1418 amaretur.
1162 1360 1311 1427 Quid
1371 1366 1507 1418 ante
1564 1378 1820 1417 messem

145 1447 428 1522 colligere
449 1448 675 1506 zizania
703 1449 882 1506 vultis
918 1451 1122 1523 (Matth.
1156 1468 1279 1517 xm,
1315 1452 1430 1522 20),
1463 1467 1577 1506 non
1609 1468 1819 1506 caven-

145 1540 237 1594 tes
256 1554 335 1594 ne
358 1537 540 1597 simul
571 1543 627 1595 et
658 1537 919 1595 triticum
942 1556 1076 1595 cum
1127 1539 1273 1614 ipsis
1323 1539 1650 1609 eradicetis,
1683 1556 1818 1596 cum

144 1627 329 1683 etiam
353 1626 415 1683 in
439 1627 542 1683 tali
567 1628 719 1684 facto
732 1629 978 1701 periisse
995 1646 1147 1701 saepe
1165 1629 1329 1701 pium
1350 1647 1453 1701 pro
1468 1629 1649 1702 impio
1664 1629 1822 1685 vide-

147 1713 281 1791 ritis
301 1716 330 1770 Τ
353 1716 490 1770 Mihi
516 1716 732 1789 potius,
771 1719 916 1773 mihi
957 1717 1220 1786 vindicta,
1251 1734 1346 1790 ego
1377 1719 1698 1783 retribuam,
1735 1718 1821 1772 di-

148 1804 228 1860 cit
254 1804 548 1862 Dominus
582 1807 766 1875 (Hebr.
798 1823 852 1872 x,
881 1806 994 1877 30).

837 1896 959 1952 Τιτ.
1002 1895 1146 1951 VIII.

182 1985 317 2045 715.
354 1983 576 2040 Verum
628 1983 678 2038 si
737 1983 1118 2041 calumniaris
1175 2002 1263 2053 ea,
1300 2002 1429 2056 qua:
1483 1986 1553 2042 de
1606 1985 1826 2042 sanctis

154 2072 383 2144 scripta
415 2077 579 2140 sunt,
617 2073 688 2127 ad
724 2090 847 2137 nos,
881 2074 981 2145 qui
1016 2072 1187 2145 longe
1220 2074 1372 2129 infra
1402 2089 1573 2147 peces
1619 2091 1822 2130 eorum

145 2161 447 2232 jacemus,
462 2177 560 2218 me
591 2177 705 2217 non
732 2162 941 2218 debere
967 2166 1331 2229 convertere;
1356 2163 1426 2217 ad
1453 2162 1561 2218 hoc
1582 2180 1823 2235 respon-

152 2248 288 2318 deo,
323 2249 607 2322 quoniam
639 2248 698 2305 in
732 2247 841 2305 hoc
869 2250 1083 2307 saeculo
1114 2250 1266 2306 sicut
1297 2268 1507 2307 sumus
1549 2252 1634 2307 eis
1687 2269 1821 2307 con-

150 2342 347 2396 sortes
370 2338 700 2395 ministerio
723 2339 1441 2407 ordinis,itaetconsortes
1462 2344 1519 2396 et
1538 2341 1827 2413 dignitate

152 2427 420 2483 nominis
464 2433 523 2483 et
551 2427 857 2501 privilegio
889 2429 1146 2484 honoris.
1179 2430 1341 2493 Quod
1374 2428 1423 2485 si
1456 2436 1718 2485 nostram
1751 2430 1823 2485 ad

150 2516 398 2572 illorum
430 2515 840 2573 studuerimus
858 2518 1040 2573 vitam
1060 2534 1427 2590 componere,
1456 2519 1679 2575 erimus
1700 2521 1828 2592 par-

1928 650 1991 704 in.
2044 651 2269 705 nomine
2316 651 2614 722 propheta,
2675 652 2977 709 mercedem
3024 655 3298 724 prophetae
3354 656 3589 727 accipiet

1929 737 2141 806 (Matth.
2175 755 2231 804 Χ,
2263 740 2350 807 41,
2385 740 2456 795 de
2488 741 2799 812 praeterito,
2835 758 2948 796 non
2982 743 3052 797 de
3083 742 3280 799 futuro
3308 742 3397 799 vel
3439 762 3585 817 pres-

1930 826 2079 881 senti
2109 826 2256 883 velis
2285 827 2848 899 accipere.Qnandiu
2880 848 3111 903 quoque
3146 831 3261 887 ista
3287 834 3588 889 durabunt

1930 914 2208 989 insignia,
2240 917 2444 972 tandiu
2479 921 3002 991 contemptoribus,
3034 919 3500 990 iujuriatoribus,
3531 928 3588 977 et

1930 1005 2405 1076 persecutoribus
2436 1022 2636 1062 eorum
2671 1009 2894 1074 eadem,
2929 1026 3054 1081 quae
3088 1009 3371 1082 antiquis,
3417 1014 3590 1067 erunt

1930 1081 2201 1156 crimina,
2223 1111 2329 1150 nec
2350 1094 2407 1149 in
2444 1095 2561 1152 ullo
2594 1095 2901 1152 dissimilis
2931 1114 3130 1170 pmna;
3156 1081 3271 1153 niSi
3302 1100 3457 1172 quod
3477 1099 3587 1155 du-

1930 1182 2054 1238 rius
2085 1183 2293 1239 l‘eritur
2321 1184 2610 1257 protervia
2639 1202 2818 1258 quam
2849 1184 3587 1260 ignorantia,contemptus

1929 1287 2108 1343 quam
2139 1288 2434 1341 excessus,
2468 1274 2696 1329 dicente
2744 1274 2991 1329 Domino
3026 1294 3039 1331 :
3068 1276 3134 1330 .s‘i
3161 1292 3270 1333 non
3300 1278 3584 1346 venissem,

1927 1364 1977 1417 et
2010 1360 2219 1417 locutus
2246 1363 2476 1433 fuissem
2505 1364 2602 1430 eis,
2636 1368 2919 1435 peccatum
2960 1381 3067 1419 non
3117 1366 3378 1422 haberent
3407 1368 3585 1438 (Joan.

1926 1466 2022 1515 xv,
2052 1451 2147 1521 22)
2174 1468 2188 1519 ;
2221 1455 2277 1506 et
2308 1467 2321 1505 :
2353 1453 2522 1507 Fiunt
2550 1454 2847 1509 novissima
2893 1454 3134 1509 hominis
3189 1455 3347 1510 illius
3400 1456 3589 1529 pejora

1926 1538 2206 1609 prioribus
2264 1539 2472 1611 (Matth.
2529 1558 2628 1609 xu,
2684 1542 2793 1609 45).
2860 1540 3169 1614 Itemque:
3230 1546 3374 1599 Ecce
3422 1560 3590 1599 sanus

1928 1628 2107 1698 factus
2138 1644 2193 1682 es
2213 1645 2237 1692 ;
2265 1628 2398 1684 vade
2428 1636 2479 1684 et
2506 1630 2745 1700 amplius
2773 1631 2892 1684 noli
2931 1647 3176 1700 peccare,
3231 1648 3302 1686 ne
3356 1632 3592 1688 deterius

1930 1715 2034 1769 tibi
2075 1716 2291 1787 aliquid
2336 1720 2615 1788 contingat
2661 1720 2841 1788 (Joan.
2876 1735 2929 1780 v,
2964 1720 3092 1788 14);
3133 1723 3190 1775 et
3238 1720 3595 1777 Tolerabilius

1929 1805 2037 1858 erit
2066 1811 2228 1859 terra:
2265 1804 2625 1862 Sodomorum
2655 1815 2706 1862 et
2734 1808 3205 1863 Gomorrheeorum
3238 1810 3297 1864 in
3323 1809 3412 1865 die
3430 1810 3593 1882 judi-

1932 1893 2027 1960 cii,
2090 1910 2259 1964 quam
2318 1894 2410 1949 illi
2463 1896 2678 1951 civitati
2717 1895 2924 1963 (Matth.
2962 1913 3015 1961 x,
3052 1896 3178 1968 15);
3213 1913 3340 1970 qua:
3370 1898 3595 1954 audivit

1935 1981 2175 2052 quidem
2206 1982 2449 2038 verbum
2479 1984 2606 2053 Dei,
2626 1984 2724 2039 sed
2751 1985 2985 2039 credere
3016 1985 3387 2058 contempsit;
3414 1989 3593 2043 etzVae

1932 2071 2035 2124 tibi
2067 2069 2353 2136 Corozain,
2377 2087 2464 2128 va:
2485 2075 2588 2127 tibi
2616 2074 2926 2136 Bcthsaida,
2954 2072 3592 2149 concludensque,Tgro

1934 2163 1985 2215 et
2017 2158 2209 2215 Sidoni
2238 2162 2522 2217 remissius
2536 2163 2647 2217 erit
2678 2163 2739 2216 in
2757 2162 2845 2217 die
2865 2162 3071 2235 judicii
3089 2180 3255 2236 quam
3276 2165 3589 2235 tibi(Matth.

1930 2264 2009 2316 X1,
2041 2248 2157 2320 21),
2191 2254 2248 2305 et
2277 2250 2592 2322 Apostolus
2628 2269 2640 2306 :
2674 2252 2881 2315 Melius,
2912 2250 3126 2324 inquit,
3175 2262 3294 2309 erat
3345 2256 3426 2310 eis
3480 2272 3593 2311 non

1931 2353 2250 2409 cognoscere
2280 2342 2424 2395 viam
2452 2341 2722 2407 veritatis,
2750 2357 2916 2411 quam
2942 2349 3071 2410 post
3110 2344 3476 2411 cognitionem
3503 2360 3591 2399 re-

1933 2432 2170 2482 trorsum
2197 2429 2439 2483 converti
2473 2430 2541 2500 (II
2569 2430 2716 2483 Petr.
2738 2446 2799 2493 ιι,
2817 2428 2932 2499 21).
2955 2428 3061 2483 Per
3083 2430 3338 2503 Moysem
3357 2449 3593 2503 quoque

1933 2513 2062 2586 ipse
2099 2516 2426 2572 Dominus:
2487 2518 2706 2579 Anima.
2751 2517 2850 2584 ait,
2883 2532 3009 2588 qua:
3059 2533 3160 2588 per
3215 2520 3595 2588 ignorantiam

150 2605 367 2678 ticipes
398 2608 456 2660 et
478 2604 675 2678 gloriae
709 2606 1099 2678 sempiternas.
1134 2608 1295 2673 Quod
1338 2607 1387 2684 si
1446 2607 1634 2673 aliter,
1669 2607 1826 2680 quod
1929 2606 2235 2674 peccaverit
2261 2621 2445 2660 coram
2474 2605 2725 2672 Domino,
2754 2604 3136 2677 deprecabitur
3159 2623 3261 2678 pro
3312 2624 3375 2663 ea
3412 2625 3595 2665 sacer-

152 2694 347 2761 absit;
381 2692 505 2750 illic
535 2694 1076 2767 separabimur,qui
1106 2694 1199 2750 hic
1225 2695 1560 2752 communis
1586 2696 1827 2752 honoris
1934 2691 2050 2759 dos,
2079 2692 2222 2763 quod
2272 2695 2449 2748 inscia
2474 2696 2800 2765 peccaverit,
2833 2694 3250 2767 impetrabitque
3275 2696 3330 2751 ei
3351 2698 3590 2766 veniam,

152 2789 213 2838 et
243 2782 564 2838 ministerii
594 2783 787 2839 ofﬁcio
820 2783 983 2856 fungi
1022 2785 1312 2840 videmur.
1363 2781 1511 2840 Nam
1561 2785 1611 2841 si
1660 2785 1830 2841 aliter
1935 2789 1987 2835 et
2043 2780 2356 2837 dimittetur
2410 2784 2481 2837 εἰ.
2526 2783 2726 2837 Anima
2778 2799 2921 2847 1W0,
2975 2798 3102 2854 qtae
3152 2800 3254 2856 per
3279 2786 3594 2857 superbiam

156 2876 354 2940 esset;
378 2870 523 2943 quid
549 2870 858 2944 illa,quam
889 2872 1204 2945 regendam
1238 2873 1628 2945 suscepimus,
1663 2875 1826 2929 Chri-
1935 2870 2149 2942 aliquid
2206 2872 2553 2941 commiserit,
2609 2874 2812 2944 peribit
2864 2873 2930 2928 de
2962 2874 3164 2944 populo
3190 2891 3310 2944 suo,
3344 2877 3473 2947 quia
3506 2892 3592 2932 re-

156 2959 440 3017 stianitas
470 2959 688 3017 valeret
716 2964 739 3015 P
766 2962 835 3016 Et
864 2962 912 3017 si
944 2962 1169 3031 eodem,
1194 2979 1310 3034 quo
1342 2961 1598 3030 illorum,
1633 2968 1832 3020 noster
1937 2960 2098 3014 bellis
2126 2961 2237 3031 fuit
2265 2959 2525 3017 adversus
2575 2962 2900 3029 Dominum;
2961 2961 3163 3019 idcirco
3219 2963 3491 3021 delebitur
3541 2972 3595 3020 et

160 3067 279 3106 non
313 3049 786 3106 sanctiﬁcaretur
814 3049 1024 3122 spiritu
1057 3052 1433 3123 pontiﬁcatus
1462 3053 1610 3121 (135)
1638 3070 1651 3121 ;
1684 3053 1826 3125 quid
1930 3049 2177 3120 portabit
2227 3051 2581 3123 iniquitatem
2625 3067 2784 3107 suam
2831 3052 3018 3121 (Num.
3077 3069 3169 3119 xv,
3214 3056 3330 3123 28).
3360 3053 3597 3110 Inﬁnita

155 3138 655 3211 prodesset,quod
681 3143 881 3194 nostro
908 3138 1232 3196 ministerio
1263 3146 1490 3197 sacrato
1512 3141 1829 3198 chrismate
1939 3154 2172 3210 quoque
2183 3142 2457 3195 astruunt
2475 3139 2816 3196 testimonia
2836 3141 3095 3197 severius
3108 3141 3367 3212 judicari
3387 3142 3448 3199 in
3470 3160 3591 3213 eos,

156 3228 260 3284 80
295 3226 635 3301 baptizatur
663 3226 965 3300 populus?
996 3227 1144 3292 Quid
1176 3229 1428 3302 denique
1455 3230 1647 3288 missa:
1677 3230 1827 3288 cele-

1938 3225 2039 3297 qui
2072 3227 2343 3294 scienter,
2364 3244 2542 3300 quam
2571 3228 2670 3300 qui
2704 3229 3032 3285 nescienter
3060 3229 3596 3302 delinquunt;unde

153 3315 732 3384 bratio,benedictio,
754 3321 811 3373 et
833 3317 1199 3373 diversarum
1224 3335 1417 3374 rerum
1442 3321 1822 3388 consecratio,
1855 3306 1899 3374 C
1938 3319 1995 3370 et
2024 3314 2169 3371 illud
2202 3316 2261 3371 in
2292 3316 2521 3388 psalmo
2548 3317 2922 3374 :Descendant
2951 3319 3011 3372 in
3044 3320 3327 3389 infernum
3355 3322 3596 3377 viventes

112 3478 123 3483 ὓ
152 3404 240 3462 vel
272 3404 461 3461 ullius
490 3405 677 3461 divini
712 3404 911 3463 cultus
940 3405 1220 3462 exhibitio
1240 3408 1268 3461 ?
1296 3410 1410 3463 Aut
1438 3408 1638 3482 itaque
1667 3409 1828 3466 Chri-

151 3493 524 3550 stianitatem
549 3494 837 3550 defecisse
869 3495 1269 3566 pronuntia,et
1303 3495 1445 3552 illud
1473 3513 1675 3553 verum
1697 3513 1828 3553 esse

151 3583 404 3656 denega,
438 3583 594 3655 quod
626 3583 710 3639 ait
740 3582 872 3638 falsi
906 3583 1103 3639 nescia
1133 3584 1363 3641 Veritas
1391 3585 1521 3657 ipsa
1547 3604 1561 3641 :
1586 3590 1828 3656 Eccech

153 3674 441 3730 vobiscum
478 3688 605 3728 sum
640 3674 897 3728 omnibus
942 3673 1134 3728 diebus
1188 3689 1355 3745 usque
1383 3673 1453 3729 ad
1481 3690 1829 3730 consumma-

155 3763 364 3817 tionem
393 3762 593 3819 saeculi
622 3761 824 3819 (Matth.
860 3779 1056 3829 xxvm,
1087 3761 1177 3833 20)
1202 3780 1214 3831 ;
1248 3766 1306 3817 et
1336 3761 1501 3829 illud,
1530 3764 1687 3834 quod
1718 3763 1829 3819 Pa-

153 3854 310 3907 trem
348 3867 552 3919 orans,
594 3850 677 3906 ait
736 3867 750 3906 :
791 3852 907 3907 Non
942 3867 1045 3923 pro
1083 3853 1169 3906 his
1208 3868 1336 3921 rogo
1374 3856 1609 3918 tantum,
1649 3852 1742 3909 sed
1778 3860 1831 3909 et

150 3955 257 4012 pro
308 3943 414 4007 eis,
454 3942 552 4015 qui
607 3940 875 3996 credituri
901 3949 1031 3996 sunt
1053 3957 1155 4011 per
1185 3943 1407 3996 verbum
1436 3957 1625 3997 eorum
1656 3944 1713 3996 in
1743 3959 1831 3999 me

157 4027 306 4102 (Job.
340 4047 423 4094 χι,
457 4030 571 4099 45),
608 4047 723 4085 non
758 4029 1105 4102 impetrasse
1136 4030 1437 4086 conﬁrma.
1479 4029 1620 4086 lllus
1650 4031 1827 4087 etiam

157 4123 597 4190 consequenter
625 4119 737 4175 erit
766 4119 1278 4190 absurdum,quod
1303 4119 1665 4176 nasciturum
1690 4137 1826 4176 eum

158 4207 520 4279 pronutians
547 4206 818 4280 angelus,
852 4207 934 4263 ait
967 4225 980 4263 :
1013 4210 1162 4278 Quia
1190 4209 1439 4280 regnabit
1468 4209 1531 4264 in
1559 4207 1715 4266 domo
1734 4210 1827 4266 Ja-

156 4297 253 4352 cob
287 4298 348 4352 in
380 4301 659 4354 aeternum
690 4298 843 4364 (Luc.
877 4314 917 4366 ι,
949 4296 1062 4365 33).
1097 4297 1258 4360 Quod
1309 4297 1359 4354 si
1405 4297 1514 4353 hoc
1563 4303 1827 4356 astruere

155 4385 406 4457 nequis;
425 4384 570 4440 velis
602 4384 1058 4456 nolis,ejusdem
1081 4385 1613 4458 bonoris,ejusdem
1642 4387 1830 4461 digni-

156 4473 295 4530 tatis
314 4478 589 4530 nostrum
614 4474 1007 4529 sacerdotium
1022 4491 1152 4530 esse
1175 4475 1477 4547 sines,quo
1492 4475 1827 4547 etillorum;

156 4563 303 4636 quia
328 4579 449 4618 non
482 4566 574 4618 est
603 4562 763 4618 aliud
796 4563 916 4618 sive
947 4568 1081 4619 ante
1115 4563 1323 4636 legem,
1358 4564 1477 4620 sive
1523 4566 1634 4621 sub
1679 4565 1826 4639 lege,

1936 3404 2112 3472 (Psal.
2147 3421 2256 3471 LIV,
2289 3406 2344 3476 6)
2378 3422 2392 3462 :
2424 3406 2684 3462 viventes
2714 3405 2872 3461 enim
2901 3407 3155 3462 scientes
3193 3423 3321 3478 quae
3369 3409 3598 3480 agenda

1938 3499 2078 3547 sunt
2116 3492 2496 3563 deputantur,
2548 3492 2762 3547 mortui
2812 3492 2913 3563 qui
2964 3492 3127 3548 nullo
3175 3492 3430 3549 scientiae
3480 3511 3594 3551 usu

1938 3582 2236 3635 fruuntur.

2012 3670 2098 3722 16.
2132 3668 2360 3732 Quanta
2391 3673 2586 3724 autem
2620 3667 2937 3725 reverentia
2961 3667 3136 3725 etiam
3159 3668 3595 3744 negligentibus

1940 3757 2223 3813 debeatur
2280 3758 2707 3828 sacerdotibus,
2750 3757 2927 3813 etiam
2968 3759 3195 3833 Moyses
3240 3760 3593 3834 demontrat,

1939 3846 2039 3919 qui
2057 3846 2198 3902 dum
2221 3848 2414 3902 Aaron
2429 3846 2676 3904 vitulum
2701 3846 2838 3903 ﬁliis
2863 3849 3241 3922 lsrael,quem
3261 3850 3592 3922 adorarent,

1938 3936 2305 4003 fabricasset,
2336 3936 2543 4010 viginti
2594 3938 2783 3994 tribus
2840 3939 3082 3995 milibus
3138 3940 3460 3997 interfectis
3491 3942 3588 3998 81

1938 4025 2159 4098 populi,
2189 4026 2522 4100 ipsum,qui
2555 4033 2760 4083 auctor
2791 4028 2979 4084 fuerat
3006 4028 3264 4096 sceleris,
3296 4028 3598 4087 levissima

1936 4114 2307 4171 solummodo
2336 4114 2730 4188 increpatione
2752 4117 3053 4189 redarguit
3079 4117 3469 4187 dicenszouid
3489 4119 3596 4176 tibi

1934 4205 2065 4275 fecit
2093 4203 2184 4259 hic
2208 4204 2463 4275 populus,
2494 4213 2557 4258 ut
2586 4204 2870 4260 induceres
2914 4221 3081 4276 super
3135 4222 3262 4260 eum
3312 4211 3595 4277 peccatum

1935 4295 2246 4349 maximum
2266 4291 2294 4346 ?
2325 4292 2518 4363 (Exod.
2551 4309 2728 4362 χχχιι,
2759 4294 2873 4365 21).
2905 4294 3151 4348 Adverte
3192 4292 3376 4366 igitur
3404 4311 3593 4366 quan-

1938 4386 2008 4437 tae
2064 4381 2414 4437 temeritatis
2472 4380 2569 4447 sit,
2628 4397 2733 4454 pro
2787 4380 2991 4453 quavis
3044 4380 3218 4453 culpa
3273 4381 3598 4454 quemlibet

1937 4469 2156 4526 laicum
2170 4469 2377 4526 saltem
2393 4468 2818 4541 reprehendere
2846 4470 3183 4543 quempiam
3205 4472 3592 4541 sacerdotem,

1938 4559 1989 4615 si
2040 4557 2324 4635 propheta
2369 4557 2508 4614 talis
2555 4574 2621 4612 ac
2672 4559 2872 4613 tantus
2917 4558 2976 4613 in
3008 4558 3111 4614 tali
3143 4558 3322 4616 etiam
3355 4561 3594 4619 infando

153 4652 275 4708 sive
336 4652 453 4707 sub
507 4651 720 4725 gratia,
782 4653 880 4708 sed
922 4651 1078 4707 idem
1120 4651 1340 4724 ipsum,
1383 4653 1548 4726 prius
1588 4655 1825 4726 quidem
1860 4677 1906 4742 Β
1940 4648 2215 4713 Γαοὶηονθ,
2248 4646 2473 4702 (ﬁnieris
2507 4646 2829 4742 ιτυςδίάᾶξὶε,
2862 4647 3188 4742 principem
3236 4649 3439 4707 scieris
3487 4667 3594 4709 ne—

152 4741 365 4815 ﬂguris
408 4744 468 4797 et
505 4741 920 4814 aenigmatibus
969 4746 1360 4815 prmsagatum
1391 4742 1469 4809 [id
1498 4751 1577 4798 est
1608 4761 1825 4816 praesa-

155 4830 398 4905 gitum],
428 4834 563 4902 post
592 4828 724 4903 ipsa
753 4829 993 4886 veritate
1015 4829 1572 4891 exhibitum.cadem
1594 4849 1827 4905 quoque

148 4918 582 4977 vocabulorum
642 4935 878 4992 genera,
936 4924 994 4974 et
1023 4919 1177 4975 idem
1237 4918 1652 4992 signiﬁcantia.
1678 4921 1826 4977 Nam

150 5009 421 5079 quandiu
478 5007 738 5081 populus
790 5024 949 5081 grex,
1009 5008 1217 5064 tandiu
1272 5009 1552 5081 epicopus
1584 5015 1824 5081 pastor;

151 5098 424 5171 quandiu
455 5097 704 5153 verbum
725 5097 825 5152 Dei
857 5095 1327 5165 annuntiabitur,
1361 5098 1563 5153 tandiu
1597 5114 1826 5154 annun-

152 5187 334 5244 tiator
385 5184 637 5259 angelus
693 5184 921 5241 dicetur
975 5188 1032 5241 et
1092 5186 1239 5255 erit;
1275 5186 1537 5259 quandiu
1569 5187 1831 5244 chrisma

154 5276 523 5344 conﬁciatur,
572 5275 779 5331 tandiu
833 5274 1128 5330 confector
1174 5275 1445 5331 Christus
1488 5276 1826 5344 vocabitur;

154 5366 423 5438 quandiu
459 5364 773 5438 prophetia
803 5363 1385 5431 recitabitur,tandiu
1409 5364 1685 5421 recitator
1704 5381 1832 5437 pro-

156 5455 334 5528 pheta
362 5455 617 5525 dicetur,
650 5453 765 5508 nisi
800 5453 947 5509 forte
978 5452 1191 5509 falsum
1236 5453 1381 5509 velis
1430 5458 1634 5527 putare
1682 5453 1828 5509 illud

114 5614 119 5621 .
157 5544 454 5602 Proverbii
483 5562 496 5601 :
531 5545 678 5613 Quia
706 5559 833 5598 cum
857 5543 1142 5615 prophetia
1170 5542 1444 5616 defecerit,
1467 5543 1832 5616 dissipabitur

247 5651 377 5723 134)
410 5651 729 5725 Perperam
787 5648 1103 5725 invulgatis
1126 5653 1181 5725 si
1207 5666 1353 5707 cum.

257 5720 375 5802 135)
406 5720 704 5787 οοηὶιιουθ
732 5738 747 5783 ς
778 5724 851 5783 Et
875 5724 929 5782 si
944 5720 1305 5800 pontiﬁcatus
1330 5730 1515 5784 noster
1540 5737 1654 5786 non
1696 5737 1827 5785 san-

1936 4752 2235 4807 quaquam
2269 4735 2648 4808 preesumpsit
2678 4735 2887 4792 saltem
2916 4735 3004 4792 vel
3034 4736 3240 4795 durius
3270 4739 3593 4813 increpare,

1937 4824 2054 4881 Deo
2086 4823 2195 4880 soli
2228 4823 2283 4878 id
2316 4823 2581 4895 cogitans
2611 4840 2932 4897 congruere
2948 4843 3051 4899 pro
3074 4828 3250 4883 ofﬁcii
3277 4828 3592 4901 dignitate;

1938 4930 2043 4970 nec
2073 4913 2231 4968 enim
2263 4912 2509 4984 quilibet
2530 4912 2589 4968 in
2611 4914 2883 4986 episcopo
2904 4915 3376 4988 episcopum,sed
3401 4917 3595 4990 ipsum

1938 5020 2240 5058 summum
2276 5009 2333 5057 et
2357 5003 2483 5058 sine
2508 5002 2741 5058 macula
2765 5004 3098 5076 pontiﬁcem
3130 5006 3190 5061 in
3212 5021 3278 5063 eo
3302 5007 3599 5080 persequi-

1938 5095 2033 5147 tur
2061 5091 2359 5147 Christum
2385 5109 2400 5161 ;
2435 5108 2540 5147 nec
2571 5092 2889 5163 injuriatur
2916 5093 3230 5167 culpabilis
3262 5093 3593 5170 episcopus,

1939 5182 2039 5237 sed
2070 5181 2195 5254 ipse
2226 5182 2286 5236 in
2317 5198 2383 5237 eo
2418 5198 2517 5253 per
2540 5180 2961 5239 benedictionis
2983 5184 3232 5257 gratiam
3255 5184 3597 5242 inhabitans

1943 5271 2198 5342 Spiritus
2230 5275 2490 5326 sanctus.
2524 5270 2670 5325 Cum
2701 5271 2966 5345 tangitur
2994 5274 3316 5330 sacerdotis
3345 5291 3598 5346 persona

1938 5359 2203 5433 tangitur
2230 5359 2359 5431 ipsa
2389 5358 2620 5415 Domini
2654 5360 2914 5431 pupilla;
2939 5361 3082 5433 quia
3110 5378 3214 5434 per
3242 5378 3378 5419 eum
3411 5363 3596 5436 provi-

1940 5448 2111 5505 detur
2140 5447 2335 5505 divino
2369 5453 2680 5521 prospectu
2712 5448 2990 5507 Ecclesia.
3023 5450 3232 5507 Verere
3274 5467 3409 5525 ergo
3458 5452 3592 5524 qui-

1940 5554 2173 5612 cunque
2205 5554 2408 5595 eorum
2440 5536 2774 5604 insectator,
2808 5539 3287 5612 quandoquidem
3318 5546 3376 5597 et
3402 5540 3511 5597 hoc
3532 5541 3593 5598 in

1938 5643 2483 5731 etiﬁcareturfodem
2513 5645 3282 5731 spiritu,quq(sancti_ﬁcatus
3315 5645 3427 5704 fuit
3446 5662 3592 5731 pon-

1936 5714 2217 5795 tificatus)
2246 5716 2472 5780 illorum
2495 5732 2510 5789 ;
2534 5714 2677 5799 quid
2698 5714 2996 5804 prodesset,
3027 5721 3135 5782 etc.
