3904 6396
83 484 244 547 1077

81 622 233 686 Quos
262 617 478 691 Joseph
511 616 675 690 pueri
710 622 1035 684 cernentes,
1068 619 1451 691 obstupefacti

78 709 388 779 Cmperunt
417 712 573 761 certe
608 725 821 777 magno
853 708 1105 761 clamare
1136 708 1360 762 timore.

79 798 149 851 At
179 813 323 868 puer
353 813 381 849 e
412 796 634 866 gremio
663 797 868 849 reatris
902 798 1152 850 surrexit
1182 799 1430 851 amando

79 887 270 953 Jesus,
306 884 551 939 sacratis
582 886 773 939 stabat
806 884 965 939 mitis
1000 902 1229 957 quoque
1264 887 1501 956 plantis,

80 974 292 1028 Contra
324 974 656 1027 frendentes
690 974 923 1027 turbata
957 979 1148 1027 mente
1178 975 1479 1028 dracones.

80 1061 184 1127 Qui
208 1062 402 1117 subito
436 1061 602 1132 proni
634 1062 970 1115 ceciderunt
1006 1062 1409 1128 mansuefacti,

81 1152 321 1206 Orantes
344 1151 536 1205 tacitis
570 1152 865 1205 Factorem
893 1151 1130 1205 nutibus
1160 1151 1337 1205 orbis.

82 1240 344 1310 Ipseque,
376 1239 711 1309 digrediens
743 1240 920 1293 eremi
956 1257 1057 1309 per
1088 1239 1250 1293 devia
1279 1239 1444 1303 vasti,

82 1327 214 1382 Illos
244 1327 558 1399 praecessit,
594 1328 825 1399 sequier
847 1345 975 1382 sese
1002 1346 1232 1399 quoque
1256 1329 1461 1397 jussit.

147 1420 267 1483 Quo
298 1416 514 1487 Joscph
546 1416 697 1483 visu,
731 1416 984 1471 Genitris
1015 1417 1344 1487 Christique
1374 1420 1622 1486 sacrata,

80 1504 408 1572 Exanimes,
441 1504 665 1575 fragilis
697 1522 799 1576 pro
834 1506 1261 1560 consuetudine
1293 1505 1506 1571 carnis,

83 1594 258 1661 Facti,
287 1596 378 1649 sat
407 1594 687 1664 pavitant,
718 1610 966 1665 puerum
990 1593 1237 1665 hedique
1270 1594 1576 1649 timebant.

79 1682 177 1737 98
207 1682 334 1754 Ipse
358 1682 459 1736 sed
483 1682 779 1753 inspector
802 1682 1215 1748 mentis,testis
1248 1698 1477 1753 quoque
1517 1682 1730 1752 cordis,

80 1769 206 1824 Ηωε
240 1785 523 1842 responsa
552 1771 715 1825 dedit
739 1770 965 1825 timidis
999 1788 1336 1837 conversus,
1369 1776 1425 1826 et
1456 1770 1645 1842 inquit

80 1860 264 1923 Quare
294 1857 579 1914 lactentes
611 1862 842 1914 tantum
866 1859 1194 1915 tractabitis
1227 1865 1409 1927 artus,

81 1946 141 2003 Ia
164 1964 255 2002 me
284 1948 566 2003 virtutem
599 1948 807 2020 capitis
842 1965 945 2003 nec
979 1953 1171 2003 mente
1201 1950 1563 2020 perennem?

79 2036 349 2101 Quamvis
382 2037 661 2092 humanis
693 2039 805 2093 sim
840 2056 1051 2109 parvus
1078 2038 1390 2092 homuncio
1415 2037 1732 2093 membris:

77 2123 177 2179 Vir
196 2129 391 2181 tamen
414 2126 785 2197 omnipotens
802 2143 1033 2181 summo
1058 2142 1188 2181 sum
1208 2126 1447 2181 numine
1471 2125 1737 2198 poleens;

83 2212 363 2269 Condecet
394 2219 571 2286 atque
606 2215 757 2270 feras
780 2215 934 2269 silva:
958 2232 1366 2270 mansuescere
1400 2220 1661 2283 cunctas,

83 2302 169 2358 Me
196 2306 416 2372 coram,
445 2302 603 2359 rabie
635 2304 879 2359 dimissa
911 2305 1016 2358 rite
1042 2306 1250 2375 priore.

151 2392 283 2447 Post
297 2392 418 2447 haec
433 2393 841 2464 magnanimos
856 2410 989 2447 cum
1011 2394 1208 2464 pardis
1234 2409 1488 2464 namque
1505 2392 1699 2448 leones
1721 2409 1733 2446 :

82 2481 193 2536 Nec
224 2499 339 2536 non
372 2481 733 2553 cunctigena)
765 2487 1048 2537 venerunt
1082 2483 1341 2553 undique
1372 2481 1556 2548 lectzn,

83 2570 152 2625 Ut
179 2586 437 2637 sensere,
462 2571 581 2625 fore
612 2570 835 2641 prolem
868 2571 1127 2626 Factoris
1159 2572 1383 2626 adesse.

87 2658 329 2714 Orantes
361 2675 611 2730 puerum
645 2659 950 2714 submissa
979 2676 1115 2715 voce
1147 2659 1447 2724 tenellnm,

80 2745 239 2803 Circa
267 2746 607 2819 prmclaram
640 2748 965 2818 gaudentes
996 2753 1169 2820 atque
1201 2747 1464 2802 Mariam.

88 2836 289 2903 Quam,
321 2852 500 2907 super
533 2835 768 2889 insolito
802 2836 1158 2907 pavitantem
1190 2836 1441 2906 denique
1473 2836 1661 2905 signo,

86 2924 293 2979 Lzetius
316 2923 570 2979 intuitus
603 2924 784 2979 fertur
814 2925 897 2979 sic
924 2925 1114 2980 dicere
1136 2925 1405 2979 Clisistus
1434 2940 1445 2977 :

82 3011 224 3080 Non,
254 3016 309 3069 te
341 3012 526 3082 virgo,
562 3029 721 3083 rogo,
758 3012 981 3084 pollens
1004 3006 1253 3084 genitrix
1287 3031 1417 3068 mea
1447 3013 1643 3075 chara,

83 3102 410 3157 Permoveat
436 3102 585 3173 signi
622 3102 843 3156 novitas
874 3102 1186 3157 carnaliter
1216 3102 1375 3168 ulmi,

84 3189 361 3262 Obsequii
396 3188 521 3244 sola
550 3189 789 3244 veniunt
820 3190 943 3244 ista)
976 3190 1114 3261 quia
1145 3208 1341 3257 causa,

84 3278 227 3345 Non,
267 3280 425 3351 quod
459 3284 514 3332 te
542 3277 776 3343 vellent,
799 3278 882 3333 vel
918 3278 1110 3333 saltim
1147 3278 1353 3333 laedere
1388 3284 1644 3349 possent.

85 3366 179 3422 His
212 3384 449 3439 quoque
479 3366 750 3421 discessit
780 3368 951 3422 dictis
984 3369 1257 3439 angustia
1287 3368 1494 3423 cordis.

80 3457 147 3509 At
173 3473 302 3511 vero
335 3455 522 3511 belua:
558 3456 962 3527 praecedebant
993 3457 1138 3511 bene
1162 3456 1321 3523 laetae,

83 3544 541 3601 Dcmonstrando
569 3545 722 3600 viam
755 3563 858 3617 per
888 3546 1099 3600 deserti
1134 3546 1255 3601 loca
1292 3552 1526 3601 rectam.

80 3632 183 3687 Sed
217 3652 319 3689 nec
351 3632 655 3688 norturuis
686 3634 1037 3689 discesserat
1067 3635 1183 3689 ulla
1216 3635 1327 3689 sub
1359 3635 1540 3699 horis,

81 3720 184 3775 Sed
211 3721 430 3793 Joseph
455 3722 645 3792 pecori
674 3722 901 3776 sociata:
935 3728 1126 3777 mente
1160 3723 1337 3789 lideli,

79 3809 273 3865 Oblita)
306 3811 472 3866 rabie
504 3810 875 3880 naturalique
909 3811 1125 3876 furore,

81 3897 327 3953 Pacificas
360 3898 578 3953 modici
604 3900 921 3970 gestabant
952 3916 1170 3970 pascua
1201 3901 1337 3955 feni.

82 3984 231 4041 Inter
258 4004 408 4058 quas
439 4003 577 4058 ergo
610 3990 800 4042 fuerat
829 3988 1141 4043 concordia
1172 3992 1355 4053 tanta,

80 4075 148 4130 Ut
171 4078 469 4148 quondam
500 4076 692 4131 timidi
718 4078 964 4147 junxere
986 4078 1142 4149 lupis
1172 4077 1325 4134 latus
1359 4080 1516 4149 agni,

81 4164 145 4219 Et
173 4166 418 4221 bovibus
450 4166 623 4219 mites
656 4166 801 4221 bene
828 4182 1231 4221 commansere
1264 4167 1478 4223 leones.

80 4254 185 4309 Sed
219 4272 334 4309 non
362 4255 683 4320 immerito,
716 4255 993 4310 omlorum
1017 4274 1127 4326 pax
1158 4256 1296 4327 quia
1325 4272 1478 4311 vera.

78 4344 204 4408 Quae
232 4345 389 4417 regis
422 4344 803 4410 immensum,
831 4343 1102 4411 firmavit,
1131 4346 1340 4399 findere
1374 4347 1601 4411 cadum,

78 4430 312 4487 Illarum
344 4437 576 4488 mentes
606 4433 854 4486 mutavit
884 4449 1046 4487 more
1077 4433 1301 4488 fideles.

143 4520 277 4577 Post
304 4521 430 4576 hzec
463 4521 750 4592 pausavit,
786 4521 963 4575 radiis
992 4521 1208 4576 lassata
1237 4522 1447 4577 caloris

78 4608 293 4678 {Estivi,
320 4610 503 4665 chara
535 4609 741 4680 palma)
775 4609 959 4664 Maria
988 4611 1097 4664 sub
1133 4612 1362 4676 umbra,

77 4696 141 4751 Et
168 4715 404 4754 rursum
437 4698 622 4753 versis
653 4697 829 4753 claris
861 4698 1083 4769 aspexit
1114 4698 1334 4764 ocellis,

74 4785 169 4842 94
201 4788 515 4843 Fructibus
548 4788 699 4842 hanc
730 4788 987 4859 palmam
1009 4788 1259 4843 maturis
1282 4806 1409 4843 esse
1433 4790 1725 4844 refertam.

77 4873 170 4930 His
198 4878 341 4932 visis
372 4877 579 4948 lingua
602 4877 873 4931 formavit
899 4876 1039 4931 talia
1070 4878 1261 4931 verba.

77 4960 244 5020 Istius
272 4966 481 5037 palma:
516 4965 763 5019 nimium
797 4965 1055 5019 delector
1085 4972 1330 5031 onustm,

78 5051 131 5104 Si
163 5055 313 5124 potis
342 5058 434 5109 est
464 5054 611 5120 fieri,
646 5054 717 5108 de
740 5054 931 5108 fructu
957 5054 1210 5125 denique
1236 5054 1411 5109 vesci.

140 5141 242 5196 Cui
272 5143 472 5198 senior
492 5141 743 5209 vetulus,
777 5141 924 5214 legis
957 5143 1595 5214 moderamiuejustus,

77 5227 234 5285 Haud
266 5230 483 5286 blande
512 5230 709 5298 dictis,
734 5230 973 5301 Joseph,
1009 5247 1144 5286 mox
1173 5231 1369 5286 obviat
1397 5232 1527 5288 istis
1562 5250 1574 5286 :

76 5315 205 5384 Hor,
240 5319 424 5374 miror
452 5322 609 5374 certe
640 5318 915 5385 nimium,
945 5322 1002 5374 te
1033 5319 1223 5374 dicere
1253 5319 1418 5389 velle,

76 5403 214 5461 Cum
241 5408 446 5463 videas
477 5424 693 5474 ramos,
728 5424 943 5480 magno
976 5408 1047 5463 de
1079 5407 1340 5479 germine
1372 5409 1601 5474 ductos,

74 5493 253 5551 Astris
283 5496 616 5569 contiguos,
650 5495 861 5552 emlum
895 5496 1129 5568 pulsare
1160 5497 1539 5568 profundum.

74 5581 171 5636 Ast
196 5601 303 5656 ego
336 5585 692 5658 priecognito
715 5602 954 5640 summa
979 5586 1391 5640 tantummodo
1423 5603 1581 5652 cura,

76 5668 130 5724 Si
160 5672 356 5728 saltim
388 5673 613 5729 valeam
648 5691 856 5746 puram
881 5674 1296 5745 comprendere
1329 5673 1652 5746 lympham,

76 5756 307 5815 Utribus
340 5762 403 5817 in
433 5763 657 5819 nostris
688 5762 827 5834 quia
859 5780 963 5817 nec
996 5767 1083 5817 est
1115 5762 1349 5834 guttula
1380 5764 1577 5820 fontis.

1076 483 1443 547 IIISTOltIA
1494 485 1850 547 INTAC'IVE
1893 485 2020 547 DEI
2069 487 2529 549 GENlTRlCIS.

1763 620 1817 687 Α
1848 619 1975 675 Hmc
2006 619 2175 675 heros
2212 621 2389 691 igitur
2416 619 2783 676 venerandus
2818 615 2901 674 sic
2922 613 3294 689 loquebatur,

1767 1991 1816 2057 II

3342 474 3497 541 1078

1842 718 1957 771 Ceu
1990 710 2341 780 desperaret,
2377 712 2527 779 quod
2568 727 2823 779 prmsens
2854 708 3009 762 omni
3046 710 3244 777 posset

1842 794 2127 861 Christus,
2155 799 2444 868 corporeis
2473 803 2659 852 tectus
2694 799 2880 852 fuerat
2902 797 3040 868 quia
3072 793 3373 849 membris.

1841 887 1911 939 At
1941 903 2102 956 puer,
2136 886 2195 940 in
2224 887 2443 957 gremio
2467 886 2652 941 charm
2676 886 2978 955 genitricis
3009 883 3261 939 amando

1840 976 2226 1041 Accnmhens,
2262 976 2517 1046 palmam
2554 978 2817 1047 gaudens
2851 992 2911 1029 se
2943 974 3118 1029 vertit
3149 973 3220 1026 ad
3242 970 3453 1043 ipsam,

1845 1065 2102 1118 Functus
2131 1068 2187 1118 et
2220 1064 2480 1134 imperio.
2507 1065 2777 1134 prrerlare
2803 1064 3037 1134 quipp‘e,
3074 1066 3314 1133 paterno

1842 1150 1971 1222 Ipse
2002 1153 2277 1205 continuo
2310 1153 2536 1206 diccbat
2561 1155 2744 1206 fronte
2777 1170 2980 1207 serena
3013 1167 3026 1205 :

1840 1240 2043 1309 Arbor,
2080 1242 2241 1294 ﬂecte
2274 1245 2405 1295 tuos
2437 1258 2667 1295 summo
2703 1243 2771 1295 de
2802 1241 3013 1294 vertice
3041 1256 3257 1303 ramos,

1842 1328 1917 1383 Ut
1947 1334 2235 1400 quantum
2269 1329 2447 1383 libeat
2476 1330 2545 1382 de
2580 1334 2632 1381 te
2665 1334 2849 1382 mater
2881 1345 3010 1382 mea
3038 1331 3232 1398 caput.

1843 1417 2096 1486 Dixerat,
2130 1422 2304 1489 atque
2336 1418 2459 1472 suis
2484 1418 2655 1470 arbor
2688 1416 3014 1471 fortissima
3036 1414 3245 1487 jussis,

1839 1507 1986 1560 Ante
2020 1506 2197 1578 pedes
2231 1506 2423 1561 Maria:
2457 1521 2668 1578 parens
2699 1506 3017 1560 inflectitur
3047 1503 3236 1559 almze.

1844 1594 2057 1649 Fructu
2091 1611 2343 1666 cumque
2373 1610 2479 1649 suo
2513 1595 2745 1666 penitus
2780 1596 2967 1649 fuerat
2997 1592 3267 1664 spoliata,

1842 1683 2150 1739 Incurvata
2182 1683 2362 1747 stetit,
2396 1700 2501 1738 nec
2533 1699 2780 1753 surgens
2803 1682 2921 1737 alta
2953 1680 3170 1753 petivit,

1841 1771 2079 1844 Opperit
2106 1771 2419 1844 imperium
2454 1772 2663 1826 Christi
2697 1772 2796 1826 sed
2831 1772 2939 1826 rite
2968 1770 3303 1842 probatum,

1842 1859 2106 1932 Ipseque,
2133 1866 2188 1915 te
2218 1860 2432 1927 subito,
2466 1859 2631 1927 dixlt,
2663 1877 2817 1914 nunc
2847 1860 3003 1929 erige
3024 1856 3240 1929 palma,

1844 1948 1918 2004 Ut
1948 1949 2025 2003 sit
2054 1948 2346 2020 lignorum
2380 1954 2510 2020 post
2541 1949 2660 2002 haec
2678 1948 2899 2019 collega
2921 1962 3205 2011 meorum,

1848 2040 1982 2102 Ουω
2014 2037 2395 2109 paradisiacis
2428 2041 2699 2093 constant
2727 2036 2989 2108 plantata
3019 2033 3258 2090 locellis.

1846 2126 1927 2180 Ex
1953 2125 2145 2181 radice
2176 2130 2277 2180 tua
2307 2126 2492 2181 deduc
2522 2125 2808 2197 extemplo
2839 2124 3045 2179 secreti

1846 2214 2045 2270 Undas
2073 2214 2363 2281 fonticuli,
2397 2215 2695 2269 fluitantes
2728 2214 2956 2287 gurgite
2986 2212 3163 2268 dulci.

1845 2306 1979 2369 Qua}
2004 2304 2176 2358 citius
2199 2303 2351 2357 dicto
2384 2302 2751 2375 complentur
2771 2302 3020 2374 denique
3051 2305 3283 2356 cuncta.

1842 2395 1916 2447 At
1948 2391 2130 2447 Prolis
2162 2392 2425 2458 comites,
2453 2393 2671 2446 fontem
2703 2392 3008 2447 lustrando
3041 2394 3356 2456 recentem,

1846 2480 2187 2535 Reddebant
2217 2485 2412 2553 grates
2448 2480 2637 2535 IiDtlttO
2671 2486 2904 2551 pectore
2937 2478 3160 2545 dulces,

1842 2570 2031 2640 Atque
2064 2568 2221 2623 sitim
2256 2569 2510 2640 lymphis
2540 2569 2769 2623 tristem
2801 2569 3106 2640 dempsere
3127 2565 3392 2632 novellis,

1843 2658 1942 2714 95
1976 2657 2242 2728 Cumque
2270 2658 2585 2728 profecturi
2618 2658 2831 2712 deserti
2867 2673 2970 2727 per
3002 2656 3127 2711 loca
3156 2656 3307 2710 vasti

1843 2748 2071 2813 Essent,
2106 2747 2177 2801 ad
2213 2746 2473 2801 dalmam
2495 2749 2669 2803 Jesus
2696 2747 2779 2802 sic
2810 2747 3034 2801 dixerat
3062 2745 3253 2817 ipsam
3288 2760 3300 2798 :

1844 2837 1923 2891 De
1954 2842 2007 2891 te
2039 2836 2273 2907 quippe,
2300 2853 2429 2891 meo
2453 2841 2758 2907 prcccepto,
2783 2834 3063 2907 palmula,
3098 2835 3331 2899 mando,

1842 2923 2098 2994 Angelus
2132 2930 2195 2978 ut
2225 2924 2366 2979 coalo
2397 2925 2636 2979 veniens
2667 2924 2932 2995 dilapsus
2964 2922 3037 2977 ab
3069 2922 3207 2990 alto,

1843 3012 2035 3068 Tollat
2059 3012 2165 3067 rite
2194 3018 2293 3066 tuo
2324 3029 2555 3066 ramum
2588 3013 2656 3066 de
2680 3013 2892 3067 vertice
2924 3026 3178 3078 summo,

1846 3101 1960 3155 Nec
1991 3118 2104 3153 non
2137 3100 2289 3153 hunc
2322 3100 2515 3170 ipsum
2540 3099 2759 3171 plantet
2790 3116 2924 3154 mox
2943 3099 3002 3153 in
3026 3099 3388 3169 paradisum,

1846 3190 1915 3243 Et
1946 3189 2048 3243 tibi
2081 3188 2384 3259 gloriolam
2418 3205 2592 3259 super
2622 3188 2728 3242 hoc
2754 3189 2879 3258 jam
2911 3188 3174 3242 conferre
3215 3192 3460 3254 tantam,

1849 3277 1922 3331 Ut
1952 3282 2083 3348 post
2117 3278 2237 3332 haec
2270 3278 2488 3332 summi
2522 3277 2738 3332 dicaris
2771 3276 2967 3349 palma
2994 3276 3302 3347 triumphi,

1767 3358 1809 3423 C
1849 3367 1917 3421 Et
1946 3367 2218 3437 quisquis
2240 3366 2389 3420 bello
2422 3368 2655 3421 famosa:
2690 3366 2888 3420 vicerit
2916 3365 3054 3431 ullo,

1842 3455 1921 3509 De
1947 3460 2003 3509 te
2032 3454 2287 3508 vincenti
2322 3454 2553 3508 dicetur
2584 3454 2851 3524 protinus
2883 3454 2997 3520 ille,

1839 3542 1923 3595 Ad
1959 3541 2215 3612 palmam
2250 3540 2447 3612 magni
2481 3542 2690 3594 venisti
2727 3558 2978 3611 namque
3013 3541 3318 3611 triumphi.

1914 3631 2044 3685 Haec
2076 3630 2176 3683 ubi
2210 3630 2365 3683 dicta
2397 3629 2573 3693 dedit,
2611 3629 2874 3698 dilapsus
2905 3628 3093 3682 sidere
3126 3629 3285 3682 venit

1839 3719 2118 3791 Angelus,
2142 3724 2198 3773 et
2228 3717 2437 3772 tollens
2463 3734 2691 3770 ramum
2724 3717 2935 3770 dixerit
2957 3716 3014 3769 in
3039 3716 3244 3770 altum.

1841 3811 1965 3874 Quo
1996 3808 2139 3872 viso,
2173 3806 2366 3861 cuncti
2399 3812 2715 3876 priesentes
2748 3805 3157 3875 obstupefacti,

1841 3898 1904 3952 In
1939 3902 2152 3951 terram
2189 3896 2351 3965 proni
2378 3899 2835 3949 consternuntur
2866 3894 3207 3959 tremefacti,

1841 3998 1996 4060 Quos
2026 3995 2199 4050 Jesus
2231 3994 2428 4048 subito
2460 3992 2701 4058 solatur,
2737 3992 2877 4047 talia
2908 3992 3080 4048 fando
3113 4008 3125 4045 :

1841 4085 1966 4140 Non
1993 4100 2141 4155 opus
2174 4087 2261 4138 est
2294 4087 2446 4137 certe
2477 4082 2642 4137 vobis
2674 4081 3005 4137 formidinis
3039 4081 3193 4147 ulla),

1842 4179 2007 4229 Hunc
2039 4172 2178 4245 quia
2204 4173 2471 4228 tranferri
2508 4188 2735 4226 ramum
2770 4189 2872 4243 per
2898 4172 3091 4226 sidera
3106 4173 3285 4243 jussi,

1842 4263 1914 4318 Ut
1944 4279 2079 4317 mox
2111 4260 2332 4316 deliciae
2358 4277 2572 4331 magno
2605 4265 2905 4331 ptantetnr
2928 4260 2985 4314 in
3010 4260 3199 4316 horto.

1840 4352 1929 4417 Et,
1964 4350 2120 4405 velut
2149 4349 2242 4404 hic
2275 4350 2331 4404 in
2359 4350 2588 4404 deserto
2619 4350 2934 4419 meajussa
2968 4350 3265 4419 sequendo

1840 4438 2131 4511 Implevit,
2163 4453 2377 4508 magno
2411 4441 2641 4491 nosmet
2666 4437 2862 4491 studio
2895 4436 3185 4503 satiando,

1841 4529 1935 4583 Sic
1969 4528 2087 4582 illic
2121 4527 2341 4581 sanctis
2364 4530 2589 4580 constet
2610 4524 2856 4579 dulcedo
2882 4524 3173 4595 perennis.

1912 4616 2155 4671 Talibus
2186 4632 2251 4669 ac
2284 4615 2464 4669 tantis
2486 4612 2669 4684 signis
2692 4614 2817 4680 jam
2852 4611 3053 4667 sedulo
3085 4611 3246 4679 visis,

1760 4725 1806 4788 D
1839 4704 2079 4777 Joseph,
2110 4704 2387 4758 virtutem
2420 4701 2603 4757 Prolis
2626 4702 2928 4756 tractando
2963 4716 3298 4772 perennem,

1839 4792 2033 4848 Utitur
2064 4791 2154 4846 his
2186 4791 2402 4857 verbis,
2440 4788 2734 4844 submisso
2770 4804 3069 4843 murmure
3102 4787 3295 4847 fusis:

1834 4881 1997 4946 Ecce,
2024 4879 2181 4934 calor
2211 4879 2431 4933 nimius
2464 4882 2693 4932 nostros
2724 4876 2874 4931 male
2906 4876 3176 4947 decoquit
3201 4879 3384 4931 artus.

1836 4970 2024 5033 Nunc,
2051 4969 2155 5023 tibi
2188 4967 2233 5021 si
2269 4967 2511 5038 placeat,
2546 4967 2715 5036 cujns
2750 4981 2991 5035 regnum
3018 4965 3162 5035 juge
3204 4970 3457 5033 constat,

1840 5058 2090 5129 Praecipe
2114 5074 2214 5129 per
2246 5056 2432 5128 pelagi
2471 5053 2647 5109 calles
2679 5072 2785 5109 nos
2818 5069 3057 5125 pergere
3087 5053 3258 5120 vasti,

1839 5146 2093 5203 Urbibus
2126 5144 2430 5217 appositis,
2465 5160 2579 5215 quo
2613 5148 2768 5198 certa
2800 5143 2965 5214 quies
2996 5142 3131 5197 data
3162 5142 3353 5214 nobis,

1839 5236 1957 5291 Nos
1987 5234 2162 5290 citius
2193 5233 2453 5304 spatium
2480 5232 2653 5287 faciat
2674 5247 3013 5303 percurrere
3042 5235 3297 5286 tantum.

1840 5323 1943 5379 Cui
1975 5322 2121 5377 dixit
2149 5322 2346 5387 Jesus,
2378 5320 2574 5375 divino
2601 5320 2842 5375 numine
2873 5319 3067 5376 clarus
3102 5336 3115 5374 :

1840 5411 2108 5482 Namque
2136 5410 2289 5463 viam
2323 5408 2518 5463 subito
2541 5406 2776 5481 longam
2810 5425 2912 5480 per
2934 5425 3025 5463 me
3058 5409 3351 5476 breviabo,

1838 5500 1929 5567 Et,
1963 5498 2117 5569 quod
2152 5502 2238 5552 ter
2259 5496 2425 5551 denis
2449 5495 2637 5568 potuit
2668 5496 2761 5551 vix
2792 5502 2925 5553 ante
2958 5497 3166 5552 diebus

1836 5586 2045 5656 Meriti,
2078 5586 2287 5640 faciam
2321 5583 2435 5638 dici
2471 5583 2662 5656 spatio
2695 5586 2981 5657 repedari.

1907 5675 2008 5730 His
2039 5674 2213 5729 dictis
2236 5671 2497 5728 Souitem
2528 5674 2801 5729 viderunt
2831 5675 2994 5730 ocius
3026 5674 3227 5728 urbem

1834 5764 1937 5820 96
1971 5762 2194 5834 [Egypti
2228 5779 2526 5834 magnam,
2561 5762 2802 5819 famosis
2834 5762 3123 5820 moenibus
3155 5758 3354 5816 altam.
