  <div class='ocr_page' id='page_1' title='image "/cluster/home/n/w/nwhite01/storage/ocr_20150623/136-137/uc1.31175019686917/1222.png"; bbox 0 0 3904 6408; ppageno 0'>
   <div class='ocr_carea' id='block_1_1' title="bbox 218 460 369 534">
    <p class='ocr_par' dir='ltr' id='par_1_1' title="bbox 218 460 369 534">
     <span class='ocr_line' id='line_1_1' title="bbox 218 460 369 534; baseline -0.06 0"><span class='ocrx_word' id='word_1_1' title='bbox 218 460 369 534; x_wconf 58' lang='lat' dir='ltr'>Wst</span> 
     </span>
    </p>
   </div>
   <div class='ocr_carea' id='block_1_2' title="bbox 216 592 1553 668">
    <p class='ocr_par' dir='ltr' id='par_1_2' title="bbox 216 592 1553 668">
     <span class='ocr_line' id='line_1_2' title="bbox 216 592 1553 668; baseline -0.004 -16"><span class='ocrx_word' id='word_1_2' title='bbox 216 595 295 653; x_wconf 87' lang='lat' dir='ltr'>Ut</span> <span class='ocrx_word' id='word_1_3' title='bbox 321 611 426 668; x_wconf 87' lang='lat' dir='ltr'>per</span> <span class='ocrx_word' id='word_1_4' title='bbox 455 608 518 651; x_wconf 89' lang='lat' dir='ltr'>se</span> <span class='ocrx_word' id='word_1_5' title='bbox 548 592 722 653; x_wconf 90' lang='lat' dir='ltr'>modo</span> <span class='ocrx_word' id='word_1_6' title='bbox 753 594 1183 651; x_wconf 91' lang='lat' dir='ltr'>demonstraret</span> <span class='ocrx_word' id='word_1_7' title='bbox 1214 593 1553 649; x_wconf 88' lang='lat' dir='ltr'>redimendo</span> 
     </span>
    </p>
   </div>
   <div class='ocr_carea' id='block_1_3' title="bbox 218 682 1779 757">
    <p class='ocr_par' dir='ltr' id='par_1_3' title="bbox 218 682 1779 757">
     <span class='ocr_line' id='line_1_3' title="bbox 218 682 1779 757; baseline -0.003 -16"><span class='ocrx_word' id='word_1_8' title='bbox 218 685 448 742; x_wconf 87' lang='lat' dir='ltr'>Gaudia</span> <span class='ocrx_word' id='word_1_9' title='bbox 481 689 798 757; x_wconf 65' lang='lat' dir='ltr'>perpetua),</span> <span class='ocrx_word' id='word_1_10' title='bbox 834 684 1131 756; x_wconf 87' lang='lat' dir='ltr'>quondam</span> <span class='ocrx_word' id='word_1_11' title='bbox 1166 683 1317 737; x_wconf 87' lang='lat' dir='ltr'>male</span> <span class='ocrx_word' id='word_1_12' title='bbox 1352 682 1597 753; x_wconf 87' lang='lat' dir='ltr'>perdita,</span> <span class='ocrx_word' id='word_1_13' title='bbox 1632 683 1779 749; x_wconf 72' lang='lat' dir='ltr'>vitm,</span> 
     </span>
    </p>
   </div>
   <div class='ocr_carea' id='block_1_4' title="bbox 222 773 1883 848">
    <p class='ocr_par' dir='ltr' id='par_1_4' title="bbox 222 773 1883 848">
     <span class='ocr_line' id='line_1_4' title="bbox 222 773 1883 848; baseline -0.002 -17"><span class='ocrx_word' id='word_1_14' title='bbox 222 775 481 848; x_wconf 88' lang='lat' dir='ltr'>Postque</span> <span class='ocrx_word' id='word_1_15' title='bbox 526 773 968 847; x_wconf 77' lang='lat' dir='ltr'>triumphalem,</span> <span class='ocrx_word' id='word_1_16' title='bbox 1014 777 1420 843; x_wconf 85' lang='lat' dir='ltr'>sanctamque,</span> <span class='ocrx_word' id='word_1_17' title='bbox 1454 773 1611 845; x_wconf 86' lang='lat' dir='ltr'>piam</span> <span class='ocrx_word' id='word_1_18' title='bbox 1653 789 1883 845; x_wconf 80' lang='lat' dir='ltr'>quoque</span> 
     </span>
    </p>
   </div>
   <div class='ocr_carea' id='block_1_5' title="bbox 1587 862 1881 933">
    <p class='ocr_par' dir='ltr' id='par_1_5' title="bbox 1587 862 1881 933">
     <span class='ocr_line' id='line_1_5' title="bbox 1587 862 1881 933; baseline 0.003 -18"><span class='ocrx_word' id='word_1_19' title='bbox 1587 862 1881 933; x_wconf 83' lang='lat' dir='ltr'>[mortem,</span> 
     </span>
    </p>
   </div>
   <div class='ocr_carea' id='block_1_6' title="bbox 221 952 1621 1023">
    <p class='ocr_par' dir='ltr' id='par_1_6' title="bbox 221 952 1621 1023">
     <span class='ocr_line' id='line_1_6' title="bbox 221 952 1621 1023; baseline -0.004 -13"><span class='ocrx_word' id='word_1_20' title='bbox 221 955 411 1021; x_wconf 85' lang='lat' dir='ltr'>Quam</span> <span class='ocrx_word' id='word_1_21' title='bbox 445 952 629 1010; x_wconf 86' lang='lat' dir='ltr'>nostri</span> <span class='ocrx_word' id='word_1_22' title='bbox 665 970 843 1008; x_wconf 83' lang='lat' dir='ltr'>causa</span> <span class='ocrx_word' id='word_1_23' title='bbox 874 952 1160 1023; x_wconf 82' lang='lat' dir='ltr'>patienter</span> <span class='ocrx_word' id='word_1_24' title='bbox 1192 952 1433 1023; x_wconf 85' lang='lat' dir='ltr'>pertulit</span> <span class='ocrx_word' id='word_1_25' title='bbox 1465 969 1621 1021; x_wconf 72' lang='lat' dir='ltr'>ergo,</span> 
     </span>
    </p>
   </div>
   <div class='ocr_carea' id='block_1_7' title="bbox 221 1040 1540 1111">
    <p class='ocr_par' dir='ltr' id='par_1_7' title="bbox 221 1040 1540 1111">
     <span class='ocr_line' id='line_1_7' title="bbox 221 1040 1540 1111; baseline -0.005 -11"><span class='ocrx_word' id='word_1_26' title='bbox 221 1044 378 1100; x_wconf 88' lang='lat' dir='ltr'>Dum</span> <span class='ocrx_word' id='word_1_27' title='bbox 409 1041 593 1096; x_wconf 90' lang='lat' dir='ltr'>victor</span> <span class='ocrx_word' id='word_1_28' title='bbox 627 1057 838 1111; x_wconf 74' lang='lat' dir='ltr'>magno</span> <span class='ocrx_word' id='word_1_29' title='bbox 874 1042 1044 1110; x_wconf 63' lang='lat' dir='ltr'>fregit.</span> <span class='ocrx_word' id='word_1_30' title='bbox 1077 1040 1394 1094; x_wconf 81' lang='lat' dir='ltr'>luctamine</span> <span class='ocrx_word' id='word_1_31' title='bbox 1428 1040 1540 1094; x_wconf 84' lang='lat' dir='ltr'>tela</span> 
     </span>
    </p>
   </div>
   <div class='ocr_carea' id='block_1_8' title="bbox 224 1129 1721 1201">
    <p class='ocr_par' dir='ltr' id='par_1_8' title="bbox 224 1129 1721 1201">
     <span class='ocr_line' id='line_1_8' title="bbox 224 1129 1721 1201; baseline -0.003 -12"><span class='ocrx_word' id='word_1_32' title='bbox 224 1134 327 1189; x_wconf 77' lang='lat'><strong>99</strong></span> <span class='ocrx_word' id='word_1_33' title='bbox 360 1129 615 1186; x_wconf 81' lang='lat' dir='ltr'>Humani</span> <span class='ocrx_word' id='word_1_34' title='bbox 648 1130 878 1201; x_wconf 80' lang='lat' dir='ltr'>generis</span> <span class='ocrx_word' id='word_1_35' title='bbox 905 1129 1227 1183; x_wconf 47' lang='lat' dir='ltr'>saix&#39;issima</span> <span class='ocrx_word' id='word_1_36' title='bbox 1261 1130 1484 1183; x_wconf 84' lang='lat' dir='ltr'>fortiter</span> <span class='ocrx_word' id='word_1_37' title='bbox 1517 1130 1721 1197; x_wconf 80' lang='lat' dir='ltr'>hostis,</span> 
     </span>
    </p>
   </div>
   <div class='ocr_carea' id='block_1_9' title="bbox 226 1218 1885 1291">
    <p class='ocr_par' dir='ltr' id='par_1_9' title="bbox 226 1218 1885 1291">
     <span class='ocr_line' id='line_1_9' title="bbox 226 1218 1885 1291; baseline -0.003 -15"><span class='ocrx_word' id='word_1_38' title='bbox 226 1218 546 1291; x_wconf 73' lang='lat' dir='ltr'>Sanguinis</span> <span class='ocrx_word' id='word_1_39' title='bbox 580 1224 634 1273; x_wconf 88' lang='lat' dir='ltr'>et</span> <span class='ocrx_word' id='word_1_40' title='bbox 662 1218 911 1289; x_wconf 84' lang='lat' dir='ltr'>pretium</span> <span class='ocrx_word' id='word_1_41' title='bbox 950 1219 1165 1290; x_wconf 78' lang='lat' dir='ltr'>proprii</span> <span class='ocrx_word' id='word_1_42' title='bbox 1200 1220 1381 1289; x_wconf 77' lang='lat' dir='ltr'>gratis</span> <span class='ocrx_word' id='word_1_43' title='bbox 1415 1218 1573 1272; x_wconf 81' lang='lat' dir='ltr'>dedit</span> <span class='ocrx_word' id='word_1_44' title='bbox 1596 1226 1885 1289; x_wconf 69' lang='lat' dir='ltr'>amplum,</span> 
     </span>
    </p>
   </div>
   <div class='ocr_carea' id='block_1_10' title="bbox 228 1306 1749 1379">
    <p class='ocr_par' dir='ltr' id='par_1_10' title="bbox 228 1306 1749 1379">
     <span class='ocr_line' id='line_1_10' title="bbox 228 1306 1749 1379; baseline -0.003 -13"><span class='ocrx_word' id='word_1_45' title='bbox 228 1311 337 1366; x_wconf 90' lang='lat' dir='ltr'>Pro</span> <span class='ocrx_word' id='word_1_46' title='bbox 369 1306 540 1364; x_wconf 86' lang='lat' dir='ltr'>nobis</span> <span class='ocrx_word' id='word_1_47' title='bbox 572 1309 832 1362; x_wconf 85' lang='lat' dir='ltr'>animam</span> <span class='ocrx_word' id='word_1_48' title='bbox 864 1308 1160 1379; x_wconf 84' lang='lat' dir='ltr'>deponens</span> <span class='ocrx_word' id='word_1_49' title='bbox 1194 1308 1252 1362; x_wconf 90' lang='lat' dir='ltr'>in</span> <span class='ocrx_word' id='word_1_50' title='bbox 1285 1325 1455 1361; x_wconf 82' lang='lat' dir='ltr'>cruce</span> <span class='ocrx_word' id='word_1_51' title='bbox 1487 1309 1749 1373; x_wconf 77' lang='lat' dir='ltr'>charum,</span> 
     </span>
    </p>
   </div>
   <div class='ocr_carea' id='block_1_11' title="bbox 226 1395 1498 1468">
    <p class='ocr_par' dir='ltr' id='par_1_11' title="bbox 226 1395 1498 1468">
     <span class='ocr_line' id='line_1_11' title="bbox 226 1395 1498 1468; baseline -0.001 -14"><span class='ocrx_word' id='word_1_52' title='bbox 226 1399 345 1454; x_wconf 83' lang='lat' dir='ltr'>Nec</span> <span class='ocrx_word' id='word_1_53' title='bbox 376 1414 491 1452; x_wconf 91' lang='lat' dir='ltr'>non</span> <span class='ocrx_word' id='word_1_54' title='bbox 524 1395 769 1468; x_wconf 82' lang='lat' dir='ltr'>gloriola</span> <span class='ocrx_word' id='word_1_55' title='bbox 800 1399 1095 1465; x_wconf 71' lang='lat' dir='ltr'>surgentis</span> <span class='ocrx_word' id='word_1_56' title='bbox 1128 1399 1232 1452; x_wconf 90' lang='lat' dir='ltr'>rite</span> <span class='ocrx_word' id='word_1_57' title='bbox 1266 1404 1498 1468; x_wconf 81' lang='lat' dir='ltr'>peracta</span> 
     </span>
    </p>
   </div>
   <div class='ocr_carea' id='block_1_12' title="bbox 229 1485 1564 1558">
    <p class='ocr_par' dir='ltr' id='par_1_12' title="bbox 229 1485 1564 1558">
     <span class='ocr_line' id='line_1_12' title="bbox 229 1485 1564 1558; baseline -0.001 -15"><span class='ocrx_word' id='word_1_58' title='bbox 229 1489 420 1558; x_wconf 80' lang='lat' dir='ltr'>Atque</span> <span class='ocrx_word' id='word_1_59' title='bbox 453 1490 663 1556; x_wconf 84' lang='lat' dir='ltr'>quater</span> <span class='ocrx_word' id='word_1_60' title='bbox 694 1485 861 1539; x_wconf 84' lang='lat' dir='ltr'>denis</span> <span class='ocrx_word' id='word_1_61' title='bbox 894 1486 1003 1541; x_wconf 88' lang='lat' dir='ltr'>diei</span> <span class='ocrx_word' id='word_1_62' title='bbox 1041 1487 1214 1557; x_wconf 78' lang='lat' dir='ltr'>spatii</span> <span class='ocrx_word' id='word_1_63' title='bbox 1247 1487 1564 1556; x_wconf 73' lang='lat' dir='ltr'>replicatis,</span> 
     </span>
    </p>
   </div>
   <div class='ocr_carea' id='block_1_13' title="bbox 234 1574 1676 1647">
    <p class='ocr_par' dir='ltr' id='par_1_13' title="bbox 234 1574 1676 1647">
     <span class='ocr_line' id='line_1_13' title="bbox 234 1574 1676 1647; baseline -0.001 -16"><span class='ocrx_word' id='word_1_64' title='bbox 234 1576 294 1632; x_wconf 89' lang='lat' dir='ltr'>In</span> <span class='ocrx_word' id='word_1_65' title='bbox 328 1574 537 1647; x_wconf 88' lang='lat' dir='ltr'>quieis,</span> <span class='ocrx_word' id='word_1_66' title='bbox 573 1574 880 1644; x_wconf 89' lang='lat' dir='ltr'>discipulis</span> <span class='ocrx_word' id='word_1_67' title='bbox 912 1592 1201 1646; x_wconf 86' lang='lat' dir='ltr'>apparens</span> <span class='ocrx_word' id='word_1_68' title='bbox 1233 1575 1431 1630; x_wconf 89' lang='lat' dir='ltr'>sedulo</span> <span class='ocrx_word' id='word_1_69' title='bbox 1464 1575 1676 1643; x_wconf 88' lang='lat' dir='ltr'>charis,</span> 
     </span>
    </p>
   </div>
   <div class='ocr_carea' id='block_1_14' title="bbox 232 1665 1885 1738">
    <p class='ocr_par' dir='ltr' id='par_1_14' title="bbox 232 1665 1885 1738">
     <span class='ocr_line' id='line_1_14' title="bbox 232 1665 1885 1738; baseline 0.001 -19"><span class='ocrx_word' id='word_1_70' title='bbox 232 1665 376 1720; x_wconf 87' lang='lat' dir='ltr'>Esse</span> <span class='ocrx_word' id='word_1_71' title='bbox 394 1680 501 1718; x_wconf 89' lang='lat' dir='ltr'>sua</span> <span class='ocrx_word' id='word_1_72' title='bbox 522 1668 805 1729; x_wconf 86' lang='lat' dir='ltr'>nostram,</span> <span class='ocrx_word' id='word_1_73' title='bbox 823 1669 1272 1733; x_wconf 87' lang='lat' dir='ltr'>monstrat,cum</span> <span class='ocrx_word' id='word_1_74' title='bbox 1295 1671 1478 1719; x_wconf 89' lang='lat' dir='ltr'>morte</span> <span class='ocrx_word' id='word_1_75' title='bbox 1502 1672 1885 1738; x_wconf 82' lang='lat' dir='ltr'>peremptam,</span> 
     </span>
    </p>
   </div>
   <div class='ocr_carea' id='block_1_15' title="bbox 229 1751 1631 1824">
    <p class='ocr_par' dir='ltr' id='par_1_15' title="bbox 229 1751 1631 1824">
     <span class='ocr_line' id='line_1_15' title="bbox 229 1751 1631 1824; baseline -0.001 -14"><span class='ocrx_word' id='word_1_76' title='bbox 229 1754 349 1810; x_wconf 84' lang='lat' dir='ltr'>Nec</span> <span class='ocrx_word' id='word_1_77' title='bbox 382 1754 588 1810; x_wconf 89' lang='lat' dir='ltr'>mortis</span> <span class='ocrx_word' id='word_1_78' title='bbox 618 1751 827 1808; x_wconf 89' lang='lat' dir='ltr'>vinclis</span> <span class='ocrx_word' id='word_1_79' title='bbox 860 1769 919 1807; x_wconf 88' lang='lat' dir='ltr'>sc</span> <span class='ocrx_word' id='word_1_80' title='bbox 955 1771 1123 1824; x_wconf 80' lang='lat' dir='ltr'>posse</span> <span class='ocrx_word' id='word_1_81' title='bbox 1156 1756 1403 1809; x_wconf 83' lang='lat' dir='ltr'>tenerior</span> <span class='ocrx_word' id='word_1_82' title='bbox 1434 1755 1631 1822; x_wconf 87' lang='lat' dir='ltr'>arctis,</span> 
     </span>
    </p>
   </div>
   <div class='ocr_carea' id='block_1_16' title="bbox 232 1841 1621 1913">
    <p class='ocr_par' dir='ltr' id='par_1_16' title="bbox 232 1841 1621 1913">
     <span class='ocr_line' id='line_1_16' title="bbox 232 1841 1621 1913; baseline 0.001 -16"><span class='ocrx_word' id='word_1_83' title='bbox 232 1842 341 1909; x_wconf 87' lang='lat' dir='ltr'>Qui</span> <span class='ocrx_word' id='word_1_84' title='bbox 375 1842 535 1899; x_wconf 90' lang='lat' dir='ltr'>solus</span> <span class='ocrx_word' id='word_1_85' title='bbox 568 1841 751 1913; x_wconf 64' lang='lat' dir='ltr'>culpis</span> <span class='ocrx_word' id='word_1_86' title='bbox 787 1842 973 1897; x_wconf 87' lang='lat' dir='ltr'>fuerat</span> <span class='ocrx_word' id='word_1_87' title='bbox 1006 1843 1132 1897; x_wconf 86' lang='lat' dir='ltr'>sine</span> <span class='ocrx_word' id='word_1_88' title='bbox 1165 1844 1437 1897; x_wconf 74' lang='lat' dir='ltr'>sordibus</span> <span class='ocrx_word' id='word_1_89' title='bbox 1468 1846 1621 1911; x_wconf 66' lang='grc' dir='ltr'>Αάίη,</span> 
     </span>
    </p>
   </div>
   <div class='ocr_carea' id='block_1_17' title="bbox 232 1931 1637 2000">
    <p class='ocr_par' dir='ltr' id='par_1_17' title="bbox 232 1931 1637 2000">
     <span class='ocr_line' id='line_1_17' title="bbox 232 1931 1637 2000; baseline 0 -13"><span class='ocrx_word' id='word_1_90' title='bbox 232 1933 532 1988; x_wconf 85' lang='lat' dir='ltr'>Postremo</span> <span class='ocrx_word' id='word_1_91' title='bbox 566 1931 757 1986; x_wconf 84' lang='lat' dir='ltr'>charis</span> <span class='ocrx_word' id='word_1_92' title='bbox 792 1932 975 1986; x_wconf 84' lang='lat' dir='ltr'>isdem</span> <span class='ocrx_word' id='word_1_93' title='bbox 1011 1937 1375 1986; x_wconf 83' lang='lat' dir='ltr'>monstratus</span> <span class='ocrx_word' id='word_1_94' title='bbox 1410 1934 1637 2000; x_wconf 75' lang='lat' dir='ltr'>amicis,</span> 
     </span>
    </p>
   </div>
   <div class='ocr_carea' id='block_1_18' title="bbox 230 2019 1542 2091">
    <p class='ocr_par' dir='ltr' id='par_1_18' title="bbox 230 2019 1542 2091">
     <span class='ocr_line' id='line_1_18' title="bbox 230 2019 1542 2091; baseline -0.001 -15"><span class='ocrx_word' id='word_1_95' title='bbox 230 2019 449 2076; x_wconf 86' lang='lat' dir='ltr'>Montis</span> <span class='ocrx_word' id='word_1_96' title='bbox 480 2019 733 2075; x_wconf 86' lang='lat' dir='ltr'>Oliviferi</span> <span class='ocrx_word' id='word_1_97' title='bbox 768 2019 1040 2090; x_wconf 70' lang='lat' dir='ltr'>prrecelso</span> <span class='ocrx_word' id='word_1_98' title='bbox 1072 2022 1283 2074; x_wconf 82' lang='lat' dir='ltr'>vertice</span> <span class='ocrx_word' id='word_1_99' title='bbox 1317 2022 1542 2091; x_wconf 85' lang='lat' dir='ltr'>quidni,</span> 
     </span>
    </p>
   </div>
   <div class='ocr_carea' id='block_1_19' title="bbox 227 2108 1752 2177">
    <p class='ocr_par' dir='ltr' id='par_1_19' title="bbox 227 2108 1752 2177">
     <span class='ocr_line' id='line_1_19' title="bbox 227 2108 1752 2177; baseline -0.001 -13"><span class='ocrx_word' id='word_1_100' title='bbox 227 2110 467 2174; x_wconf 84' lang='lat' dir='ltr'>Astans,</span> <span class='ocrx_word' id='word_1_101' title='bbox 504 2108 848 2177; x_wconf 85' lang='lat' dir='ltr'>astrigeram</span> <span class='ocrx_word' id='word_1_102' title='bbox 884 2124 1016 2162; x_wconf 80' lang='lat' dir='ltr'>max</span> <span class='ocrx_word' id='word_1_103' title='bbox 1048 2126 1401 2163; x_wconf 77' lang='lat' dir='ltr'>ascensurus</span> <span class='ocrx_word' id='word_1_104' title='bbox 1434 2112 1500 2163; x_wconf 84' lang='lat' dir='ltr'>ad</span> <span class='ocrx_word' id='word_1_105' title='bbox 1536 2111 1752 2175; x_wconf 78' lang='lat' dir='ltr'>aulam,</span> 
     </span>
    </p>
   </div>
   <div class='ocr_carea' id='block_1_20' title="bbox 226 2196 1588 2267">
    <p class='ocr_par' dir='ltr' id='par_1_20' title="bbox 226 2196 1588 2267">
     <span class='ocr_line' id='line_1_20' title="bbox 226 2196 1588 2267; baseline 0 -16"><span class='ocrx_word' id='word_1_106' title='bbox 226 2197 571 2267; x_wconf 67' lang='lat' dir='ltr'>Atlaturque</span> <span class='ocrx_word' id='word_1_107' title='bbox 606 2213 741 2250; x_wconf 88' lang='lat' dir='ltr'>suos</span> <span class='ocrx_word' id='word_1_108' title='bbox 775 2212 908 2249; x_wconf 90' lang='lat' dir='ltr'>cum</span> <span class='ocrx_word' id='word_1_109' title='bbox 942 2196 1041 2250; x_wconf 85' lang='lat' dir='ltr'>tali</span> <span class='ocrx_word' id='word_1_110' title='bbox 1074 2214 1209 2250; x_wconf 84' lang='lat' dir='ltr'>voce</span> <span class='ocrx_word' id='word_1_111' title='bbox 1240 2197 1541 2251; x_wconf 79' lang='lat' dir='ltr'>ministros</span> <span class='ocrx_word' id='word_1_112' title='bbox 1578 2216 1588 2251; x_wconf 92' lang='lat'>:</span> 
     </span>
    </p>
   </div>
   <div class='ocr_carea' id='block_1_21' title="bbox 231 2286 1793 2357">
    <p class='ocr_par' dir='ltr' id='par_1_21' title="bbox 231 2286 1793 2357">
     <span class='ocr_line' id='line_1_21' title="bbox 231 2286 1793 2357; baseline 0 -16"><span class='ocrx_word' id='word_1_113' title='bbox 231 2286 309 2341; x_wconf 86' lang='lat' dir='ltr'>Ut</span> <span class='ocrx_word' id='word_1_114' title='bbox 341 2286 509 2341; x_wconf 84' lang='lat' dir='ltr'>Pater</span> <span class='ocrx_word' id='word_1_115' title='bbox 540 2286 597 2339; x_wconf 90' lang='lat' dir='ltr'>in</span> <span class='ocrx_word' id='word_1_116' title='bbox 633 2287 921 2340; x_wconf 84' lang='lat' dir='ltr'>mundum</span> <span class='ocrx_word' id='word_1_117' title='bbox 957 2304 1049 2340; x_wconf 88' lang='lat' dir='ltr'>me</span> <span class='ocrx_word' id='word_1_118' title='bbox 1080 2287 1351 2357; x_wconf 74' lang='lat' dir='ltr'>promisit</span> <span class='ocrx_word' id='word_1_119' title='bbox 1383 2288 1493 2341; x_wconf 80' lang='lat' dir='ltr'>sibi</span> <span class='ocrx_word' id='word_1_120' title='bbox 1530 2288 1793 2353; x_wconf 79' lang='lat' dir='ltr'>charum,</span> 
     </span>
    </p>
   </div>
   <div class='ocr_carea' id='block_1_22' title="bbox 232 2375 1660 2447">
    <p class='ocr_par' dir='ltr' id='par_1_22' title="bbox 232 2375 1660 2447">
     <span class='ocr_line' id='line_1_22' title="bbox 232 2375 1660 2447; baseline 0.001 -17"><span class='ocrx_word' id='word_1_121' title='bbox 232 2375 330 2431; x_wconf 90' lang='lat' dir='ltr'>Sic</span> <span class='ocrx_word' id='word_1_122' title='bbox 362 2391 466 2447; x_wconf 87' lang='lat' dir='ltr'>ego</span> <span class='ocrx_word' id='word_1_123' title='bbox 501 2375 668 2428; x_wconf 82' lang='lat' dir='ltr'>mitto</span> <span class='ocrx_word' id='word_1_124' title='bbox 704 2392 861 2429; x_wconf 75' lang='lat' dir='ltr'>meos</span> <span class='ocrx_word' id='word_1_125' title='bbox 894 2375 1133 2429; x_wconf 81' lang='lat' dir='ltr'>dilectos</span> <span class='ocrx_word' id='word_1_126' title='bbox 1167 2382 1391 2429; x_wconf 83' lang='lat' dir='ltr'>vosmet</span> <span class='ocrx_word' id='word_1_127' title='bbox 1421 2377 1660 2430; x_wconf 86' lang='lat' dir='ltr'>amicos.</span> 
     </span>
    </p>
   </div>
   <div class='ocr_carea' id='block_1_23' title="bbox 234 2462 1601 2531">
    <p class='ocr_par' dir='ltr' id='par_1_23' title="bbox 234 2462 1601 2531">
     <span class='ocr_line' id='line_1_23' title="bbox 234 2462 1601 2531; baseline -0.002 -11"><span class='ocrx_word' id='word_1_128' title='bbox 234 2466 310 2520; x_wconf 87' lang='lat' dir='ltr'>At</span> <span class='ocrx_word' id='word_1_129' title='bbox 334 2480 459 2530; x_wconf 91' lang='lat' dir='ltr'>vos,</span> <span class='ocrx_word' id='word_1_130' title='bbox 493 2462 550 2517; x_wconf 91' lang='lat' dir='ltr'>in</span> <span class='ocrx_word' id='word_1_131' title='bbox 583 2468 786 2531; x_wconf 70' lang='lat' dir='ltr'>gentes</span> <span class='ocrx_word' id='word_1_132' title='bbox 818 2464 991 2517; x_wconf 84' lang='lat' dir='ltr'>citius</span> <span class='ocrx_word' id='word_1_133' title='bbox 1023 2468 1265 2517; x_wconf 83' lang='lat' dir='ltr'>cunctas</span> <span class='ocrx_word' id='word_1_134' title='bbox 1296 2465 1601 2528; x_wconf 83' lang='lat' dir='ltr'>abeuntes,</span> 
     </span>
    </p>
   </div>
   <div class='ocr_carea' id='block_1_24' title="bbox 234 2551 1413 2624">
    <p class='ocr_par' dir='ltr' id='par_1_24' title="bbox 234 2551 1413 2624">
     <span class='ocr_line' id='line_1_24' title="bbox 234 2551 1413 2624; baseline -0.003 -15"><span class='ocrx_word' id='word_1_135' title='bbox 234 2552 373 2609; x_wconf 88' lang='lat' dir='ltr'>Illas</span> <span class='ocrx_word' id='word_1_136' title='bbox 406 2558 695 2624; x_wconf 68' lang='lat' dir='ltr'>perpetua:</span> <span class='ocrx_word' id='word_1_137' title='bbox 729 2551 855 2605; x_wconf 69' lang='lat' dir='ltr'>vita:</span> <span class='ocrx_word' id='word_1_138' title='bbox 887 2553 1157 2606; x_wconf 81' lang='lat' dir='ltr'>mandata</span> <span class='ocrx_word' id='word_1_139' title='bbox 1194 2553 1413 2617; x_wconf 70' lang='lat' dir='ltr'>docete,</span> 
     </span>
    </p>
   </div>
   <div class='ocr_carea' id='block_1_25' title="bbox 235 2640 1503 2710">
    <p class='ocr_par' dir='ltr' id='par_1_25' title="bbox 235 2640 1503 2710">
     <span class='ocr_line' id='line_1_25' title="bbox 235 2640 1503 2710; baseline -0.002 -15"><span class='ocrx_word' id='word_1_140' title='bbox 235 2640 550 2695; x_wconf 86' lang='lat' dir='ltr'>Credentes</span> <span class='ocrx_word' id='word_1_141' title='bbox 586 2656 751 2693; x_wconf 83' lang='lat' dir='ltr'>sacra</span> <span class='ocrx_word' id='word_1_142' title='bbox 781 2645 1099 2710; x_wconf 72' lang='lat' dir='ltr'>purgantes</span> <span class='ocrx_word' id='word_1_143' title='bbox 1131 2641 1293 2696; x_wconf 66' lang='lat' dir='ltr'>ticius</span> <span class='ocrx_word' id='word_1_144' title='bbox 1326 2642 1503 2705; x_wconf 83' lang='lat' dir='ltr'>unda,</span> 
     </span>
    </p>
   </div>
   <div class='ocr_carea' id='block_1_26' title="bbox 237 2726 1803 2799">
    <p class='ocr_par' dir='ltr' id='par_1_26' title="bbox 237 2726 1803 2799">
     <span class='ocr_line' id='line_1_26' title="bbox 237 2726 1803 2799; baseline 0.001 -16"><span class='ocrx_word' id='word_1_145' title='bbox 237 2730 302 2784; x_wconf 86' lang='lat' dir='ltr'>In</span> <span class='ocrx_word' id='word_1_146' title='bbox 337 2726 542 2795; x_wconf 85' lang='lat' dir='ltr'>Patris,</span> <span class='ocrx_word' id='word_1_147' title='bbox 570 2733 623 2781; x_wconf 89' lang='lat' dir='ltr'>et</span> <span class='ocrx_word' id='word_1_148' title='bbox 656 2728 806 2793; x_wconf 76' lang='lat' dir='ltr'>Nati,</span> <span class='ocrx_word' id='word_1_149' title='bbox 834 2728 1048 2799; x_wconf 73' lang='lat' dir='ltr'>pariter</span> <span class='ocrx_word' id='word_1_150' title='bbox 1069 2746 1299 2799; x_wconf 79' lang='lat' dir='ltr'>quoque</span> <span class='ocrx_word' id='word_1_151' title='bbox 1334 2729 1609 2784; x_wconf 63' lang='lat' dir='ltr'>Flaminis</span> <span class='ocrx_word' id='word_1_152' title='bbox 1643 2731 1803 2799; x_wconf 80' lang='lat' dir='ltr'>alini,</span> 
     </span>
    </p>
   </div>
   <div class='ocr_carea' id='block_1_27' title="bbox 236 2816 1727 2888">
    <p class='ocr_par' dir='ltr' id='par_1_27' title="bbox 236 2816 1727 2888">
     <span class='ocr_line' id='line_1_27' title="bbox 236 2816 1727 2888; baseline 0.001 -14"><span class='ocrx_word' id='word_1_153' title='bbox 236 2817 504 2883; x_wconf 87' lang='lat' dir='ltr'>Nomine,</span> <span class='ocrx_word' id='word_1_154' title='bbox 532 2834 647 2888; x_wconf 87' lang='lat' dir='ltr'>quo</span> <span class='ocrx_word' id='word_1_155' title='bbox 677 2816 885 2871; x_wconf 77' lang='lat' dir='ltr'>veteris</span> <span class='ocrx_word' id='word_1_156' title='bbox 917 2818 1209 2887; x_wconf 67' lang='lat' dir='ltr'>deponant</span> <span class='ocrx_word' id='word_1_157' title='bbox 1240 2818 1488 2873; x_wconf 81' lang='lat' dir='ltr'>crimina</span> <span class='ocrx_word' id='word_1_158' title='bbox 1518 2820 1727 2876; x_wconf 80' lang='lat' dir='ltr'>sordis.</span> 
     </span>
    </p>
   </div>
   <div class='ocr_carea' id='block_1_28' title="bbox 242 2905 1525 2975">
    <p class='ocr_par' dir='ltr' id='par_1_28' title="bbox 242 2905 1525 2975">
     <span class='ocr_line' id='line_1_28' title="bbox 242 2905 1525 2975; baseline 0.001 -14"><span class='ocrx_word' id='word_1_159' title='bbox 242 2908 314 2962; x_wconf 87' lang='lat' dir='ltr'>Et</span> <span class='ocrx_word' id='word_1_160' title='bbox 340 2906 559 2960; x_wconf 87' lang='lat' dir='ltr'>virtute</span> <span class='ocrx_word' id='word_1_161' title='bbox 588 2922 719 2960; x_wconf 90' lang='lat' dir='ltr'>mea</span> <span class='ocrx_word' id='word_1_162' title='bbox 748 2905 939 2961; x_wconf 85' lang='lat' dir='ltr'>varios</span> <span class='ocrx_word' id='word_1_163' title='bbox 969 2905 1236 2975; x_wconf 79' lang='lat' dir='ltr'>depellite</span> <span class='ocrx_word' id='word_1_164' title='bbox 1269 2908 1525 2974; x_wconf 82' lang='lat' dir='ltr'>morbos,</span> 
     </span>
    </p>
   </div>
   <div class='ocr_carea' id='block_1_29' title="bbox 241 2994 1549 3067">
    <p class='ocr_par' dir='ltr' id='par_1_29' title="bbox 241 2994 1549 3067">
     <span class='ocr_line' id='line_1_29' title="bbox 241 2994 1549 3067; baseline 0.002 -17"><span class='ocrx_word' id='word_1_165' title='bbox 241 2994 359 3050; x_wconf 89' lang='lat' dir='ltr'>Nec</span> <span class='ocrx_word' id='word_1_166' title='bbox 388 3011 504 3050; x_wconf 92' lang='lat' dir='ltr'>non</span> <span class='ocrx_word' id='word_1_167' title='bbox 536 2994 781 3066; x_wconf 89' lang='lat' dir='ltr'>imperio</span> <span class='ocrx_word' id='word_1_168' title='bbox 812 2994 1112 3066; x_wconf 69' lang='lat' dir='ltr'>praedones</span> <span class='ocrx_word' id='word_1_169' title='bbox 1144 2994 1331 3067; x_wconf 85' lang='lat' dir='ltr'>cogite</span> <span class='ocrx_word' id='word_1_170' title='bbox 1360 3000 1549 3052; x_wconf 86' lang='lat' dir='ltr'>vestro</span> 
     </span>
    </p>
   </div>
   <div class='ocr_carea' id='block_1_30' title="bbox 240 3083 1766 3155">
    <p class='ocr_par' dir='ltr' id='par_1_30' title="bbox 240 3083 1766 3155">
     <span class='ocr_line' id='line_1_30' title="bbox 240 3083 1766 3155; baseline 0.003 -18"><span class='ocrx_word' id='word_1_171' title='bbox 240 3084 455 3153; x_wconf 71' lang='lat' dir='ltr'>Saevos,</span> <span class='ocrx_word' id='word_1_172' title='bbox 489 3083 797 3141; x_wconf 87' lang='lat' dir='ltr'>obsessum</span> <span class='ocrx_word' id='word_1_173' title='bbox 827 3083 1098 3155; x_wconf 88' lang='lat' dir='ltr'>linquant</span> <span class='ocrx_word' id='word_1_174' title='bbox 1128 3089 1194 3138; x_wconf 90' lang='lat' dir='ltr'>ut</span> <span class='ocrx_word' id='word_1_175' title='bbox 1224 3085 1474 3154; x_wconf 89' lang='lat' dir='ltr'>pectoris</span> <span class='ocrx_word' id='word_1_176' title='bbox 1506 3091 1766 3153; x_wconf 83' lang='lat' dir='ltr'>antrum,</span> 
     </span>
    </p>
   </div>
   <div class='ocr_carea' id='block_1_31' title="bbox 246 3172 1642 3245">
    <p class='ocr_par' dir='ltr' id='par_1_31' title="bbox 246 3172 1642 3245">
     <span class='ocr_line' id='line_1_31' title="bbox 246 3172 1642 3245; baseline 0.001 -17"><span class='ocrx_word' id='word_1_177' title='bbox 246 3172 367 3229; x_wconf 92' lang='lat' dir='ltr'>Illis</span> <span class='ocrx_word' id='word_1_178' title='bbox 398 3172 749 3245; x_wconf 70' lang='lat' dir='ltr'>praidulcem</span> <span class='ocrx_word' id='word_1_179' title='bbox 784 3178 1080 3229; x_wconf 82' lang='lat' dir='ltr'>servantes</span> <span class='ocrx_word' id='word_1_180' title='bbox 1116 3173 1331 3229; x_wconf 89' lang='lat' dir='ltr'>mentis</span> <span class='ocrx_word' id='word_1_181' title='bbox 1360 3191 1642 3243; x_wconf 89' lang='lat' dir='ltr'>amorem,</span> 
     </span>
    </p>
   </div>
   <div class='ocr_carea' id='block_1_32' title="bbox 244 3260 1701 3334">
    <p class='ocr_par' dir='ltr' id='par_1_32' title="bbox 244 3260 1701 3334">
     <span class='ocr_line' id='line_1_32' title="bbox 244 3260 1701 3334; baseline 0.002 -17"><span class='ocrx_word' id='word_1_182' title='bbox 244 3260 477 3317; x_wconf 61' lang='lat' dir='ltr'>Laiderc</span> <span class='ocrx_word' id='word_1_183' title='bbox 506 3277 606 3316; x_wconf 90' lang='lat' dir='ltr'>vos</span> <span class='ocrx_word' id='word_1_184' title='bbox 636 3260 787 3315; x_wconf 91' lang='lat' dir='ltr'>odiis</span> <span class='ocrx_word' id='word_1_185' title='bbox 813 3262 912 3332; x_wconf 87' lang='lat' dir='ltr'>qui</span> <span class='ocrx_word' id='word_1_186' title='bbox 944 3264 1173 3316; x_wconf 88' lang='lat' dir='ltr'>tentant</span> <span class='ocrx_word' id='word_1_187' title='bbox 1203 3278 1433 3334; x_wconf 85' lang='lat' dir='ltr'>semper</span> <span class='ocrx_word' id='word_1_188' title='bbox 1463 3265 1701 3320; x_wconf 89' lang='lat' dir='ltr'>amaris.</span> 
     </span>
    </p>
   </div>
   <div class='ocr_carea' id='block_1_33' title="bbox 236 3348 1669 3421">
    <p class='ocr_par' dir='ltr' id='par_1_33' title="bbox 236 3348 1669 3421">
     <span class='ocr_line' id='line_1_33' title="bbox 236 3348 1669 3421; baseline 0.002 -16"><span class='ocrx_word' id='word_1_189' title='bbox 236 3350 320 3405; x_wconf 78' lang='lat' dir='ltr'>Ex</span> <span class='ocrx_word' id='word_1_190' title='bbox 349 3348 460 3405; x_wconf 90' lang='lat' dir='ltr'>hoc</span> <span class='ocrx_word' id='word_1_191' title='bbox 487 3353 747 3421; x_wconf 88' lang='lat' dir='ltr'>percerte</span> <span class='ocrx_word' id='word_1_192' title='bbox 779 3354 1028 3421; x_wconf 89' lang='lat' dir='ltr'>possunt</span> <span class='ocrx_word' id='word_1_193' title='bbox 1058 3367 1417 3421; x_wconf 65' lang='lat' dir='ltr'>praenoscere</span> <span class='ocrx_word' id='word_1_194' title='bbox 1449 3359 1669 3409; x_wconf 63' lang='lat' dir='ltr'>cuncta:</span> 
     </span>
    </p>
   </div>
   <div class='ocr_carea' id='block_1_34' title="bbox 237 3436 1728 3512">
    <p class='ocr_par' dir='ltr' id='par_1_34' title="bbox 237 3436 1728 3512">
     <span class='ocr_line' id='line_1_34' title="bbox 237 3436 1728 3512; baseline 0.002 -17"><span class='ocrx_word' id='word_1_195' title='bbox 237 3438 473 3505; x_wconf 85' lang='lat' dir='ltr'>Gentes,</span> <span class='ocrx_word' id='word_1_196' title='bbox 508 3436 830 3510; x_wconf 85' lang='lat' dir='ltr'>discipulos</span> <span class='ocrx_word' id='word_1_197' title='bbox 861 3455 961 3493; x_wconf 91' lang='lat' dir='ltr'>vos</span> <span class='ocrx_word' id='word_1_198' title='bbox 991 3455 1117 3493; x_wconf 90' lang='lat' dir='ltr'>esse</span> <span class='ocrx_word' id='word_1_199' title='bbox 1149 3440 1295 3494; x_wconf 88' lang='lat' dir='ltr'>satis</span> <span class='ocrx_word' id='word_1_200' title='bbox 1326 3440 1469 3495; x_wconf 90' lang='lat' dir='ltr'>mihi</span> <span class='ocrx_word' id='word_1_201' title='bbox 1502 3442 1728 3512; x_wconf 90' lang='lat' dir='ltr'>charos,</span> 
     </span>
    </p>
   </div>
   <div class='ocr_carea' id='block_1_35' title="bbox 236 3527 1538 3599">
    <p class='ocr_par' dir='ltr' id='par_1_35' title="bbox 236 3527 1538 3599">
     <span class='ocr_line' id='line_1_35' title="bbox 236 3527 1538 3599; baseline 0 -16"><span class='ocrx_word' id='word_1_202' title='bbox 236 3527 300 3584; x_wconf 88' lang='lat' dir='ltr'>Si</span> <span class='ocrx_word' id='word_1_203' title='bbox 329 3527 523 3582; x_wconf 89' lang='lat' dir='ltr'>colitis</span> <span class='ocrx_word' id='word_1_204' title='bbox 553 3531 778 3582; x_wconf 90' lang='lat' dir='ltr'>vestros</span> <span class='ocrx_word' id='word_1_205' title='bbox 808 3528 972 3599; x_wconf 91' lang='lat' dir='ltr'>puris</span> <span class='ocrx_word' id='word_1_206' title='bbox 1004 3529 1218 3585; x_wconf 84' lang='lat' dir='ltr'>animis</span> <span class='ocrx_word' id='word_1_207' title='bbox 1249 3530 1538 3586; x_wconf 87' lang='lat' dir='ltr'>inimicos.</span> 
     </span>
    </p>
   </div>
   <div class='ocr_carea' id='block_1_36' title="bbox 312 3615 1779 3690">
    <p class='ocr_par' dir='ltr' id='par_1_36' title="bbox 312 3615 1779 3690">
     <span class='ocr_line' id='line_1_36' title="bbox 312 3615 1779 3690; baseline 0.003 -17"><span class='ocrx_word' id='word_1_208' title='bbox 312 3615 627 3673; x_wconf 85' lang='lat' dir='ltr'>Finetenus</span> <span class='ocrx_word' id='word_1_209' title='bbox 658 3632 945 3673; x_wconf 86' lang='lat' dir='ltr'>memores</span> <span class='ocrx_word' id='word_1_210' title='bbox 977 3618 1271 3689; x_wconf 87' lang='lat' dir='ltr'>persistite</span> <span class='ocrx_word' id='word_1_211' title='bbox 1303 3619 1524 3676; x_wconf 87' lang='lat' dir='ltr'>scilicet</span> <span class='ocrx_word' id='word_1_212' title='bbox 1556 3638 1779 3690; x_wconf 89' lang='lat' dir='ltr'>omnes,</span> 
     </span>
    </p>
   </div>
   <div class='ocr_carea' id='block_1_37' title="bbox 230 3704 1642 3778">
    <p class='ocr_par' dir='ltr' id='par_1_37' title="bbox 230 3704 1642 3778">
     <span class='ocr_line' id='line_1_37' title="bbox 230 3704 1642 3778; baseline 0.004 -19"><span class='ocrx_word' id='word_1_213' title='bbox 230 3707 369 3771; x_wconf 58' lang='lat' dir='ltr'>Quae</span> <span class='ocrx_word' id='word_1_214' title='bbox 397 3704 573 3760; x_wconf 89' lang='lat' dir='ltr'>vestri</span> <span class='ocrx_word' id='word_1_215' title='bbox 612 3722 789 3760; x_wconf 84' lang='lat' dir='ltr'>causa</span> <span class='ocrx_word' id='word_1_216' title='bbox 822 3722 1033 3778; x_wconf 87' lang='lat' dir='ltr'>passus</span> <span class='ocrx_word' id='word_1_217' title='bbox 1063 3706 1275 3763; x_wconf 82' lang='lat' dir='ltr'>fuerim</span> <span class='ocrx_word' id='word_1_218' title='bbox 1308 3710 1433 3765; x_wconf 83' lang='lat' dir='ltr'>sine</span> <span class='ocrx_word' id='word_1_219' title='bbox 1464 3725 1642 3765; x_wconf 87' lang='lat' dir='ltr'>causa</span> 
     </span>
    </p>
   </div>
   <div class='ocr_carea' id='block_1_38' title="bbox 229 3794 1839 3865">
    <p class='ocr_par' dir='ltr' id='par_1_38' title="bbox 229 3794 1839 3865">
     <span class='ocr_line' id='line_1_38' title="bbox 229 3794 1839 3865; baseline 0.002 -14"><span class='ocrx_word' id='word_1_220' title='bbox 229 3794 441 3863; x_wconf 81' lang='lat' dir='ltr'>Nonne</span> <span class='ocrx_word' id='word_1_221' title='bbox 466 3811 659 3850; x_wconf 87' lang='lat' dir='ltr'>meam</span> <span class='ocrx_word' id='word_1_222' title='bbox 692 3794 897 3865; x_wconf 81' lang='lat' dir='ltr'>facicm</span> <span class='ocrx_word' id='word_1_223' title='bbox 934 3795 1215 3852; x_wconf 88' lang='lat' dir='ltr'>cherubin</span> <span class='ocrx_word' id='word_1_224' title='bbox 1250 3814 1364 3853; x_wconf 88' lang='lat' dir='ltr'>non</span> <span class='ocrx_word' id='word_1_225' title='bbox 1397 3814 1631 3855; x_wconf 89' lang='lat' dir='ltr'>eernere</span> <span class='ocrx_word' id='word_1_226' title='bbox 1663 3799 1839 3856; x_wconf 81' lang='lat' dir='ltr'>talem</span> 
     </span>
    </p>
   </div>
   <div class='ocr_carea' id='block_1_39' title="bbox 232 3883 1724 3959">
    <p class='ocr_par' dir='ltr' id='par_1_39' title="bbox 232 3883 1724 3959">
     <span class='ocr_line' id='line_1_39' title="bbox 232 3883 1724 3959; baseline 0.003 -20"><span class='ocrx_word' id='word_1_227' title='bbox 232 3884 489 3940; x_wconf 85' lang='lat' dir='ltr'>Possunt</span> <span class='ocrx_word' id='word_1_228' title='bbox 517 3883 576 3937; x_wconf 89' lang='lat' dir='ltr'>in</span> <span class='ocrx_word' id='word_1_229' title='bbox 608 3899 807 3955; x_wconf 88' lang='lat' dir='ltr'>regno,</span> <span class='ocrx_word' id='word_1_230' title='bbox 842 3884 1034 3956; x_wconf 90' lang='lat' dir='ltr'>qualis</span> <span class='ocrx_word' id='word_1_231' title='bbox 1065 3886 1212 3941; x_wconf 86' lang='lat' dir='ltr'>nitet</span> <span class='ocrx_word' id='word_1_232' title='bbox 1243 3902 1399 3958; x_wconf 87' lang='lat' dir='ltr'>ergo,</span> <span class='ocrx_word' id='word_1_233' title='bbox 1434 3892 1675 3959; x_wconf 87' lang='lat' dir='ltr'>paterno</span> <span class='ocrx_word' id='word_1_234' title='bbox 1696 3889 1724 3943; x_wconf 84' lang='lat'><strong>?</strong></span> 
     </span>
    </p>
   </div>
   <div class='ocr_carea' id='block_1_40' title="bbox 229 3971 1546 4046">
    <p class='ocr_par' dir='ltr' id='par_1_40' title="bbox 229 3971 1546 4046">
     <span class='ocr_line' id='line_1_40' title="bbox 229 3971 1546 4046; baseline 0.004 -18"><span class='ocrx_word' id='word_1_235' title='bbox 229 3971 419 4028; x_wconf 72' lang='lat' dir='ltr'>Judaai</span> <span class='ocrx_word' id='word_1_236' title='bbox 450 3972 687 4043; x_wconf 75' lang='lat' dir='ltr'>spurcis</span> <span class='ocrx_word' id='word_1_237' title='bbox 711 3972 995 4031; x_wconf 77' lang='lat' dir='ltr'>hancsed</span> <span class='ocrx_word' id='word_1_238' title='bbox 1028 3990 1296 4046; x_wconf 86' lang='lat' dir='ltr'>sprevere</span> <span class='ocrx_word' id='word_1_239' title='bbox 1327 3975 1546 4045; x_wconf 83' lang='lat' dir='ltr'>salivis,</span> 
     </span>
    </p>
   </div>
   <div class='ocr_carea' id='block_1_41' title="bbox 232 4058 1649 4137">
    <p class='ocr_par' dir='ltr' id='par_1_41' title="bbox 232 4058 1649 4137">
     <span class='ocr_line' id='line_1_41' title="bbox 232 4058 1649 4137; baseline 0.003 -21"><span class='ocrx_word' id='word_1_240' title='bbox 232 4058 783 4133; x_wconf 82' lang='lat' dir='ltr'>Maxillisquemeis</span> <span class='ocrx_word' id='word_1_241' title='bbox 813 4060 1011 4133; x_wconf 77' lang='lat' dir='ltr'>alapas</span> <span class='ocrx_word' id='word_1_242' title='bbox 1046 4063 1303 4120; x_wconf 87' lang='lat' dir='ltr'>tribuere</span> <span class='ocrx_word' id='word_1_243' title='bbox 1334 4064 1649 4137; x_wconf 83' lang='lat' dir='ltr'>malignas,</span> 
     </span>
    </p>
   </div>
   <div class='ocr_carea' id='block_1_42' title="bbox 230 4149 1557 4225">
    <p class='ocr_par' dir='ltr' id='par_1_42' title="bbox 230 4149 1557 4225">
     <span class='ocr_line' id='line_1_42' title="bbox 230 4149 1557 4225; baseline 0.005 -20"><span class='ocrx_word' id='word_1_244' title='bbox 230 4151 421 4221; x_wconf 87' lang='lat' dir='ltr'>Atque</span> <span class='ocrx_word' id='word_1_245' title='bbox 450 4166 673 4219; x_wconf 82' lang='lat' dir='ltr'>manus</span> <span class='ocrx_word' id='word_1_246' title='bbox 694 4149 873 4215; x_wconf 77' lang='lat' dir='ltr'>clavis</span> <span class='ocrx_word' id='word_1_247' title='bbox 902 4150 1062 4225; x_wconf 87' lang='lat' dir='ltr'>ligno</span> <span class='ocrx_word' id='word_1_248' title='bbox 1095 4152 1267 4207; x_wconf 87' lang='lat' dir='ltr'>ﬁxere</span> <span class='ocrx_word' id='word_1_249' title='bbox 1299 4156 1557 4211; x_wconf 87' lang='lat' dir='ltr'>cruentis</span> 
     </span>
    </p>
   </div>
   <div class='ocr_carea' id='block_1_43' title="bbox 232 4238 1889 4319">
    <p class='ocr_par' dir='ltr' id='par_1_43' title="bbox 232 4238 1889 4319">
     <span class='ocr_line' id='line_1_43' title="bbox 232 4238 1889 4319; baseline 0.004 -23"><span class='ocrx_word' id='word_1_250' title='bbox 232 4240 387 4296; x_wconf 72' lang='lat'><strong>100</strong></span> <span class='ocrx_word' id='word_1_251' title='bbox 417 4239 498 4294; x_wconf 88' lang='lat' dir='ltr'>De</span> <span class='ocrx_word' id='word_1_252' title='bbox 528 4238 670 4295; x_wconf 91' lang='lat' dir='ltr'>limo</span> <span class='ocrx_word' id='word_1_253' title='bbox 705 4238 1019 4312; x_wconf 87' lang='lat' dir='ltr'>pulchrum</span> <span class='ocrx_word' id='word_1_254' title='bbox 1052 4241 1218 4314; x_wconf 88' lang='lat' dir='ltr'>queis</span> <span class='ocrx_word' id='word_1_255' title='bbox 1258 4241 1542 4314; x_wconf 86' lang='lat' dir='ltr'>plasmavi</span> <span class='ocrx_word' id='word_1_256' title='bbox 1588 4244 1889 4319; x_wconf 85' lang='lat' dir='ltr'>protopla-</span> 
     </span>
    </p>
   </div>
   <div class='ocr_carea' id='block_1_44' title="bbox 229 4324 1885 4409">
    <p class='ocr_par' dir='ltr' id='par_1_44' title="bbox 229 4324 1885 4409">
     <span class='ocr_line' id='line_1_44' title="bbox 229 4324 1885 4409; baseline 0.005 -25"><span class='ocrx_word' id='word_1_257' title='bbox 229 4329 377 4384; x_wconf 89' lang='lat' dir='ltr'>Cum</span> <span class='ocrx_word' id='word_1_258' title='bbox 396 4327 612 4402; x_wconf 87' lang='lat' dir='ltr'>quibus</span> <span class='ocrx_word' id='word_1_259' title='bbox 634 4333 692 4384; x_wconf 89' lang='lat' dir='ltr'>et</span> <span class='ocrx_word' id='word_1_260' title='bbox 708 4328 884 4386; x_wconf 74' lang='lat' dir='ltr'>cmlos</span> <span class='ocrx_word' id='word_1_261' title='bbox 906 4330 1134 4386; x_wconf 86' lang='lat' dir='ltr'>extendi</span> <span class='ocrx_word' id='word_1_262' title='bbox 1156 4330 1409 4404; x_wconf 88' lang='lat' dir='ltr'>denique</span> <span class='ocrx_word' id='word_1_263' title='bbox 1430 4332 1637 4389; x_wconf 89' lang='lat' dir='ltr'>celsos.</span> <span class='ocrx_word' id='word_1_264' title='bbox 1681 4324 1885 4409; x_wconf 76' lang='lat' dir='ltr'>[stum,</span> 
     </span>
    </p>
   </div>
   <div class='ocr_carea' id='block_1_45' title="bbox 229 4411 1885 4492">
    <p class='ocr_par' dir='ltr' id='par_1_45' title="bbox 229 4411 1885 4492">
     <span class='ocr_line' id='line_1_45' title="bbox 229 4411 1885 4492; baseline 0.004 -19"><span class='ocrx_word' id='word_1_265' title='bbox 229 4418 400 4485; x_wconf 86' lang='lat' dir='ltr'>Nam,</span> <span class='ocrx_word' id='word_1_266' title='bbox 432 4417 483 4474; x_wconf 91' lang='lat' dir='ltr'>si</span> <span class='ocrx_word' id='word_1_267' title='bbox 517 4416 764 4491; x_wconf 87' lang='lat' dir='ltr'>respicio</span> <span class='ocrx_word' id='word_1_268' title='bbox 794 4423 1031 4488; x_wconf 88' lang='lat' dir='ltr'>terram,</span> <span class='ocrx_word' id='word_1_269' title='bbox 1064 4420 1286 4492; x_wconf 89' lang='lat' dir='ltr'>pavitat</span> <span class='ocrx_word' id='word_1_270' title='bbox 1313 4422 1669 4491; x_wconf 88' lang='lat' dir='ltr'>tremefacta,</span> <span class='ocrx_word' id='word_1_271' title='bbox 1801 4411 1811 4417; x_wconf 61' lang='grc'><strong>’</strong></span> <span class='ocrx_word' id='word_1_272' title='bbox 1878 4414 1885 4417; x_wconf 60' lang='grc'><em>’</em></span> 
     </span>
    </p>
   </div>
   <div class='ocr_carea' id='block_1_46' title="bbox 229 4505 1617 4585">
    <p class='ocr_par' dir='ltr' id='par_1_46' title="bbox 229 4505 1617 4585">
     <span class='ocr_line' id='line_1_46' title="bbox 229 4505 1617 4585; baseline 0.004 -23"><span class='ocrx_word' id='word_1_273' title='bbox 229 4505 357 4585; x_wconf 60' lang='lat' dir='ltr'>Nec</span> <span class='ocrx_word' id='word_1_274' title='bbox 514 4506 763 4583; x_wconf 58' lang='lat' dir='ltr'>terroris</span> <span class='ocrx_word' id='word_1_275' title='bbox 793 4508 949 4583; x_wconf 67' lang='lat' dir='ltr'>potis</span> <span class='ocrx_word' id='word_1_276' title='bbox 979 4511 1070 4579; x_wconf 73' lang='lat' dir='ltr'>est</span> <span class='ocrx_word' id='word_1_277' title='bbox 1097 4507 1311 4565; x_wconf 84' lang='lat' dir='ltr'>inferre</span> <span class='ocrx_word' id='word_1_278' title='bbox 1337 4512 1617 4583; x_wconf 66' lang='lat' dir='ltr'>potentis.</span> 
     </span>
    </p>
   </div>
   <div class='ocr_carea' id='block_1_47' title="bbox 229 4596 1725 4671">
    <p class='ocr_par' dir='ltr' id='par_1_47' title="bbox 229 4596 1725 4671">
     <span class='ocr_line' id='line_1_47' title="bbox 229 4596 1725 4671; baseline 0.003 -18"><span class='ocrx_word' id='word_1_279' title='bbox 229 4596 302 4653; x_wconf 87' lang='lat' dir='ltr'>Et</span> <span class='ocrx_word' id='word_1_280' title='bbox 316 4596 724 4668; x_wconf 68' lang='lat' dir='ltr'>praecedentes</span> <span class='ocrx_word' id='word_1_281' title='bbox 754 4597 967 4653; x_wconf 75' lang='lat' dir='ltr'>acriter</span> <span class='ocrx_word' id='word_1_282' title='bbox 996 4601 1171 4669; x_wconf 85' lang='lat' dir='ltr'>caput</span> <span class='ocrx_word' id='word_1_283' title='bbox 1201 4603 1725 4671; x_wconf 69' lang='lat' dir='ltr'>atque-moventes,</span> 
     </span>
    </p>
   </div>
   <div class='ocr_carea' id='block_1_48' title="bbox 228 4683 1427 4743">
    <p class='ocr_par' dir='ltr' id='par_1_48' title="bbox 228 4683 1427 4743">
     <span class='ocr_line' id='line_1_48' title="bbox 228 4683 1427 4743; baseline 0.002 -2"><span class='ocrx_word' id='word_1_284' title='bbox 228 4685 322 4741; x_wconf 84' lang='lat' dir='ltr'>Me</span> <span class='ocrx_word' id='word_1_285' title='bbox 354 4683 506 4740; x_wconf 85' lang='lat' dir='ltr'>male</span> <span class='ocrx_word' id='word_1_286' title='bbox 537 4684 725 4741; x_wconf 68' lang='lat' dir='ltr'>Judzei</span> <span class='ocrx_word' id='word_1_287' title='bbox 758 4685 1104 4743; x_wconf 87' lang='lat' dir='ltr'>deridebant</span> <span class='ocrx_word' id='word_1_288' title='bbox 1134 4687 1427 4743; x_wconf 88' lang='lat' dir='ltr'>scelerosi.</span> 
     </span>
    </p>
   </div>
   <div class='ocr_carea' id='block_1_49' title="bbox 227 4774 1774 4851">
    <p class='ocr_par' dir='ltr' id='par_1_49' title="bbox 227 4774 1774 4851">
     <span class='ocr_line' id='line_1_49' title="bbox 227 4774 1774 4851; baseline 0.003 -20"><span class='ocrx_word' id='word_1_289' title='bbox 227 4774 363 4831; x_wconf 65' lang='lat' dir='ltr'>Haec</span> <span class='ocrx_word' id='word_1_290' title='bbox 391 4790 526 4830; x_wconf 88' lang='lat' dir='ltr'>cum</span> <span class='ocrx_word' id='word_1_291' title='bbox 557 4774 913 4831; x_wconf 79' lang='lat' dir='ltr'>damnandis</span> <span class='ocrx_word' id='word_1_292' title='bbox 944 4779 1178 4847; x_wconf 86' lang='lat' dir='ltr'>paterer</span> <span class='ocrx_word' id='word_1_293' title='bbox 1207 4777 1497 4848; x_wconf 72' lang='lat' dir='ltr'>patienter</span> <span class='ocrx_word' id='word_1_294' title='bbox 1525 4779 1597 4834; x_wconf 89' lang='lat' dir='ltr'>ab</span> <span class='ocrx_word' id='word_1_295' title='bbox 1633 4779 1774 4851; x_wconf 87' lang='lat' dir='ltr'>illis,</span> 
     </span>
    </p>
   </div>
   <div class='ocr_carea' id='block_1_50' title="bbox 227 4860 1494 4938">
    <p class='ocr_par' dir='ltr' id='par_1_50' title="bbox 227 4860 1494 4938">
     <span class='ocr_line' id='line_1_50' title="bbox 227 4860 1494 4938; baseline 0.002 -17"><span class='ocrx_word' id='word_1_296' title='bbox 227 4863 395 4935; x_wconf 87' lang='lat' dir='ltr'>Ipsos</span> <span class='ocrx_word' id='word_1_297' title='bbox 423 4861 683 4919; x_wconf 74' lang='lat' dir='ltr'>vindicta</span> <span class='ocrx_word' id='word_1_298' title='bbox 711 4862 866 4919; x_wconf 79' lang='lat' dir='ltr'>volui</span> <span class='ocrx_word' id='word_1_299' title='bbox 899 4881 1015 4920; x_wconf 90' lang='lat' dir='ltr'>non</span> <span class='ocrx_word' id='word_1_300' title='bbox 1047 4860 1289 4936; x_wconf 78' lang='lat' dir='ltr'>perdere</span> <span class='ocrx_word' id='word_1_301' title='bbox 1311 4867 1494 4938; x_wconf 79' lang='lat' dir='ltr'>justa,</span> 
     </span>
    </p>
   </div>
   <div class='ocr_carea' id='block_1_51' title="bbox 227 4946 1677 5033">
    <p class='ocr_par' dir='ltr' id='par_1_51' title="bbox 227 4946 1677 5033">
     <span class='ocr_line' id='line_1_51' title="bbox 227 4946 1677 5033; baseline 0.003 -24"><span class='ocrx_word' id='word_1_302' title='bbox 227 4953 365 5020; x_wconf 89' lang='lat' dir='ltr'>Sed,</span> <span class='ocrx_word' id='word_1_303' title='bbox 390 4951 581 5008; x_wconf 88' lang='lat' dir='ltr'>crucis</span> <span class='ocrx_word' id='word_1_304' title='bbox 612 4951 679 5007; x_wconf 83' lang='lat' dir='ltr'>in</span> <span class='ocrx_word' id='word_1_305' title='bbox 701 4951 862 5025; x_wconf 79' lang='lat' dir='ltr'>ligno</span> <span class='ocrx_word' id='word_1_306' title='bbox 893 4946 1143 5010; x_wconf 81' lang='lat' dir='ltr'>mortem</span> <span class='ocrx_word' id='word_1_307' title='bbox 1170 4954 1352 5033; x_wconf 80' lang='lat' dir='ltr'>gratis</span> <span class='ocrx_word' id='word_1_308' title='bbox 1382 4956 1677 5033; x_wconf 84' lang='lat' dir='ltr'>patiendo,</span> 
     </span>
    </p>
   </div>
   <div class='ocr_carea' id='block_1_52' title="bbox 226 5030 1552 5116">
    <p class='ocr_par' dir='ltr' id='par_1_52' title="bbox 226 5030 1552 5116">
     <span class='ocr_line' id='line_1_52' title="bbox 226 5030 1552 5116; baseline 0.004 -18"><span class='ocrx_word' id='word_1_309' title='bbox 226 5041 397 5098; x_wconf 84' lang='lat' dir='ltr'>Oravi</span> <span class='ocrx_word' id='word_1_310' title='bbox 429 5041 663 5098; x_wconf 85' lang='lat' dir='ltr'>Patrem</span> <span class='ocrx_word' id='word_1_311' title='bbox 692 5041 1043 5100; x_wconf 88' lang='lat' dir='ltr'>clementius</span> <span class='ocrx_word' id='word_1_312' title='bbox 1070 5030 1552 5116; x_wconf 78' lang='lat' dir='ltr'>omnipotentem,</span> 
     </span>
    </p>
   </div>
   <div class='ocr_carea' id='block_1_53' title="bbox 229 5128 1485 5209">
    <p class='ocr_par' dir='ltr' id='par_1_53' title="bbox 229 5128 1485 5209">
     <span class='ocr_line' id='line_1_53' title="bbox 229 5128 1485 5209; baseline 0.003 -23"><span class='ocrx_word' id='word_1_313' title='bbox 229 5128 353 5187; x_wconf 88' lang='lat' dir='ltr'>Illis</span> <span class='ocrx_word' id='word_1_314' title='bbox 381 5130 985 5189; x_wconf 82' lang='lat' dir='ltr'>continuodimittere</span> <span class='ocrx_word' id='word_1_315' title='bbox 1014 5134 1263 5190; x_wconf 84' lang='lat' dir='ltr'>crimina</span> <span class='ocrx_word' id='word_1_316' title='bbox 1293 5138 1485 5209; x_wconf 76' lang='lat' dir='ltr'>tanta,</span> 
     </span>
    </p>
   </div>
   <div class='ocr_carea' id='block_1_54' title="bbox 228 5220 1596 5301">
    <p class='ocr_par' dir='ltr' id='par_1_54' title="bbox 228 5220 1596 5301">
     <span class='ocr_line' id='line_1_54' title="bbox 228 5220 1596 5301; baseline 0.006 -27"><span class='ocrx_word' id='word_1_317' title='bbox 228 5220 501 5276; x_wconf 88' lang='lat' dir='ltr'>Suadens</span> <span class='ocrx_word' id='word_1_318' title='bbox 531 5220 795 5293; x_wconf 82' lang='lat' dir='ltr'>exemplo</span> <span class='ocrx_word' id='word_1_319' title='bbox 826 5220 959 5301; x_wconf 74' lang='lat' dir='ltr'>tali,</span> <span class='ocrx_word' id='word_1_320' title='bbox 986 5238 1113 5294; x_wconf 69' lang='lat' dir='ltr'>quae</span> <span class='ocrx_word' id='word_1_321' title='bbox 1141 5228 1281 5278; x_wconf 86' lang='lat' dir='ltr'>sunt</span> <span class='ocrx_word' id='word_1_322' title='bbox 1310 5224 1596 5294; x_wconf 88' lang='lat' dir='ltr'>facienda,</span> 
     </span>
    </p>
   </div>
   <div class='ocr_carea' id='block_1_55' title="bbox 228 5307 1474 5383">
    <p class='ocr_par' dir='ltr' id='par_1_55' title="bbox 228 5307 1474 5383">
     <span class='ocr_line' id='line_1_55' title="bbox 228 5307 1474 5383; baseline 0.003 -19"><span class='ocrx_word' id='word_1_323' title='bbox 228 5307 462 5367; x_wconf 45' lang='lat' dir='ltr'>Utimea</span> <span class='ocrx_word' id='word_1_324' title='bbox 489 5308 744 5366; x_wconf 77' lang='lat' dir='ltr'>ccelestis</span> <span class='ocrx_word' id='word_1_325' title='bbox 774 5311 938 5366; x_wconf 87' lang='lat' dir='ltr'>ﬁeret</span> <span class='ocrx_word' id='word_1_326' title='bbox 969 5312 1231 5367; x_wconf 85' lang='lat' dir='ltr'>doctrina</span> <span class='ocrx_word' id='word_1_327' title='bbox 1262 5312 1474 5383; x_wconf 78' lang='lat' dir='ltr'>fidelis,</span> 
     </span>
    </p>
   </div>
   <div class='ocr_carea' id='block_1_56' title="bbox 227 5397 1488 5470">
    <p class='ocr_par' dir='ltr' id='par_1_56' title="bbox 227 5397 1488 5470">
     <span class='ocr_line' id='line_1_56' title="bbox 227 5397 1488 5470; baseline 0.004 -18"><span class='ocrx_word' id='word_1_328' title='bbox 227 5397 299 5453; x_wconf 88' lang='lat' dir='ltr'>Et</span> <span class='ocrx_word' id='word_1_329' title='bbox 329 5413 400 5453; x_wconf 88' lang='lat' dir='ltr'>ne</span> <span class='ocrx_word' id='word_1_330' title='bbox 431 5398 565 5470; x_wconf 91' lang='lat' dir='ltr'>quis</span> <span class='ocrx_word' id='word_1_331' title='bbox 596 5398 749 5454; x_wconf 88' lang='lat' dir='ltr'>ﬁctis</span> <span class='ocrx_word' id='word_1_332' title='bbox 786 5400 1027 5455; x_wconf 85' lang='lat' dir='ltr'>auderet</span> <span class='ocrx_word' id='word_1_333' title='bbox 1056 5400 1248 5457; x_wconf 89' lang='lat' dir='ltr'>dicere</span> <span class='ocrx_word' id='word_1_334' title='bbox 1276 5402 1488 5470; x_wconf 88' lang='lat' dir='ltr'>verbis,</span> 
     </span>
    </p>
   </div>
   <div class='ocr_carea' id='block_1_57' title="bbox 228 5485 1721 5561">
    <p class='ocr_par' dir='ltr' id='par_1_57' title="bbox 228 5485 1721 5561">
     <span class='ocr_line' id='line_1_57' title="bbox 228 5485 1721 5561; baseline 0.005 -21"><span class='ocrx_word' id='word_1_335' title='bbox 228 5485 393 5553; x_wconf 85' lang='lat' dir='ltr'>Ecce,</span> <span class='ocrx_word' id='word_1_336' title='bbox 421 5486 578 5557; x_wconf 90' lang='lat' dir='ltr'>quod</span> <span class='ocrx_word' id='word_1_337' title='bbox 612 5485 737 5557; x_wconf 86' lang='lat' dir='ltr'>ipse</span> <span class='ocrx_word' id='word_1_338' title='bbox 767 5486 888 5559; x_wconf 88' lang='lat' dir='ltr'>pati</span> <span class='ocrx_word' id='word_1_339' title='bbox 921 5487 1163 5559; x_wconf 83' lang='lat' dir='ltr'>respuit,</span> <span class='ocrx_word' id='word_1_340' title='bbox 1198 5504 1304 5543; x_wconf 91' lang='lat' dir='ltr'>nos</span> <span class='ocrx_word' id='word_1_341' title='bbox 1333 5488 1481 5545; x_wconf 87' lang='lat' dir='ltr'>ferre</span> <span class='ocrx_word' id='word_1_342' title='bbox 1513 5493 1721 5561; x_wconf 86' lang='lat' dir='ltr'>suasit,</span> 
     </span>
    </p>
   </div>
   <div class='ocr_carea' id='block_1_58' title="bbox 228 5574 1693 5647">
    <p class='ocr_par' dir='ltr' id='par_1_58' title="bbox 228 5574 1693 5647">
     <span class='ocr_line' id='line_1_58' title="bbox 228 5574 1693 5647; baseline 0.005 -19"><span class='ocrx_word' id='word_1_343' title='bbox 228 5574 317 5642; x_wconf 88' lang='lat' dir='ltr'>Et,</span> <span class='ocrx_word' id='word_1_344' title='bbox 351 5575 508 5647; x_wconf 90' lang='lat' dir='ltr'>quod</span> <span class='ocrx_word' id='word_1_345' title='bbox 539 5591 658 5631; x_wconf 88' lang='lat' dir='ltr'>non</span> <span class='ocrx_word' id='word_1_346' title='bbox 690 5575 845 5643; x_wconf 83' lang='lat' dir='ltr'>fecit,</span> <span class='ocrx_word' id='word_1_347' title='bbox 884 5575 1182 5632; x_wconf 86' lang='lat' dir='ltr'>faciendos</span> <span class='ocrx_word' id='word_1_348' title='bbox 1215 5593 1320 5632; x_wconf 89' lang='lat' dir='ltr'>nos</span> <span class='ocrx_word' id='word_1_349' title='bbox 1352 5578 1473 5635; x_wconf 86' lang='lat' dir='ltr'>fore</span> <span class='ocrx_word' id='word_1_350' title='bbox 1502 5581 1648 5635; x_wconf 81' lang='lat' dir='ltr'>dixit</span> <span class='ocrx_word' id='word_1_351' title='bbox 1679 5599 1693 5636; x_wconf 88' lang='lat'><strong>:</strong></span> 
     </span>
    </p>
   </div>
   <div class='ocr_carea' id='block_1_59' title="bbox 228 5654 1681 5738">
    <p class='ocr_par' dir='ltr' id='par_1_59' title="bbox 228 5654 1681 5738">
     <span class='ocr_line' id='line_1_59' title="bbox 228 5654 1681 5738; baseline 0.006 -20"><span class='ocrx_word' id='word_1_352' title='bbox 228 5654 641 5736; x_wconf 38' lang='lat' dir='ltr'>Sponte&#39;prior</span> <span class='ocrx_word' id='word_1_353' title='bbox 671 5665 877 5720; x_wconf 86' lang='lat' dir='ltr'>mortis</span> <span class='ocrx_word' id='word_1_354' title='bbox 910 5664 1066 5720; x_wconf 87' lang='lat' dir='ltr'>subii</span> <span class='ocrx_word' id='word_1_355' title='bbox 1096 5664 1444 5722; x_wconf 88' lang='lat' dir='ltr'>discrimina</span> <span class='ocrx_word' id='word_1_356' title='bbox 1476 5670 1681 5738; x_wconf 85' lang='lat' dir='ltr'>tristis,</span> 
     </span>
    </p>
   </div>
   <div class='ocr_carea' id='block_1_60' title="bbox 226 5750 1558 5825">
    <p class='ocr_par' dir='ltr' id='par_1_60' title="bbox 226 5750 1558 5825">
     <span class='ocr_line' id='line_1_60' title="bbox 226 5750 1558 5825; baseline 0.004 -18"><span class='ocrx_word' id='word_1_357' title='bbox 226 5750 339 5808; x_wconf 89' lang='lat' dir='ltr'>Ceu</span> <span class='ocrx_word' id='word_1_358' title='bbox 373 5756 576 5824; x_wconf 84' lang='lat' dir='ltr'>pastor</span> <span class='ocrx_word' id='word_1_359' title='bbox 605 5770 797 5821; x_wconf 84' lang='lat' dir='ltr'>ver-us,</span> <span class='ocrx_word' id='word_1_360' title='bbox 834 5754 1027 5810; x_wconf 87' lang='lat' dir='ltr'>cordis</span> <span class='ocrx_word' id='word_1_361' title='bbox 1060 5755 1319 5810; x_wconf 84' lang='lat' dir='ltr'>bonitate</span> <span class='ocrx_word' id='word_1_362' title='bbox 1351 5757 1558 5825; x_wconf 88' lang='lat' dir='ltr'>ﬁdelis,</span> 
     </span>
    </p>
   </div>
   <div class='ocr_carea' id='block_1_61' title="bbox 1274 458 2553 525">
    <p class='ocr_par' dir='ltr' id='par_1_61' title="bbox 1274 458 2553 525">
     <span class='ocr_line' id='line_1_61' title="bbox 1274 458 2553 525; baseline 0.002 -6"><span class='ocrx_word' id='word_1_363' title='bbox 1274 458 1643 520; x_wconf 73' lang='lat' dir='ltr'>HISTORIA</span> <span class='ocrx_word' id='word_1_364' title='bbox 1692 459 2202 523; x_wconf 77' lang='lat' dir='ltr'>ASCENSIUNIS</span> <span class='ocrx_word' id='word_1_365' title='bbox 2248 464 2553 525; x_wconf 75' lang='lat' dir='ltr'>DOMINI.</span> 
     </span>
    </p>
   </div>
   <div class='ocr_carea' id='block_1_62' title="bbox 1917 1968 1969 2045">
    <p class='ocr_par' dir='ltr' id='par_1_62' title="bbox 1917 1968 1969 2045">
     <span class='ocr_line' id='line_1_62' title="bbox 1917 1968 1969 2045; baseline 0 -10"><span class='ocrx_word' id='word_1_366' title='bbox 1917 1968 1969 2045; x_wconf 67' lang='grc' dir='ltr'>Β,</span> 
     </span>
    </p>
   </div>
   <div class='ocr_carea' id='block_1_63' title="bbox 3486 465 3643 537">
    <p class='ocr_par' dir='ltr' id='par_1_63' title="bbox 3486 465 3643 537">
     <span class='ocr_line' id='line_1_63' title="bbox 3486 465 3643 537; baseline 0.006 -13"><span class='ocrx_word' id='word_1_367' title='bbox 3486 465 3643 537; x_wconf 74' lang='grc'>1082</span> 
     </span>
    </p>
   </div>
   <div class='ocr_carea' id='block_1_64' title="bbox 1902 594 3579 672">
    <p class='ocr_par' dir='ltr' id='par_1_64' title="bbox 1902 594 3579 672">
     <span class='ocr_line' id='line_1_64' title="bbox 1902 594 3579 672; baseline 0.002 -22"><span class='ocrx_word' id='word_1_368' title='bbox 1902 595 1958 662; x_wconf 75' lang='grc' dir='ltr'><strong>Α</strong></span> <span class='ocrx_word' id='word_1_369' title='bbox 1989 594 2095 651; x_wconf 86' lang='lat' dir='ltr'>Pro</span> <span class='ocrx_word' id='word_1_370' title='bbox 2127 597 2377 669; x_wconf 87' lang='lat' dir='ltr'>propriis</span> <span class='ocrx_word' id='word_1_371' title='bbox 2411 600 2669 654; x_wconf 86' lang='lat' dir='ltr'>animam</span> <span class='ocrx_word' id='word_1_372' title='bbox 2702 615 2925 671; x_wconf 88' lang='lat' dir='ltr'>ponens</span> <span class='ocrx_word' id='word_1_373' title='bbox 2957 598 3161 658; x_wconf 85' lang='lat' dir='ltr'>ovibus</span> <span class='ocrx_word' id='word_1_374' title='bbox 3194 597 3285 672; x_wconf 88' lang='lat' dir='ltr'>pie</span> <span class='ocrx_word' id='word_1_375' title='bbox 3316 598 3579 656; x_wconf 84' lang='lat' dir='ltr'>charum.</span> 
     </span>
    </p>
   </div>
   <div class='ocr_carea' id='block_1_65' title="bbox 1994 682 3313 758">
    <p class='ocr_par' dir='ltr' id='par_1_65' title="bbox 1994 682 3313 758">
     <span class='ocr_line' id='line_1_65' title="bbox 1994 682 3313 758; baseline 0.003 -21"><span class='ocrx_word' id='word_1_376' title='bbox 1994 682 2107 737; x_wconf 86' lang='lat' dir='ltr'>Nec</span> <span class='ocrx_word' id='word_1_377' title='bbox 2141 701 2254 738; x_wconf 89' lang='lat' dir='ltr'>non</span> <span class='ocrx_word' id='word_1_378' title='bbox 2288 685 2567 756; x_wconf 88' lang='lat' dir='ltr'>complevi</span> <span class='ocrx_word' id='word_1_379' title='bbox 2604 686 2859 741; x_wconf 88' lang='lat' dir='ltr'>multum</span> <span class='ocrx_word' id='word_1_380' title='bbox 2894 686 3104 758; x_wconf 85' lang='lat' dir='ltr'>pietate</span> <span class='ocrx_word' id='word_1_381' title='bbox 3136 687 3313 755; x_wconf 86' lang='lat' dir='ltr'>ﬁdeli,</span> 
     </span>
    </p>
   </div>
   <div class='ocr_carea' id='block_1_66' title="bbox 1995 771 3302 848">
    <p class='ocr_par' dir='ltr' id='par_1_66' title="bbox 1995 771 3302 848">
     <span class='ocr_line' id='line_1_66' title="bbox 1995 771 3302 848; baseline 0.005 -23"><span class='ocrx_word' id='word_1_382' title='bbox 1995 771 2223 839; x_wconf 88' lang='lat' dir='ltr'>Omnia,</span> <span class='ocrx_word' id='word_1_383' title='bbox 2259 790 2383 845; x_wconf 69' lang='lat' dir='ltr'>qum</span> <span class='ocrx_word' id='word_1_384' title='bbox 2413 780 2572 829; x_wconf 85' lang='lat' dir='ltr'>vates</span> <span class='ocrx_word' id='word_1_385' title='bbox 2605 776 2675 829; x_wconf 88' lang='lat' dir='ltr'>de</span> <span class='ocrx_word' id='word_1_386' title='bbox 2706 793 2800 829; x_wconf 89' lang='lat' dir='ltr'>me</span> <span class='ocrx_word' id='word_1_387' title='bbox 2832 776 3027 831; x_wconf 79' lang='lat' dir='ltr'>dixere</span> <span class='ocrx_word' id='word_1_388' title='bbox 3061 776 3302 848; x_wconf 89' lang='lat' dir='ltr'>priores,</span> 
     </span>
    </p>
   </div>
   <div class='ocr_carea' id='block_1_67' title="bbox 1994 861 3356 936">
    <p class='ocr_par' dir='ltr' id='par_1_67' title="bbox 1994 861 3356 936">
     <span class='ocr_line' id='line_1_67' title="bbox 1994 861 3356 936; baseline 0.003 -22"><span class='ocrx_word' id='word_1_389' title='bbox 1994 861 2073 915; x_wconf 87' lang='lat' dir='ltr'>Ac</span> <span class='ocrx_word' id='word_1_390' title='bbox 2103 878 2257 917; x_wconf 90' lang='lat' dir='ltr'>nunc</span> <span class='ocrx_word' id='word_1_391' title='bbox 2289 864 2560 929; x_wconf 85' lang='lat' dir='ltr'>ascendo,</span> <span class='ocrx_word' id='word_1_392' title='bbox 2595 863 2821 918; x_wconf 86' lang='lat' dir='ltr'>cinctus</span> <span class='ocrx_word' id='word_1_393' title='bbox 2854 864 3063 920; x_wconf 89' lang='lat' dir='ltr'>virtute</span> <span class='ocrx_word' id='word_1_394' title='bbox 3096 870 3356 936; x_wconf 85' lang='lat' dir='ltr'>paterna,</span> 
     </span>
    </p>
   </div>
   <div class='ocr_carea' id='block_1_68' title="bbox 1995 950 3639 1025">
    <p class='ocr_par' dir='ltr' id='par_1_68' title="bbox 1995 950 3639 1025">
     <span class='ocr_line' id='line_1_68' title="bbox 1995 950 3639 1025; baseline 0.004 -22"><span class='ocrx_word' id='word_1_395' title='bbox 1995 950 2078 1004; x_wconf 86' lang='lat' dir='ltr'>Ad</span> <span class='ocrx_word' id='word_1_396' title='bbox 2112 951 2335 1005; x_wconf 74' lang='lat' dir='ltr'>Patrem</span> <span class='ocrx_word' id='word_1_397' title='bbox 2369 953 2551 1005; x_wconf 85' lang='lat' dir='ltr'>victor</span> <span class='ocrx_word' id='word_1_398' title='bbox 2583 970 2905 1019; x_wconf 84' lang='lat' dir='ltr'>summum,</span> <span class='ocrx_word' id='word_1_399' title='bbox 2943 971 3119 1025; x_wconf 85' lang='lat' dir='ltr'>super</span> <span class='ocrx_word' id='word_1_400' title='bbox 3150 954 3331 1009; x_wconf 62' lang='lat' dir='ltr'>aethra</span> <span class='ocrx_word' id='word_1_401' title='bbox 3363 953 3639 1011; x_wconf 89' lang='lat' dir='ltr'>locatum.</span> 
     </span>
    </p>
   </div>
   <div class='ocr_carea' id='block_1_69' title="bbox 1996 1040 3324 1113">
    <p class='ocr_par' dir='ltr' id='par_1_69' title="bbox 1996 1040 3324 1113">
     <span class='ocr_line' id='line_1_69' title="bbox 1996 1040 3324 1113; baseline 0.004 -21"><span class='ocrx_word' id='word_1_402' title='bbox 1996 1040 2129 1105; x_wconf 91' lang='lat' dir='ltr'>Sed,</span> <span class='ocrx_word' id='word_1_403' title='bbox 2165 1058 2277 1095; x_wconf 82' lang='lat' dir='ltr'>non</span> <span class='ocrx_word' id='word_1_404' title='bbox 2317 1041 2538 1095; x_wconf 77' lang='lat' dir='ltr'>turbari</span> <span class='ocrx_word' id='word_1_405' title='bbox 2572 1044 2784 1109; x_wconf 85' lang='lat' dir='ltr'>cordis,</span> <span class='ocrx_word' id='word_1_406' title='bbox 2820 1043 3101 1113; x_wconf 67' lang='lat' dir='ltr'>rogitabo,</span> <span class='ocrx_word' id='word_1_407' title='bbox 3138 1043 3324 1097; x_wconf 79' lang='lat' dir='ltr'>ﬁdelis</span> 
     </span>
    </p>
   </div>
   <div class='ocr_carea' id='block_1_70' title="bbox 1914 1128 3536 1205">
    <p class='ocr_par' dir='ltr' id='par_1_70' title="bbox 1914 1128 3536 1205">
     <span class='ocr_line' id='line_1_70' title="bbox 1914 1128 3536 1205; baseline 0.006 -26"><span class='ocrx_word' id='word_1_408' title='bbox 1914 1198 1917 1200; x_wconf 16' lang='grc' dir='ltr'><strong>η</strong></span> <span class='ocrx_word' id='word_1_409' title='bbox 1995 1128 2184 1183; x_wconf 78' lang='lat' dir='ltr'>Vestri</span> <span class='ocrx_word' id='word_1_410' title='bbox 2218 1135 2530 1193; x_wconf 84' lang='lat' dir='ltr'>secretum,</span> <span class='ocrx_word' id='word_1_411' title='bbox 2565 1132 2702 1201; x_wconf 79' lang='lat' dir='ltr'>quia</span> <span class='ocrx_word' id='word_1_412' title='bbox 2733 1148 2846 1184; x_wconf 88' lang='lat' dir='ltr'>non</span> <span class='ocrx_word' id='word_1_413' title='bbox 2881 1149 2979 1186; x_wconf 86' lang='lat' dir='ltr'>vos</span> <span class='ocrx_word' id='word_1_414' title='bbox 3013 1133 3156 1186; x_wconf 86' lang='lat' dir='ltr'>forte</span> <span class='ocrx_word' id='word_1_415' title='bbox 3187 1132 3536 1205; x_wconf 83' lang='lat' dir='ltr'>relinquam,</span> 
     </span>
    </p>
   </div>
   <div class='ocr_carea' id='block_1_71' title="bbox 1996 1217 3377 1291">
    <p class='ocr_par' dir='ltr' id='par_1_71' title="bbox 1996 1217 3377 1291">
     <span class='ocr_line' id='line_1_71' title="bbox 1996 1217 3377 1291; baseline 0.003 -19"><span class='ocrx_word' id='word_1_416' title='bbox 1996 1217 2110 1272; x_wconf 83' lang='lat' dir='ltr'>Ceu</span> <span class='ocrx_word' id='word_1_417' title='bbox 2148 1218 2439 1273; x_wconf 71' lang='lat' dir='ltr'>derolatos</span> <span class='ocrx_word' id='word_1_418' title='bbox 2472 1220 2527 1272; x_wconf 91' lang='lat' dir='ltr'>iu</span> <span class='ocrx_word' id='word_1_419' title='bbox 2565 1220 2783 1273; x_wconf 87' lang='lat' dir='ltr'>mundo</span> <span class='ocrx_word' id='word_1_420' title='bbox 2818 1237 3068 1289; x_wconf 75' lang='lat' dir='ltr'>namque</span> <span class='ocrx_word' id='word_1_421' title='bbox 3103 1221 3377 1291; x_wconf 84' lang='lat' dir='ltr'>pupillos,</span> 
     </span>
    </p>
   </div>
   <div class='ocr_carea' id='block_1_72' title="bbox 1997 1306 3409 1377">
    <p class='ocr_par' dir='ltr' id='par_1_72' title="bbox 1997 1306 3409 1377">
     <span class='ocr_line' id='line_1_72' title="bbox 1997 1306 3409 1377; baseline 0.001 -16"><span class='ocrx_word' id='word_1_422' title='bbox 1997 1306 2158 1361; x_wconf 84' lang='lat' dir='ltr'>Sacri</span> <span class='ocrx_word' id='word_1_423' title='bbox 2190 1306 2497 1377; x_wconf 83' lang='lat' dir='ltr'>gratiolam</span> <span class='ocrx_word' id='word_1_424' title='bbox 2529 1307 2691 1362; x_wconf 70' lang='lat' dir='ltr'>vobis</span> <span class='ocrx_word' id='word_1_425' title='bbox 2724 1308 2824 1361; x_wconf 90' lang='lat' dir='ltr'>sed</span> <span class='ocrx_word' id='word_1_426' title='bbox 2860 1308 3141 1362; x_wconf 72' lang='lat' dir='ltr'>Flaminis</span> <span class='ocrx_word' id='word_1_427' title='bbox 3173 1309 3409 1375; x_wconf 82' lang='lat' dir='ltr'>almam,</span> 
     </span>
    </p>
   </div>
   <div class='ocr_carea' id='block_1_73' title="bbox 1996 1395 3441 1466">
    <p class='ocr_par' dir='ltr' id='par_1_73' title="bbox 1996 1395 3441 1466">
     <span class='ocr_line' id='line_1_73' title="bbox 1996 1395 3441 1466; baseline 0.001 -15"><span class='ocrx_word' id='word_1_428' title='bbox 1996 1395 2274 1451; x_wconf 85' lang='lat' dir='ltr'>Emittam</span> <span class='ocrx_word' id='word_1_429' title='bbox 2308 1396 2504 1462; x_wconf 89' lang='lat' dir='ltr'>citius,</span> <span class='ocrx_word' id='word_1_430' title='bbox 2539 1413 2664 1466; x_wconf 61' lang='lat' dir='ltr'>quia</span> <span class='ocrx_word' id='word_1_431' title='bbox 2698 1414 2799 1451; x_wconf 92' lang='lat' dir='ltr'>vos</span> <span class='ocrx_word' id='word_1_432' title='bbox 2828 1413 3031 1450; x_wconf 89' lang='lat' dir='ltr'>verum</span> <span class='ocrx_word' id='word_1_433' title='bbox 3066 1397 3232 1451; x_wconf 87' lang='lat' dir='ltr'>docet</span> <span class='ocrx_word' id='word_1_434' title='bbox 3260 1398 3441 1464; x_wconf 90' lang='lat' dir='ltr'>intus,</span> 
     </span>
    </p>
   </div>
   <div class='ocr_carea' id='block_1_74' title="bbox 1999 1485 3374 1556">
    <p class='ocr_par' dir='ltr' id='par_1_74' title="bbox 1999 1485 3374 1556">
     <span class='ocr_line' id='line_1_74' title="bbox 1999 1485 3374 1556; baseline 0.001 -16"><span class='ocrx_word' id='word_1_435' title='bbox 1999 1485 2243 1555; x_wconf 85' lang='lat' dir='ltr'>Insuper</span> <span class='ocrx_word' id='word_1_436' title='bbox 2275 1485 2397 1556; x_wconf 89' lang='lat' dir='ltr'>ipse</span> <span class='ocrx_word' id='word_1_437' title='bbox 2429 1486 2552 1539; x_wconf 81' lang='lat' dir='ltr'>dies</span> <span class='ocrx_word' id='word_1_438' title='bbox 2584 1485 2886 1541; x_wconf 89' lang='lat' dir='ltr'>vobiscum</span> <span class='ocrx_word' id='word_1_439' title='bbox 2920 1485 3142 1540; x_wconf 87' lang='lat' dir='ltr'>scilicet</span> <span class='ocrx_word' id='word_1_440' title='bbox 3172 1502 3374 1541; x_wconf 87' lang='lat' dir='ltr'>omnes</span> 
     </span>
    </p>
   </div>
   <div class='ocr_carea' id='block_1_75' title="bbox 1997 1574 3504 1646">
    <p class='ocr_par' dir='ltr' id='par_1_75' title="bbox 1997 1574 3504 1646">
     <span class='ocr_line' id='line_1_75' title="bbox 1997 1574 3504 1646; baseline 0 -17"><span class='ocrx_word' id='word_1_441' title='bbox 1997 1574 2314 1629; x_wconf 84' lang='lat' dir='ltr'>Finctenus</span> <span class='ocrx_word' id='word_1_442' title='bbox 2346 1591 2577 1640; x_wconf 87' lang='lat' dir='ltr'>maneo,</span> <span class='ocrx_word' id='word_1_443' title='bbox 2610 1574 2815 1628; x_wconf 88' lang='lat' dir='ltr'>mundi</span> <span class='ocrx_word' id='word_1_444' title='bbox 2849 1592 2952 1646; x_wconf 83' lang='lat' dir='ltr'>per</span> <span class='ocrx_word' id='word_1_445' title='bbox 2981 1579 3246 1646; x_wconf 78' lang='lat' dir='ltr'>tempore</span> <span class='ocrx_word' id='word_1_446' title='bbox 3275 1579 3504 1630; x_wconf 90' lang='lat' dir='ltr'>cuncta.</span> 
     </span>
    </p>
   </div>
   <div class='ocr_carea' id='block_1_76' title="bbox 2069 1662 3528 1735">
    <p class='ocr_par' dir='ltr' id='par_1_76' title="bbox 2069 1662 3528 1735">
     <span class='ocr_line' id='line_1_76' title="bbox 2069 1662 3528 1735; baseline 0 -17"><span class='ocrx_word' id='word_1_447' title='bbox 2069 1664 2197 1718; x_wconf 73' lang='lat' dir='ltr'>Hmc</span> <span class='ocrx_word' id='word_1_448' title='bbox 2232 1662 2331 1717; x_wconf 88' lang='lat' dir='ltr'>ubi</span> <span class='ocrx_word' id='word_1_449' title='bbox 2363 1663 2521 1717; x_wconf 81' lang='lat' dir='ltr'>dicta</span> <span class='ocrx_word' id='word_1_450' title='bbox 2550 1663 2728 1729; x_wconf 87' lang='lat' dir='ltr'>dedit,</span> <span class='ocrx_word' id='word_1_451' title='bbox 2758 1680 3074 1718; x_wconf 87' lang='lat' dir='ltr'>conversus</span> <span class='ocrx_word' id='word_1_452' title='bbox 3105 1662 3356 1735; x_wconf 86' lang='lat' dir='ltr'>denique</span> <span class='ocrx_word' id='word_1_453' title='bbox 3384 1663 3528 1719; x_wconf 78' lang='lat' dir='ltr'>dixit</span> 
     </span>
    </p>
   </div>
   <div class='ocr_carea' id='block_1_77' title="bbox 1994 1751 3556 1823">
    <p class='ocr_par' dir='ltr' id='par_1_77' title="bbox 1994 1751 3556 1823">
     <span class='ocr_line' id='line_1_77' title="bbox 1994 1751 3556 1823; baseline 0 -16"><span class='ocrx_word' id='word_1_454' title='bbox 1994 1752 2080 1807; x_wconf 85' lang='lat' dir='ltr'>Ad</span> <span class='ocrx_word' id='word_1_455' title='bbox 2114 1755 2362 1806; x_wconf 86' lang='lat' dir='ltr'>matrem</span> <span class='ocrx_word' id='word_1_456' title='bbox 2396 1751 2692 1823; x_wconf 89' lang='lat' dir='ltr'>propriam</span> <span class='ocrx_word' id='word_1_457' title='bbox 2726 1757 3037 1807; x_wconf 89' lang='lat' dir='ltr'>mansueta</span> <span class='ocrx_word' id='word_1_458' title='bbox 3067 1767 3226 1817; x_wconf 88' lang='lat' dir='ltr'>voce,</span> <span class='ocrx_word' id='word_1_459' title='bbox 3262 1752 3505 1809; x_wconf 88' lang='lat' dir='ltr'>Mariam</span> <span class='ocrx_word' id='word_1_460' title='bbox 3544 1768 3556 1807; x_wconf 89' lang='lat'><strong>:</strong></span> 
     </span>
    </p>
   </div>
   <div class='ocr_carea' id='block_1_78' title="bbox 1996 1840 3364 1911">
    <p class='ocr_par' dir='ltr' id='par_1_78' title="bbox 1996 1840 3364 1911">
     <span class='ocr_line' id='line_1_78' title="bbox 1996 1840 3364 1911; baseline 0 -15"><span class='ocrx_word' id='word_1_461' title='bbox 1996 1841 2111 1896; x_wconf 82' lang='lat' dir='ltr'>Nec</span> <span class='ocrx_word' id='word_1_462' title='bbox 2143 1840 2530 1906; x_wconf 85' lang='lat' dir='ltr'>contristeris,</span> <span class='ocrx_word' id='word_1_463' title='bbox 2567 1840 2774 1911; x_wconf 87' lang='lat' dir='ltr'>rogito,</span> <span class='ocrx_word' id='word_1_464' title='bbox 2808 1840 3155 1911; x_wconf 73' lang='lat' dir='ltr'>virguncula</span> <span class='ocrx_word' id='word_1_465' title='bbox 3183 1846 3364 1909; x_wconf 87' lang='lat' dir='ltr'>casta,</span> 
     </span>
    </p>
   </div>
   <div class='ocr_carea' id='block_1_79' title="bbox 1996 1928 3403 2001">
    <p class='ocr_par' dir='ltr' id='par_1_79' title="bbox 1996 1928 3403 2001">
     <span class='ocr_line' id='line_1_79' title="bbox 1996 1928 3403 2001; baseline 0 -17"><span class='ocrx_word' id='word_1_466' title='bbox 1996 1931 2137 1984; x_wconf 83' lang='lat' dir='ltr'>Cum</span> <span class='ocrx_word' id='word_1_467' title='bbox 2171 1947 2261 1984; x_wconf 90' lang='lat' dir='ltr'>me</span> <span class='ocrx_word' id='word_1_468' title='bbox 2296 1929 2605 2001; x_wconf 65' lang='lat' dir='ltr'>praicelsos</span> <span class='ocrx_word' id='word_1_469' title='bbox 2635 1928 2831 1983; x_wconf 87' lang='lat' dir='ltr'>videas</span> <span class='ocrx_word' id='word_1_470' title='bbox 2863 1930 3177 1983; x_wconf 85' lang='lat' dir='ltr'>ascendere</span> <span class='ocrx_word' id='word_1_471' title='bbox 3208 1929 3403 1995; x_wconf 65' lang='lat' dir='ltr'>oculos,</span> 
     </span>
    </p>
   </div>
   <div class='ocr_carea' id='block_1_80' title="bbox 1984 2016 3583 2089">
    <p class='ocr_par' dir='ltr' id='par_1_80' title="bbox 1984 2016 3583 2089">
     <span class='ocr_line' id='line_1_80' title="bbox 1984 2016 3583 2089; baseline 0.001 -17"><span class='ocrx_word' id='word_1_472' title='bbox 1984 2019 2075 2073; x_wconf 43' lang='lat' dir='ltr'>*Te</span> <span class='ocrx_word' id='word_1_473' title='bbox 2107 2018 2239 2089; x_wconf 88' lang='lat' dir='ltr'>quia</span> <span class='ocrx_word' id='word_1_474' title='bbox 2275 2018 2608 2088; x_wconf 64' lang='lat' dir='ltr'>praeclaram</span> <span class='ocrx_word' id='word_1_475' title='bbox 2641 2018 2846 2072; x_wconf 89' lang='lat' dir='ltr'>mundi</span> <span class='ocrx_word' id='word_1_476' title='bbox 2882 2035 2994 2071; x_wconf 90' lang='lat' dir='ltr'>non</span> <span class='ocrx_word' id='word_1_477' title='bbox 3027 2016 3229 2088; x_wconf 89' lang='lat' dir='ltr'>linquo</span> <span class='ocrx_word' id='word_1_478' title='bbox 3263 2016 3583 2086; x_wconf 88' lang='lat' dir='ltr'>lucernam,</span> 
     </span>
    </p>
   </div>
   <div class='ocr_carea' id='block_1_81' title="bbox 1996 2108 3649 2177">
    <p class='ocr_par' dir='ltr' id='par_1_81' title="bbox 1996 2108 3649 2177">
     <span class='ocr_line' id='line_1_81' title="bbox 1996 2108 3649 2177; baseline 0 -14"><span class='ocrx_word' id='word_1_479' title='bbox 1996 2109 2140 2163; x_wconf 75' lang='grc'>101</span> <span class='ocrx_word' id='word_1_480' title='bbox 2178 2109 2362 2177; x_wconf 86' lang='lat' dir='ltr'>Atque</span> <span class='ocrx_word' id='word_1_481' title='bbox 2404 2123 2599 2161; x_wconf 79' lang='lat' dir='ltr'>meum</span> <span class='ocrx_word' id='word_1_482' title='bbox 2649 2112 2915 2162; x_wconf 82' lang='lat' dir='ltr'>sanctum</span> <span class='ocrx_word' id='word_1_483' title='bbox 2967 2108 3228 2177; x_wconf 80' lang='lat' dir='ltr'>migrans</span> <span class='ocrx_word' id='word_1_484' title='bbox 3279 2125 3393 2161; x_wconf 90' lang='lat' dir='ltr'>non</span> <span class='ocrx_word' id='word_1_485' title='bbox 3445 2108 3649 2163; x_wconf 87' lang='lat' dir='ltr'>desero</span> 
     </span>
    </p>
   </div>
   <div class='ocr_carea' id='block_1_82' title="bbox 1996 2194 3647 2267">
    <p class='ocr_par' dir='ltr' id='par_1_82' title="bbox 1996 2194 3647 2267">
     <span class='ocr_line' id='line_1_82' title="bbox 1996 2194 3647 2267; baseline -0.001 -16"><span class='ocrx_word' id='word_1_486' title='bbox 1996 2196 2109 2251; x_wconf 85' lang='lat' dir='ltr'>Nec</span> <span class='ocrx_word' id='word_1_487' title='bbox 2136 2197 2531 2265; x_wconf 87' lang='lat' dir='ltr'>incorruptam</span> <span class='ocrx_word' id='word_1_488' title='bbox 2554 2196 2682 2249; x_wconf 64' lang='lat' dir='ltr'>vitaz</span> <span class='ocrx_word' id='word_1_489' title='bbox 2708 2196 2941 2249; x_wconf 86' lang='lat' dir='ltr'>dimitto</span> <span class='ocrx_word' id='word_1_490' title='bbox 2966 2212 3261 2261; x_wconf 84' lang='lat' dir='ltr'>coronam,</span> <span class='ocrx_word' id='word_1_491' title='bbox 3316 2194 3647 2267; x_wconf 89' lang='lat' dir='ltr'>[templum,</span> 
     </span>
    </p>
   </div>
   <div class='ocr_carea' id='block_1_83' title="bbox 1997 2283 3346 2354">
    <p class='ocr_par' dir='ltr' id='par_1_83' title="bbox 1997 2283 3346 2354">
     <span class='ocr_line' id='line_1_83' title="bbox 1997 2283 3346 2354; baseline -0.002 -14"><span class='ocrx_word' id='word_1_492' title='bbox 1997 2285 2194 2341; x_wconf 84' lang='lat' dir='ltr'>Inveni</span> <span class='ocrx_word' id='word_1_493' title='bbox 2226 2284 2410 2339; x_wconf 88' lang='lat' dir='ltr'>solam</span> <span class='ocrx_word' id='word_1_494' title='bbox 2447 2301 2559 2354; x_wconf 61' lang='lat' dir='ltr'>prie</span> <span class='ocrx_word' id='word_1_495' title='bbox 2590 2286 2815 2339; x_wconf 86' lang='lat' dir='ltr'>cunctis</span> <span class='ocrx_word' id='word_1_496' title='bbox 2848 2289 2901 2338; x_wconf 90' lang='lat' dir='ltr'>te</span> <span class='ocrx_word' id='word_1_497' title='bbox 2933 2283 3071 2353; x_wconf 88' lang='lat' dir='ltr'>quia</span> <span class='ocrx_word' id='word_1_498' title='bbox 3102 2290 3346 2349; x_wconf 89' lang='lat' dir='ltr'>castam,</span> 
     </span>
    </p>
   </div>
   <div class='ocr_carea' id='block_1_84' title="bbox 1995 2374 3645 2443">
    <p class='ocr_par' dir='ltr' id='par_1_84' title="bbox 1995 2374 3645 2443">
     <span class='ocr_line' id='line_1_84' title="bbox 1995 2374 3645 2443; baseline -0.001 -15"><span class='ocrx_word' id='word_1_499' title='bbox 1995 2374 2498 2443; x_wconf 79' lang='lat' dir='ltr'>Condignamque,</span> <span class='ocrx_word' id='word_1_500' title='bbox 2526 2389 2724 2427; x_wconf 91' lang='lat' dir='ltr'>meum</span> <span class='ocrx_word' id='word_1_501' title='bbox 2756 2390 2967 2443; x_wconf 88' lang='lat' dir='ltr'>corpus</span> <span class='ocrx_word' id='word_1_502' title='bbox 3006 2388 3316 2443; x_wconf 78' lang='lat' dir='ltr'>generasse</span> <span class='ocrx_word' id='word_1_503' title='bbox 3348 2375 3645 2427; x_wconf 88' lang='lat' dir='ltr'>sacratum</span> 
     </span>
    </p>
   </div>
   <div class='ocr_carea' id='block_1_85' title="bbox 1999 2462 3401 2527">
    <p class='ocr_par' dir='ltr' id='par_1_85' title="bbox 1999 2462 3401 2527">
     <span class='ocr_line' id='line_1_85' title="bbox 1999 2462 3401 2527; baseline -0.001 -10"><span class='ocrx_word' id='word_1_504' title='bbox 1999 2464 2184 2527; x_wconf 75' lang='lat' dir='ltr'>Certe,</span> <span class='ocrx_word' id='word_1_505' title='bbox 2220 2464 2289 2516; x_wconf 87' lang='lat' dir='ltr'>de</span> <span class='ocrx_word' id='word_1_506' title='bbox 2323 2463 2540 2517; x_wconf 78' lang='lat' dir='ltr'>mundo</span> <span class='ocrx_word' id='word_1_507' title='bbox 2575 2479 2708 2516; x_wconf 89' lang='lat' dir='ltr'>cum</span> <span class='ocrx_word' id='word_1_508' title='bbox 2743 2467 2795 2515; x_wconf 91' lang='lat' dir='ltr'>te</span> <span class='ocrx_word' id='word_1_509' title='bbox 2828 2462 3123 2516; x_wconf 87' lang='lat' dir='ltr'>discedere</span> <span class='ocrx_word' id='word_1_510' title='bbox 3166 2462 3401 2527; x_wconf 87' lang='lat' dir='ltr'>mando,</span> 
     </span>
    </p>
   </div>
   <div class='ocr_carea' id='block_1_86' title="bbox 1999 2550 3367 2617">
    <p class='ocr_par' dir='ltr' id='par_1_86' title="bbox 1999 2550 3367 2617">
     <span class='ocr_line' id='line_1_86' title="bbox 1999 2550 3367 2617; baseline -0.003 -9"><span class='ocrx_word' id='word_1_511' title='bbox 1999 2554 2081 2608; x_wconf 88' lang='lat' dir='ltr'>Ad</span> <span class='ocrx_word' id='word_1_512' title='bbox 2112 2560 2166 2607; x_wconf 90' lang='lat' dir='ltr'>te</span> <span class='ocrx_word' id='word_1_513' title='bbox 2199 2552 2488 2607; x_wconf 78' lang='lat' dir='ltr'>cmlicolas</span> <span class='ocrx_word' id='word_1_514' title='bbox 2522 2569 2636 2605; x_wconf 89' lang='lat' dir='ltr'>non</span> <span class='ocrx_word' id='word_1_515' title='bbox 2671 2550 2860 2605; x_wconf 88' lang='lat' dir='ltr'>solum</span> <span class='ocrx_word' id='word_1_516' title='bbox 2894 2551 3060 2604; x_wconf 88' lang='lat' dir='ltr'>mitto</span> <span class='ocrx_word' id='word_1_517' title='bbox 3090 2554 3367 2617; x_wconf 85' lang='lat' dir='ltr'>catervas,</span> 
     </span>
    </p>
   </div>
   <div class='ocr_carea' id='block_1_87' title="bbox 2000 2640 3588 2713">
    <p class='ocr_par' dir='ltr' id='par_1_87' title="bbox 2000 2640 3588 2713">
     <span class='ocr_line' id='line_1_87' title="bbox 2000 2640 3588 2713; baseline -0.002 -16"><span class='ocrx_word' id='word_1_518' title='bbox 2000 2643 2129 2713; x_wconf 88' lang='lat' dir='ltr'>Ipse</span> <span class='ocrx_word' id='word_1_519' title='bbox 2162 2642 2261 2696; x_wconf 82' lang='lat' dir='ltr'>sed</span> <span class='ocrx_word' id='word_1_520' title='bbox 2297 2643 2611 2695; x_wconf 79' lang='lat' dir='ltr'>adveniens</span> <span class='ocrx_word' id='word_1_521' title='bbox 2644 2642 2901 2694; x_wconf 84' lang='lat' dir='ltr'>animam</span> <span class='ocrx_word' id='word_1_522' title='bbox 2937 2656 3167 2693; x_wconf 84' lang='lat' dir='ltr'>sumam</span> <span class='ocrx_word' id='word_1_523' title='bbox 3202 2640 3588 2708; x_wconf 83' lang='lat' dir='ltr'>benedictum,</span> 
     </span>
    </p>
   </div>
   <div class='ocr_carea' id='block_1_88' title="bbox 2002 2727 3486 2801">
    <p class='ocr_par' dir='ltr' id='par_1_88' title="bbox 2002 2727 3486 2801">
     <span class='ocr_line' id='line_1_88' title="bbox 2002 2727 3486 2801; baseline -0.003 -15"><span class='ocrx_word' id='word_1_524' title='bbox 2002 2730 2252 2786; x_wconf 85' lang='lat' dir='ltr'>Multum</span> <span class='ocrx_word' id='word_1_525' title='bbox 2287 2730 2406 2799; x_wconf 76' lang='lat' dir='ltr'>sole</span> <span class='ocrx_word' id='word_1_526' title='bbox 2439 2730 2675 2801; x_wconf 73' lang='lat' dir='ltr'>quidem</span> <span class='ocrx_word' id='word_1_527' title='bbox 2711 2728 2972 2783; x_wconf 82' lang='lat' dir='ltr'>rutilanti</span> <span class='ocrx_word' id='word_1_528' title='bbox 3008 2727 3486 2799; x_wconf 78' lang='lat' dir='ltr'>Splendidiorcm,</span> 
     </span>
    </p>
   </div>
   <div class='ocr_carea' id='block_1_89' title="bbox 2001 2816 3520 2889">
    <p class='ocr_par' dir='ltr' id='par_1_89' title="bbox 2001 2816 3520 2889">
     <span class='ocr_line' id='line_1_89' title="bbox 2001 2816 3520 2889; baseline -0.003 -14"><span class='ocrx_word' id='word_1_529' title='bbox 2001 2821 2116 2875; x_wconf 84' lang='lat' dir='ltr'>Nec</span> <span class='ocrx_word' id='word_1_530' title='bbox 2147 2836 2286 2886; x_wconf 89' lang='lat' dir='ltr'>non,</span> <span class='ocrx_word' id='word_1_531' title='bbox 2316 2818 2596 2889; x_wconf 72' lang='lat' dir='ltr'>angelicis</span> <span class='ocrx_word' id='word_1_532' title='bbox 2628 2819 2941 2871; x_wconf 88' lang='lat' dir='ltr'>deductam</span> <span class='ocrx_word' id='word_1_533' title='bbox 2974 2816 3231 2871; x_wconf 86' lang='lat' dir='ltr'>suaviter</span> <span class='ocrx_word' id='word_1_534' title='bbox 3259 2816 3520 2887; x_wconf 77' lang='lat' dir='ltr'>hymnis,</span> 
     </span>
    </p>
   </div>
   <div class='ocr_carea' id='block_1_90' title="bbox 2000 2904 3522 2982">
    <p class='ocr_par' dir='ltr' id='par_1_90' title="bbox 2000 2904 3522 2982">
     <span class='ocr_line' id='line_1_90' title="bbox 2000 2904 3522 2982; baseline -0.003 -18"><span class='ocrx_word' id='word_1_535' title='bbox 2000 2906 2190 2982; x_wconf 72' lang='lat' dir='ltr'>Ocyus</span> <span class='ocrx_word' id='word_1_536' title='bbox 2221 2906 2564 2979; x_wconf 82' lang='lat' dir='ltr'>astrigeram</span> <span class='ocrx_word' id='word_1_537' title='bbox 2594 2922 2807 2978; x_wconf 86' lang='lat' dir='ltr'>ponam</span> <span class='ocrx_word' id='word_1_538' title='bbox 2838 2909 3182 2960; x_wconf 88' lang='lat' dir='ltr'>veneranter</span> <span class='ocrx_word' id='word_1_539' title='bbox 3212 2905 3270 2959; x_wconf 91' lang='lat' dir='ltr'>in</span> <span class='ocrx_word' id='word_1_540' title='bbox 3303 2904 3522 2972; x_wconf 87' lang='lat' dir='ltr'>aulam,</span> 
     </span>
    </p>
   </div>
   <div class='ocr_carea' id='block_1_91' title="bbox 2002 2992 3448 3065">
    <p class='ocr_par' dir='ltr' id='par_1_91' title="bbox 2002 2992 3448 3065">
     <span class='ocr_line' id='line_1_91' title="bbox 2002 2992 3448 3065; baseline -0.003 -13"><span class='ocrx_word' id='word_1_541' title='bbox 2002 2999 2073 3053; x_wconf 83' lang='lat' dir='ltr'>At</span> <span class='ocrx_word' id='word_1_542' title='bbox 2103 3013 2280 3065; x_wconf 89' lang='lat' dir='ltr'>nunc,</span> <span class='ocrx_word' id='word_1_543' title='bbox 2313 2996 2600 3052; x_wconf 87' lang='lat' dir='ltr'>Joannem</span> <span class='ocrx_word' id='word_1_544' title='bbox 2633 2998 2825 3049; x_wconf 90' lang='lat' dir='ltr'>tecum</span> <span class='ocrx_word' id='word_1_545' title='bbox 2858 3009 3159 3050; x_wconf 87' lang='lat' dir='ltr'>remanere</span> <span class='ocrx_word' id='word_1_546' title='bbox 3192 2992 3448 3060; x_wconf 89' lang='lat' dir='ltr'>ﬁdelem,</span> 
     </span>
    </p>
   </div>
   <div class='ocr_carea' id='block_1_92' title="bbox 2003 3081 3465 3158">
    <p class='ocr_par' dir='ltr' id='par_1_92' title="bbox 2003 3081 3465 3158">
     <span class='ocr_line' id='line_1_92' title="bbox 2003 3081 3465 3158; baseline -0.003 -16"><span class='ocrx_word' id='word_1_547' title='bbox 2003 3086 2253 3158; x_wconf 89' lang='lat' dir='ltr'>Impero,</span> <span class='ocrx_word' id='word_1_548' title='bbox 2287 3084 2387 3156; x_wconf 90' lang='lat' dir='ltr'>qui</span> <span class='ocrx_word' id='word_1_549' title='bbox 2419 3083 2669 3155; x_wconf 86' lang='lat' dir='ltr'>gemmis</span> <span class='ocrx_word' id='word_1_550' title='bbox 2701 3083 2882 3154; x_wconf 80' lang='lat' dir='ltr'>fulget</span> <span class='ocrx_word' id='word_1_551' title='bbox 2912 3083 3058 3138; x_wconf 89' lang='lat' dir='ltr'>bene</span> <span class='ocrx_word' id='word_1_552' title='bbox 3088 3081 3465 3154; x_wconf 80' lang='lat' dir='ltr'>virginitatis,</span> 
     </span>
    </p>
   </div>
   <div class='ocr_carea' id='block_1_93' title="bbox 2004 3171 3420 3245">
    <p class='ocr_par' dir='ltr' id='par_1_93' title="bbox 2004 3171 3420 3245">
     <span class='ocr_line' id='line_1_93' title="bbox 2004 3171 3420 3245; baseline -0.001 -15"><span class='ocrx_word' id='word_1_553' title='bbox 2004 3175 2078 3231; x_wconf 89' lang='lat' dir='ltr'>Ut</span> <span class='ocrx_word' id='word_1_554' title='bbox 2107 3180 2209 3230; x_wconf 92' lang='lat' dir='ltr'>tua</span> <span class='ocrx_word' id='word_1_555' title='bbox 2236 3175 2358 3229; x_wconf 88' lang='lat' dir='ltr'>vita</span> <span class='ocrx_word' id='word_1_556' title='bbox 2385 3174 2572 3245; x_wconf 83' lang='lat' dir='ltr'>magis</span> <span class='ocrx_word' id='word_1_557' title='bbox 2602 3173 2941 3245; x_wconf 66' lang='lat' dir='ltr'>praefulgent</span> <span class='ocrx_word' id='word_1_558' title='bbox 2972 3171 3209 3243; x_wconf 81' lang='lat' dir='ltr'>inclyta,</span> <span class='ocrx_word' id='word_1_559' title='bbox 3242 3172 3420 3229; x_wconf 86' lang='lat' dir='ltr'>castis</span> 
     </span>
    </p>
   </div>
   <div class='ocr_carea' id='block_1_94' title="bbox 2006 3260 3356 3337">
    <p class='ocr_par' dir='ltr' id='par_1_94' title="bbox 2006 3260 3356 3337">
     <span class='ocr_line' id='line_1_94' title="bbox 2006 3260 3356 3337; baseline -0.004 -17"><span class='ocrx_word' id='word_1_560' title='bbox 2006 3263 2233 3337; x_wconf 71' lang='lat' dir='ltr'>Sazpius</span> <span class='ocrx_word' id='word_1_561' title='bbox 2264 3261 2563 3335; x_wconf 88' lang='lat' dir='ltr'>obsequiis</span> <span class='ocrx_word' id='word_1_562' title='bbox 2591 3262 2955 3317; x_wconf 90' lang='lat' dir='ltr'>circumdata</span> <span class='ocrx_word' id='word_1_563' title='bbox 2983 3260 3356 3333; x_wconf 82' lang='lat' dir='ltr'>virginitatis.</span> 
     </span>
    </p>
   </div>
   <div class='ocr_carea' id='block_1_95' title="bbox 2076 3349 3322 3425">
    <p class='ocr_par' dir='ltr' id='par_1_95' title="bbox 2076 3349 3322 3425">
     <span class='ocr_line' id='line_1_95' title="bbox 2076 3349 3322 3425; baseline -0.004 -16"><span class='ocrx_word' id='word_1_564' title='bbox 2076 3352 2260 3409; x_wconf 91' lang='lat' dir='ltr'>Illicet</span> <span class='ocrx_word' id='word_1_565' title='bbox 2290 3352 2591 3425; x_wconf 82' lang='lat' dir='ltr'>angelicas</span> <span class='ocrx_word' id='word_1_566' title='bbox 2623 3350 2912 3406; x_wconf 86' lang='lat' dir='ltr'>dicentem</span> <span class='ocrx_word' id='word_1_567' title='bbox 2943 3349 3103 3417; x_wconf 85' lang='lat' dir='ltr'>talia,</span> <span class='ocrx_word' id='word_1_568' title='bbox 3137 3353 3322 3405; x_wconf 69' lang='lat' dir='ltr'>coetus</span> 
     </span>
    </p>
   </div>
   <div class='ocr_carea' id='block_1_96' title="bbox 2004 3438 3548 3514">
    <p class='ocr_par' dir='ltr' id='par_1_96' title="bbox 2004 3438 3548 3514">
     <span class='ocr_line' id='line_1_96' title="bbox 2004 3438 3548 3514; baseline -0.002 -17"><span class='ocrx_word' id='word_1_569' title='bbox 2004 3442 2201 3514; x_wconf 89' lang='lat' dir='ltr'>Ipsum</span> <span class='ocrx_word' id='word_1_570' title='bbox 2234 3441 2558 3496; x_wconf 89' lang='lat' dir='ltr'>dulcisonis</span> <span class='ocrx_word' id='word_1_571' title='bbox 2586 3440 2835 3495; x_wconf 87' lang='lat' dir='ltr'>laudans</span> <span class='ocrx_word' id='word_1_572' title='bbox 2865 3439 3253 3494; x_wconf 89' lang='lat' dir='ltr'>circumdedit</span> <span class='ocrx_word' id='word_1_573' title='bbox 3290 3438 3548 3510; x_wconf 85' lang='lat' dir='ltr'>hymnis,</span> 
     </span>
    </p>
   </div>
   <div class='ocr_carea' id='block_1_97' title="bbox 2000 3527 3430 3600">
    <p class='ocr_par' dir='ltr' id='par_1_97' title="bbox 2000 3527 3430 3600">
     <span class='ocr_line' id='line_1_97' title="bbox 2000 3527 3430 3600; baseline -0.003 -14"><span class='ocrx_word' id='word_1_574' title='bbox 2000 3532 2070 3587; x_wconf 89' lang='lat' dir='ltr'>Et</span> <span class='ocrx_word' id='word_1_575' title='bbox 2100 3548 2233 3585; x_wconf 85' lang='lat' dir='ltr'>mox</span> <span class='ocrx_word' id='word_1_576' title='bbox 2265 3531 2594 3600; x_wconf 81' lang='lat' dir='ltr'>contegitur</span> <span class='ocrx_word' id='word_1_577' title='bbox 2626 3529 2822 3583; x_wconf 86' lang='lat' dir='ltr'>subito</span> <span class='ocrx_word' id='word_1_578' title='bbox 2854 3544 2989 3589; x_wconf 87' lang='lat' dir='ltr'>cum</span> <span class='ocrx_word' id='word_1_579' title='bbox 3020 3527 3174 3582; x_wconf 90' lang='lat' dir='ltr'>nube</span> <span class='ocrx_word' id='word_1_580' title='bbox 3203 3544 3430 3582; x_wconf 87' lang='lat' dir='ltr'>serena.</span> 
     </span>
    </p>
   </div>
   <div class='ocr_carea' id='block_1_98' title="bbox 1999 3614 3521 3685">
    <p class='ocr_par' dir='ltr' id='par_1_98' title="bbox 1999 3614 3521 3685">
     <span class='ocr_line' id='line_1_98' title="bbox 1999 3614 3521 3685; baseline -0.005 -11"><span class='ocrx_word' id='word_1_581' title='bbox 1999 3618 2364 3674; x_wconf 89' lang='lat' dir='ltr'>Conveniunt</span> <span class='ocrx_word' id='word_1_582' title='bbox 2392 3617 2510 3670; x_wconf 93' lang='lat' dir='ltr'>illic</span> <span class='ocrx_word' id='word_1_583' title='bbox 2542 3620 2801 3670; x_wconf 84' lang='lat' dir='ltr'>veterum</span> <span class='ocrx_word' id='word_1_584' title='bbox 2836 3614 3005 3669; x_wconf 89' lang='lat' dir='ltr'>cunei</span> <span class='ocrx_word' id='word_1_585' title='bbox 3035 3630 3268 3685; x_wconf 86' lang='lat' dir='ltr'>quoque</span> <span class='ocrx_word' id='word_1_586' title='bbox 3298 3619 3521 3683; x_wconf 88' lang='lat' dir='ltr'>vatum,</span> 
     </span>
    </p>
   </div>
   <div class='ocr_carea' id='block_1_99' title="bbox 1999 3701 3509 3778">
    <p class='ocr_par' dir='ltr' id='par_1_99' title="bbox 1999 3701 3509 3778">
     <span class='ocr_line' id='line_1_99' title="bbox 1999 3701 3509 3778; baseline -0.001 -16"><span class='ocrx_word' id='word_1_587' title='bbox 1999 3706 2157 3763; x_wconf 88' lang='lat' dir='ltr'>Inter</span> <span class='ocrx_word' id='word_1_588' title='bbox 2187 3722 2333 3778; x_wconf 87' lang='lat' dir='ltr'>quos</span> <span class='ocrx_word' id='word_1_589' title='bbox 2365 3704 2596 3759; x_wconf 88' lang='lat' dir='ltr'>medius</span> <span class='ocrx_word' id='word_1_590' title='bbox 2628 3703 2830 3768; x_wconf 90' lang='lat' dir='ltr'>David,</span> <span class='ocrx_word' id='word_1_591' title='bbox 2867 3720 2963 3757; x_wconf 88' lang='lat' dir='ltr'>rex</span> <span class='ocrx_word' id='word_1_592' title='bbox 2998 3701 3245 3774; x_wconf 88' lang='lat' dir='ltr'>psallere</span> <span class='ocrx_word' id='word_1_593' title='bbox 3279 3703 3509 3774; x_wconf 86' lang='lat' dir='ltr'>doctus,</span> 
     </span>
    </p>
   </div>
   <div class='ocr_carea' id='block_1_100' title="bbox 1998 3788 3390 3861">
    <p class='ocr_par' dir='ltr' id='par_1_100' title="bbox 1998 3788 3390 3861">
     <span class='ocr_line' id='line_1_100' title="bbox 1998 3788 3390 3861; baseline -0.004 -9"><span class='ocrx_word' id='word_1_594' title='bbox 1998 3796 2252 3853; x_wconf 90' lang='lat' dir='ltr'>Cantans</span> <span class='ocrx_word' id='word_1_595' title='bbox 2284 3794 2343 3848; x_wconf 91' lang='lat' dir='ltr'>in</span> <span class='ocrx_word' id='word_1_596' title='bbox 2374 3792 2635 3861; x_wconf 88' lang='lat' dir='ltr'>citharis,</span> <span class='ocrx_word' id='word_1_597' title='bbox 2671 3792 2940 3848; x_wconf 85' lang='lat' dir='ltr'>hortatur</span> <span class='ocrx_word' id='word_1_598' title='bbox 2970 3791 3187 3851; x_wconf 87' lang='lat' dir='ltr'>talibus</span> <span class='ocrx_word' id='word_1_599' title='bbox 3218 3788 3390 3860; x_wconf 90' lang='lat' dir='ltr'>orsis,</span> 
     </span>
    </p>
   </div>
   <div class='ocr_carea' id='block_1_101' title="bbox 1997 3879 3329 3949">
    <p class='ocr_par' dir='ltr' id='par_1_101' title="bbox 1997 3879 3329 3949">
     <span class='ocr_line' id='line_1_101' title="bbox 1997 3879 3329 3949; baseline -0.004 -9"><span class='ocrx_word' id='word_1_600' title='bbox 1997 3885 2210 3940; x_wconf 86' lang='lat' dir='ltr'>Natum</span> <span class='ocrx_word' id='word_1_601' title='bbox 2243 3881 2494 3937; x_wconf 78' lang='lat' dir='ltr'>cmlestis</span> <span class='ocrx_word' id='word_1_602' title='bbox 2526 3879 2739 3935; x_wconf 89' lang='lat' dir='ltr'>solium</span> <span class='ocrx_word' id='word_1_603' title='bbox 2770 3879 3011 3949; x_wconf 85' lang='lat' dir='ltr'>petiisse</span> <span class='ocrx_word' id='word_1_604' title='bbox 3043 3879 3329 3943; x_wconf 86' lang='lat' dir='ltr'>Parentis.</span> 
     </span>
    </p>
   </div>
   <div class='ocr_carea' id='block_1_102' title="bbox 1998 3968 3315 4042">
    <p class='ocr_par' dir='ltr' id='par_1_102' title="bbox 1998 3968 3315 4042">
     <span class='ocr_line' id='line_1_102' title="bbox 1998 3968 3315 4042; baseline -0.005 -13"><span class='ocrx_word' id='word_1_605' title='bbox 1998 3972 2261 4029; x_wconf 83' lang='lat' dir='ltr'>Exaltare</span> <span class='ocrx_word' id='word_1_606' title='bbox 2292 3988 2469 4042; x_wconf 88' lang='lat' dir='ltr'>super</span> <span class='ocrx_word' id='word_1_607' title='bbox 2500 3969 2697 4037; x_wconf 80' lang='lat' dir='ltr'>caelos,</span> <span class='ocrx_word' id='word_1_608' title='bbox 2731 3969 2899 4025; x_wconf 85' lang='lat' dir='ltr'>fortis</span> <span class='ocrx_word' id='word_1_609' title='bbox 2929 3969 3105 4036; x_wconf 89' lang='lat' dir='ltr'>Deus,</span> <span class='ocrx_word' id='word_1_610' title='bbox 3140 3968 3315 4037; x_wconf 90' lang='lat' dir='ltr'>altos,</span> 
     </span>
    </p>
   </div>
   <div class='ocr_carea' id='block_1_103' title="bbox 1995 4056 3459 4134">
    <p class='ocr_par' dir='ltr' id='par_1_103' title="bbox 1995 4056 3459 4134">
     <span class='ocr_line' id='line_1_103' title="bbox 1995 4056 3459 4134; baseline -0.003 -16"><span class='ocrx_word' id='word_1_611' title='bbox 1995 4065 2183 4134; x_wconf 88' lang='lat' dir='ltr'>Atque</span> <span class='ocrx_word' id='word_1_612' title='bbox 2211 4077 2390 4133; x_wconf 87' lang='lat' dir='ltr'>super</span> <span class='ocrx_word' id='word_1_613' title='bbox 2419 4063 2601 4114; x_wconf 86' lang='lat' dir='ltr'>totam</span> <span class='ocrx_word' id='word_1_614' title='bbox 2633 4058 2839 4114; x_wconf 90' lang='lat' dir='ltr'>mundi</span> <span class='ocrx_word' id='word_1_615' title='bbox 2873 4063 2977 4113; x_wconf 91' lang='lat' dir='ltr'>tua</span> <span class='ocrx_word' id='word_1_616' title='bbox 3006 4056 3191 4131; x_wconf 85' lang='lat' dir='ltr'>gloria</span> <span class='ocrx_word' id='word_1_617' title='bbox 3220 4060 3459 4114; x_wconf 87' lang='lat' dir='ltr'>terram.</span> 
     </span>
    </p>
   </div>
   <div class='ocr_carea' id='block_1_104' title="bbox 1995 4147 3378 4223">
    <p class='ocr_par' dir='ltr' id='par_1_104' title="bbox 1995 4147 3378 4223">
     <span class='ocr_line' id='line_1_104' title="bbox 1995 4147 3378 4223; baseline -0.004 -15"><span class='ocrx_word' id='word_1_618' title='bbox 1995 4151 2229 4208; x_wconf 89' lang='lat' dir='ltr'>Scilicet</span> <span class='ocrx_word' id='word_1_619' title='bbox 2258 4148 2539 4223; x_wconf 84' lang='lat' dir='ltr'>angelicis</span> <span class='ocrx_word' id='word_1_620' title='bbox 2569 4149 2824 4204; x_wconf 88' lang='lat' dir='ltr'>suadens</span> <span class='ocrx_word' id='word_1_621' title='bbox 2855 4148 2937 4203; x_wconf 89' lang='lat' dir='ltr'>ait</span> <span class='ocrx_word' id='word_1_622' title='bbox 2966 4148 3081 4203; x_wconf 77' lang='lat' dir='ltr'>ista</span> <span class='ocrx_word' id='word_1_623' title='bbox 3109 4147 3378 4217; x_wconf 86' lang='lat' dir='ltr'>catervis,</span> 
     </span>
    </p>
   </div>
   <div class='ocr_carea' id='block_1_105' title="bbox 1994 4232 3420 4305">
    <p class='ocr_par' dir='ltr' id='par_1_105' title="bbox 1994 4232 3420 4305">
     <span class='ocr_line' id='line_1_105' title="bbox 1994 4232 3420 4305; baseline -0.004 -8"><span class='ocrx_word' id='word_1_624' title='bbox 1994 4240 2255 4297; x_wconf 83' lang='lat' dir='ltr'>Exaltate</span> <span class='ocrx_word' id='word_1_625' title='bbox 2286 4241 2473 4296; x_wconf 89' lang='lat' dir='ltr'>Deum</span> <span class='ocrx_word' id='word_1_626' title='bbox 2505 4236 2805 4305; x_wconf 85' lang='lat' dir='ltr'>modulato</span> <span class='ocrx_word' id='word_1_627' title='bbox 2837 4232 3098 4298; x_wconf 76' lang='lat' dir='ltr'>carmine</span> <span class='ocrx_word' id='word_1_628' title='bbox 3129 4242 3420 4304; x_wconf 89' lang='lat' dir='ltr'>nostrum,</span> 
     </span>
    </p>
   </div>
   <div class='ocr_carea' id='block_1_106' title="bbox 1995 4328 3389 4399">
    <p class='ocr_par' dir='ltr' id='par_1_106' title="bbox 1995 4328 3389 4399">
     <span class='ocr_line' id='line_1_106' title="bbox 1995 4328 3389 4399; baseline -0.004 -13"><span class='ocrx_word' id='word_1_629' title='bbox 1995 4330 2241 4386; x_wconf 87' lang='lat' dir='ltr'>Orantes</span> <span class='ocrx_word' id='word_1_630' title='bbox 2275 4330 2333 4385; x_wconf 92' lang='lat' dir='ltr'>in</span> <span class='ocrx_word' id='word_1_631' title='bbox 2364 4332 2561 4384; x_wconf 88' lang='lat' dir='ltr'>monte</span> <span class='ocrx_word' id='word_1_632' title='bbox 2592 4344 2699 4383; x_wconf 90' lang='lat' dir='ltr'>suo</span> <span class='ocrx_word' id='word_1_633' title='bbox 2730 4328 2936 4383; x_wconf 89' lang='lat' dir='ltr'>crebra</span> <span class='ocrx_word' id='word_1_634' title='bbox 2964 4344 3132 4399; x_wconf 89' lang='lat' dir='ltr'>prece</span> <span class='ocrx_word' id='word_1_635' title='bbox 3161 4330 3389 4395; x_wconf 86' lang='lat' dir='ltr'>sancto,</span> 
     </span>
    </p>
   </div>
   <div class='ocr_carea' id='block_1_107' title="bbox 1996 4414 3590 4485">
    <p class='ocr_par' dir='ltr' id='par_1_107' title="bbox 1996 4414 3590 4485">
     <span class='ocr_line' id='line_1_107' title="bbox 1996 4414 3590 4485; baseline -0.004 -10"><span class='ocrx_word' id='word_1_636' title='bbox 1996 4420 2107 4476; x_wconf 89' lang='lat' dir='ltr'>Iste</span> <span class='ocrx_word' id='word_1_637' title='bbox 2139 4419 2293 4475; x_wconf 90' lang='lat' dir='ltr'>Deus</span> <span class='ocrx_word' id='word_1_638' title='bbox 2325 4417 2610 4481; x_wconf 86' lang='lat' dir='ltr'>Dominus</span> <span class='ocrx_word' id='word_1_639' title='bbox 2642 4421 2860 4481; x_wconf 89' lang='lat' dir='ltr'>noster,</span> <span class='ocrx_word' id='word_1_640' title='bbox 2893 4417 3125 4470; x_wconf 87' lang='lat' dir='ltr'>constat</span> <span class='ocrx_word' id='word_1_641' title='bbox 3153 4414 3296 4485; x_wconf 89' lang='lat' dir='ltr'>quia</span> <span class='ocrx_word' id='word_1_642' title='bbox 3327 4418 3590 4471; x_wconf 87' lang='lat' dir='ltr'>sanctus.</span> 
     </span>
    </p>
   </div>
   <div class='ocr_carea' id='block_1_108' title="bbox 2065 4502 3434 4573">
    <p class='ocr_par' dir='ltr' id='par_1_108' title="bbox 2065 4502 3434 4573">
     <span class='ocr_line' id='line_1_108' title="bbox 2065 4502 3434 4573; baseline -0.005 -9"><span class='ocrx_word' id='word_1_643' title='bbox 2065 4509 2135 4564; x_wconf 85' lang='lat' dir='ltr'>Et</span> <span class='ocrx_word' id='word_1_644' title='bbox 2152 4506 2432 4573; x_wconf 39' lang='lat' dir='ltr'>iChristus</span> <span class='ocrx_word' id='word_1_645' title='bbox 2461 4505 2658 4572; x_wconf 87' lang='lat' dir='ltr'>Jesus,</span> <span class='ocrx_word' id='word_1_646' title='bbox 2688 4502 2854 4558; x_wconf 89' lang='lat' dir='ltr'>vultu</span> <span class='ocrx_word' id='word_1_647' title='bbox 2885 4502 3112 4557; x_wconf 80' lang='lat' dir='ltr'>ridente</span> <span class='ocrx_word' id='word_1_648' title='bbox 3144 4518 3434 4570; x_wconf 86' lang='lat' dir='ltr'>reversus,</span> 
     </span>
    </p>
   </div>
   <div class='ocr_carea' id='block_1_109' title="bbox 1994 4590 3323 4669">
    <p class='ocr_par' dir='ltr' id='par_1_109' title="bbox 1994 4590 3323 4669">
     <span class='ocr_line' id='line_1_109' title="bbox 1994 4590 3323 4669; baseline -0.007 -15"><span class='ocrx_word' id='word_1_649' title='bbox 1994 4595 2561 4669; x_wconf 78' lang='lat' dir='ltr'>Discipulisiterum</span> <span class='ocrx_word' id='word_1_650' title='bbox 2584 4591 2777 4647; x_wconf 88' lang='lat' dir='ltr'>verbis</span> <span class='ocrx_word' id='word_1_651' title='bbox 2809 4590 3040 4647; x_wconf 89' lang='lat' dir='ltr'>dicebat</span> <span class='ocrx_word' id='word_1_652' title='bbox 3069 4590 3278 4647; x_wconf 86' lang='lat' dir='ltr'>amicis</span> <span class='ocrx_word' id='word_1_653' title='bbox 3311 4607 3323 4645; x_wconf 90' lang='lat'><strong>:</strong></span> 
     </span>
    </p>
   </div>
   <div class='ocr_carea' id='block_1_110' title="bbox 1914 4677 3422 4770">
    <p class='ocr_par' dir='ltr' id='par_1_110' title="bbox 1914 4677 3422 4770">
     <span class='ocr_line' id='line_1_110' title="bbox 1914 4677 3422 4770; baseline -0.007 -27"><span class='ocrx_word' id='word_1_654' title='bbox 1914 4703 1962 4770; x_wconf 76' lang='grc' dir='ltr'>υ</span> <span class='ocrx_word' id='word_1_655' title='bbox 1989 4687 2108 4761; x_wconf 78' lang='lat' dir='ltr'>,Pax</span> <span class='ocrx_word' id='word_1_656' title='bbox 2137 4683 2322 4751; x_wconf 89' lang='lat' dir='ltr'>vobis,</span> <span class='ocrx_word' id='word_1_657' title='bbox 2358 4684 2584 4747; x_wconf 88' lang='lat' dir='ltr'>fratres,</span> <span class='ocrx_word' id='word_1_658' title='bbox 2619 4696 2852 4753; x_wconf 88' lang='lat' dir='ltr'>semper</span> <span class='ocrx_word' id='word_1_659' title='bbox 2880 4678 3023 4734; x_wconf 89' lang='lat' dir='ltr'>mihi</span> <span class='ocrx_word' id='word_1_660' title='bbox 3061 4677 3169 4770; x_wconf 76' lang='lat' dir='ltr'>rite</span> <span class='ocrx_word' id='word_1_661' title='bbox 3199 4677 3422 4770; x_wconf 77' lang='lat' dir='ltr'>ﬁdeles,</span> 
     </span>
    </p>
   </div>
   <div class='ocr_carea' id='block_1_111' title="bbox 1990 4766 3362 4844">
    <p class='ocr_par' dir='ltr' id='par_1_111' title="bbox 1990 4766 3362 4844">
     <span class='ocr_line' id='line_1_111' title="bbox 1990 4766 3362 4844; baseline -0.007 -15"><span class='ocrx_word' id='word_1_662' title='bbox 1990 4774 2152 4831; x_wconf 86' lang='lat' dir='ltr'>Velle</span> <span class='ocrx_word' id='word_1_663' title='bbox 2181 4789 2378 4828; x_wconf 89' lang='lat' dir='ltr'>meum</span> <span class='ocrx_word' id='word_1_664' title='bbox 2412 4772 2510 4844; x_wconf 87' lang='lat' dir='ltr'>qui</span> <span class='ocrx_word' id='word_1_665' title='bbox 2545 4770 2789 4836; x_wconf 81' lang='lat' dir='ltr'>fecistis,</span> <span class='ocrx_word' id='word_1_666' title='bbox 2821 4784 2928 4824; x_wconf 91' lang='lat' dir='ltr'>nec</span> <span class='ocrx_word' id='word_1_667' title='bbox 2963 4783 3079 4822; x_wconf 86' lang='lat' dir='ltr'>non</span> <span class='ocrx_word' id='word_1_668' title='bbox 3112 4766 3362 4833; x_wconf 86' lang='lat' dir='ltr'>facietis,</span> 
     </span>
    </p>
   </div>
   <div class='ocr_carea' id='block_1_112' title="bbox 1990 4855 3507 4927">
    <p class='ocr_par' dir='ltr' id='par_1_112' title="bbox 1990 4855 3507 4927">
     <span class='ocr_line' id='line_1_112' title="bbox 1990 4855 3507 4927; baseline -0.007 -6"><span class='ocrx_word' id='word_1_669' title='bbox 1990 4866 2135 4921; x_wconf 87' lang='lat' dir='ltr'>Ecce</span> <span class='ocrx_word' id='word_1_670' title='bbox 2165 4879 2357 4919; x_wconf 88' lang='lat' dir='ltr'>meam</span> <span class='ocrx_word' id='word_1_671' title='bbox 2389 4859 2663 4916; x_wconf 87' lang='lat' dir='ltr'>stabilem</span> <span class='ocrx_word' id='word_1_672' title='bbox 2693 4857 2863 4913; x_wconf 87' lang='lat' dir='ltr'>vobis</span> <span class='ocrx_word' id='word_1_673' title='bbox 2889 4857 2962 4918; x_wconf 88' lang='lat' dir='ltr'>do</span> <span class='ocrx_word' id='word_1_674' title='bbox 2996 4855 3255 4927; x_wconf 85' lang='lat' dir='ltr'>denique</span> <span class='ocrx_word' id='word_1_675' title='bbox 3279 4871 3507 4927; x_wconf 84' lang='lat' dir='ltr'>pacem,</span> 
     </span>
    </p>
   </div>
   <div class='ocr_carea' id='block_1_113' title="bbox 1990 4945 3348 5023">
    <p class='ocr_par' dir='ltr' id='par_1_113' title="bbox 1990 4945 3348 5023">
     <span class='ocr_line' id='line_1_113' title="bbox 1990 4945 3348 5023; baseline -0.007 -14"><span class='ocrx_word' id='word_1_676' title='bbox 1990 4955 2069 5009; x_wconf 86' lang='lat' dir='ltr'>Ac</span> <span class='ocrx_word' id='word_1_677' title='bbox 2099 4952 2264 5009; x_wconf 90' lang='lat' dir='ltr'>vobis</span> <span class='ocrx_word' id='word_1_678' title='bbox 2290 4950 2479 5023; x_wconf 87' lang='lat' dir='ltr'>ipsam</span> <span class='ocrx_word' id='word_1_679' title='bbox 2512 4963 2714 5020; x_wconf 83' lang='lat' dir='ltr'>pacem</span> <span class='ocrx_word' id='word_1_680' title='bbox 2744 4945 2977 5002; x_wconf 67' lang='lat' dir='ltr'>dimitto</span> <span class='ocrx_word' id='word_1_681' title='bbox 3008 4959 3348 5016; x_wconf 84' lang='lat' dir='ltr'>perennem.</span> 
     </span>
    </p>
   </div>
   <div class='ocr_carea' id='block_1_114' title="bbox 1993 5032 3360 5110">
    <p class='ocr_par' dir='ltr' id='par_1_114' title="bbox 1993 5032 3360 5110">
     <span class='ocr_line' id='line_1_114' title="bbox 1993 5032 3360 5110; baseline -0.009 -10"><span class='ocrx_word' id='word_1_682' title='bbox 1993 5044 2124 5101; x_wconf 72' lang='lat' dir='ltr'>Hzec</span> <span class='ocrx_word' id='word_1_683' title='bbox 2151 5042 2252 5110; x_wconf 92' lang='lat' dir='ltr'>ait,</span> <span class='ocrx_word' id='word_1_684' title='bbox 2284 5043 2341 5095; x_wconf 87' lang='lat' dir='ltr'>et</span> <span class='ocrx_word' id='word_1_685' title='bbox 2379 5037 2574 5104; x_wconf 88' lang='lat' dir='ltr'>citius,</span> <span class='ocrx_word' id='word_1_686' title='bbox 2605 5034 2840 5109; x_wconf 84' lang='lat' dir='ltr'>propria</span> <span class='ocrx_word' id='word_1_687' title='bbox 2868 5033 3085 5090; x_wconf 83' lang='lat' dir='ltr'>virtute</span> <span class='ocrx_word' id='word_1_688' title='bbox 3114 5032 3360 5101; x_wconf 88' lang='lat' dir='ltr'>levatus,</span> 
     </span>
    </p>
   </div>
   <div class='ocr_carea' id='block_1_115' title="bbox 1991 5122 3290 5197">
    <p class='ocr_par' dir='ltr' id='par_1_115' title="bbox 1991 5122 3290 5197">
     <span class='ocr_line' id='line_1_115' title="bbox 1991 5122 3290 5197; baseline -0.009 -8"><span class='ocrx_word' id='word_1_689' title='bbox 1991 5130 2287 5197; x_wconf 86' lang='lat' dir='ltr'>Ascendit,</span> <span class='ocrx_word' id='word_1_690' title='bbox 2320 5127 2437 5183; x_wconf 83' lang='lat' dir='ltr'>diri</span> <span class='ocrx_word' id='word_1_691' title='bbox 2458 5127 2643 5183; x_wconf 87' lang='lat' dir='ltr'>victor</span> <span class='ocrx_word' id='word_1_692' title='bbox 2671 5142 2850 5197; x_wconf 87' lang='lat' dir='ltr'>super</span> <span class='ocrx_word' id='word_1_693' title='bbox 2878 5123 3093 5180; x_wconf 59' lang='lat' dir='ltr'>ethera</span> <span class='ocrx_word' id='word_1_694' title='bbox 3122 5122 3290 5190; x_wconf 85' lang='lat' dir='ltr'>lethi,</span> 
     </span>
    </p>
   </div>
   <div class='ocr_carea' id='block_1_116' title="bbox 1993 5211 3494 5288">
    <p class='ocr_par' dir='ltr' id='par_1_116' title="bbox 1993 5211 3494 5288">
     <span class='ocr_line' id='line_1_116' title="bbox 1993 5211 3494 5288; baseline -0.008 -10"><span class='ocrx_word' id='word_1_695' title='bbox 1993 5221 2147 5279; x_wconf 67' lang='grc' dir='ltr'><strong>ιω</strong></span> <span class='ocrx_word' id='word_1_696' title='bbox 2174 5215 2471 5288; x_wconf 86' lang='lat' dir='ltr'>Obsequio</span> <span class='ocrx_word' id='word_1_697' title='bbox 2500 5213 2677 5271; x_wconf 88' lang='lat' dir='ltr'>nubis</span> <span class='ocrx_word' id='word_1_698' title='bbox 2708 5214 3140 5285; x_wconf 84' lang='lat' dir='ltr'>circumseptus</span> <span class='ocrx_word' id='word_1_699' title='bbox 3171 5211 3494 5275; x_wconf 82' lang='lat' dir='ltr'>rutilantis.</span> 
     </span>
    </p>
   </div>
   <div class='ocr_carea' id='block_1_117' title="bbox 1994 5301 3394 5379">
    <p class='ocr_par' dir='ltr' id='par_1_117' title="bbox 1994 5301 3394 5379">
     <span class='ocr_line' id='line_1_117' title="bbox 1994 5301 3394 5379; baseline -0.006 -12"><span class='ocrx_word' id='word_1_700' title='bbox 1994 5314 2187 5379; x_wconf 57' lang='lat' dir='ltr'>Quem.</span> <span class='ocrx_word' id='word_1_701' title='bbox 2208 5322 2445 5364; x_wconf 83' lang='lat' dir='ltr'>sursum</span> <span class='ocrx_word' id='word_1_702' title='bbox 2479 5302 2609 5359; x_wconf 91' lang='lat' dir='ltr'>ﬁxis</span> <span class='ocrx_word' id='word_1_703' title='bbox 2640 5319 2775 5377; x_wconf 84' lang='lat' dir='ltr'>cum</span> <span class='ocrx_word' id='word_1_704' title='bbox 2808 5302 3164 5374; x_wconf 86' lang='lat' dir='ltr'>respexisset</span> <span class='ocrx_word' id='word_1_705' title='bbox 3191 5301 3394 5358; x_wconf 85' lang='lat' dir='ltr'>ocellis</span> 
     </span>
    </p>
   </div>
   <div class='ocr_carea' id='block_1_118' title="bbox 1994 5390 3431 5463">
    <p class='ocr_par' dir='ltr' id='par_1_118' title="bbox 1994 5390 3431 5463">
     <span class='ocr_line' id='line_1_118' title="bbox 1994 5390 3431 5463; baseline -0.009 -5"><span class='ocrx_word' id='word_1_706' title='bbox 1994 5401 2162 5458; x_wconf 89' lang='lat' dir='ltr'>Plebs</span> <span class='ocrx_word' id='word_1_707' title='bbox 2195 5395 2419 5453; x_wconf 87' lang='lat' dir='ltr'>doctrix</span> <span class='ocrx_word' id='word_1_708' title='bbox 2444 5393 2601 5459; x_wconf 88' lang='lat' dir='ltr'>ﬁdei,</span> <span class='ocrx_word' id='word_1_709' title='bbox 2635 5391 2913 5447; x_wconf 86' lang='lat' dir='ltr'>claustris</span> <span class='ocrx_word' id='word_1_710' title='bbox 2946 5391 3074 5447; x_wconf 73' lang='grc' dir='ltr'>οωιῆ</span> <span class='ocrx_word' id='word_1_711' title='bbox 3105 5390 3431 5463; x_wconf 82' lang='lat' dir='ltr'>patefactis,</span> 
     </span>
    </p>
   </div>
   <div class='ocr_carea' id='block_1_119' title="bbox 1994 5476 3571 5562">
    <p class='ocr_par' dir='ltr' id='par_1_119' title="bbox 1994 5476 3571 5562">
     <span class='ocr_line' id='line_1_119' title="bbox 1994 5476 3571 5562; baseline -0.011 -15"><span class='ocrx_word' id='word_1_712' title='bbox 1994 5490 2333 5562; x_wconf 83' lang='lat' dir='ltr'>Pergentem</span> <span class='ocrx_word' id='word_1_713' title='bbox 2367 5497 2627 5548; x_wconf 89' lang='lat' dir='ltr'>sursum,</span> <span class='ocrx_word' id='word_1_714' title='bbox 2661 5480 2893 5536; x_wconf 88' lang='lat' dir='ltr'>cunctis</span> <span class='ocrx_word' id='word_1_715' title='bbox 2920 5480 3344 5536; x_wconf 84' lang='lat' dir='ltr'>famulantibus</span> <span class='ocrx_word' id='word_1_716' title='bbox 3375 5476 3571 5543; x_wconf 87' lang='lat' dir='ltr'>astris,</span> 
     </span>
    </p>
   </div>
   <div class='ocr_carea' id='block_1_120' title="bbox 1994 5566 3408 5643">
    <p class='ocr_par' dir='ltr' id='par_1_120' title="bbox 1994 5566 3408 5643">
     <span class='ocr_line' id='line_1_120' title="bbox 1994 5566 3408 5643; baseline -0.012 -7"><span class='ocrx_word' id='word_1_717' title='bbox 1994 5581 2126 5635; x_wconf 78' lang='lat' dir='ltr'>Mox</span> <span class='ocrx_word' id='word_1_718' title='bbox 2156 5577 2272 5631; x_wconf 89' lang='lat' dir='ltr'>duo</span> <span class='ocrx_word' id='word_1_719' title='bbox 2303 5587 2513 5643; x_wconf 88' lang='lat' dir='ltr'>nempe</span> <span class='ocrx_word' id='word_1_720' title='bbox 2542 5567 2672 5637; x_wconf 88' lang='lat' dir='ltr'>viri,</span> <span class='ocrx_word' id='word_1_721' title='bbox 2708 5568 2941 5625; x_wconf 79' lang='lat' dir='ltr'>stellato</span> <span class='ocrx_word' id='word_1_722' title='bbox 2962 5569 3208 5624; x_wconf 82' lang='lat' dir='ltr'>cardine</span> <span class='ocrx_word' id='word_1_723' title='bbox 3236 5566 3408 5637; x_wconf 88' lang='lat' dir='ltr'>lapsi,</span> 
     </span>
    </p>
   </div>
   <div class='ocr_carea' id='block_1_121' title="bbox 1990 5656 3197 5726">
    <p class='ocr_par' dir='ltr' id='par_1_121' title="bbox 1990 5656 3197 5726">
     <span class='ocr_line' id='line_1_121' title="bbox 1990 5656 3197 5726; baseline -0.012 -2"><span class='ocrx_word' id='word_1_724' title='bbox 1990 5659 2477 5726; x_wconf 46' lang='lat' dir='ltr'>Astiteranteillis,</span> <span class='ocrx_word' id='word_1_725' title='bbox 2513 5658 2705 5714; x_wconf 89' lang='lat' dir='ltr'>induti</span> <span class='ocrx_word' id='word_1_726' title='bbox 2736 5658 2997 5715; x_wconf 88' lang='lat' dir='ltr'>vestibus</span> <span class='ocrx_word' id='word_1_727' title='bbox 3027 5656 3197 5721; x_wconf 87' lang='lat' dir='ltr'>albis,</span> 
     </span>
    </p>
   </div>
   <div class='ocr_carea' id='block_1_122' title="bbox 1992 5743 3328 5825">
    <p class='ocr_par' dir='ltr' id='par_1_122' title="bbox 1992 5743 3328 5825">
     <span class='ocr_line' id='line_1_122' title="bbox 1992 5743 3328 5825; baseline -0.013 -11"><span class='ocrx_word' id='word_1_728' title='bbox 1992 5757 2099 5825; x_wconf 87' lang='lat' dir='ltr'>Qui</span> <span class='ocrx_word' id='word_1_729' title='bbox 2134 5752 2277 5808; x_wconf 87' lang='lat' dir='ltr'>satis</span> <span class='ocrx_word' id='word_1_730' title='bbox 2309 5748 2590 5821; x_wconf 83' lang='lat' dir='ltr'>angelicis</span> <span class='ocrx_word' id='word_1_731' title='bbox 2622 5748 2897 5805; x_wconf 88' lang='lat' dir='ltr'>dixerunt</span> <span class='ocrx_word' id='word_1_732' title='bbox 2923 5745 3062 5803; x_wconf 82' lang='lat' dir='ltr'>talia</span> <span class='ocrx_word' id='word_1_733' title='bbox 3089 5743 3281 5799; x_wconf 82' lang='lat' dir='ltr'>verbis</span> <span class='ocrx_word' id='word_1_734' title='bbox 3317 5761 3328 5797; x_wconf 90' lang='lat'><strong>:</strong></span> 
     </span>
    </p>
   </div>
  </div>
