3904 6408
254 452 409 516 1083
1040 453 1571 517 HROTSUITH/E
1618 455 1993 515 MONIALIS
2042 454 2860 517 GANDERSHEIMENSIS.
3514 453 3688 515 1084

251 590 456 657 Dicite,
490 606 683 662 posco,
705 587 834 655 viri,
858 605 963 643 cur
992 589 1293 659 suspicitis
1325 588 1565 653 Galilei,
1929 588 1981 653 Α
2018 588 2082 641 Et
2111 605 2241 643 mea
2272 588 2342 642 de
2372 588 2514 643 ccelo
2544 588 2707 642 solus
2734 588 3036 661 Sapientia
3067 601 3220 646 vera.

249 679 526 734 Vultibus
555 678 819 732 attonitis
850 682 1095 744 stantes,
1127 679 1428 749 oculisque
1458 677 1688 748 supinis
1709 677 1735 731 ‘?
2013 679 2083 730 At
2111 695 2265 731 nunc
2300 678 2356 731 in
2387 679 2589 731 dextra
2622 678 2803 731 victor
2835 679 3130 749 requiesce
3161 682 3404 750 paterna

249 767 351 822 IIic
384 772 536 822 certe
566 768 760 831 Josus,
789 766 953 821 vobis
984 767 1358 831 mirantibus,
1392 784 1544 820 unus
2015 766 2308 831 Gaudeas,
2345 783 2531 837 usque
2564 770 2694 820 tuos
2732 784 2942 837 ponam
2978 774 3220 822 cunctos
3252 767 3530 821 inimicos

247 858 624 927 Assumptus,
653 857 828 910 ccelos
860 856 958 927 qui
988 855 1351 910 transcendit
1384 871 1557 925 super
1587 856 1754 921 altos,
2012 857 2360 909 Sanctorum
2392 872 2492 925 per
2524 856 2694 909 smcla
2724 857 2938 926 pedum
2972 857 3073 911 tibi
3110 857 3217 911 rite
3247 854 3604 910 scabellum.

249 945 365 999 Ilac
395 945 588 999 veniet
618 945 802 1001 Judex
837 946 1024 998 forma
1053 961 1169 1015 qua
1201 944 1388 1015 porgit
1422 945 1493 997 ad
1528 944 1727 997 azthra.
2083 943 2399 1014 Postquam
2434 949 2728 1005 naturam,
2748 945 2875 1014 jam
2908 946 2978 999 de
3005 945 3177 999 busto
3207 944 3554 1011 redivivam,

320 1033 485 1087 Hunc
516 1033 695 1087 David
727 1033 1021 1087 Christum
1056 1050 1298 1087 cernens
1333 1050 1508 1102 super
1536 1032 1717 1085 mthra
1748 1031 1897 1085 lcva-
2012 1034 2361 1097 Humanam,
2399 1033 2544 1086 solio
2576 1033 2842 1086 Christus
2876 1032 3059 1087 Patris
3092 1032 3290 1087 intulit
3319 1032 3456 1098 alto,

245 1122 570 1175 Commovit
598 1121 905 1185 citharam,
932 1122 1127 1175 divina
1159 1121 1329 1175 laude
1364 1117 1662 1191 repletam,
1725 1120 1896 1190 ltum,
2010 1120 2226 1173 Omnes
2258 1119 2531 1189 angelicae
2565 1121 2673 1174 sub
2707 1120 2891 1174 missa
2918 1138 3056 1174 voce
3087 1124 3326 1174 caterva:

246 1211 376 1265 Ilaec
406 1216 462 1265 et
494 1211 696 1264 lmtitia
725 1210 979 1264 cantavit
1009 1226 1263 1280 congrue
1298 1227 1509 1277 magna
1543 1224 1556 1261 :
2012 1209 2357 1262 Laudabant
2386 1208 2602 1279 ipsum,
2637 1209 2757 1280 qui,
2794 1214 3142 1279 regnaturus
3170 1208 3226 1262 in
3260 1226 3471 1273 tevum,

243 1299 521 1354 Ascendit
552 1299 705 1353 Deus
735 1297 794 1352 in
818 1297 1010 1369 jubilo
1041 1315 1293 1369 magnus
1325 1316 1502 1369 super
1530 1302 1708 1361 astra,
2011 1297 2255 1351 Mortem
2287 1297 2499 1351 dcc-ivit
2530 1297 2806 1364 moriens,
2835 1300 3241 1369 mundumque
3274 1299 3547 1365 redemit,

245 1388 485 1444 Scandit
512 1387 689 1459 inque
720 1389 871 1442 tubae
904 1387 1170 1442 Dominis
1202 1386 1473 1457 clangore
1502 1392 1740 1440 sacrata:
2010 1385 2081 1440 Ut
2107 1403 2347 1455 regnare
2379 1404 2517 1439 suos
2552 1386 2764 1441 faceret
2792 1404 2894 1456 per
2923 1385 3137 1441 sazcula
3165 1403 3381 1441 servos.

318 1477 454 1532 Post
483 1476 605 1532 haec
636 1475 893 1531 intonuit
924 1476 1068 1530 solio
1098 1493 1206 1529 vox
1238 1476 1423 1530 Patris
1455 1476 1526 1530 ab
1558 1473 1696 1544 alto,
2082 1473 2212 1528 Ηωο
2242 1474 2580 1545 quicunque
2611 1474 2786 1546 legat,
2814 1473 3113 1530 miserenti
3146 1481 3376 1547 pectore
3406 1476 3573 1530 dicat
3606 1493 3620 1529 :

244 1565 456 1620 Dicens
486 1567 556 1622 ad
591 1564 893 1636 proprium
926 1564 1122 1619 divino
1156 1564 1373 1619 famine
1404 1565 1618 1618 Natum
1654 1580 1666 1616 :
2010 1564 2127 1618 Rex
2161 1563 2273 1634 pie,
2308 1563 2584 1617 HI'OSVlLtB
2618 1580 2862 1635 parcens
2894 1563 3167 1620 miserere
3199 1562 3460 1631 misellae,

242 1655 329 1709 Tu
363 1670 531 1709 meus
562 1669 625 1709 es
657 1653 871 1708 Charus
904 1657 1162 1723 percerte
1195 1650 1375 1706 Filius
1404 1668 1580 1718 unus,
2007 1653 2077 1707 Et
2106 1654 2193 1706 l'ac
2224 1651 2438 1706 divinis
2471 1652 2778 1723 persistere
2809 1651 3039 1707 ccelitus
3071 1653 3196 1707 edis

243 1744 484 1813 Semper
502 1743 636 1813 jure
670 1741 815 1795 mihi
845 1740 945 1811 qui
977 1740 1232 1794 multum
1267 1739 1697 1811 complacuisti.
2008 1741 2188 1807 lianc,
2222 1758 2349 1812 quae
2380 1740 2671 1796 laudendo
2704 1740 2914 1797 cecinit
2944 1746 3044 1796 tua
3073 1741 3227 1798 facta
3257 1743 3574 1814 stupenda.

242 1832 330 1886 Tu
362 1831 489 1886 sine
518 1828 829 1902 principio,
852 1829 1109 1884 Verbum
1142 1827 1330 1901 Patris
1361 1845 1593 1899 quoque
1633 1846 1857 1895 verum,

1227 2152 1385 2206 103
1433 2145 1994 2209 AltGUMENTUM
2042 2147 2117 2206 IN
2169 2146 2679 2208 GANGOLFUM.

308 2442 644 2513 Gangolfus,
667 2457 743 2496 ea:
761 2440 939 2496 nobili
962 2439 1436 2513 Burgundiorum
1461 2456 1701 2509 regnum
1718 2440 1947 2511 familia
1969 2442 2022 2495 el
2045 2441 2323 2511 sanguine
2346 2448 2539 2507 natus,
2564 2449 2618 2494 et
2638 2440 2698 2513 in
2724 2440 3001 2509 religione
3023 2442 3355 2497 Christiana
3375 2443 3673 2511 initiatus,

237 2531 275 2569 a
303 2512 565 2583 paupere
594 2513 844 2585 quedam
872 2513 1090 2567 rustico
1119 2512 1439 2573 hortulum,
1461 2528 1592 2566 cum
1633 2513 1791 2585 fonte
1832 2513 2247 2585 amarnissimo,
2270 2521 2519 2585 emerat,
2549 2512 2714 2585 cujus
2740 2514 3131 2585 aeternitatem
3167 2516 3485 2570 llrcsvitha
3535 2519 3667 2585 put-

235 2587 528 2642 chcrrime
556 2582 846 2639 describit.
886 2588 949 2639 In
981 2590 1129 2657 hunc
1160 2584 1479 2649 hortulum,
1509 2584 1792 2639 orationis
1812 2593 1865 2657 et
1893 2584 2277 2640 relaxationis
2307 2582 2491 2637 animi
2518 2583 2733 2657 gratia,
2764 2584 2902 2638 dum
2950 2586 3023 2638 ab
3068 2585 3252 2639 armis
3282 2594 3336 2640 et
3366 2582 3667 2657 republica

234 2665 496 2721 vacaret,
527 2657 730 2710 solitus
758 2664 884 2709 erat
909 2654 1239 2727 concedere,
1272 2670 1445 2725 quant
1476 2671 1601 2708 rem
1629 2656 1958 2725 familiares
1998 2657 2092 2711 sui
2120 2660 2481 2710 vehementer
2508 2655 2772 2710 ode-rant.
2808 2660 3047 2710 Factum
3094 2656 3280 2726 igitur
3308 2669 3415 2724 est,
3435 2654 3509 2713 ut
3539 2660 3666 2727 fons

237 2729 587 2795 exaruisset,
619 2742 786 2797 quem
816 2727 933 2793 ille,
964 2726 1165 2781 baculo
1193 2725 1250 2779 in
1283 2734 1506 2779 (errant
1533 2728 1672 2794 fia'o,
1705 2744 1909 2782 rursus
1961 2729 2297 2797 largissime
2324 2742 2468 2781 vena
2497 2726 2776 2796 restituit,
2809 2728 2891 2781 ita
2921 2735 2983 2781 ut
3014 2725 3170 2782 illius
3216 2731 3374 2783 unda
3402 2725 3667 2787 omnium

236 2802 573 2856 morborum
593 2808 800 2865 pestes,
827 2800 1225 2870 haurientium
1243 2806 1298 2851 et
1324 2799 1640 2852 lavantium
1662 2800 1916 2869 fugaret.
1943 2800 2218 2865 Tandem,
2240 2814 2486 2853 uxorem
2512 2799 2743 2867 ducens,
2765 2815 2890 2869 quae
2914 2800 3269 2855 incontinens
3292 2810 3347 2855 et
3369 2802 3665 2870 impudica

234 2872 459 2945 fuerat,
486 2872 544 2945 in
573 2886 884 2945 umoreque
908 2869 1225 2945 satellitum
1254 2885 1495 2945 sum-uin
1526 2870 1750 2945 effrena
1775 2871 2012 2945 libidine
2035 2871 2421 2945 debaccliata;
2451 2870 2602 2945 quod
2630 2884 2759 2945 cum
2789 2879 2986 2945 sancto
3017 2872 3166 2945 viro,
3186 2869 3494 2942 Gangvlfo,
3523 2891 3663 2931 cum-

233 2940 467 3012 pertum
493 2942 721 3012 fuisset,
756 2941 919 3012 illam
950 2942 1020 2996 de
1051 2940 1464 2995 incontinentia
1490 2942 1797 3010 corripuit,
1831 2941 1934 2997 illa
1964 2958 2069 3010 per
2097 2943 2372 2996 satellites
2398 2940 2636 2994 insidias
2665 2942 2944 3011 Gttngolfo
2972 2943 3210 3011 struxit,
3238 2953 3292 2997 et
3315 2940 3548 3001 fab—illis
3579 2948 3663 3001 in—

235 3011 535 3085 terfectus,
567 3015 791 3082 spultus
822 3011 879 3068 in
909 3014 1048 3082 loco,
1080 3012 1183 3085 qui
1209 3011 1301 3068 Nil
1330 3021 1491 3066 terra
1521 3012 1756 3080 dicitur,
1782 3013 2083 3068 miraculis
2112 3014 2356 3068 clarens.
2378 3014 2551 3083 Quod
2569 3028 2701 3066 cum
2729 3014 2973 3067 relatum
3002 3014 3080 3068 at
3107 3017 3384 3078 Ganeam,
3416 3032 3663 3073 uxorem

234 3103 421 3156 suam,
451 3084 676 3155 fuisset,
711 3086 877 3155 fidem
908 3084 1212 3139 miraculis
1242 3086 1367 3152 ejus
1400 3085 1670 3152 derogat,
1695 3086 2094 3156 miraculaque
2121 3100 2235 3139 non
2279 3100 2465 3150 secus,
2495 3092 2558 3138 ut
2588 3086 2806 3139 ventris
2857 3086 2952 3140 sui
2996 3085 3306 3153 crepitum,
3338 3088 3663 3155 existimat,

235 3159 625 3232 Quamobrem
655 3158 715 3210 in
741 3172 920 3224 paenw
948 3156 1255 3225 perﬁdiam
1284 3166 1481 3211 venter
1506 3157 1615 3227 illi,
1647 3156 1835 3227 quoad
1864 3157 2097 3227 viveret,
2126 3163 2407 3224 perpetuo
2433 3157 2722 3222 crepabat.

1837 3289 2049 3300 -__—

1390 3391 1812 3451 Pli/EFATIO
1855 3391 1935 3451 IN
1982 3388 2494 3451 GANGOLFUM.

235 3556 279 3612 O
312 3554 404 3628 pie
434 3552 755 3619 Lucisator,
790 3548 995 3606 mundi
1031 3562 1343 3621 rerumque
1370 3538 1634 3617 'Parator,
1919 3552 1966 3617 Β
2068 3552 2144 3603 Ut
2176 3549 2357 3603 fixum
2390 3548 2556 3619 digiti
2592 3548 2691 3602 ﬁat
2720 3566 2867 3619 opus
2900 3549 3138 3620 proprii,

306 3643 413 3710 Qui
444 3640 655 3698 cmlum
688 3638 883 3712 pingis
913 3637 1207 3693 sideribus
1237 3638 1434 3704 variis,
2002 3639 2089 3693 Tu
2122 3638 2364 3709 dignare
2396 3642 2505 3692 tua!
2540 3637 2887 3709 perfundere
2919 3639 3092 3693 corda
3124 3637 3390 3702 faniellm,

237 3732 409 3789 Solus
440 3734 498 3787 et
523 3729 806 3801 astrigera
837 3744 1090 3800 regnans
1124 3726 1448 3781 dominaris
1479 3726 1535 3780 in
1570 3727 1703 3782 aula
2004 3728 2346 3795 Hrosvithze,
2384 3727 2633 3782 rorentis
2667 3727 2758 3798 pie
2793 3728 3072 3798 gratiola),

311 3819 559 3877 Lumine
590 3821 802 3874 cuncta
832 3821 1057 3882 tenens,
1083 3815 1457 3887 imperioque
1489 3833 1715 3888 regens,
2005 3818 2159 3872 104
2188 3816 2456 3871 Carmine
2478 3832 2591 3887 quo
2615 3821 2845 3887 compto
2867 3815 3087 3871 valeam
3113 3816 3207 3888 pia
3228 3834 3486 3890 pangere
3510 3820 3657 3873 facta

236 3914 347 3978 Tu,
380 3909 480 3983 qui
512 3926 615 3981 per
644 3905 945 3979 proprium
972 3903 1155 3959 fecisti
1194 3904 1407 3959 sazcula
1437 3906 1673 3973 Natum,
2074 3905 2271 3963 Sancti
2301 3905 2586 3976 Gangolﬁ,
2623 3905 2895 3977 martyris
2925 3905 3161 3976 egregii,

306 4002 376 4056 Et
406 4014 601 4054 rerum
634 3996 851 4051 trinam
883 4012 952 4050 ex
983 3992 1164 4048 nihilo
1196 3993 1554 4061 machinam,
2003 3994 2075 4048 Et
2103 3992 2342 4049 laudare
2374 3998 2543 4047 tuum
2576 4010 2807 4064 semper
2836 4010 3044 4048 nomen
3080 3993 3481 4062 benedictum,

236 4087 461 4160 Quique
492 4082 872 4158 protoplasto,
908 4084 979 4138 de
1010 4087 1163 4137 terra
1194 4081 1301 4138 rite
1332 4086 1544 4147 creato,
2075 4081 2184 4146 Qui
2216 4086 2348 4153 post
2377 4082 2531 4137 bella
2560 4081 2677 4136 tuis
2710 4085 2875 4153 grata
2904 4082 3073 4137 dabis
3106 4081 3343 4136 famulis

306 4175 437 4231 Oris
468 4172 649 4229 divini
680 4176 912 4226 nectare
943 4187 1152 4242 nempe
1184 4170 1266 4226 tui
2005 4170 2267 4238 Prmmia,
2302 4171 2622 4242 perspicuaz
2657 4170 2813 4225 tenui
2848 4188 2950 4242 pro
2984 4171 3220 4225 vulnere
3249 4172 3399 4238 vita),

236 4268 458 4321 Sensus
488 4260 726 4317 vitalem
759 4260 1011 4317 sufﬂasti
1043 4261 1190 4315 forte
1222 4259 1531 4332 liquorem,
2076 4259 2365 4315 Mandans
2398 4260 2456 4313 in
2488 4277 2666 4332 regno
2695 4258 2884 4315 vivere
2917 4259 3175 4316 lucilluo.

1049 4505 1661 4545 ΤἸᾹῘΙῘΙἸΓΙἸΙ
1791 4505 2453 4545 [ἾΔἹΙῚΙἾΛΙ
2521 4505 2581 4545 Ϊ

2100 4505 2453 4545 Tnnl
2521 4505 2581 4545 Ϊ
2720 4506 2827 4545 ΠΙ
2890 4505 3642 4545 ιηηἹῖΤΙὶῐίΊ

238 4503 895 4645 PASSIO
973 4504 1664 4642 SANCTI
1783 4502 2584 4643 GANGOLI
2720 4501 3653 4644 MARTYRIS

236 4752 521 4822 Tempore
548 4763 662 4819 quo
695 4747 855 4818 regni
890 4749 1075 4819 gessit
1106 4746 1389 4817 Pippinus
1423 4746 1521 4800 Eoi
1933 4722 1973 4789 C
2007 4749 2299 4806 Gcrminis
2331 4754 2389 4804 et
2421 4749 2563 4803 tanti
2597 4765 2726 4804 sese
2753 4767 2865 4804 non
2902 4750 3087 4804 credit
3118 4750 3347 4812 honori,

310 4840 667 4894 Francorum
701 4840 932 4906 sceptra
966 4837 1125 4909 regia
1155 4852 1258 4906 pro
1291 4834 1529 4906 populo,
2072 4839 2185 4894 Sed
2220 4838 2433 4893 transit
2462 4842 2519 4891 et
2550 4838 2778 4893 meritis
2810 4844 3062 4893 stemma
3096 4840 3187 4893 sui
3218 4840 3474 4909 generis.

235 4928 493 4997 Jureque
524 4924 839 4996 magniﬁco
872 4924 1020 4979 rexit
1049 4923 1389 4995 Burgundio.
1419 4941 1617 4995 regna,
2003 4927 2225 4999 Inclyta
2252 4943 2389 4981 nam
2423 4926 2697 4997 genitrix,
2723 4926 2824 4982 tali
2860 4928 2979 4982 ictu
3013 4926 3103 4998 pie
3134 4926 3293 4995 felix,

307 5014 614 5085 Subjectos
646 5012 827 5068 frenis
860 5013 970 5067 rite
1001 5013 1294 5068 domando
1326 5012 1471 5079 suis,
2074 5018 2139 5071 In
2171 5014 2377 5070 mundi
2411 5014 2601 5070 lucem
2637 5015 2789 5070 fudit
2819 5020 2885 5070 ut
2908 5016 3059 5071 hanc
3090 5015 3381 5083 sobolem,

240 5106 522 5159 Famosus
544 5100 781 5171 juvenis
813 5100 1075 5155 nutritur
1095 5102 1364 5174 partibus
1395 5102 1531 5169 illis,
2001 5104 2177 5160 Ocius
2208 5103 2471 5159 abluitur
2498 5103 2710 5159 vetulis
2739 5104 3093 5176 baptismate
3123 5104 3335 5177 culpis,

306 5188 501 5247 Armis
531 5186 903 5260 prazvalibus,
939 5207 1178 5261 corpore
1210 5190 1585 5262 conspicuus,
2071 5195 2227 5257 Quas
2260 5191 2653 5264 protoplastcs
2684 5193 2989 5249 obtinuere
3022 5198 3243 5265 patres,

237 5281 484 5336 Nomine
515 5275 858 5348 Gangolfus,
893 5295 1126 5335 morum
1158 5280 1446 5352 probitate
1475 5287 1780 5350 venustus,
2001 5282 2348 5337 Chrismatis
2381 5285 2682 5353 unguento
2715 5281 2932 5352 scripto
2966 5281 3075 5337 sibi
3113 5282 3423 5355 fronteque
3454 5270 3643 5357 'signo,

307 5367 601 5426 Omnibus
633 5365 728 5420 hic
753 5364 949 5423 clarus
978 5370 1203 5425 exstitit
1232 5374 1289 5424 et
1319 5369 1610 5440 placidus.
1906 5409 1918 5418 .
2070 5370 2306 5425 Ascitur
2336 5370 2492 5426 natis
2523 5370 2791 5425 Ecclesia:
2825 5370 3056 5438 nitidis,

237 5459 409 5514 Illum
441 5471 648 5526 nempe
682 5455 876 5511 ferunt
901 5462 1095 5513 ortum
1129 5459 1199 5513 de
1230 5458 1493 5532 germine
1518 5476 1742 5531 regum,
2003 5458 2267 5515 Pascitur
2296 5463 2353 5515 et
2384 5458 2568 5531 plenae
2600 5459 2735 5515 fidei
2768 5476 2903 5515 mox
2934 5460 3206 5534 dogmate
3237 5461 3427 5529 trinae,

308 5546 700 5619 llegalemque
730 5544 857 5601 suis
888 5545 1154 5602 moribus
1186 5547 1461 5619 egregiis.
2075 5548 2224 5603 Dum
2259 5548 2417 5621 vagit
2447 5565 2600 5603 cuna
2632 5564 2871 5620 corpore
2903 5548 3170 5606 lacteolo.

242 5636 432 5706 Ipsius
465 5652 495 5690 θ
523 5633 729 5689 matris
758 5634 982 5705 gremio
1017 5652 1150 5705 spes
1183 5637 1398 5706 pendet
1426 5636 1485 5691 in
1516 5636 1637 5703 illo,
2003 5639 2117 5693 Lac
2144 5637 2413 5708 quotiens
2445 5638 2621 5703 suxit,
2658 5637 2871 5693 totiens
2903 5638 3038 5693 lidei
3073 5656 3242 5694 sacra
3273 5638 3548 5711 sumpsit,

310 5723 415 5792 Qui
451 5721 624 5777 verbo
654 5729 864 5779 cuncta
895 5723 1158 5778 condidit
1190 5740 1255 5777 ex
1290 5723 1496 5790 nihilo,
2075 5728 2412 5797 Suspensus
2442 5726 2647 5780 matris
2677 5726 2959 5781 uberibus
2990 5728 3262 5799 geminis.
