3904 6382
257 455 415 519 1085

256 590 502 647 Talibus
533 587 823 659 incubuit,
858 588 1030 645 lactis
1059 590 1200 645 dum
1233 594 1462 663 gurgite
1492 593 1653 659 vixit,

328 679 473 734 Ilinc
504 678 733 751 pulsus,
768 680 1007 749 gravido
1043 681 1255 734 ferbuit
1286 681 1539 751 ingenio,

255 767 660 840 Canitiemque
712 785 921 823 senum
973 769 1256 823 membris
1298 770 1632 823 meditando
1667 769 1912 836 tenellis,

329 858 452 911 Non
486 874 616 912 raro
649 857 832 912 sacris
865 874 1073 928 nempe
1108 864 1273 911 vacat
1304 859 1537 911 studiis.

255 946 408 1001 105
432 947 614 1015 Quem
640 962 771 1000 mox
792 946 1134 1013 imberbem,
1155 950 1273 999 tota
1292 947 1577 1017 probitate
1602 948 1913 1017 vigentem,

328 1034 526 1090 Gratia
558 1034 809 1105 Pippini,
844 1033 1126 1104 principis
1160 1034 1421 1099 almiliei,

257 1121 457 1192 Reguli
491 1139 604 1175 non
640 1122 934 1176 immerito
968 1124 1093 1176 sisti
1116 1124 1287 1192 jubet
1316 1124 1471 1189 aula,

328 1209 611 1263 Ardenter
640 1209 812 1263 talem
843 1211 1015 1263 corde
1048 1210 1242 1263 colens
1266 1212 1564 1280 juvenem.

256 1296 369 1352 Sed
404 1296 591 1368 pietas
622 1297 807 1364 illum,
842 1297 1110 1369 quamvis
1134 1299 1493 1368 justissima,
1529 1300 1701 1370 regis,

330 1384 552 1440 Ditaret
585 1389 755 1440 tanta:
783 1402 1024 1440 munere
1055 1386 1333 1457 gloriolir,

261 1473 482 1546 Regius
513 1478 578 1529 ut
610 1474 816 1546 primis
847 1480 1001 1529 esset
1032 1474 1344 1545 proconsul
1379 1477 1450 1530 ab
1482 1476 1671 1541 annis,

330 1563 612 1635 Turgenti
648 1564 802 1619 fastu
831 1581 944 1618 non
981 1569 1174 1619 tamen
1206 1565 1468 1635 erigitur,

259 1651 495 1707 Pectore
524 1653 624 1708 sed
659 1652 804 1707 tales
837 1652 1047 1707 humili
1082 1653 1306 1707 fastidit
1338 1654 1613 1719 honores,

330 1740 647 1812 Suspirans
678 1740 821 1797 aulce
855 1758 1098 1797 munera
1130 1742 1387 1796 sidereae.

256 1828 406 1884 Nam
439 1829 663 1901 patrius
696 1847 905 1886 census
942 1830 1127 1885 fuerat
1158 1831 1267 1885 sibi
1302 1833 1554 1886 maxime
1584 1836 1809 1903 partus,

330 1916 546 1973 Dividit
577 1922 634 1974 et
664 1923 827 1975 tanto
859 1920 1219 1991 pauperibus
1254 1920 1472 1985 studio,

256 2001 375 2059 Ceu
406 2004 704 2062 Christum
738 2008 984 2062 miseros
1016 2007 1169 2062 inter
1199 2008 1441 2063 sentiret
1470 2024 1681 2079 egenos

329 2094 598 2150 Arridere
629 2113 735 2151 suo
769 2113 1010 2151 munere
1043 2097 1230 2151 fronte
1263 2097 1377 2169 pio.

259 2181 423 2253 δεῖ)ρο
450 2183 559 2240 Job
592 2189 766 2256 atque
796 2185 902 2239 viri
939 2202 1205 2241 normam
1239 2186 1538 2241 tractando
1572 2185 1745 2249 beati,

342 2275 469 2345 Ipse
502 2291 715 2329 manus
746 2292 975 2343 maneo,
1009 2293 1109 2348 pes
1142 2277 1251 2330 fuit
1281 2282 1337 2331 et
1366 2277 1642 2348 podagra,

260 2367 333 2423 Se
362 2379 468 2418 nec
501 2379 616 2417 non
647 2352 787 2417 orbo
817 2368 1056 2418 cautum
1091 2365 1381 2436 prrebebat
1412 2363 1682 2431 ocellum,

330 2449 673 2523 Exemplum
704 2453 934 2506 cunctis
968 2453 1160 2507 nobile
1193 2454 1341 2508 dans
1364 2453 1619 2525 populis.

258 2542 375 2598 Nec
404 2539 601 2595 minus
631 2539 910 2597 humanis
940 2542 1172 2596 sudavit
1201 2542 1452 2613 denique
1483 2542 1700 2609 causis,

334 2626 631 2701 [Equalem
666 2628 871 2702 primis
906 2647 965 2684 se
999 2630 1217 2684 faciens
1249 2630 1525 2685 dominis.

264 2719 435 2785 Nam,
468 2715 622 2771 male
652 2716 698 2772 si
734 2723 964 2772 nostras
999 2736 1167 2773 aures
1202 2719 1496 2787 simulata,
1531 2724 1791 2774 vetustas

331 2806 455 2861 Non
482 2804 659 2860 rebus
691 2805 839 2859 fictis
873 2805 1109 2873 luserat,
1146 2813 1202 2861 et
1234 2808 1449 2874 dubiis,

259 2896 383 2961 Hic,
400 2911 575 2967 quem
596 2897 796 2948 nostra
814 2913 1023 2950 manus
1047 2897 1220 2967 ccepit
1236 2896 1361 2965 jam
1394 2896 1632 2967 pingere
1653 2902 1911 2964 sanctus,

332 2984 434 3037 Est
463 2985 735 3037 assuetus
767 2983 877 3038 iter
907 2986 1358 3055 quadrupedum
1391 2986 1641 3056 sequier,

272 3070 485 3127 Sedulo
515 3072 779 3126 venando
809 3071 991 3127 lassat
1021 3091 1252 3145 quoque
1286 3075 1549 3129 membra
1578 3076 1806 3142 decora,

333 3159 736 3215 Succumbens
764 3159 1042 3233 charique
1074 3162 1317 3233 imperio
1348 3162 1594 3227 domini,

261 3248 455 3321 Ipsius
486 3251 544 3303 et
573 3247 751 3303 telum
787 3267 1089 3320 nunquam
1124 3252 1233 3305 scit
1263 3251 1464 3305 cedere
1493 3252 1735 3318 victum,

332 3336 481 3391 Cum
512 3334 631 3392 sint
661 3336 857 3391 ferrati
891 3339 1198 3409 compositi
1232 3338 1422 3407 cunei,

260 3424 442 3481 Effert
471 3424 597 3496 ipse
628 3441 802 3479 suum
831 3443 1062 3498 semper
1088 3429 1185 3482 sed
1222 3428 1293 3482 ab
1328 3428 1493 3483 hoste
1524 3430 1912 3503 triumphum,

332 3516 518 3568 Tutus
550 3512 746 3567 divino
778 3512 1005 3569 cmlitus
1036 3516 1270 3571 auxilio.

261 3600 428 3657 Certe
459 3617 576 3656 non
610 3606 820 3657 nostra:
848 3608 1097 3673 possunt
1128 3605 1403 3659 dictando
1434 3605 1700 3661 Camenae

326 3690 661 3762 Composito
693 3691 952 3745 modulis
984 3696 1172 3748 texere
1198 3694 1518 3765 dactylicis,

256 3778 500 3845 Quantis
531 3777 810 3833 dilectum
844 3779 1031 3852 signis
1063 3781 1388 3836 variaverat
1422 3782 1599 3837 istum

327 3866 445 3922 Rex
475 3883 703 3939 regum,
736 3884 971 3922 summa
1000 3886 1104 3940 pro
1131 3869 1390 3924 bonitate
1423 3887 1549 3925 sua.

255 3954 368 4010 Sed
401 3958 620 4023 tamen,
653 3954 875 4010 inculto
908 3957 1176 4027 quamvis
1204 3975 1493 4026 sermone,
1527 3958 1752 4013 latrabo

324 4042 516 4097 Unum
544 4044 615 4098 de
647 4041 821 4098 claris
854 4043 1122 4115 pluribus
1155 4050 1211 4100 et
1239 4046 1438 4102 variis.

254 4131 408 4187 ιω
438 4131 513 4187 Ut
544 4149 635 4186 res
667 4131 821 4187 facta
852 4133 1083 4203 probat,
1102 4137 1329 4188 turmas
1361 4135 1624 4192 ducendo
1649 4137 1911 4207 prazibat,

321 4220 615 4292 Capturus
648 4220 931 4292 populum
967 4222 1153 4276 Marte
1180 4223 1324 4278 satis
1356 4225 1676 4293 tumidum,

251 4307 485 4363 Exstitit
513 4312 572 4363 et
603 4308 775 4365 solito
806 4310 991 4365 victor
1017 4327 1150 4365 mox
1182 4311 1435 4384 denique
1468 4313 1642 4380 bello,

321 4396 464 4467 Ejus
496 4414 612 4453 non
644 4396 778 4453 laeso
805 4399 1092 4471 sanguine
1125 4417 1442 4471 purpureo,

249 4485 533 4541 Gentibus
562 4487 821 4542 adversis
844 4488 965 4558 juri
996 4490 1347 4560 proprioque
1374 4491 1660 4559 subactis,

319 4572 574 4629 Censum
607 4575 882 4648 signavit,
919 4593 1058 4648 pace
1084 4578 1241 4645 data,
1272 4578 1461 4633 rediit.

248 4660 507 4733 Contigit
531 4667 607 4731 et,
640 4664 891 4720 ducente
919 4666 1031 4733 via,
1062 4684 1124 4721 se
1152 4683 1409 4739 pergere,
1435 4669 1607 4739 juxta

319 4749 642 4821 Cujusdam
673 4757 839 4823 septa
868 4754 1142 4825 pauperis
1174 4756 1461 4827 opposita,

246 4837 424 4903 Queis
454 4836 631 4894 latuit
659 4841 884 4912 pictum
911 4843 1175 4898 vernanti
1207 4845 1346 4900 flore
1377 4845 1673 4916 locellum,

320 4927 566 4982 Tectum
598 4928 943 5001 multiplicis
970 4932 1253 5004 germinis
1286 4938 1462 5005 atque
1494 4938 1700 5005 comis,

245 5013 363 5069 Nec
391 5032 507 5069 non
539 5016 881 5087 fonticulus,
914 5020 1099 5074 vitreo
1130 5022 1380 5075 candore
1413 5039 1677 5092 serenus,

317 5103 615 5173 Profluxit,
650 5105 771 5161 rivo
804 5124 944 5162 rura
975 5108 1175 5181 rigans
1208 5109 1476 5165 stridulo.

244 5192 369 5248 Huc
401 5193 502 5248 ubi
533 5194 849 5266 praeclarus
880 5197 1077 5252 senior
1104 5197 1343 5252 deduxit
1372 5199 1609 5271 ocellos,

319 5280 688 5339 Perlustrans
716 5282 1006 5355 liquidam
1039 5285 1303 5340 fenticuli
1337 5288 1688 5357 scatebram,

245 5369 529 5443 Frigoreae
561 5377 769 5444 captus
801 5373 1049 5446 lymphae
1080 5374 1380 5446 paulisper
1407 5393 1623 5443 amore,

314 5458 615 5532 Substitit,
643 5466 702 5517 et
731 5461 963 5534 placitis
989 5463 1186 5518 tardat
1216 5464 1327 5520 iter
1357 5464 1623 5533 merulis,

243 5545 315 5600 Et
340 5546 580 5603 mittens
610 5566 882 5621 puerum,
913 5550 1140 5605 venisse
1170 5552 1411 5622 rogabat
1441 5554 1512 5607 ad
1546 5554 1711 5609 illum

316 5634 596 5707 Florigeri
626 5639 933 5694 dominum
966 5639 1154 5711 ipsius
1183 5657 1317 5713 ergo
1348 5640 1476 5698 loci.

244 5722 349 5789 Qui
382 5731 674 5796 praacepta
702 5728 869 5785 ducis
901 5727 1201 5799 complens
1231 5729 1519 5801 extemplo
1543 5732 1827 5801 jubentis,

1538 460 1811 522 PASSIO
1857 462 1894 523 S
1908 507 1921 522 .
1972 461 2389 525 GANGOLFI'

1947 1965 1995 2029 B

3525 469 3682 532 1086

1944 596 1998 662 Α
2099 598 2221 660 Quo
2255 596 2440 651 fuerat
2465 599 2699 667 jussus,
2734 597 3033 669 egreditur
3062 601 3257 657 citius.

2027 682 2189 736 Ilunc
2224 685 2339 738 dux
2372 684 2493 757 ipse
2527 688 2761 757 quidem
2800 688 2939 741 dum
2976 691 3226 760 respexit
3256 690 3607 761 venientem,

2093 771 2446 841 Aggreditur
2480 774 2711 829 blandis
2745 776 3011 845 protinus
3045 776 3341 848 alloquiis,

2022 858 2211 929 Atque
2247 878 2457 931 rogans
2490 862 2731 916 humilis
2766 869 2883 917 tuta
2918 865 3223 921 dulcedine
3257 867 3492 936 mentis,

2098 947 2388 1002 Formavit
2421 950 2620 1019 lingua
2652 951 2789 1005 talia
2821 954 2995 1007 \‘t'l‘lm
3028 972 3131 1008 sua
3164 972 3175 1008 :

2025 1033 2223 1089 Dulcis
2257 1036 2462 1101 amice,
2498 1038 2642 1091 meis
2698 1041 2967 1109 [nec-ibus
3013 1042 3113 1108 sis,
3166 1044 3415 1113 pustula,
3464 1045 3665 1118 largus

2096 1121 2170 1177 Ut
2203 1124 2416 1177 vendas
2451 1143 2659 1194 purum
2699 1126 2851 1181 hunc.
2884 1128 3027 1181 mihi
3062 1130 3431 1199 lenticulam,

2026 1210 2158 1277 Qui,
2192 1210 2384 1264 clarus
2416 1213 2615 1267 vitreis
2641 1219 2697 1267 et
2730 1233 2904 1269 suave
2938 1218 3285 1271 snnantibus
3319 1221 3513 1289 undis,

2099 1298 2478 1353 Prolambens
2510 1318 2646 1354 arva
2682 1302 2799 1355 luee
2832 1303 3035 1372 irrigat
3066 1304 3241 1375 atque
3276 1311 3393 1373 tua,

2027 1385 2095 1439 Et
2126 1403 2258 1439 mox
2288 1387 2511 1457 argenti
2540 1388 2641 1441 tibi
2673 1406 2775 1459 pro
2812 1392 3074 1445 merCede
3108 1394 3331 1461 probati

2100 1473 2363 1544 Largiter
2394 1474 2640 1529 infunde
2668 1477 2927 1547 pondera
2958 1497 3072 1533 non
3106 1481 3354 1535 modica.

2025 1562 2129 1615 Ast
2161 1560 2284 1629 ubi,
2317 1561 2595 1617 tinnitum
2630 1565 2843 1633 dando,
2879 1567 3192 1637 promissio
3220 1568 3352 1624 lmta

2094 1650 2278 1705 Aures
2306 1668 2566 1722 persona:
2602 1654 2813 1707 transit
2845 1654 2902 1709 in
2939 1655 3181 1727 exiguae,

2027 1738 2281 1794 Laztatur
2309 1740 2506 1807 facies,
2541 1746 2672 1795 tota:
2703 1742 2945 1797 volitant
2976 1761 3212 1816 quoque
3242 1764 3420 1815 venae,

2096 1826 2299 1882 Cordis
2334 1835 2556 1884 secreto
2589 1846 2715 1901 qua:
2749 1830 2969 1886 latuere
3005 1832 3150 1889 loco.

2026 1916 2191 1970 Tunc
2222 1915 2403 1971 miser
2433 1917 2492 1971 in
2524 1916 2699 1972 talem
2734 1920 2909 1990 coepit
2938 1938 3321 1994 prorumpere
3352 1941 3574 1980 vocem.

2098 2003 2259 2059 Ultra
2289 2021 2467 2077 quam
2501 2008 2725 2074 eredas,
2761 2024 2923 2080 spem
2959 2010 3318 2083 dubiamque
3348 2014 3563 2082 sciens,

2022 2094 2171 2151 107
2208 2093 2252 2149 Ο
2285 2100 2541 2150 nostrate
2574 2096 2770 2163 decus,
2805 2096 2951 2151 nulli
2985 2099 3195 2170 pietate
3227 2102 3545 2172 secundus,

2095 2182 2279 2245 Quem
2311 2181 2448 2235 colit
2479 2182 2632 2237 Eous
2664 2189 2877 2251 mente,
2915 2186 3049 2254 fide,
3085 2188 3365 2260 pepulus,

2024 2268 2132 2334 Qui
2166 2269 2292 2336 tibi,
2329 2270 2469 2341 quid
2505 2271 2666 2343 digni
2702 2272 2852 2343 potis
2886 2278 2975 2328 est
3004 2291 3135 2330 mea
3165 2276 3391 2348 lingula
3420 2278 3577 2333 fari?

2097 2358 2300 2413 Nonne
2332 2358 2449 2413 tuis
2481 2358 2757 2415 manibus
2788 2365 2876 2415 est
2906 2362 3022 2417 sita
3056 2369 3259 2420 nostra
3290 2365 3498 2422 salus?

2024 2446 2095 2501 Et
2124 2446 2412 2519 quidquid
2447 2448 2590 2502 mihi
2621 2466 2724 2520 per
2751 2451 2994 2506 verbum
3019 2453 3215 2509 sancis
3246 2456 3601 2524 faciendum,

2096 2536 2375 2601 Quamvis
2408 2536 2645 2592 dillicile
2678 2539 2755 2593 sit
2788 2542 2932 2594 satis
2965 2545 3139 2613 atque
3170 2560 3363 2616 grave,

2022 2624 2297 2678 Attamen
2330 2629 2419 2679 est
2450 2643 2684 2696 mquum
2709 2626 2815 2680 tibi
2851 2644 2942 2681 me
2975 2646 3195 2699 parere,
3231 2631 3416 2699 beate,

2097 2711 2169 2766 Ut
2200 2713 2425 2767 dudum
2457 2732 2689 2768 summo
2722 2732 2814 2769 me
2847 2716 3121 2786 exiguum
3156 2719 3413 2775 domino.

2025 2799 2083 2853 Si
2116 2798 2303 2869 placet
2333 2800 2469 2855 hinc
2498 2801 2756 2856 vetulum
2795 2820 2887 2855 me
2918 2807 3337 2876 transmigrare
3377 2808 3675 2877 colonum,

2096 2888 2221 2943 Non
2252 2888 2667 2957 contraluetor,
2699 2892 2799 2945 sed
2833 2896 2935 2945 tua
2956 2894 3125 2962 jussa
3156 2911 3389 2967 sequor.

2025 2977 2155 3031 Haec
2187 2978 2287 3045 ait,
2321 2982 2378 3033 et
2404 2979 2626 3049 pressis
2658 2980 2845 3034 frenat
2876 2998 2984 3035 sua
3012 2982 3253 3039 verbula
3284 2983 3485 3053 labris,

2097 3065 2211 3120 Nec
2242 3071 2374 3138 post
2402 3068 2644 3123 verbosa
2674 3069 2815 3139 quid
2849 3070 3115 3141 sequitur
3147 3071 3348 3144 ligula.

2025 3154 2097 3208 Et
2128 3160 2331 3210 contra
2359 3155 2447 3210 vir
2478 3156 2687 3228 regalis
2717 3157 2808 3229 pie
2840 3157 2978 3212 talia
3012 3159 3188 3215 fantis

2100 3244 2374 3315 Suscepit
2404 3245 2560 3299 dicta
2591 3263 2692 3317 pro
2726 3246 2985 3301 bonitate
3018 3266 3146 3315 sua,

3674 1093 3687 1116 1

1947 3333 1991 3400 C
2030 3334 2100 3387 Et
2128 3333 2305 3388 citius
2336 3335 2491 3389 dicto
2521 3334 2693 3389 solvit
2721 3335 3014 3407 promissa
3045 3338 3295 3405 misello,

2097 3420 2186 3476 Illi
2218 3425 2491 3477 centenos
2522 3422 2850 3479 attribuens
2881 3425 3122 3480 solidos.

2025 3508 2155 3563 Haec
2188 3508 2287 3563 ubi
2319 3510 2577 3580 perfecit,
2612 3511 2828 3582 raptim
2862 3513 3157 3567 redeundo
3190 3515 3481 3585 migravit,

2096 3597 2299 3652 Nitens
2331 3598 2403 3651 ad
2437 3598 2688 3668 patriam
2722 3615 2960 3670 pergere
2992 3602 3413 3671 posthabitam.

2023 3686 2209 3751 Tunc,
2243 3686 2343 3757 qui
2378 3704 2491 3739 non
2520 3686 2684 3758 gnari
2719 3688 2948 3741 fuerant
2978 3689 3129 3759 signi
3163 3692 3501 3759 venerandi,

2094 3772 2245 3828 Olim
2280 3773 2540 3829 facturus
2571 3775 2725 3845 quod
2750 3775 2865 3829 fuit
2894 3776 3287 3845 Altitbronus,

2023 3861 2437 3933 Blasphemare
2467 3862 2903 3917 ducemtacitis
2934 3881 3158 3936 cmperc
3182 3867 3462 3934 susurris,

2092 3951 2161 4005 Et
2192 3950 2425 4023 pietatis
2457 3967 2604 4021 opus
2637 3968 2911 4022 spernere
2938 3970 3041 4007 ceu
3076 3953 3326 4010 facinus.

2020 4038 2273 4107 Credite,
2298 4056 2413 4092 non
2446 4037 2688 4093 latuisse
2721 4039 2921 4095 dolum
2956 4042 3189 4112 pietatis
3222 4042 3574 4113 homullum,

2092 4128 2203 4182 Sed
2235 4144 2371 4182 mox
2402 4127 2612 4182 nudari
2646 4126 2916 4183 clancula
2943 4130 3099 4186 dicta
3130 4131 3261 4188 sibi.

2020 4216 2128 4282 Qui
2161 4217 2323 4271 dedit
2352 4221 2558 4289 arguto
2590 4234 2789 4272 vocem
2824 4222 2965 4273 tunc
2998 4236 3209 4292 nempe
3239 4220 3454 4293 palato,

2095 4305 2193 4361 llis
2223 4305 2533 4377 verbisque
2564 4324 2702 4361 suos
2734 4306 3058 4378 alloquitur
3085 4311 3296 4378 socios,

2019 4394 2329 4463 Curlibet,
2359 4412 2391 4449 o
2426 4395 2589 4462 socii,
2623 4401 2850 4450 vosmet
2882 4398 3250 4467 reprendere,
3284 4399 3466 4467 chari,

2092 4484 2228 4538 Plus
2248 4484 2435 4554 justo,
2468 4483 2662 4539 verbis
2696 4501 2788 4538 me
2818 4485 2961 4539 satis
2988 4484 3208 4541 illicitis
3229 4488 3257 4541 ?

2018 4572 2209 4628 Causa
2229 4572 2513 4639 stultitiae,
2546 4572 2833 4641 dicentes,
2865 4590 2957 4628 me
2990 4574 3286 4640 tribuisse,

2091 4661 2293 4732 Ignoto
2326 4678 2601 4717 nummos
2631 4666 3017 4733 extraneoque
3049 4663 3194 4729 viro,

2020 4751 2108 4805 Me
2138 4768 2387 4805 vacuum
2420 4752 2567 4805 tanti
2602 4751 2923 4822 meritoque
2956 4751 3148 4806 dolere
3180 4752 3392 4819 locelli,

2089 4840 2159 4894 Et
2188 4840 2335 4895 bene
2366 4856 2401 4894 a
2428 4856 2523 4894 me
2555 4840 2795 4895 mercati
2830 4845 3030 4910 utpote
3065 4841 3355 4910 fonticuli,

2016 4929 2264 4984 Dextera
2294 4945 2398 4983 ceu
2425 4929 2661 5001 propria
2688 4947 2900 4986 census
2927 4935 3034 4997 est,
3068 4948 3197 5002 qua:
3230 4930 3321 5003 pie
3349 4931 3531 5004 larga,

2085 5019 2310 5072 Aurum
2341 5034 2446 5088 pro
2479 5018 2649 5072 donis
2682 5017 2730 5074 si
2764 5019 3022 5074 dederim
3056 5020 3337 5076 minimis.

2016 5108 2142 5163 Non
2175 5108 2339 5161 decet
2368 5106 2479 5161 hoc
2510 5108 2729 5163 nostris
2763 5109 2928 5168 vobis
2961 5111 3275 5166 reserarier
3304 5110 3475 5178 orsis,

2085 5194 2234 5260 Quid
2265 5193 2404 5249 velit
2433 5196 2651 5250 addicti
2688 5214 2866 5252 causa
2896 5198 3008 5254 sibi
3044 5200 3241 5271 pretii,

2013 5286 2167 5341 108
2192 5284 2415 5339 Montes
2438 5284 2537 5338 sed
2562 5291 2751 5339 motas
2785 5292 3024 5357 praestat
3055 5306 3403 5361 componere
3432 5294 3671 5355 vestras,

2085 5375 2156 5429 Et
2185 5387 2324 5443 rogo
2357 5372 2613 5442 parcatis
2644 5372 2862 5430 talibus
2894 5376 3192 5448 alloquiis,

2014 5465 2055 5519 E
2089 5462 2371 5530 vobisque
2401 5458 2591 5514 virum
2623 5466 2792 5517 caute
2824 5481 2981 5519 nunc
3011 5468 3230 5522 credite
3260 5483 3531 5537 gnarum,

2085 5548 2333 5607 Emissis
2364 5548 2554 5601 ventis
2585 5549 2941 5623 aeribusque
2972 5556 3157 5627 vagis,

2014 5642 2087 5696 Ut
2107 5641 2232 5709 jam
2263 5639 2557 5690 semotum
2592 5637 2765 5693 citius
2798 5644 3109 5712 repetendo
3144 5641 3413 5698 locellum

2089 5729 2339 5788 Lustret,
2372 5723 2449 5778 sit
2478 5741 2624 5779 vena
2656 5728 2919 5784 fonticuli
2953 5729 3175 5799 liquida
