3904 6386
292 387 443 467 1.0.811

289 524 447 581 More
477 541 608 596 suo,
638 524 985 583 ﬂoresintcr
1017 526 1161 580 bene
1194 526 1588 583 multicolores

360 614 706 687 Perstrepet,
743 614 1034 669 undisono
1069 613 1310 669 flumine.
1345 631 1447 685 per
1480 615 1723 680 lubrica,

287 703 451 758 Tunc
482 707 661 776 patet,
697 702 792 757 ille
820 701 999 757 lucris
1032 720 1161 758 sese
1194 704 1519 759 subtractat
1552 706 1622 760 ab
1658 705 1770 762 illis

357 790 660 859 Rusticus,
698 791 1009 857 ambobus,
1046 807 1137 847 me
1171 810 1353 847 vacuo
1389 794 1640 865 penitus.

285 880 415 936 Haac
448 886 759 954 postquam
796 885 1102 948 memorat,
1121 882 1340 936 cursim
1366 883 1605 953 quidam
1630 884 1945 953 remeabat,

357 970 555 1025 Tanta),
586 969 851 1025 dimenso
883 974 1055 1040 atque
1086 970 1186 1024 via)
1221 974 1429 1042 spatio,

284 1058 511 1131 Oppido
544 1058 888 1131 priedictum
923 1058 1116 1113 lassus
1151 1060 1411 1129 pervenit
1443 1062 1511 1115 ad
1548 1077 1769 1127 arvum,

355 1149 476 1214 Quo
511 1149 698 1203 fuerat
729 1148 965 1201 domino
998 1149 1231 1202 vendita
1262 1148 1501 1220 lympha
1529 1150 1644 1221 pio.

281 1236 408 1292 Non
432 1240 629 1292 tamen
662 1236 951 1307 extemplo
984 1237 1251 1307 pedibus,
1288 1239 1554 1308 quamvis
1585 1240 1853 1295 curiosus

352 1325 559 1398 Attigit
590 1324 780 1380 atrioli
813 1323 1019 1378 limina
1051 1325 1323 1396 llorigeri,

280 1396 550 1486 Applicat
582 1413 831 1485 impexis
854 1414 1025 1484 juxta
1055 1414 1156 1467 sed
1190 1414 1260 1468 de
1294 1414 1557 1485 paliuris,

353 1503 468 1558 Nec
499 1520 615 1558 non
645 1502 893 1558 hirsutis
924 1501 1199 1572 vepribus
1232 1507 1288 1557 et
1312 1503 1565 1571 tribulis,

281 1591 455 1660 Oueis
488 1590 597 1647 fuit
629 1590 919 1646 incultum
954 1589 1059 1644 soli
1094 1595 1256 1645 torus
1291 1592 1549 1663 undique
1582 1597 1823 1660 tectum,

349 1682 466 1737 Nec
498 1680 727 1752 spineta
758 1679 901 1751 pede
934 1678 1162 1733 horruit
1192 1685 1482 1751 appetere.

276 1770 527 1841 Jungere
557 1767 913 1840 praescriptis
946 1766 1157 1821 ardens
1190 1784 1295 1823 sua
1325 1767 1552 1824 lumina
1583 1770 1783 1842 septis,

349 1858 424 1915 Ut
452 1856 731 1915 lustraret
763 1872 925 1928 aqua:
961 1855 1323 1911 amniculum
1357 1857 1572 1913 vitreae.

277 1948 389 2003 Sed
420 1951 617 2013 tamen
651 1944 906 2000 admotis
937 1946 1155 2000 frustra
1188 1947 1486 2018 prospexit
1518 1948 1737 2017 ocellis,

349 2038 511 2107 Fons,
532 2034 669 2107 quia
701 2033 951 2089 desierat
981 2050 1223 2105 prorsus
1254 2040 1309 2090 et
1341 2035 1476 2091 hinc
1510 2038 1729 2095 aberat.

273 2127 440 2182 Tunc
471 2140 533 2180 se
557 2125 871 2196 juncturas
902 2122 1166 2179 volvebat
1197 2128 1390 2179 mente
1424 2142 1525 2196 per
1551 2130 1710 2183 arcta

344 2213 509 2281 Clare
542 2228 657 2268 non
688 2228 859 2284 posse
890 2228 1123 2267 cernere
1154 2213 1448 2285 sepiculae,

273 2306 355 2361 Ac
385 2302 619 2365 tractim
652 2301 863 2374 rigida,
896 2318 1001 2357 nec
1033 2319 1146 2357 non
1174 2303 1391 2358 cervice
1422 2307 1694 2377 superba,

343 2392 645 2460 Incedens,
677 2408 915 2465 gressus
947 2390 1118 2445 vertit
1146 2392 1205 2446 in
1238 2392 1532 2461 atriolum,

269 2482 526 2555 Sperans
556 2480 666 2536 sub
698 2480 851 2535 foliis
884 2481 1037 2551 quod
1066 2481 1209 2535 forte
1236 2480 1438 2537 lateret
1469 2483 1714 2538 amoenis

344 2569 578 2626 Florum
613 2567 981 2623 multimodis
1015 2569 1239 2624 undula
1270 2574 1420 2625 tecta
1452 2573 1655 2627 comis.

271 2659 535 2731 Cumque
565 2657 758 2712 lacum
787 2663 1025 2729 peteret,
1059 2657 1427 2730 fundumque
1457 2660 1553 2716 siti
1594 2662 1932 2734 reprobarct

340 2748 448 2815 Qui
480 2746 779 2821 quondam
809 2745 1020 2802 validis
1050 2745 1366 2802 luxuriavit
1396 2750 1586 2821 aquis,

268 2837 465 2910 Usque
497 2818 688 2897 solum
720 2838 960 2901 stratus,
993 2852 1175 2891 vacua
1206 2853 1308 2908 spe
1338 2854 1453 2893 non
1490 2838 1634 2895 bene
1666 2838 1856 2908 lusus,

340 2925 527 2997 Cmpit
557 2941 803 2982 arenosa
831 2923 1051 2996 lingere
1083 2941 1293 2997 nempe
1325 2924 1471 2993 loca,

268 3017 532 3072 Tentans
561 3013 831 3086 exiguam
864 3017 1063 3084 posset
1092 3012 1143 3068 si
1172 3013 1429 3070 lambere
1460 3019 1711 3087 guttam,

340 3104 454 3160 Sed
486 3119 591 3158 nec
620 3101 958 3175 praesiccam
990 3101 1241 3159 tinxerat
1269 3102 1405 3158 hinc
1438 3102 1701 3175 ligulam.

273 3194 429 3251 109
460 3191 722 3248 Tandem
755 3189 1082 3263 Gangolphi
1116 3190 1302 3246 sensit
1332 3191 1429 3263 pia
1458 3194 1611 3249 facta
1642 3192 1840 3250 sacelli

339 3281 452 3338 Sed
477 3278 633 3336 dolet
662 3278 972 3337 et-meritis
1003 3279 1234 3335 credere
1268 3279 1419 3336 nolle
1450 3281 1582 3353 piis.

268 3371 413 3428 llinc
444 3372 755 3443 postquam
789 3368 980 3436 rediit,
1014 3367 1204 3425 socios
1234 3369 1564 3443 iterumque
1597 3372 1814 3441 revisit,

335 3459 576 3533 Aspexit
606 3458 848 3526 nubem,
881 3472 1012 3512 aere
1044 3459 1448 3530 conspicuam,

265 3552 442 3608 Juxta
471 3546 641 3604 dulce
670 3551 847 3619 caput
875 3546 1091 3603 Christi
1118 3547 1358 3605 volitare
1389 3550 1629 3620 famelli,

339 3640 531 3707 Instar
561 3635 859 3695 candiduli
894 3636 1146 3708 denique
1176 3636 1417 3708 pallioli.

268 3730 427 3785 llanc
456 3725 690 3799 capiens
723 3724 930 3793 ocnlis,
964 3726 1139 3797 coepit
1164 3727 1506 3798 depromere
1532 3731 1744 3787 verbis.

339 3817 541 3874 Fontis
571 3816 887 3882 defectum,
923 3831 1096 3888 quem
1129 3815 1355 3884 didicit,
1389 3818 1673 3887 subitum,

266 3909 544 3965 Suaserat
572 3908 631 3961 et
658 3904 860 3971 sociis,
893 3904 1140 3961 dubium
1173 3905 1462 3978 deponere
1493 3909 1709 3978 cordis,

335 3998 409 4065 Et
428 3991 886 4067 meritissancti
907 3993 1041 4065 jam
1070 3994 1340 4050 credulos
1368 3996 1514 4051 fieri.

266 4084 434 4144 Talia
462 4081 783 4155 colloquiis
801 4082 945 4139 dum
974 4083 1151 4140 verba
1170 4082 1505 4157 loquuntur
1533 4088 1761 4156 amicis,

337 4172 683 4247 Applicuere
704 4171 807 4235 sui
836 4170 897 4226 in
926 4172 1182 4245 propriis
1214 4164 1458 4242 domini,

268 4261 484 4321 Maenia
512 4261 782 4334 ﬂorigero
812 4260 1049 4319 fuerant
1079 4260 1180 4317 ubi
1211 4266 1438 4331 structa
1464 4263 1691 4335 locello,

338 4353 572 4417 Circum
603 4350 849 4421 diffusis,
867 4351 1177 4409 arboribus
1207 4351 1415 4411 variis.
1712 4342 1715 4345 ’

268 4443 372 4500 Hic
401 4440 619 4499 Christi
642 4440 867 4511 charos
884 4456 1160 4514 gressum
1192 4441 1403 4513 direxit
1427 4443 1672 4515 amicus,

341 4532 533 4589 Mente
561 4530 765 4597 libens,
783 4529 930 4603 atrio
950 4546 1203 4605 currere
1220 4546 1539 4611 purpureo,

267 4624 339 4680 Et
368 4620 667 4689 baculum,
702 4618 905 4691 tractis
934 4618 1323 4701 gessitgquetn
1354 4618 1619 4699 denique
1640 4625 1852 4694 nervis,

340 4712 405 4769 In
435 4707 1367 4789 terramnaitmoaavedomum
1388 4707 1583 4781 petiit.

269 4800 394 4859 lllic
424 4796 729 4873 innumeri.
744 4796 1055 4877 pariebant
1066 4795 1194 4863 .rite
1208 4794 1502 4866 ministri,

339 4882 1358 4965 Instantgsyarijgjortiteroﬂiciis,
1384 4950 1389 4957 ,

268 4975 388 5050 Ipsi
418 4973 521 5049 qui
549 4972 1071 5055 mansagﬁapibus
1084 5010 1089 5037 π
1100 4978 1345 5048 ponunt
1360 4982 1652 5050 oneratas,

340 5065 652 5139 Poscanteg
948 5061 1179 5137 solvere.
1203 5080 1339 5131 sero,
1362 5066 1598 5137 famem.

269 5154 382 5212 Sed
411 5152 577 5227 prius
604 5150 925 5236 invaiidmn
942 5153 1133 5231 jussit
1160 5155 1477 5227 procedere
1508 5160 1766 5236 turbam,

339 5245 527 5319 Quam
548 5239 973 5317 semismnae
1000 5259 1241 5316 pascere
1270 5261 1423 5318 saepe
1440 5262 1582 5316 sua,

267 5334 369 5403 Ac,
400 5329 654 5406 propriis
683 5328 823 5409 ipsa,
840 5333 1129 5405 manibus
1148 5333 1318 5408 plene
1351 5338 1635 5408 saturata,

341 5424 423 5497 Se.
438 5418 683 5497 tandem
711 5422 1203 5501 mensaapplicat
1232 5423 1531 5499 apposita",

267 5510 640 5569 Accumbunt
660 5508 1115 5585 paritepFranci
1142 5530 1246 5586 per
1274 5513 1491 5585 moenia
1517 5515 1655 5585 fusi,

340 5600 670 5675 (308W;
682 5597 1243 5671 Mwbiceimunem.
1259 5602 1483 5665 laetitia.

164 5746 167 5749 ι
269 5688 495 5763 lateret!
523 5688 995 5765 amantissima
1027 5690 1312 5757 Suadebat
1339 5691 1553 5767 Eoum:

1124 396 1172 453 ll
1186 394 1602 455 lii‘i'l‘SUI'i'i-E
1648 395 2027 469 MONIALIS
2076 401 2495 467 GANDEIESH
2509 409 2872 472 lCIMENSlS

3573 414 3751 491 una

1972 533 2028 613 Α
2129 534 2251 592 Nox
2281 539 2469 597 vicina
2500 543 2698 616 nigras
2728 548 2783 599 et
2815 544 3051 602 minitat
3081 545 3374 616 tenebras,

2058 624 2244 697 Atque
2276 629 2442 699 quies
2471 632 2674 703 epulas
2710 634 2903 689 subito
2938 634 3293 706 sequebatur
3325 638 3540 705 amica,

2130 714 2382 788 Serpens
2414 738 2516 791 per
2551 724 2835 789 membra,
2870 724 3149 780 ebrietate
3183 726 3336 780 data.

2056 799 2183 857 Dux
2214 805 2346 876 pius
2380 808 2709 865 insomnem
2744 812 2916 884 coepit
2944 814 3321 869 transducere
3353 819 3621 884 noctem,

2129 891 2355 950 Intenta
2388 896 2701 954 Dominum
2735 918 2871 955 voce
2905 903 3196 973 precando
3229 920 3428 958 suum.

2055 978 2368 1054 Postquam
2401 1003 2511 1041 nox
2543 987 2745 1044 scissis
2779 989 3050 1043 discessit
3076 990 3223 1045 victa
3256 993 3537 1059 tenebris,

2128 1069 2249 1126 Lux
2278 1078 2407 1128 orta
2435 1076 2665 1147 plagam
2696 1078 2956 1132 cinxerat
2989 1078 3317 1141 mtbeream,

2054 1158 2208 1214 lii)
2238 1161 2536 1220 Venerunt
2569 1167 2751 1237 pueri,
2787 1167 3044 1222 tironum
3080 1174 3232 1224 sorte
3265 1170 3460 1240 potiti,

2127 1248 2428 1308 Portantes
2461 1254 2621 1310 cbari
2655 1255 2936 1312 calceolos
2971 1258 3215 1325 domini,

2051 1336 2121 1391 Et
2150 1339 2391 1410 pulsant
2422 1344 2642 1411 aulam,
2674 1346 2862 1401 noctis
2894 1364 2995 1419 pro
3035 1351 3231 1418 tepore
3264 1346 3557 1417 clausam,

2124 1425 2392 1501 Orantes,
2426 1434 2651 1488 aditum
2677 1436 2804 1505 jam
2839 1436 2959 1490 fieri
2990 1435 3277 1508 patulum,

2051 1514 2162 1570 Sed
2214 1518 2332 1574 dux
2382 1522 2681 1596 paulisper
2732 1523 2915 1591 siluit,
2950 1541 3223 1580 somnum
3253 1543 3489 1599 quoque
3521 1528 3725 1602 ﬁnxit,

2122 1604 2277 1675 Post,
2311 1610 2467 1665 velut
2498 1629 2527 1667 e
2559 1630 2766 1669 somno
2797 1612 3081 1685 evigilans
3115 1615 3376 1687 gravido,

2050 1693 2279 1753 Solvere
2311 1700 2539 1755 custodi
2573 1707 2763 1757 vectes
2785 1703 2958 1774 jubet
2988 1702 3312 1772 interiores,

2120 1784 2379 1844 Pandere
2410 1788 2731 1846 triclinium
2766 1790 3171 1864 militibusque
3202 1809 3399 1848 suum.

1963 1915 2014 1983 Β
2050 1873 2148 1929 llis
2180 1875 2549 1945 introductis,
2584 1879 2884 1952 lympham
2921 1881 3196 1937 manibus
3229 1881 3373 1954 petit
3401 1882 3588 1956 albis,

2114 1963 2224 2019 Sed
2258 1970 2403 2022 nutu
2438 1968 2668 2023 Domini
2701 1970 2889 2024 defuit
2921 1969 3242 2026 altithroni.

2040 2053 2204 2109 Tunc
2234 2056 2322 2110 vir
2352 2073 2618 2125 securus,
2650 2058 2862 2115 Christi
2898 2059 3111 2130 pietate
3142 2060 3371 2128 beatus,

2113 2142 2303 2200 Unum
2338 2146 2407 2201 de
2433 2146 2632 2218 pueris
2663 2147 2824 2203 ocius
2856 2147 3125 2221 egregiis,

2042 2231 2114 2287 Ut
2143 2233 2253 2287 sibi
2286 2234 2533 2290 deferret
2562 2236 2806 2307 virgam,
2844 2237 3024 2306 misit,
3059 2243 3463 2307 memoratam,

2111 2323 2296 2388 Quam
2328 2340 2456 2379 sero
2488 2325 2791 2397 proprium
2824 2326 2949 2381 ﬁxit
2979 2326 3035 2381 in
3070 2327 3366 2383 atriolum.

2040 2410 2168 2478 Qui,
2205 2429 2381 2468 cursu
2414 2415 2636 2486 rapido,
2671 2413 2933 2470 saliendo
2966 2432 3067 2487 per
3097 2416 3345 2472 herbida
3376 2435 3520 2474 rura

2110 2500 2458 2559 Circumfert
2482 2504 2742 2559 lubricos
2774 2509 2948 2576 atque
2978 2522 3154 2577 vagos
3186 2505 3388 2562 oculos

2040 2590 2348 2662 Inquircns
2384 2592 2660 2649 baculum
2696 2598 2860 2648 terra:
2890 2598 3149 2665 tempore
3180 2594 3505 2667 sepultum,

2112 2681 2181 2735 Et
2212 2686 2451 2737 nactum
2484 2683 2688 2738 tractis
2721 2683 2969 2755 arripuit
2999 2684 3219 2755 digitis,

2039 2769 2415 2842 Extraxitque
2446 2771 2589 2836 sole,
2625 2789 2801 2843 parva
2833 2778 3172 2829 remanente
3199 2788 3468 2840 caverna,

2112 2860 2247 2914 Post
2276 2859 2396 2915 hac
2418 2860 2801 2931 conspicuum
2836 2864 2901 2915 ut
2927 2861 3139 2916 faceret
3170 2860 3431 2931 titulum,

2038 2947 2205 3003 Certo
2239 2965 2352 3021 quo
2385 2950 2536 3004 facto
2568 2949 2781 3005 cecidit
2812 2949 3105 3006 nubecula
3135 2967 3333 3023 parva,

2110 3040 2244 3104 Qua:
2266 3037 2514 3094 volitans
2547 3056 2690 3094 aura
2722 3043 2855 3095 ante
2888 3038 2997 3094 fuit
3024 3056 3228 3107 vacua,

2037 3126 2264 3182 Evomit
2293 3131 2349 3182 et
2378 3126 2636 3183 tumidas
2669 3128 2798 3199 ipso
2831 3127 3100 3200 disrupta
3130 3127 3353 3195 locello,

2110 3214 2308 3273 Undas
2338 3214 2661 3287 praescripti
2697 3216 2949 3287 denique
2982 3216 3265 3285 l‘onticuli,

1956 3288 2009 3369 Ε,
2039 3304 2347 3361 Mansuras
2380 3305 2653 3360 scatebras
2688 3322 2864 3360 venas
2896 3322 3129 3377 quoque
3159 3306 3283 3362 fixit
3314 3322 3601 3378 aquosa,

2107 3392 2351 3466 Virgula
2376 3394 2611 3465 prrefixa
2642 3410 2756 3464 quo
2793 3394 2901 3449 fuit
2930 3394 3157 3467 exigua.

2035 3483 2108 3538 At
2136 3499 2282 3554 puer
2312 3482 2636 3555 obstupuit,
2670 3498 2988 3554 vocemque
3021 3500 3124 3555 per
3156 3500 3290 3540 aera
3320 3486 3575 3558 spargit,

2108 3571 2374 3627 Suadens
2406 3569 2697 3625 militibus
2725 3588 2960 3626 currere
2978 3573 3106 3643 jam
3138 3572 3334 3642 citius,

2038 3660 2159 3718 Illis
2189 3665 2364 3732 atque
2395 3659 2526 3715 novi
2558 3659 2815 3714 narravit
2845 3662 3061 3731 gaudia
3091 3661 3268 3733 signi,

2108 3752 2242 3816 Quae
2275 3766 2373 3804 rex
2403 3747 2625 3803 militia:
2659 3748 2869 3803 annuit
2896 3748 3195 3822 angelicae,

2038 3841 2189 3898 Dum
2223 3836 2417 3893 subito
2452 3836 2667 3904 cuncti,
2702 3840 2862 3892 tanto
2896 3839 3065 3909 signo
3098 3839 3449 3906 tremefacti,

2110 3926 2659 3984 Tolluntmirantes
2692 3926 2763 3980 ad
2793 3942 3038 3998 superos
3073 3927 3272 3993 facies,

2037 4017 2431 4089 Expassisque
2460 4014 2582 4070 suis
2605 4032 2808 4070 omnes
2842 4017 2913 4070 ad
2947 4017 3143 4072 sidera
3172 4016 3409 4090 palmis,

2111 4106 2377 4161 Laudum
2409 4103 2737 4159 carminula
2768 4104 3115 4161 concinuere
3148 4105 3284 4171 Deo,

2037 4197 2202 4260 Ecce,
2237 4194 2533 4266 palatinas
2565 4192 2788 4264 pelvem
2824 4194 3100 4249 manibus
3132 4194 3267 4249 tulit
3297 4212 3477 4263 unus,

2109 4282 2376 4356 Implevit
2404 4281 2652 4355 lympha
2674 4298 2849 4353 quem
2881 4283 2995 4339 cito
3021 4285 3360 4356 conspicua,

2038 4377 2079 4431 l
2091 4376 2130 4430 1
2143 4375 2185 4429 1
2206 4374 2359 4427 Laeto
2373 4369 2723 4444 Gangoll‘um
2735 4370 2897 4426 vultu
2913 4364 3145 4445 quoque
3158 4372 3346 4446 pergit
3357 4373 3437 4430 ad
3448 4373 3694 4440 almum,

2110 4463 2184 4518 Ut
2213 4461 2451 4517 sibimet
2478 4458 2719 4533 signum
2744 4459 2963 4515 diceret
2995 4460 3323 4517 insolitum.

2036 4552 2126 4620 Et,
2159 4566 2357 4607 coram
2390 4553 2551 4604 tanto
2579 4548 2912 4604 subsistens
2942 4549 3132 4605 fronte
3161 4566 3368 4607 serena

2107 4637 2378 4705 Consule,
2414 4638 2485 4693 de
2518 4641 2705 4693 rostro
2738 4637 2859 4693 hazc
2891 4639 3053 4694 dedit
3083 4639 3316 4713 egregio
3351 4656 3363 4692 :

1998 4726 2005 4745 ‘
2038 4732 2249 4797 Laetus,
2283 4728 2386 4795 ait,
2420 4725 2627 4782 merito
2659 4743 2862 4781 sumas
2894 4727 3196 4784 rarissima
3227 4729 3404 4797 dona,

2106 4821 2241 4886 Quae
2270 4814 2376 4872 tibi
2411 4831 2527 4870 non
2557 4818 2711 4871 terra
2737 4816 2989 4872 contulit
3017 4818 3248 4891 exigua,

2035 4909 2147 4966 Sed
2182 4908 2301 4963 Rex
2331 4905 2457 4979 ipse
2484 4903 2624 4977 poli,
2657 4921 2894 4962 summo
2926 4908 2997 4963 de
3027 4907 3241 4964 vertice
3270 4906 3423 4975 cozli,

2107 4997 2213 5053 Per
2238 4994 2412 5051 nubis
2443 4993 2661 5049 mirum
2691 4993 2932 5059 miserat
2961 4995 3244 5053 ofﬁcium.

2035 5086 2191 5143 l-linc.
2211 5101 2318 5140 nos
2347 5082 2613 5138 laetitiam
2648 5087 2879 5139 constat
2909 5101 3066 5140 nunc
3095 5101 3359 5158 carpere,
3397 5098 3689 5159 magnam,

2106 5174 2605 5237 Sortitustantam
2636 5186 2700 5226 es
2730 5172 2869 5244 quia
2897 5172 3235 5246 gloriolam.

2035 5262 2219 5321 Illicet
2244 5278 2275 5317 e
2303 5259 2695 5323 contrafatur
2723 5261 2842 5316 dux
2871 5278 2969 5318 ore
2992 5279 3225 5331 sereno.

2107 5352 2377 5415 Reddens
2408 5366 2688 5422 responsa
2718 5349 2862 5406 talia
2887 5367 3027 5407 voce
3058 5351 3153 5424 pia
3187 5367 3200 5407 :

2034 5442 2156 5498 Non
2188 5440 2354 5497 decet
2385 5437 2480 5503 bis
2512 5438 2760 5509 meritis,
2794 5439 3010 5512 inquit,
3043 5444 3135 5496 sat
3182 5439 3424 5495 credam
3457 5435 3685 5499 nostris,

2105 5529 2378 5601 Unquam
2410 5525 2625 5581 tantilli
2658 5526 2740 5581 nil
2771 5528 2913 5599 quia
2941 5529 3290 5597 commerui,

2037 5619 2240 5675 Restat
2264 5613 2621 5685 multiplices
2652 5613 2884 5672 Christo
2917 5618 3019 5672 sed
3048 5633 3303 5690 pangere
3333 5622 3553 5690 grates,

2108 5705 2215 5774 Qui
2244 5720 2498 5776 prmsens
2530 5702 2769 5769 famul-is
2798 5722 3030 5778 semper
3060 5708 3229 5762 adest
3259 5706 3535 5779 propriis.
