3904 6406
209 441 406 505 Αθθθ

229 575 500 643 Dixerat,
535 579 592 630 et
617 574 794 631 solito
815 574 988 630 tinxit
1019 590 1081 630 se
1112 577 1270 632 fonte
1301 575 1526 631 novello

318 665 522 732 Lotus,
554 669 612 720 et
640 663 960 720 altithrono
993 664 1115 720 haec
1145 664 1356 720 cecinit
1383 664 1628 719 Domino
1656 679 1668 717 :

233 751 286 810 Ο
323 768 557 825 semper
585 752 771 826 pietas
801 757 1015 808 nostra:
1048 769 1183 826 spes
1216 752 1388 808 unica
1416 752 1566 821 vitaa,

319 841 364 896 Ο
390 839 484 896 vix
513 839 722 896 divinae
755 841 1013 896 maxima
1044 841 1336 914 gratiolze!

235 927 390 986 Odis
420 929 554 1002 quis
586 930 743 1002 potis
775 935 864 986 est
895 930 1089 1002 dignis
1118 947 1265 1001 opus
1298 929 1718 1002 omnipotentis

319 1017 578 1074 Artiﬁcis
610 1019 817 1074 mundi
845 1019 1204 1091 mquiparare
1235 1019 1332 1074 Dei

239 1106 360 1174 Qui
396 1123 543 1162 nova
575 1108 884 1179 przetoritis
918 1108 1108 1164 reddit
1141 1125 1254 1162 non
1282 1109 1524 1163 dissona
1554 1105 1762 1178 signis,

325 1194 434 1262 Qui
467 1212 603 1250 nam
638 1213 744 1267 per
770 1197 1034 1268 genitum
1068 1196 1239 1251 szrcla
1270 1213 1477 1267 regens
1510 1195 1834 1268 proprium.
1873 1201 1878 1204 ’

242 1285 383 1341 Hac
416 1289 557 1340 sunt
586 1284 823 1340 virtutis
855 1285 1101 1356 propriae
1134 1285 1438 1351 miracula,
1469 1285 1718 1351 Christe,

325 1371 433 1439 Qui
465 1373 761 1444 quondam
799 1373 1012 1446 populo
1048 1378 1250 1444 utpote
1281 1372 1525 1428 Judaico

248 1462 484 1518 Petram
510 1461 746 1532 jussisti
780 1459 959 1516 lactes
989 1462 1287 1517 effundere
1319 1461 1541 1530 dulces,

325 1550 399 1606 Et
429 1548 513 1606 sal
544 1549 712 1606 triste
743 1548 853 1605 laci
886 1550 1053 1606 dulce
1085 1551 1230 1606 satis
1263 1552 1406 1606 fieri.

250 1640 420 1705 Inde,
454 1639 763 1710 potestatis
796 1657 911 1694 non
941 1640 1254 1694 immemor
1286 1640 1435 1695 alme
1468 1640 1752 1696 Tonantis

330 1730 454 1794 Qua
484 1744 678 1783 rerum
712 1729 927 1783 trinam
953 1729 1088 1799 jure
1121 1729 1271 1801 regis
1304 1729 1659 1796 machinam,

255 1817 382 1874 Hoc
415 1832 570 1871 nunc
603 1820 661 1872 et
688 1815 905 1872 nostris
936 1816 1173 1872 voluisti
1207 1818 1441 1872 credere
1472 1818 1664 1884 terris,

330 1904 631 1962 Judicium
661 1919 887 1977 magnae
919 1905 1114 1960 nobile
1144 1905 1424 1977 gloriolae,

253 1997 384 2062 Quo
414 1994 647 2049 discant
677 1998 917 2048 teretem
951 1995 1226 2065 degentes
1254 2010 1405 2065 szepe
1437 2011 1538 2066 per
1567 1996 1790 2066 orbem,

333 2083 413 2138 Te
444 2097 675 2154 semper
702 2082 893 2137 solum
928 2099 1074 2148 esse,
1105 2083 1312 2150 fuisse,
1349 2083 1553 2138 Deum.

255 2171 381 2228 Hoc
411 2187 646 2244 quoque
679 2187 833 2226 nunc
863 2171 1003 2226 Jesu
1037 2171 1283 2241 Domino
1315 2173 1565 2228 concede
1598 2179 1857 2246 precatu,

331 2258 545 2316 Abluat
574 2265 642 2315 ut
675 2260 911 2316 morbos
939 2259 1051 2315 iste
1084 2259 1280 2332 liquor
1307 2261 1517 2330 varios,

256 2350 418 2406 112
446 2351 568 2416 Quo
599 2353 654 2404 te
686 2349 1008 2405 dulcisouis
1039 2349 1330 2405 collaudet
1360 2351 1598 2408 vocibus
1628 2353 1840 2420 omnis,

336 2438 444 2505 Qui
477 2455 538 2494 se
567 2437 860 2494 salvatum
893 2439 1106 2494 sentiat
1134 2444 1190 2494 et
1219 2439 1478 2494 validum

266 2527 402 2584 Haec
432 2526 534 2595 ait,
567 2532 626 2583 et
645 2544 842 2582 vocem
874 2527 1146 2599 sequitur
1176 2529 1338 2584 salus
1369 2529 1524 2585 alma
1554 2530 1913 2602 loquentem,

338 2615 544 2689 Fitque
565 2615 820 2672 salubris
851 2634 1023 2688 aqua,
1058 2616 1188 2672 laus
1220 2617 1324 2672 tibi
1357 2618 1434 2672 sit
1464 2619 1711 2674 Domino

271 2705 411 2762 Post
439 2705 582 2774 haec,
615 2705 866 2778 pervasti
897 2705 1146 2761 volitans
1176 2707 1288 2762 cito
1321 2707 1592 2764 machina
1627 2709 1856 2778 mundi,

341 2793 628 2851 Proditrix
658 2793 832 2867 signi,
865 2795 1042 2861 fama,
1078 2795 1220 2850 satis
1254 2796 1471 2867 placiti,

271 2885 398 2940 Non
430 2883 622 2940 solum
653 2884 875 2956 patrios
907 2883 1174 2939 hortatur
1205 2901 1414 2956 nempe
1444 2885 1702 2954 colonos,

337 2972 510 3040 Queis
541 2973 704 3045 fungi
731 2973 884 3028 dono
914 2974 1159 3046 contigit
1191 2973 1486 3046 aurivago,

269 3061 380 3118 Sed
416 3077 649 3134 quoque
679 3060 1054 3132 languidulos
1085 3063 1155 3116 de
1185 3061 1505 3134 longinquo
1557 3067 1917 3137 peregrinos,

338 3150 608 3222 Undique
639 3149 935 3215 collectos,
970 3151 1292 3206 accelerare
1323 3153 1489 3218 citos,

266 3239 338 3295 Et
367 3237 528 3294 nullo
561 3239 744 3310 pretio
777 3239 1077 3294 medicinae
1113 3257 1344 3295 sumere
1379 3241 1531 3296 dona

341 3328 644 3384 Gustando
677 3333 904 3382 tantum
931 3327 1193 3384 fonticuli
1230 3331 1550 3386 modicum.

266 3416 545 3473 Crebrius
577 3416 858 3472 incultam
892 3417 1088 3474 videas
1120 3420 1503 3490 procumbere
1535 3422 1768 3477 turbam

342 3505 680 3562 Volventem
713 3507 978 3562 membra
1010 3506 1199 3562 littore
1232 3507 1596 3580 languidula,

269 3593 346 3651 Ut
376 3595 570 3666 possis
599 3595 776 3651 variis
808 3596 1083 3652 obsessos
1114 3598 1347 3660 credere
1379 3599 1598 3653 morbis

338 3684 548 3740 Adfore
573 3684 803 3741 Judaici
838 3685 1216 3758 languidulos
1243 3686 1466 3758 populi,

267 3773 378 3840 Qui
411 3775 710 3845 quondam
741 3774 952 3846 quivis,
987 3775 1047 3830 in
1079 3776 1405 3847 porticibus
1434 3775 1767 3832 Salomonis

340 3862 500 3932 Fusi,
531 3862 768 3934 piscina:
790 3863 953 3919 obice
987 3863 1328 3932 Bethsaidze,

265 3950 602 4022 Certabant,
637 3953 864 4008 medico
894 3952 1193 4025 lympham
1229 3955 1504 4010 turbante
1535 3972 1809 4027 superno,

341 4039 598 4097 Primulo
629 4041 762 4114 quis
793 4042 1030 4098 morbos
1058 4041 1319 4098 ablueret
1350 4043 1558 4111 varios,

269 4129 420 4202 Lege
452 4129 690 4202 quidem
719 4130 822 4186 tali
853 4131 1002 4186 mira
1035 4132 1144 4186 sub
1178 4137 1334 4187 sorte
1367 4133 1558 4204 potiti,

337 4217 410 4274 Ut
436 4234 570 4274 mox
600 4217 848 4291 illapsus
871 4225 1110 4275 exueret
1138 4221 1413 4290 dedecus,

273 4306 547 4364 Pluribus
578 4307 636 4362 in
671 4307 861 4364 lucem
887 4309 1200 4380 suspensis
1229 4325 1376 4380 aegre
1409 4315 1772 4384 sequentem,

339 4395 450 4463 Qui
481 4413 586 4470 pro
617 4399 720 4470 spe
749 4397 880 4454 vita:
912 4398 1238 4470 efﬂagitant
1270 4399 1469 4466 avidze,

264 4483 341 4542 Ut
371 4485 587 4557 raptim
622 4485 906 4552 medicus,
941 4501 1150 4557 supero
1181 4486 1251 4542 de
1281 4485 1517 4542 cardine
1549 4485 1774 4561 lapsus,

337 4565 626 4630 Turbaret
653 4573 946 4630 modicam
984 4575 1074 4630 vel
1103 4575 1248 4646 pede
1279 4575 1652 4647 piscinulam.

262 4660 432 4718 Haud
463 4659 610 4718 alias
640 4663 737 4718 isti
769 4663 1022 4734 cupiere,
1059 4663 1266 4718 salutis
1298 4665 1477 4732 avari,

335 4742 598 4823 Tangere
626 4749 715 4807 vel
747 4756 977 4826 guttam
1000 4751 1266 4808 fonticuli
1297 4752 1629 4820 minimam,

260 4840 352 4909 Et,
387 4844 564 4912 gustu
597 4840 788 4912 primo
818 4841 1000 4897 veteri
1027 4841 1278 4896 sanitate
1309 4847 1560 4914 recepta,

333 4929 655 4986 Puls‘abaut
687 4931 814 4986 edis
847 4931 1042 4986 sidera
1072 4929 1414 5002 dulcisonis,

260 5017 464 5075 Grates
497 5035 599 5090 pro
635 5023 798 5075 tanto
830 5021 1138 5074 reddentcs
1170 5037 1409 5076 munere
1439 5020 1689 5090 Christo,

337 5107 444 5173 Qui
480 5107 666 5162 sancti
699 5109 930 5164 meritis
958 5114 1124 5180 grata
1156 5109 1318 5164 dedit
1349 5110 1603 5165 miseris.

261 5196 562 5252 Laudibus
593 5214 754 5268 aeque
773 5199 963 5252 virum
996 5197 1621 5268 tolluntsuperzethera
1644 5199 1908 5272 dignum,

333 5285 524 5341 Tanta
555 5287 647 5342 sui
679 5303 858 5342 causa
889 5288 1046 5358 quod
1080 5293 1318 5342 tenuere
1345 5287 1518 5342 bona.

258 5372 321 5429 Si
351 5378 536 5442 vacet,
567 5375 822 5448 aequales
845 5375 1070 5432 meritis
1101 5377 1448 5449 protendere
1478 5375 1707 5448 laudes,

325 5462 400 5518 Et
425 5472 619 5520 mores
647 5465 800 5520 tanti
823 5464 1088 5538 egregios
1119 5463 1342 5520 duculli

257 5551 412 5608 ua
433 5552 583 5607 Ante
609 5553 740 5610 dies
768 5555 964 5610 noctis
995 5551 1166 5626 peplo
1192 5553 1420 5609 velatur
1443 5551 1702 5626 olympo,

327 5641 516 5707 Quam
547 5645 999 5700 metam-nostra
1021 5643 1288 5699 obtineat
1317 5641 1486 5698 ratio.

257 5727 386 5788 Haec
419 5729 521 5789 sed
553 5728 890 5809 linquentes
916 5731 1110 5792 acetis
1137 5729 1450 5793 tractanda
1479 5729 1688 5807 poetis,

1513 441 1808 502 PASSIO
1854 441 1919 502 S.
1965 438 2381 502 GANGOLFI.

1911 573 1988 642 Α
2089 572 2404 645 Pingamus
2436 579 2624 646 empta
2655 589 2761 630 nos
2789 573 2982 647 fragili
3015 573 3262 631 catamo.

2013 660 2177 716 Certe
2208 663 2560 718 Francorum
2593 663 2847 736 populus
2876 663 3017 718 dum
3039 663 3172 718 risit
3200 664 3355 720 Eous

3487 439 3658 502 ‘40!”

2085 750 2337 808 Illustris
2367 753 2594 809 meritis
2623 758 2680 809 et
2709 753 2972 809 bonitate
3001 752 3190 821 ducis,

2016 838 2322 896 Blanditur
2351 841 2580 914 magnis
2613 858 2918 913 procerum
2952 839 3222 913 precibus
3253 840 3576 909 seniorum,

2088 928 2190 984 Hic
2216 929 2431 986 Christi
2464 931 2698 999 charus,
2733 930 2924 1002 gentis
2953 935 3011 984 et
3039 946 3211 985 omne
3239 929 3442 998 decus,

2017 1017 2138 1082 Quo
2171 1019 2282 1073 sibi
2315 1018 2666 1090 condignam
2699 1018 2872 1074 vellet
2904 1019 3124 1074 sociare
3154 1016 3409 1091 puellam

2090 1107 2321 1164 Fmdere
2353 1108 2544 1178 legali,
2578 1109 2838 1180 conjugii
2871 1108 3053 1178 soliti,

2023 1195 2103 1250 Nc
2133 1195 2308 1250 finem
2343 1202 2594 1268 caperet,
2631 1197 2920 1253 subducta
2949 1197 3302 1270 posteritate,

2092 1283 2314 1356 Inclyta
2343 1284 2554 1356 regalis
2583 1286 2882 1357 prosapies
2904 1285 3154 1357 generis.

2021 1371 2121 1428 Ilis
2151 1373 2387 1428 tandem
2423 1374 2662 1429 monitis
2694 1373 3035 1446 Gangolfus,
3069 1374 3187 1428 dux
3205 1371 3598 1440 venerandus,

2092 1463 2205 1516 Sed
2229 1466 2442 1530 tactus,
2475 1462 2708 1518 blandis
2740 1466 2914 1534 atque
2945 1467 3180 1534 patrum
3213 1461 3471 1531 monitis,

2021 1551 2147 1624 Igni
2181 1552 2558 1622 conspicuam
2591 1551 2825 1624 proprio
2845 1552 3135 1624 jungebat
3163 1549 3434 1618 amicam,

2096 1639 2367 1712 Itegalem
2401 1653 2609 1713 genere
2641 1645 2697 1694 et
2729 1640 2977 1695 nitidam
3001 1639 3166 1695 facie.

2023 1729 2182 1785 Hanc
2207 1728 2388 1800 jussit
2416 1727 2700 1800 liquidam
2733 1744 2969 1798 semper
2997 1729 3282 1784 deducam
3314 1729 3516 1793 vitam,

2094 1817 2488 1889 Compositam
2521 1817 2700 1872 castis
2731 1816 2996 1872 moribus
3017 1821 3074 1872 et
3103 1816 3336 1873 studiis.

2024 1907 2087 1962 Ei
2121 1906 2288 1972 mihi,
2323 1906 2423 1962 sed
2457 1904 2695 1960 coluber
2725 1903 2996 1976 cupidus,
3025 1909 3320 1974 versutus,
3353 1910 3614 1973 amarus,

2097 1994 2399 2066 Ingenium
2435 1998 2629 2066 nuptae
2657 1993 2836 2049 illicet
2866 1993 3134 2050 indocile.
3641 1993 3652 2004 ⁸

2025 2083 2258 2139 Scilicet
2287 2083 2487 2139 infelix
2515 2083 2779 2154 Gangolﬂ
2812 2082 3280 2165 clericus‘audax

2093 2173 2348 2228 Ardebat
2376 2173 2673 2244 propriam
2704 2171 2836 2244 plus
2868 2170 3028 2226 licito
3059 2171 3382 2228 dominam.

2027 2261 2174 2318 Proh
2199 2261 2389 2318 dolor!
2424 2261 2564 2328 haec,
2602 2260 2752 2317 male
2779 2260 2934 2315 victa
2954 2259 3086 2316 dolo
3117 2261 3406 2332 serpentis
3439 2267 3637 2316 amaro

2097 2350 2300 2406 Infelix
2329 2351 2500 2405 citius
2533 2354 2741 2404 aestuat
2770 2349 2829 2404 in
2861 2349 3112 2416 facinus,

2027 2440 2321 2496 Inhwrens
2353 2456 2536 2507 servo,
2571 2439 2881 2510 cordisque
2913 2437 3101 2493 calore
3133 2443 3355 2494 secreto

2100 2528 2370 2601 Legalem
2401 2527 2709 2584 dominum
2741 2527 2968 2599 respuit
2997 2526 3070 2581 ob
3105 2526 3419 2597 famulum,

2025 2617 2286 2674 Crimina
2316 2621 2458 2672 tunc
2490 2615 2680 2671 hostis
2713 2614 2957 2686 scalpsit
2986 2615 3209 2671 nudare
3240 2615 3458 2683 feralis,

2101 2709 2235 2772 Quae
2255 2705 2435 2760 caluit
2463 2705 2694 2777 proprio
2727 2707 2950 2758 structa
2979 2703 3160 2758 fuisse
3190 2703 3344 2769 dolo,

2032 2794 2466 2866 Impatiensque
2497 2810 2692 2860 morae,
2726 2807 2940 2847 vacuas
2961 2791 3266 2862 jaculabat
3295 2791 3355 2846 in
3387 2809 3584 2859 auras,

2103 2883 2467 2954 Divulgando
2497 2898 2664 2938 suam
2696 2881 2948 2952 denique
2981 2879 3260 2935 laetitiam.

2029 2974 2172 3029 Cum
2205 2973 2393 3027 fuerat
2423 2971 2594 3043 vulgo
2625 2987 2717 3026 res
2750 2970 3052 3024 diﬁ‘ama'ta
3080 2967 3352 3037 dolenda,

2102 3063 2457 3117 Francorum
2490 3061 2678 3132 gentis
2711 3058 2988 3114 omnibus
3021 3057 3334 3130 indigenis,

2033 3151 2210 3207 Pulsu
2245 3149 2581 3222 linguarum
2616 3154 2822 3204 tenues
2854 3148 3142 3202 conﬂatur
3170 3148 3242 3202 ad
3277 3164 3448 3202 aures

2105 3241 2302 3296 Sancti
2336 3237 2622 3309 Cangolﬁ,
2657 3235 2916 3292 consulis
2947 3235 3206 3306 almiﬁci,

1939 3313 1994 3380 Ὀ
2033 3330 2105 3387 Ut
2135 3331 2326 3401 capiat
2356 3329 2628 3394 latebras,
2656 3312 2924 3398 poscens,
2957 3323 3166 3396 illapsu
3195 3339 3300 3396 per
3331 3329 3522 3382 arctas

2101 3417 2374 3484 Verbula,
2411 3435 2524 3474 non
2557 3416 2811 3470 minima:
2844 3414 3052 3468 nuntia
3084 3413 3394 3468 mmstitiaz.

2030 3510 2186 3565 114
2219 3505 2509 3578 Ingemuit
2540 3511 2659 3559 tam
2685 3504 2852 3558 triste
2883 3503 3047 3557 nefas
3071 3501 3462 3573 dignissimus
3483 3501 3680 3574 heros,

2099 3597 2350 3668 Angoris
2381 3609 2595 3665 magno
2625 3592 2890 3664 tangitur
2917 3596 2974 3645 et
2993 3589 3212 3660 jaculo,

2031 3684 2196 3740 Intus
2226 3683 2286 3738 in
2319 3686 2571 3754 augusto
2601 3677 2780 3734 volvit
2809 3693 3041 3750 quoque
3063 3677 3317 3748 pectoris
3341 3677 3498 3747 aula,

2101 3773 2214 3829 lies
2245 3770 2360 3827 sibi
2389 3770 2670 3836 diversas,
2703 3767 2870 3822 triste
2900 3765 3168 3834 dolendo,
3197 3765 3352 3821 duas
3377 3783 3391 3836 ;

2031 3860 2302 3927 Primulo,
2334 3857 2653 3914 vindictam
2685 3853 2897 3928 ptenali
2927 3854 3054 3926 lege
3083 3853 3426 3925 parandam,

2101 3949 2207 4004 Pro
2243 3945 2476 4002 sceleris
2507 3944 2654 4000 tanti
2687 3942 2934 4000 crimine
2962 3941 3207 3997 terribili
3232 3961 3246 4010 ;

2031 4040 2164 4096 Post
2192 4054 2346 4105 vero,
2379 4020 2620 4091 vcnianf
2643 4033 2826 4089 solitas
2859 4032 3094 4104 pietatis
3127 4031 3460 4099 amandum,

2099 4129 2168 4184 Et
2199 4125 2354 4183 dolet
2381 4126 2453 4182 ad
2485 4132 2722 4196 tempus
2751 4122 2890 4178 hinc
2921 4122 3174 4178 nimium
3204 4121 3444 4178 dubius.

2028 4219 2195 4274 Certe
2226 4217 2326 4273 sed
2359 4215 2627 4271 meritam
2651 4212 2822 4269 solvit
2851 4213 3090 4268 tandem
3119 4212 3212 4284 pie
3245 4224 3496 4284 prunam,

2099 4307 2412 4363 Dill‘amare
2444 4302 2636 4358 scelus
2667 4319 2772 4358 nec
2803 4301 2993 4373 placet
3022 4299 3291 4370 ulterius,

2029 4395 2326 4455 Sollicitus
2358 4398 2592 4447 tantum
2625 4390 2850 4446 misera:
2879 4390 3100 4444 crimen
3133 4388 3458 4460 prohibere,

2100 4485 2217 4542 Nec
2248 4485 2380 4556 post
2408 4481 2530 4536 haec
2557 4485 2775 4534 temere
2802 4478 3017 4533 viveret
3045 4477 3105 4531 in
3135 4475 3371 4532 scelero.

2029 4575 2294 4646 Cumque
2326 4571 2483 4642 piam
2517 4567 2674 4624 curis
2708 4570 2964 4621 montem
2995 4565 3216 4620 luxerat
3245 4565 3304 4618 in
3337 4562 3472 4632 illis,

1949 4682 1997 4749 D
2097 4661 2354 4734 Contigit
2382 4657 2586 4713 atriolo
2617 4671 2847 4712 currere
2879 4671 2940 4709 se
2971 4652 3226 4727 proprio,

2028 4755 2242 4812 Contra
2263 4747 2529 4807 fonticuli
2561 4745 2796 4802 sibimet
2825 4743 2990 4816 prius
3015 4743 3167 4798 ostia
3195 4741 3384 4810 missi,

2099 4841 2284 4900 Nubis
2317 4855 2418 4912 per
2449 4836 2668 4891 mirum
2698 4832 2930 4888 cmiitus
2961 4831 3242 4888 ofﬁcium.

2029 4933 2133 4989 I-Iic
2163 4931 2265 4986 ubi
2297 4925 2620 4998 Gangoli‘us
2651 4922 3000 4978 subsisteret
3030 4920 3124 4992 ipe
3153 4921 3385 4989 beatus,

2098 5019 2323 5090 Coujux
2347 5014 2564 5070 lasciva
2594 5012 2863 5067 adfuerat
2895 5009 3110 5065 subito.

2025 5114 2211 5178 Quam
2243 5123 2377 5162 mox
2406 5102 2668 5175 pacificis
2697 5101 2910 5154 atl‘atur
2939 5099 3196 5170 denique
3223 5099 3436 5167 verbis,

2095 5197 2260 5254 Talia
2287 5193 2562 5251 dictando
2593 5205 2690 5245 ore
2720 5189 2864 5244 satis
2895 5187 3133 5260 gravido
3166 5206 3180 5244 :

2024 5289 2193 5345 Parte
2222 5291 2387 5340 tuam
2418 5282 2637 5336 famam
2669 5277 2846 5332 didici
2880 5294 3138 5350 perszepe
3167 5279 3491 5344 sinistram,

2093 5375 2255 5442 Quod
2283 5378 2560 5442 corrupta
2588 5374 2712 5424 toro
2749 5366 2832 5423 sis
2865 5367 3017 5448 maio
3049 5368 3100 5424 si
3131 5367 3384 5442 preprio.

2020 5467 2233 5526 Ditt‘cro
2263 5462 2365 5518 sed
2397 5457 2570 5532 vulgo
2600 5461 2874 5528 tractare,
2907 5458 2997 5513 tui
3029 5457 3384 5523 miserando,

2091 5555 2284 5611 Donec
2309 5551 2456 5606 forte
2481 5547 2692 5602 sciam.
2721 5549 2783 5602 te
2813 5561 2886 5602 ne
2917 5547 3100 5604 fuisse
3125 5561 3310 5603 ream.

2017 5644 2134 5702 Nec
2163 5639 2400 5707 mando,
2433 5635 2682 5693 multam
2713 5631 2910 5692 subito
2942 5643 3284 5692 concurrere
3306 5627 3567 5697 turbam

2087 5730 2350 5794 Accitam
2364 5726 2570 5788 ’tlendo
2592 5723 2859 5802 undique
2890 5722 3157 5798 concilio,
