3904 6418
287 423 437 484 1091
1086 423 1618 484 HltO'l‘SUlTH/E
1663 421 2058 483 MONIALES
2105 415 2897 482 GANDERSHEIMENSIS
3566 416 3738 477 1092

287 557 361 614 Ut
384 557 574 614 volvat
603 574 824 629 gnarus
855 556 1054 611 subtili
1079 560 1244 611 sorte
1276 561 1542 620 senatus,
1965 557 2022 623 Ἀ
2125 554 2242 609 Nec
2273 551 2500 626 patitur
2527 548 2705 604 vitam
2737 553 2923 604 morte
2955 550 3144 622 perire
3175 565 3358 604 ream.

357 648 629 714 Causam,
663 645 942 699 terribilis
975 650 1034 699 et
1067 642 1342 698 meritum
1378 641 1637 698 sceleris.
2056 643 2156 698 llis
2187 641 2418 714 ingrata
2446 638 2636 710 magis
2667 637 2824 692 socio
2855 639 3158 694 consensit
3185 638 3416 711 iniquo,

287 735 398 791 Sed
432 733 690 790 suadebo
723 749 966 788 manum
1002 732 1266 786 dextram
1301 735 1355 786 te
1386 731 1610 803 tingere
1640 734 1894 800 tantum,
2123 729 2445 802 Servilique
2474 727 2614 798 lupa
2642 726 2836 782 uritur
2859 725 3140 800 igniculo.

356 819 666 876 Prmscntis
696 819 941 891 lympha
973 818 1236 873 fonticuli
1271 817 1500 889 gelida;
2051 821 2316 891 Cumque
2335 817 2536 890 polum
2571 813 3442 887 tegerettenebrisnoxeonscia
3459 815 3731 886 fraudis,

285 912 372 977 Et,
408 909 457 964 si
494 926 605 963 non
639 908 835 962 subito
867 908 1066 962 damni
1102 906 1240 978 quid
1270 906 1537 976 contigit,
1569 922 1706 978 ergo
2121 907 2318 964 Sensit
2349 906 2686 960 damnanda
2717 909 2947 976 tempus
2979 904 3174 960 inesse
3208 905 3370 978 lupa,

353 998 516 1054 Ultra
536 997 762 1068 judicio
794 1014 908 1050 non
941 1015 1090 1068 opus
1121 1001 1208 1050 est
1239 995 1374 1049 alio.
2049 1001 2171 1062 Quo
2203 996 2356 1051 male
2378 994 2727 1066 Gangell‘um
2754 993 3392 1065 possuntexstinguere
3410 998 3727 1064 sanctum,

282 1090 464 1154 Quem
500 1091 660 1153 tunc,
696 1085 829 1157 plus
852 1087 1039 1156 justo,
1073 1085 1374 1138 confidens
1405 1085 1578 1139 corde
1610 1085 1882 1156 superbo,
2121 1088 2248 1140 Haec
2279 1091 2335 1140 et
2367 1100 2640 1156 perverso
2673 1083 2908 1138 nuntiat
2939 1082 3250 1155 armigero.

352 1176 666 1230 Confortan
679 1179 731 1228 te
761 1190 931 1228 suam
963 1174 1230 1227 daemone
1263 1171 1561 1238 duritiam,
2047 1175 2178 1244 Qui,
2207 1191 2476 1230 resecans
2504 1190 2707 1228 coxam
2739 1173 2946 1227 stricto
2977 1188 3258 1228 mucrone
3307 1178 3648 1236 sacratam,

281 1264 484 1320 Fundo
518 1263 804 1318 nudatam
839 1261 1160 1316 committit
1190 1261 1444 1332 denique
1473 1259 1753 1332 palmam,
2119 1263 2316 1319 Sancti
2343 1261 2631 1333 Gangolﬁ,
2665 1261 2942 1332 martyris
2971 1261 3195 1332 eximii,

349 1351 442 1407 Nil
475 1367 723 1422 sperans
753 1350 956 1404 damni
987 1366 1158 1420 posse
1191 1347 1303 1402 sibi
1335 1348 1479 1402 ﬁeri.
2046 1351 2316 1408 Deseruit
2346 1350 2622 1422 patriam,
2653 1349 2887 1421 fugiens
2917 1366 3051 1404 cum
3079 1349 3352 1422 conjuge,
3385 1349 3650 1417 claram,

278 1440 431 1497 ‘ll5
465 1441 624 1496 Inter
651 1439 936 1511 frigoreas
967 1439 1181 1494 ardens
1213 1437 1315 1494 sed
1347 1437 1632 1510 comperit
1668 1439 1875 1504 undas,
2121 1442 2345 1514 Raptus
2379 1456 2578 1495 amore
2609 1455 2728 1494 sua:
2760 1437 3048 1495 indomito
3081 1437 3354 1493 dominae.

348 1529 496 1596 Ουίά
529 1533 728 1600 Posset
759 1528 942 1583 IIOSU‘i
971 1528 1204 1582 dextera
1227 1525 1383 1582 celsa
1413 1525 1536 1581 1361-
2051 1531 2163 1587 Sed
2199 1547 2316 1586 non
2349 1527 2558 1601 legalis
2585 1527 2761 1582 ﬁnem
2794 1531 2860 1582 ut
2890 1525 3136 1583 nescivit
3165 1525 3405 1595 amoris,

279 1617 516 1676 Scilicet
543 1618 604 1672 in
637 1616 894 1672 madidis
927 1616 1118 1671 audax
1149 1615 1390 1670 ardebat
1419 1614 1634 1683 arenis,
2116 1619 2211 1676 Sic
2240 1618 2502 1674 vindicta
2531 1633 2702 1672 suam
2735 1615 2926 1672 nescit
2956 1615 3173 1672 habere
3194 1606 3446 1683 moram,

348 1707 548 1764 Uritur
579 1709 638 1760 et
667 1703 924 1760 ﬂammis
955 1703 1168 1760 acriter
1196 1702 1504 1775 aequoreis,
2042 1709 2280 1764 Viscera
2312 1707 2414 1764 sed
2442 1705 2640 1763 subito
2670 1705 2932 1778 profudit
2961 1703 3210 1773 ccelitus,
3244 1709 3376 1762 acta

276 1797 368 1864 Et,
398 1812 526 1866 quae
557 1792 819 1866 paciﬁcis
851 1791 1076 1848 fastidit
1107 1792 1310 1848 cedere
1334 1790 1544 1859 verbis,
1939 1803 1944 1812 '
2117 1796 2346 1852 Pridem
2380 1795 2580 1851 laetitia
2609 1811 2736 1866 qua:
2769 1794 3004 1849 fuerant
3033 1793 3283 1862 tumida,

347 1883 588 1956 Cogitur
617 1887 843 1938 aiternte
875 1883 1080 1937 cedere
1105 1880 1374 1952 justitize.

284 1973 350 2042 O,
385 1989 618 2044 semper
649 1971 834 2026 nostri
868 1969 1057 2026 facilis
1086 1969 1335 2024 mutatio
1363 1968 1597 2037 Christi,

2043 1888 2256 1958 Sicque
2288 1885 2486 1950 miser,
2521 1883 2677 1938 celsa
2707 1887 3038 1955 prostratus
3069 1881 3298 1938 vindice
3330 1884 3544 1940 dextra

2113 1975 2248 2032 Vita
2279 1978 2596 2030 mercatam
2629 1971 2965 2044 perdiderat
2994 1972 3274 2028 Ganeam.

1965 1931 2012 1996 B

344 2063 410 2130 0,
452 2061 641 2116 virtus
664 2059 816 2132 justi
842 2059 1066 2130 judicis
1097 2075 1262 2130 inqua
1293 2058 1391 2113 Dei
1419 2059 1432 2112 l
2043 2067 2190 2122 Nam
2224 2069 2448 2134 martyr
2473 2065 2734 2129 sanctus,
2771 2061 2983 2117 furtivo
3010 2059 3248 2117 vulnere
3279 2058 3482 2126 laesus,

282 2153 430 2209 Nam
461 2167 590 2222 qua:
614 2143 894 2222 jactando
929 2148 1095 2204 fluxit
1125 2165 1186 2204 se
1213 2147 1380 2204 triste
1411 2147 1680 2215 dolendo,
2115 2156 2267 2210 Dum
2303 2151 2510 2208 mortis
2540 2155 2784 2222 gustum
2811 2149 3068 2228 ebiberet
3099 2148 3396 2222 rapidum,

345 2240 622 2297 Exuritur
651 2238 819 2294 tincti
853 2237 1128 2310 pellicula
1160 2237 1404 2294 brachii-
2042 2243 2158 2299 Nec
2189 2259 2306 2298 non
2336 2239 2631 2312 supremis
2663 2238 2922 2296 moriens
2953 2237 3202 2309 spiraret
3232 2237 3293 2292 in
3323 2235 3514 2305 horis,

271 2331 388 2386 Nec
421 2345 607 2400 mora,
635 2344 770 2384 cum
803 2325 1066 2399 palmam
1102 2326 1322 2394 retulit,
1337 2326 1491 2397 quod
1515 2327 1660 2382 forte
1682 2327 1929 2397 negavit,
2110 2331 2356 2388 Astabat
2383 2333 2568 2386 cretus
2601 2328 2872 2384 cominus
2904 2326 3226 2397 angelicus,

350 2418 604 2474 l‘ortavit
634 2417 876 2472 crudcm
907 2413 1174 2470 criminis
1205 2415 1511 2470 indicium.
2041 2421 2192 2478 Voce
2223 2420 2384 2474 ciens
2413 2417 2686 2473 stabilem
2717 2433 2931 2494 corpus
2963 2417 3254 2488 deponere
3287 2419 3527 2484 testem,

275 2509 380 2564 His
415 2509 496 2562 ita
527 2506 793 2578 digestis,
830 2505 1054 2578 pavitat
1081 2522 1249 2560 mens
1279 2504 1512 2560 conscia
1543 2505 1786 2573 fraudis,
2112 2510 2462 2566 Contextum
2492 2505 2654 2562 venis
2688 2505 2864 2560 ﬁctile
2896 2503 3281 2576 languidulis,

351 2596 515 2652 Ultra
544 2612 648 2651 nec
672 2595 799 2650 vitm
825 2613 960 2666 Spes
986 2595 1182 2650 fuerat
1212 2594 1412 2649 venian-
2042 2603 2136 2656 ΙΙ
2153 2602 2189 2656 7
2227 2599 2342 2654 Nec
2361 2595 2786 2668 non,angelicis
2807 2594 3140 2650 blanditum
3159 2594 3417 2649 suaviter
3431 2594 3692 2668 hymnis.

287 2689 546 2742 Tantum
581 2689 740 2740 certa
770 2685 939 2752 mori,
973 2684 1482 2756 corruptelamquc
1512 2683 1679 2754 piari,
2113 2689 2244 2744 Mox
2275 2686 2405 2742 cadi
2435 2685 2616 2743 calles
2642 2700 2881 2756 carpere
2913 2683 3194 2738 sidereas.

351 2775 576 2830 Lethali
609 2791 781 2846 Ρωηᾶ
811 2773 974 2828 Ocius
1006 2773 1292 2845 apposil-a-
2039 2777 2216 2835 Ocius
2245 2775 2550 2848 exspirans
2575 2773 2856 2842 animam,
2891 2775 3130 2844 martyr,
3166 2773 3313 2827 bene
3336 2771 3518 2828 lotam

271 2865 388 2921 Sed
419 2863 606 2919 tristis
636 2863 904 2918 meritam
939 2864 1152 2918 mentis
1183 2862 1549 2933 mitigaverat
1579 2861 1748 2930 iram,
2108 2865 2258 2939 Agni
2283 2863 2501 2920 lucenti
2535 2861 2820 2934 sanguine
2852 2861 3153 2933 purpurei,

349 2953 629 3025 Princeps
656 2951 999 3024 Gangolfus,
1033 2951 1252 3006 arbiter
1282 2951 1575 3023 egregius,
2046 2955 2297 3012 Tollitur
2323 2971 2392 3009 ex
2422 2969 2585 3021 aura,
2619 2951 2968 3022 vehiturque
2999 2967 3103 3022 per
3131 2953 3291 3006 astra
3321 2967 3555 3019 serena,

281 3044 594 3112 Mandans,
631 3046 696 3097 ut
725 3041 964 3114 propria
992 3041 1368 3095 damnandus
1397 3038 1646 3095 clericus
1676 3057 1812 3110 ergo
2112 3046 2176 3100 In
2210 3042 2339 3098 cceli
2372 3047 2543 3115 porta
2567 3039 2800 3096 sistitur
2829 3044 2887 3094 et
2915 3039 3186 3095 Domino.

343 3131 638 3204 Expulsus
667 3130 862 3186 subito
893 3133 1160 3201 pergeret
1189 3147 1220 3184 e
1252 3128 1464 3200 patria,
2040 3135 2142 3192 llic
2172 3133 2283 3190 sibi
2317 3133 2388 3188 de
2417 3131 2647 3187 Christo
2679 3131 2864 3185 fertur
2892 3145 3027 3184 mox
3057 3127 3258 3184 laurea
3286 3146 3439 3198 rara,

273 3225 402 3288 Quo
433 3237 542 3276 sua
571 3221 884 3276 ﬂectemus
915 3218 1072 3272 mala
1099 3217 1338 3272 deﬂoret
1367 3217 1710 3273 scelerosus.
2108 3223 2180 3280 Et
2209 3220 2487 3278 manibus
2516 3218 2700 3276 bravii
2732 3216 2996 3290 palmula
3026 3217 3312 3290 perpetui,

345 3309 458 3364 Sed
492 3307 701 3380 pulsus
732 3305 924 3378 patria
949 3310 1037 3360 est
1067 3309 1124 3360 ϐῐ
1153 3305 1327 3360 (illius
1356 3305 1582 3374 exsilio,
1957 3303 2000 3369 C
2040 3309 2400 3383 Lucentique
2428 3307 2580 3364 stola
2609 3306 2814 3363 cuneis
2844 3305 3228 3378 conjungitur
3256 3305 3407 3362 albis

269 3399 344 3456 Et
373 3397 556 3453 donat
589 3395 867 3451 miseram
897 3393 1099 3462 veniae,
1135 3393 1472 3462 miseratus,
1506 3393 1746 3462 honore,
2109 3401 2217 3456 Per
2246 3398 2458 3455 vulnus
2479 3395 2593 3452 laeti
2625 3412 2774 3468 quos
2805 3398 2966 3450 tenet
2994 3393 3131 3449 aula
3159 3393 3298 3466 poli.

345 3485 509 3542 Ultra
539 3484 642 3542 sed
676 3483 910 3556 proprio
945 3500 1060 3538 non
1092 3482 1245 3538 locat
1275 3483 1335 3538 in
1369 3483 1654 3540 thalamo.
2038 3488 2284 3547 Funeris
2311 3487 2538 3543 interea-
2555 3484 2758 3557 magni
2785 3484 2852 3539 ﬁt
2878 3499 3094 3556 pompa
3124 3483 3332 3556 parati,

271 3577 411 3632 Post
437 3574 582 3646 hac,
613 3572 879 3645 Gangolﬁ
912 3573 1070 3628 fama
1104 3577 1400 3629 crescente
1429 3573 1604 3643 beati,
2107 3578 2332 3634 Ornant
2361 3573 2650 3646 exsequiae
2681 3589 2896 3644 corpus
2923 3576 2982 3627 et
3011 3571 3298 3628 exanime.

346 3662 663 3720 Laudatrix
691 3662 820 3718 vita:
853 3679 982 3734 quae
1010 3661 1120 3717 fuit
1150 3661 1440 3730 almiﬁcae,
2039 3665 2404 3740 Plangebant
2433 3663 2628 3719 cuncti
2660 3677 2864 3718 casum
2890 3659 3156 3732 tantique
3180 3659 3436 3732 patroni,

271 3753 446 3810 Vafer
475 3752 752 3824 deceptor
781 3751 1089 3806 hominum
1123 3757 1444 3824 captorque
1474 3769 1728 3820 reorum,
2114 3754 2306 3828 Ipsius
2337 3751 2577 3810 famulis
2609 3749 2862 3806 maxime
2893 3750 2995 3806 sed
3028 3748 3250 3817 miseri,

346 3840 626 3898 Evolvens
661 3839 839 3896 bilem
870 3839 1100 3896 invidiae
1131 3845 1410 3906 veterem,
2039 3844 2408 3917 Eligiturque
2437 3841 2601 3898 locus
2631 3837 2860 3896 tumulo
2889 3837 3150 3910 locuples
3178 3837 3532 3906 venerando,

285 3929 618 3988 Fraudibus
648 3929 980 4002 omnigenis
1011 3929 1266 4002 antiquae
1295 3929 1639 3986 calliditatis
2111 3937 2295 4002 Quom
2325 3932 2571 3988 tradunt
2599 3933 2822 3986 veteres
2849 3927 2941 3984 Nil
2970 3927 3224 3984 vocitare
3252 3931 3474 4000 patres.

349 4017 640 4088 Τθῐιιεινίῐν
675 4019 892 4074 famam
925 4035 1206 4074 evacual‘c
1237 4017 1474 4088 bOham.
2042 4023 2129 4081 llli
2163 4020 2427 4094 Gangolli
2457 4018 2791 4076 condebant
2821 4015 3089 4072 membra
3117 4015 3295 4084 beati,

281 4110 364 4165 Ne
393 4125 562 4182 gens,
591 4107 854 4179 exemplo
885 4106 986 4162 tali
1020 4111 1299 4179 tantoque
1331 4125 1526 4178 suasa,
2109 4113 2320 4170 Sacros
2351 4112 2694 4182 spargentes
2725 4123 2860 4163 cum
2892 4104 3166 4178 lacrymis
3195 4104 3442 4174 cineres,

345 4199 495 4252 Ante
525 4197 780 4270 superba
811 4213 920 4252 sua
949 4195 1097 4252 colla
1125 4197 1290 4252 daret
1320 4197 1578 4253 domino.
2045 4202 2182 4258 Post
2203 4182 2326 4256 haec
2356 4215 2474 4254 non
2506 4213 2636 4252 raro
2666 4194 2984 4251 visitabant
3009 4209 3145 4250 ossa
3174 4197 3422 4261 sacrata,

285 4288 574 4358 Tempore
595 4291 736 4341 tunc
768 4283 940 4358 longe
971 4286 1205 4341 sudavit
1230 4286 1434 4342 fraude
1465 4287 1744 4360 maligna,
2115 4291 2450 4356 Quaerentes
2480 4291 2707 4342 certum
2738 4283 2993 4356 denique
3017 4281 3384 4356 praesidium.

351 4375 584 4432 Laedere
615 4375 910 4431 famosum
945 4391 1048 4432 nec
1078 4375 1262 4432 valuit
1295 4375 1601 4446 duculum,
2045 4381 2404 4436 Strenuntur
2435 4391 2599 4432 sacro
2630 4389 2938 4446 procerum
2961 4387 3193 4444 quoque
3224 4385 3469 4442 corpora
3498 4371 3684 4435 busto,

287 4464 352 4520 In
385 4463 538 4520 soles
571 4463 709 4536 quia
741 4464 928 4521 multo
960 4465 1148 4538 magis
1177 4465 1264 4522 vis
1295 4466 1474 4522 crevit
1506 4465 1722 4522 amoris
2119 4467 2226 4523 Pro
2257 4465 2387 4523 vita:
2420 4463 2616 4521 causis
2646 4459 2944 4518 instabilis
2976 4460 3174 4517 variis.

351 4552 518 4608 lllius
551 4553 749 4626 magni
785 4554 1062 4610 cordibus
1091 4554 1150 4608 in
1184 4553 1406 4626 populi,
2044 4559 2149 4613 Ast
2179 4555 2280 4628 qui
2313 4558 2542 4626 sceptra
2571 4551 3091 4625 gerit,prostratus
3123 4565 3438 4618 marmore,
3463 4546 3681 4612 lambit,

279 4643 435 4698 ne
469 4641 767 4698 Postremo
782 4643 1008 4698 fraudis
1024 4643 1305 4701 miserum
1321 4641 1712 4696 circumdedit
1728 4641 1929 4709 armis,
1963 4675 2012 4740 Β
2118 4647 2188 4702 Et
2215 4644 2362 4700 libat
2385 4641 2613 4698 tumulo
2648 4638 2848 4695 oscula
2871 4654 3219 4694 marmoreo.

351 4733 556 4796 Quem,
592 4731 832 4786 sceleris
863 4749 1062 4798 causa,
1090 4730 1346 4802 reppulit
1374 4747 1404 4784 e
1436 4729 1644 4800 patria,
1963 4720 2010 4740 "
2043 4736 2305 4800 Munere,
2339 4748 2464 4804 spe,
2495 4729 2670 4785 dictis
2701 4727 3049 4800 recogitans,
3079 4743 3194 4798 quo
3229 4727 3508 4800 martyris
3555 4720 3682 4780 almi

283 4818 604 4890 Sanguinis
638 4818 915 4890 huncque
947 4819 1042 4873 siti
1059 4819 1246 4888 jussit
1280 4819 1496 4873 fervere
1529 4818 1786 4889 superbi,
2114 4825 2220 4879 Pro
2252 4819 2480 4876 meritis
2505 4817 2776 4874 Christus
2807 4815 2886 4872 sit
2917 4816 3028 4871 sibi
3061 4815 3373 4888 propitius.

350 4907 465 4960 Nec
499 4906 669 4961 scivit
701 4907 935 4979 proprie
968 4923 1202 4977 parcere
1224 4907 1350 4975 jam
1383 4905 1640 4960 domino.
2040 4911 2190 4979 Quid
2225 4911 2470 4966 referam
2504 4906 2739 4962 turbam
2772 4905 2978 4976 templi
3011 4921 3114 4976 pro
3146 4903 3351 4960 limine
3372 4905 3614 4976 jactam,

283 4993 412 5050 Tali
445 4995 710 5048 sulfusus
742 4995 938 5048 subito
974 5011 1109 5048 cum
1141 4993 1272 5049 felle
1304 4994 1590 5062 misellus,
2113 4999 2331 5066 Quidve
2361 4998 2569 5068 loquor
2597 5000 2729 5052 vota
2761 4995 2918 5050 illius
2948 4993 3309 5048 innumera?

354 5083 415 5137 In
449 5087 696 5136 mortem
723 5083 873 5153 justi
907 5086 1114 5136 metuat
1144 5087 1318 5152 atque
1351 5083 1455 5154 pii,
2045 5092 2172 5146 "me
2205 5093 2358 5145 certe
2390 5085 2592 5141 nullus
2625 5085 2776 5156 potis
2807 5093 2897 5138 est
2923 5083 3341 5154 comprendere
3370 5099 3602 5148 sensus,

277 5174 380 5239 Ac,
414 5169 585 5242 parili
619 5176 888 5241 repetens
918 5171 1176 5225 Gancam
1209 5171 1436 5227 feritate
1463 5170 1804 5244 malignam,
2115 5179 2230 5234 Nec
2261 5179 2510 5249 possunt
2541 5173 2674 5230 ulla:
2705 5173 2896 5228 dicere
2926 5171 3221 5227 litterulae.

354 5259 439 5315 llli
474 5257 718 5314 nudavit
746 5258 945 5313 omnia
976 5275 1103 5328 qua:
1137 5260 1384 5314 studuit.
2045 5270 2114 5323 At
2143 5272 2349 5322 contra
2376 5280 2512 5320 vero
2543 5261 2710 5318 testis
2741 5259 3144 5334 prosperimus
3175 5259 3320 5332 ipsis

280 5348 456 5405 Ocius
489 5347 634 5413 haec,
665 5346 792 5417 ejus
827 5347 1042 5417 pravis,
1077 5346 1189 5402 heu
1216 5346 1228 5400 l
1264 5349 1502 5404 subdita
1531 5349 1698 5414 votis,
2119 5353 2394 5428 Largitur
2423 5353 2560 5408 talis
2591 5368 2840 5407 munera
2869 5349 3223 5417 dulcedinis,

353 5437 604 5508 Optavit,
639 5434 818 5490 citius
836 5435 963 5506 jam
1000 5435 1123 5490 fieri
1159 5437 1412 5506 facinus,
2043 5444 2248 5500 Omnis
2281 5448 2346 5498 ut
2377 5442 2599 5512 absque
2622 5457 2787 5496 mora
2818 5439 3020 5510 sentit,
3034 5439 3156 5493 fore
3172 5435 3674 5510 prosperacuncta,

281 5525 493 5582 Tendit
523 5528 580 5580 et
610 5523 858 5580 insidias
880 5524 1047 5594 justo
1071 5523 1224 5581 clam
1257 5542 1467 5596 nempe
1498 5526 1801 5597 nefandas,
2112 5531 2458 5604 Emagitant
2485 5533 2694 5585 testem
2728 5544 2832 5600 pro
2865 5526 3082 5600 quibus
3111 5525 3436 5600 egregium,

353 5616 670 5670 Immemor
701 5611 978 5684 antiquae,
1008 5612 1118 5668 vah
1145 5612 1158 5666 !
1194 5614 1430 5685 penitus
1454 5615 1660 5686 venim,
2043 5621 2146 5678 llic
2170 5625 2324 5676 certe
2355 5619 2484 5674 laeto
2517 5617 2686 5674 caecis
2715 5617 2844 5673 visu
2877 5621 3168 5688 reparato,

283 5705 408 5779 Qua
437 5719 499 5760 se
532 5703 602 5760 de
632 5718 806 5785 poena
834 5700 1005 5761 solvit
1026 5703 1153 5784 iam
1181 5703 1288 5760 rite
1318 5703 1602 5797 paranda,
2115 5708 2322 5773 Haurit
2352 5724 2487 5798 me}
2517 5705 2702 5778 oculis
2735 5705 2983 5769 fulmina
3012 5703 3172 5769 clara
3202 5703 3347 5786 suis,
