3904 6384
354 393 523 468 ωοδ

1179 394 1711 453 ΗΠΟΤΞΟΙΊῚΙΙΕ
1739 393 1917 452 ‘MON

2122 392 2129 446 ἱ
2177 388 2972 450 GANDEIlSIlEIMENSlS

3617 387 3765 460 ms

364 532 500 598 Qua
531 533 586 584 te
613 533 812 583 mento
837 524 984 593 colo,
1001 540 1239 581 carmen
1269 541 1505 597 quoque
1536 527 1770 596 pectere
1789 537 2018 597 promo;
2049 524 2104 590 Α
2135 521 2570 594 Famosumque
2599 525 2770 577 tuum
2800 519 3028 577 calamo
3059 521 3292 594 signare
3320 519 3705 593 triumphum,

365 619 436 674 Et
466 618 574 684 fac,
607 613 798 686 exigui
831 628 1041 684 supero
1072 611 1143 666 de
1172 627 1302 666 rore
1335 609 1511 682 rigari

367 703 620 764 Pectoris
653 703 971 759 obscurum
994 699 1123 771 jam
1155 699 1269 755 mis
1299 697 1648 755 clementius
1679 703 1938 768 antrum,

365 799 488 864 Quo
517 791 742 868 possim
771 789 1016 848 laudum
1047 787 1339 861 condigne
1369 787 1517 845 mire
1547 793 1807 856 tuarum,

2129 609 2200 666 Et
2229 625 2404 682 quem
2432 609 2706 666 nobiliter
2733 609 3026 666 mundum
3070 625 3207 665 cum
3254 611 3441 664 morte
3479 611 3767 664 cruentum

2129 697 2359 768 Vicisti,
2393 698 2644 756 nitidam
2670 702 2968 756 mercatus
2987 697 3286 773 sanguine
3314 696 3594 772 palmam.

1869 947 2266 965 ἡ

1079 937 3092 1243 ΞΕΟΠΙΤΠῨΙΞῙΠΞΤΟΒΙΑ

435 1297 704 1358 Partibus
736 1299 996 1356 occiduis
1029 1297 1194 1354 fulsit
1223 1297 1450 1353 clarum
1481 1297 1662 1354 decus
1693 1296 1852 1354 orbis

361 1391 511 1449 Urbs
539 1392 804 1464 Augusta
832 1389 1008 1456 Nova,
1034 1385 1238 1443 Martis
1268 1386 1496 1442 feritate
1529 1387 1802 1460 superba.

361 1483 549 1548 Quam
581 1479 728 1536 satis
755 1477 999 1552 Hispani
1029 1476 1252 1534 cultam
1283 1480 1525 1534 tenuere
1555 1477 1766 1546 coloni,

360 1571 509 1628 121
545 1567 835 1635 Corduba,
868 1564 1097 1623 famosa
1125 1564 1385 1638 locuples
1417 1566 1487 1622 de
1517 1565 1756 1621 nomine
1788 1563 1964 1633 dicta,

360 1658 582 1732 Inclyta
611 1655 856 1725 deliciis,
894 1655 1070 1711 rebus
1101 1671 1334 1727 quoque
1366 1653 1675 1726 splendida
1703 1653 1952 1722 cunctis,

359 1747 610 1804 Maxime
641 1745 900 1823 septenis
931 1743 1150 1816 scpbia:
1184 1742 1406 1815 repleta
1436 1742 1694 1811 ﬂuentis,

357 1837 473 1894 Nec
505 1851 620 1892 non
651 1832 947 1907 perpetuis
968 1849 1198 1904 semper
1227 1831 1507 1904 praeclara
1527 1831 1865 1905 triumphis,

359 1923 511 1980 Olim
541 1941 669 1997 qua:
701 1923 931 1979 Christo
964 1921 1156 1977 fuerat
1183 1939 1326 1976 vene
1347 1921 1585 1978 subdita
1606 1923 1770 1994 justo

359 2013 534 2071 Fudit
563 2018 620 2068 et
651 2013 878 2069 albatos
909 2009 1159 2068 Domino
1191 2010 1545 2082 baptismate
1576 2016 1765 2066 natos.

359 2101 574 2159 Bellica
601 2102 704 2157 sed
738 2099 934 2156 subito
965 2100 1169 2169 virtus,
1205 2099 1352 2154 bene
1377 2099 1610 2154 condita
1632 2101 1769 2172 jura

360 2189 609 2248 Mutavit
639 2207 818 2247 sacras
849 2189 1004 2257 ﬁdei,
1039 2188 1369 2262 spargendo
1401 2188 1638 2244 nefandi

358 2279 662 2352 Dogmatis
694 2294 970 2346 errorem,
1007 2275 1285 2350 popalum
1319 2275 1587 2350 lmsitque
1618 2275 1872 2332 ﬁdelem.

431 2367 656 2424 Perﬁda
685 2383 821 2424 nam
853 2367 1278 2422 Saracenorum
1308 2383 1453 2439 gens
1485 2366 1910 2422 indomitorum

361 2457 536 2514 Urbis
567 2461 752 2512 marte
782 2456 930 2528 petit
957 2456 1136 2512 duros
1169 2455 1417 2526 hujusce
1443 2455 1678 2512 colonos

357 2545 588 2618 Eripuit
618 2562 794 2619 regne
827 2549 1045 2600 sortem
1079 2545 1192 2600 sibi
1223 2543 1338 2599 vim
1371 2561 1605 2616 quoque
1636 2543 1798 2611 clari,

362 2634 768 2707 Exstinxitque
799 2635 1020 2690 bonum
1045 2650 1262 2706 regem,
1296 2633 1646 2705 baptismate
1679 2632 1888 2699 lotum,

358 2723 468 2790 Qui
501 2723 727 2797 pridem
761 2724 968 2780 merito
1001 2723 1184 2796 gessit
1218 2722 1434 2794 regalia
1465 2727 1716 2794 sceptra,

356 2814 428 2869 Et
457 2812 612 2868 cives
633 2812 816 2884 justis
847 2811 1076 2868 domuit
1107 2815 1248 2883 quot
1279 2816 1545 2882 tempora
1577 2810 1774 2866 frenis.

358 2901 566 2958 Hostili
599 2902 749 2958 ferro
779 2905 935 2957 certe
966 2917 1080 2972 quo
1104 2902 1230 2972 jam
1263 2904 1558 2970 superato,

354 2994 434 3048 Ac
466 2991 688 3064 reliquo
718 2990 868 3046 victo
901 2993 1065 3044 tanta
1095 2989 1166 3044 de
1197 2989 1350 3044 crede
1373 2988 1621 3060 popello,

357 3081 575 3137 Ductor
603 3078 920 3135 barbaricas
951 3078 1427 3148 gentis,structor
1457 3093 1689 3147 quoque
1721 3091 1928 3145 pugna:

354 3169 458 3224 Vir
485 3173 576 3224 sat
607 3183 932 3240 pervorsus,
966 3165 1084 3219 vita
1109 3164 1342 3235 rituque
1377 3165 1678 3235 profanus,

355 3257 628 3312 Vindicat
659 3254 886 3326 imperii
921 3258 1138 3308 sortem
1172 3251 1282 3306 sibi
1315 3252 1566 3322 denique
1599 3251 1763 3319 tanti,

357 3345 613 3401 Collocat
643 3348 699 3398 et
726 3342 914 3396 socios
948 3340 1195 3413 populos
1229 3357 1362 3395 rure
1393 3340 1698 3408 nefandos,

357 3431 613 3506 lmplcns
644 3434 985 3486 maerentem
1019 3445 1134 3484 non
1166 3428 1371 3500 paucis
1403 3429 1672 3485 hostibus
1705 3429 1934 3496 urbem,

359 3521 572 3580 Polluit
602 3525 660 3576 et
688 3524 941 3576 veterem
967 3536 1124 3591 pura:
1157 3518 1291 3573 ﬁdei
1325 3518 1664 3591 genitricem

359 3611 670 3669 Barbarico
702 3609 840 3678 ritu,
869 3608 1026 3681 quod
1057 3625 1196 3664 nam
1230 3607 1563 3664 miserabile
1596 3608 1777 3677 dictu,

359 3702 624 3774 Paganos
646 3698 832 3771 justis
854 3696 1310 3752 intermiscendo
1342 3696 1584 3767 colonis,

359 3793 485 3858 Quo
515 3787 627 3846 sibi
659 3787 973 3843 suaderent
1005 3787 1224 3858 patrios
1257 3785 1570 3842 dissolvere
1602 3803 1794 3842 mores

359 3879 555 3952 Deque
588 3877 892 3950 profanato
925 3893 1123 3932 secum
1157 3876 1392 3932 sordere
1423 3875 1658 3931 sacello.

429 3969 653 4041 Agmeu
685 3966 786 4023 sed
832 3969 1120 4032 tenerum,
1154 3963 1384 4019 Christo
1434 3968 1665 4035 pastore
1697 3963 2016 4036 regendum

360 4058 606 4115 Jussum
638 4053 893 4128 perversi
922 4053 1151 4124 respuit
1182 4070 1313 4108 mox
1344 4052 1506 4108 trisie
1537 4053 1791 4125 tyranni,

361 4145 572 4202 Dicens
603 4142 776 4199 malle
799 4141 967 4208 mori,
1003 4141 1189 4214 legem
1223 4157 1456 4212 quoque
1487 4147 1672 4196 morte
1701 4142 1874 4208 tueri,

359 4233 564 4288 Vivere
588 4247 765 4304 quam
797 4229 977 4286 stulte
1008 4229 1191 4285 sacris
1224 4227 1562 4284 famulando
1597 4229 1860 4285 novellis.

363 4323 486 4388 Quo
515 4336 614 4376 rex
645 4323 962 4390 comperto,
999 4334 1113 4372 non
1147 4317 1372 4389 absque
1399 4317 1488 4372 sui
1523 4315 1644 4373 fore
1677 4317 1894 4374 damno

362 4408 580 4479 Sensit,
611 4409 662 4464 si
695 4409 927 4464 cunctis
949 4407 1167 4479 pariter
1197 4405 1514 4478 praedivitis
1547 4406 1735 4475 urbis,

362 4501 548 4566 Quam
580 4497 782 4555 crebro
814 4495 1017 4552 valida:
1050 4494 1202 4566 cepit
1231 4494 1548 4550 luctamine
1579 4512 1789 4568 pugna:

361 4587 619 4654 Civibus,
645 4586 936 4642 excidium
968 4583 1175 4640 mortis
1207 4584 1496 4640 conferret
1525 4600 1810 4641 amarum.

360 4675 447 4732 Ob
479 4674 636 4747 quod
661 4675 961 4729 decretum
995 4671 1160 4744 prius
1191 4671 1560 4727 immutando
1591 4675 1901 4741 statutum,

361 4765 519 4820 122
549 4763 755 4819 Sanxit
785 4779 919 4817 mox
951 4759 1163 4832 legem,
1193 4759 1429 4832 vulgato
1461 4759 1734 4834 dogmate
1765 4762 1963 4832 talem,

362 4851 437 4910 Ut
464 4849 734 4924 quisquis
758 4849 895 4922 Regi
929 4848 1130 4904 mallet
1153 4848 1368 4904 servire
1399 4849 1658 4920 perenni,

362 4939 433 4996 Et
461 4944 698 5012 patrum
731 4954 924 4992 mores
956 4935 1096 4991 olim
1133 4953 1360 4992 servare
1392 4937 1618 5006 fideles,

363 5029 481 5085 Hoc
512 5028 726 5082 faceret
757 5025 938 5090 licito,
973 5023 1134 5079 nulla
1161 5031 1292 5097 post
1323 5025 1552 5082 vindice
1583 5044 1773 5099 paena,

363 5117 480 5172 Hac
511 5114 701 5170 solum
735 5119 901 5168 caute
932 5120 1160 5169 servata
1189 5113 1540 5183 conditione,

363 5205 444 5260 Ne
477 5203 610 5275 quis
640 5204 890 5274 przefatzn
923 5202 1063 5257 civis
1094 5207 1474 5274 prmsumerct
1505 5205 1666 5260 urbis

362 5292 525 5349 Ultra
555 5289 964 5363 blasphemare
997 5290 1111 5347 diis
1139 5308 1280 5347 auro
1313 5291 1637 5362 fabricatis,

362 5383 517 5448 Quos
535 5379 807 5452 princeps
826 5379 1037 5435 coleret
1067 5385 1365 5452 sceptrum
1389 5380 1748 5453 quicumque
1773 5387 2012 5457 teneret,

362 5471 478 5526 Seu
508 5472 686 5540 caput
716 5471 916 5524 exacto
947 5467 1120 5524 citius
1152 5469 1282 5540 subj
1295 5486 1514 5542 ungere
1545 5468 1718 5540 ferro,

363 5559 434 5618 Et
461 5555 875 5614 sententiolam
908 5555 1008 5612 loti
1039 5557 1262 5630 perfero
1293 5573 1655 5631 supremam.

438 5645 540 5710 His
571 5645 656 5710 ita
684 5645 950 5728 digestis,
987 5645 1264 5707 simulata
1293 5658 1454 5725 pace,
1489 5645 1727 5728 quievit,

2129 1297 2352 1355 Obruta
2383 1295 2546 1354 mille
2577 1297 2750 1355 malis
2780 1297 2954 1354 toties
2984 1297 3126 1354 urbs
3159 1313 3368 1370 nempe
3399 1295 3612 1355 ﬁdelis.

2129 1387 2264 1456 Sed,
2298 1387 2348 1442 si
2381 1403 2530 1459 quos
2559 1385 2715 1462 ignis
2746 1375 2963 1444 Christi
2994 1385 3300 1443 succendit
3328 1385 3546 1463 amoris

2129 1473 2528 1550 Marty'riique,
2563 1475 2709 1532 satis
2740 1474 2932 1531 suasit
2961 1491 3334 1548 corrumpere
3361 1474 3538 1532 dictis
3723 1531 3727 1535 .

2129 1563 2580 1638 Marmora,qua2
2599 1563 3170 1637 princeps,comptus
3184 1562 3774 1639 diademate,su’ppiex

2128 1652 2378 1726 Corpore
2409 1657 2700 1726 prostrato
2731 1655 3042 1710 veneratur
3073 1653 3246 1709 thure
3275 1652 3502 1724 Sabaeo,

2129 1741 2245 1798 Hos
2276 1741 2485 1814 capitis
2515 1742 2713 1798 subito
2743 1741 3044 1798 damnavit
3073 1739 3332 1815 denique
3362 1756 3555 1814 paena.

2045 1833 2092 1900 B
2122 1829 2234 1888 Sed
2267 1848 2512 1904 superos
2545 1831 2754 1888 anima:
2786 1831 3084 1905 petierunt
3115 1831 3403 1904 sanguine
3431 1831 3588 1890 lotae.

2202 1919 2450 1976 Casibus
2483 1919 2576 1976 bis
2608 1921 2809 1992 plures
2839 1920 3104 1977 volvebat
3131 1919 3403 1976 Corduba
3431 1919 3608 1990 soles,

2130 2009 2377 2064 Subdita
2407 2027 2509 2082 per
2538 2009 2780 2082 longum
2813 2009 3060 2082 paganis
3092 2009 3329 2082 regibus
3359 2026 3572 2081 aevum,

2129 2097 2322 2154 Donec
2355 2099 2465 2153 sub
2500 2099 2718 2154 nostris
2747 2099 2990 2170 quidam
3023 2099 3094 2154 de
3124 2098 3388 2170 germine
3420 2099 3576 2172 regis

2129 2186 2539 2260 Temporibus,
2575 2202 2822 2259 regnum
2855 2189 3115 2258 suscepit
3147 2187 3293 2244 forte
3323 2192 3656 2261 parentum,
3748 2245 3756 2253 ,

2199 2274 2460 2331 Deterior
2492 2274 2778 2350 patribus,
2813 2274 2955 2332 luxu
2985 2277 3179 2332 carnis
3213 2275 3570 2350 maculatus,

2126 2364 2534 2420 Abdrahemen
2563 2365 2776 2432 dictus,
2811 2365 2973 2437 regni
3005 2364 3314 2437 splendore
3344 2366 3656 2438 superbus,

2127 2453 2235 2520 Qui
2267 2470 2404 2510 nam
2435 2453 2801 2510 Christicolis
2833 2454 3102 2524 faciebat,
3137 2471 3299 2511 more
3332 2443 3616 2528 parentis,

2128 2541 2378 2598 Librans
2409 2542 2718 2598 arbitrium
2751 2543 2912 2612 ﬁdei,
2945 2560 3126 2616 supra
3156 2549 3573 2614 memoratum,

2125 2631 2244 2687 Nec
2274 2631 2418 2687 satis
2449 2631 2763 2704 injustam,
2794 2629 3209 2704 solvit'pietate
3240 2634 3568 2702 decretum,

2123 2721 2342 2776 Auctor
2373 2721 2526 2792 quod
2557 2721 2814 2791 sceleris,
2849 2722 3158 2794 populator
3190 2725 3449 2796 perﬁdus
3481 2723 3646 2779 urbis

2132 2809 2360 2876 Sanxit,
2390 2811 2533 2865 dum
2565 2828 2760 2881 regem
2795 2815 3102 2883 superaret
3133 2812 3315 2868 Marte
3347 2811 3606 2880 ﬁdelem,

2129 2899 2242 2954 Sed
2271 2898 2508 2956 volvens
2540 2898 3002 2970 animo,servans
3024 2915 3257 2972 quoque
3273 2902 3447 2958 corde
3469 2893 3762 2974 profundo.

2127 2987 2351 3058 Saepius
2385 2988 2635 3042 innocuo
2667 2989 2982 3044 madefecit
3012 2989 3300 3060 sanguine
3329 3007 3488 3056 rura,

2125 3074 2378 3146 Corpora
2401 3075 2700 3144 justorum
2729 3092 3086 3131 consumens
3119 3083 3326 3134 sancta
3357 3079 3643 3146 virorum,

2125 3163 2231 3228 Qui
2265 3163 2494 3218 Christo
2527 3162 2729 3217 laudes
2751 3163 3036 3218 ardebant
3057 3181 3310 3237 pangere
3343 3167 3575 3235 dulces,

2123 3249 2315 3322 Ipsius
2346 3255 2403 3305 ct
2431 3249 2646 3306 stultos
2676 3251 2868 3306 verbis
2899 3250 3322 3322 reprehendere
3352 3253 3546 3310 divos.

2125 3338 2370 3411 insuper
2400 3343 2455 3394 et
2484 3343 2648 3394 tanto
2675 3339 2830 3394 fastu
2863 3356 2926 3394 se
2947 3340 3134 3410 jactat
3164 3339 3222 3394 in
3257 3340 3392 3398 aula

2125 3425 2477 3498 Sacrilegus,
2515 3427 2754 3482 meritas
2783 3426 3096 3482 cumulans
3128 3427 3240 3483 sibi
3273 3429 3535 3502 denique
3551 3437 3762 3505 ‘pmnas,

2125 3517 2279 3573 123
2313 3515 2384 3572 Ut
2414 3533 2609 3588 regem
2642 3533 2844 3588 regum
2879 3522 3064 3572 semet
3086 3517 3207 3572 fore
3233 3518 3501 3576 crederet
3533 3521 3737 3593 ipsum,

2125 3605 2268 3676 Ejus
2300 3609 2357 3661 et
2387 3605 2634 3677 imperio
2663 3609 2870 3678 gentes
2903 3622 3108 3661 omnes
3137 3606 3276 3662 dare
3307 3607 3480 3680 colla,

2127 3693 2324 3750 Ullum
2359 3711 2463 3750 nec
2493 3699 2658 3750 tanta
2688 3693 2970 3767 populum
2999 3693 3226 3750 feritate
3259 3696 3563 3770 refertum,

2129 3782 2238 3852 Qui
2271 3789 2495 3839 tentare
2525 3801 2666 3840 suas
2697 3783 2938 3840 auderet
2968 3784 3152 3840 Marte
3183 3790 3466 3843 catervas.

2200 3871 2350 3928 Dum
2385 3872 2607 3928 tumuit
2637 3873 2790 3928 fastu
2823 3872 2980 3929 licito
3005 3874 3332 3944 jactantius
3366 3875 3504 3943 isto,

2126 3959 2327 4016 Audiit
2359 3961 2494 4016 inde
2524 3961 2667 4017 locis
2698 3967 2930 4033 gentem
2963 3961 3169 4034 degere
3200 3963 3462 4032 remotis,

2117 4047 2374 4106 'Gallicia
2403 4050 2636 4124 regione
2660 4051 2832 4107 sitam
2866 4051 3132 4124 belloque
3165 4054 3506 4126 superbam,

2129 4138 2346 4195 Christi
2380 4138 2684 4196 cultricem
2707 4139 3278 4214 simulacrorumque
3309 4141 3612 4216 rebellem,

2131 4229 2266 4293 Qua:
2297 4245 2406 4284 sua
2439 4227 2710 4284 continuo
2743 4233 2903 4286 tenta
2935 4234 2991 4285 et
3021 4246 3297 4302 spernere
3321 4231 3484 4304 jura,

2033 4357 2042 4368 .
2124 4315 2288 4372 Velle
2320 4332 2543 4389 negans
2569 4317 2827 4373 dominis
2858 4317 2998 4373 olim
3032 4319 3152 4374 fore
3183 4319 3422 4376 subdita
3452 4321 3668 4393 pravis.

2131 4406 2253 4472 Quo
2286 4421 2386 4460 rex
2415 4409 2732 4477 comperto,
2767 4405 3026 4462 fervebat
3057 4406 3342 4463 daemonia
3371 4407 3482 4476 ira,

2131 4493 2315 4548 Corde
2345 4509 2554 4565 gerens
2584 4497 2836 4550 veterem
2861 4495 3152 4566 serpentis
3183 4495 3437 4568 denique
3468 4495 3668 4564 bilem,

2049 4569 2098 4638 D
2128 4579 2524 4654 Volvebatque
2556 4581 2654 4638 diu
2690 4582 2990 4639 flammato
3023 4583 3278 4641 dedecus
3307 4589 3464 4654 astu,

2129 4670 2278 4737 Quid
2311 4671 2526 4728 faceret
2555 4671 2756 4740 tantis,
2790 4671 2988 4728 animo
3020 4677 3306 4746 tractans,
3335 4673 3616 4732 inimicis.

2130 4759 2414 4832 Tandem,
2448 4776 2658 4833 nempe
2687 4759 2820 4817 dolo
2850 4761 3080 4817 eunetis
3101 4762 3228 4834 jam
3258 4763 3407 4820 forte
3437 4769 3672 4832 retecto,

2131 4848 2362 4904 Aﬁ‘atur
2387 4865 2654 4922 proceres
2687 4849 3002 4922 praedivitis
3034 4849 3199 4906 urbis
3227 4849 3466 4924 hcrilos,

2130 4937 2295 4996 Talia
2325 4938 2599 5010 pestifero
2631 4937 2899 4994 latrando
2931 4938 3172 4994 verbula
3203 4945 3391 4997 rostro
3427 4958 3442 4998 :

2129 5027 2253 5084 Non
2286 5027 2446 5093 latet,
2481 5026 2728 5100 imperio
2760 5041 2926 5100 reges
2956 5028 3334 5085 succombere
3367 5035 3590 5101 nostro,

2125 5116 2328 5172 Vivere
2357 5120 2694 5174 nostrarum
2725 5133 2830 5172 nec
2863 5133 2978 5172 non
3009 5117 3413 5174 moderamine
3443 5119 3656 5192 legum,

2126 5205 2341 5260 Omnes
2373 5204 2638 5260 Oceanus
2669 5209 2870 5277 gentes
2903 5223 3049 5278 quas
3079 5205 3289 5261 circuit
3318 5205 3494 5266 altus.

2126 5291 2236 5348 Sed
2269 5308 2394 5364 qua:
2427 5289 2702 5347 Gallicios
2736 5292 2948 5347 retinet
2978 5292 3196 5348 ﬁducia
3225 5297 3428 5366 captos

2125 5381 2352 5447 Nescio,
2386 5378 2645 5452 gratiolze
2679 5385 2957 5452 respuant
2986 5385 3052 5436 ut
3080 5381 3299 5438 foedera
3327 5388 3559 5442 nostris.

2123 5466 2194 5526 Et
2218 5469 2456 5526 tandem
2485 5468 2697 5525 veteris
2724 5469 2848 5526 sint
2878 5470 3092 5542 ingrati
3124 5471 3386 5544 pietatis.

2127 5560 2329 5616 Restat
2357 5560 2424 5614 ut
2452 5555 2695 5613 armatis
2726 5561 3060 5630 repetamus
3081 5559 3299 5633 quippe
3327 5559 3566 5619 lacertis

2125 5647 2420 5721 Gallicios,
2444 5637 2651 5707 hostes
2668 5642 2958 5726 agitando
2987 5648 3136 5710 forte
3164 5643 3434 5712 rebelles.
