3936 6370
374 433 487 496 231
527 442 532 446 ’

1300 431 1673 496 RA'I‘HERII
1715 433 1958 496 EPISC.
2004 429 2295 496 VERON.
2344 433 2517 495 OPP.
2565 431 2764 495 PARS
2807 433 2854 496 Ι.

3669 429 3816 492 2θῖ

374 567 660 640 Spiritum
721 571 988 623 sanctum
1020 570 1108 623 est
1140 581 1398 638 peccare,
1431 583 1504 620 ne
1535 565 1680 621 forte
1708 583 1821 620 non
1863 565 2019 620 inve-
2048 567 2104 632 Α
2133 566 2382 638 demque
2413 566 2649 622 homine
2681 571 2738 622 et
2768 568 2958 622 bonus
2989 565 3253 639 sanguis,
3279 569 3335 620 et
3361 562 3516 620 mala
3545 565 3636 619 est
3667 577 3804 634 per-

373 656 572 712 niatur
601 655 699 728 qui
731 655 836 710 tibi
864 654 1006 710 illud
1034 653 1220 710 valeat
1250 653 1581 722 dimittere;
1617 657 1822 726 prieter
1867 653 2023 710 enim

373 743 780 818 principalem,
813 743 871 798 in
905 760 1020 814 qua
1065 742 1175 798 hoc
1233 743 1587 809 continetur,
1646 743 2022 807 sententiam,

371 836 588 892 dicitur
615 833 751 889 alibi
789 849 801 887 :
834 835 899 887 Si
923 833 1164 903 peccavit
1193 833 1278 886 vir
1327 833 1387 886 in
1442 833 1643 896 virum,
1697 833 1916 903 placari
1971 833 2025 887 ei

364 929 542 998 potest
570 925 708 979 Deus
727 941 750 986 ;
773 923 826 976 si
861 930 1046 976 autem
1077 921 1135 975 in
1165 921 1336 975 Deum
1363 921 1815 993 peccaverit,quis
1845 921 2023 976 orabit

367 1031 465 1088 pro
487 1030 550 1070 eo
571 1013 599 1067 εἰ
625 1014 674 1081 (1
701 1013 828 1079 Reg.
864 1027 921 1077 η,
953 1009 1066 1080 25.)
1099 1008 1157 1063 in
1198 1024 1312 1080 quo
1345 1025 1460 1063 non
1489 1025 1660 1064 omne
1694 1015 2016 1080 peceatum,

370 1105 471 1160 sed
501 1100 748 1176 speciale
777 1099 1073 1172 quoddam
1105 1097 1365 1154 moneris
1411 1097 1758 1168 intelligere,
1791 1103 1846 1152 et
1876 1114 2020 1153 con-

367 1211 531 1267 grue.
564 1192 711 1248 Nam
737 1194 793 1245 et.
819 1188 994 1243 David
1027 1187 1084 1242 in
1117 1188 1320 1242 eadem
1344 1185 1587 1241 historia
1607 1185 1816 1257 legitur
1837 1185 2023 1256 gravi-

368 1286 459 1336 ter
488 1279 546 1334 in
569 1279 678 1334 sibi
705 1276 1060 1331 ﬁdissimum
1083 1274 1331 1329 militem
1355 1275 1696 1338 excessisse,
1715 1278 1770 1328 et
1791 1273 2020 1328 veniam

367 1369 654 1425 meruisse
686 1367 732 1438 (1
759 1367 884 1432 Reg.
915 1381 996 1430 x1,
1027 1364 1148 1429 12);
1174 1361 1275 1416 ﬁlii
1299 1377 1431 1416 vero
1473 1362 1593 1418 Ileli
1647 1361 2020 1418 detrahentes

368 1455 722 1513 sacriﬁcium
754 1451 1007 1516 Domini,
1043 1450 1238 1524 gladio
1269 1450 1496 1504 vindice
1542 1450 1877 1505 referuntur
1922 1467 2017 1505 ex-

365 1545 561 1603 stincti
596 1545 644 1615 (1
671 1545 798 1611 Reg.
836 1559 892 1607 ιι,
927 1542 1000 1606 4).
1032 1539 1350 1595 Considera
1381 1537 1466 1593 vel
1501 1538 1614 1605 hic,
1650 1555 1810 1610 rogo,
1839 1556 2016 1610 quam

362 1651 537 1708 grave
567 1633 666 1688 Dei
699 1632 844 1686 ferat
867 1627 1121 1701 justitia,
1156 1628 1202 1682 si
1240 1629 1388 1697 (136)
1423 1627 1696 1698 pontiﬁce
1729 1633 2018 1682 sustraeto

362 1728 424 1799 [Γ.
475 1720 819 1790 subtracto],
873 1717 1029 1772 istud
1081 1733 1282 1772 verum
1332 1714 1383 1771 ei
1423 1715 1765 1770 detrahatur
1794 1715 2016 1770 sacriﬁ-

361 1815 540 1882 cium,
573 1814 631 1867 et
659 1809 768 1866 hoc
800 1823 903 1880 per
933 1811 1166 1878 tempus
1197 1804 1520 1871 diutinum;
1546 1803 1593 1858 si
1618 1808 1737 1859 tam
1766 1805 2018 1876 graviter

2137 671 2288 727 saepe
2348 653 2654 722 valetudo;
2708 659 2766 710 et
2823 655 2964 709 dum
2997 655 3237 728 ignarus
3269 651 3540 709 medendi
3571 651 3797 707 bonam

2134 749 2380 799 conatur
2429 743 2823 800 valetudinem
2881 745 3144 810 reddere,
3176 741 3526 814 sanguinem
3566 741 3800 796 bonum

2135 832 2280 887 solet
2313 831 2782 904 turbure.Accipe
2801 832 2968 904 quasi
2996 832 3342 903 sanguinem
3368 834 3589 885 bonum
3615 829 3800 884 bene-

2134 921 2405 975 dictionis
2420 922 2938 994 spiritum,ma|am
2954 921 3344 976 valetudinem
3372 918 3798 992 negligentem,

2132 1014 2234 1064 aut
2267 1011 2432 1068 forte.
2465 1014 2528 1064 ut
2558 1015 2620 1064 tu
2653 1010 2845 1065 dicere
2897 1025 3084 1076 amas,
3117 1008 3496 1065 criminosam
3528 1005 3797 1079 episcopi

2129 1098 2690 1165 actionem.Vide,ne
2723 1098 2864 1154 dum
2896 1099 3000 1154 tibi
3033 1115 3150 1153 non
3172 1095 3468 1169 competit,
3491 1094 3795 1168 siquidem

2132 1203 2244 1240 non
2281 1188 2540 1257 iungeris
2573 1187 2777 1243 medici
2805 1186 3301 1253 ministerio,dum
3328 1182 3796 1256 insequiniteris

2129 1276 2534 1345 mgritudinem
2569 1276 2852 1344 criminis,
2877 1274 3138 1348 Spritum
3169 1278 3440 1329 sanctum
3466 1272 3665 1345 potius
3687 1271 3796 1327 ιω-

2129 1365 2263 1420 dere
2277 1365 2770 1421 videaris.Puteus
2783 1365 2958 1420 etiam
2975 1363 3456 1436 limpidissimam
3476 1367 3596 1417 tam
3619 1361 3792 1433 potui

2128 1469 2304 1524 quam
2338 1453 2566 1510 lavacro
2597 1455 2828 1509 exhibet
2855 1457 3153 1525 aquam,et
3183 1451 3528 1524 plerumque
3557 1449 3792 1522 aliquid

2128 1541 2307 1613 inepti
2343 1560 2518 1614 prope
2541 1546 2699 1613 jacet
2733 1544 2926 1614 ipsum
2961 1547 3242 1606 meatum,
3267 1541 3422 1612 quod
3459 1544 3654 1594 tamen
3680 1556 3794 1595 nec

2127 1632 2437 1688 interdicat
2457 1639 2680 1704 potum,
2705 1646 2809 1686 nec
2843 1631 3108 1703 inquinet
3140 1629 3434 1684 lavacrum
3463 1647 3476 1696 ;
3511 1627 3792 1684 immisso

2127 1737 2196 1774 au
2209 1723 2323 1774 tem
2340 1721 2723 1785 uncino,dum
2741 1719 2879 1774 illud
2895 1716 3789 1783 conamurabstrahere,statum

2125 1826 2291 1880 aqua:
2323 1811 2552 1881 cogitur
2580 1810 2836 1865 turbare.
2872 1809 2986 1864 Nec
3018 1807 3217 1863 minus
3247 1811 3445 1862 autem
3467 1804 3590 1860 hac
3611 1805 3792 1862 tertia

362 1901 621 1960 feriendo
636 1895 999 1963 monstravit,
1029 1895 1166 1966 quid
1187 1893 1455 1950 sibiillud
1472 1893 2018 1995 videbaturumbra-
2046 1929 2094 1995 Β
2125 1897 2451 1952 similitudo
2483 1904 2537 1953 te
2568 1898 2718 1952 valet
2748 1899 3264 1960 commonefacere,
3283 1893 3575 1966 siquidem
3598 1898 3659 1949 et
3681 1910 3790 1967 per

359 1995 542 2050 ticum
565 1991 713 2060 (137)
733 1987 844 2042 nisi
875 1986 1020 2041 forte
1051 1983 1369 2038 tumultum
1401 1983 1632 2038 ditl‘erre
1676 1982 1866 2036 adhuc
1889 1998 2016 2037 nes-

359 2084 443 2138 cis
474 2083 625 2137 inter
651 2078 920 2133 umbram
949 2078 1006 2129 et
1033 2073 1358 2139 veritatem,
1393 2087 1628 2126 carnem
1683 2070 1909 2142 pecoris
1960 2075 2016 2125 et

360 2187 592 2230 carnem
625 2163 1053 2236 Redemptoris,
1088 2161 1342 2217 cinerem
1373 2158 1564 2216 vitula:
1611 2164 1668 2216 et
1715 2175 2014 2215 consecra-

356 2261 574 2318 tionem
604 2253 972 2314 eucharistiae
993 2251 1022 2306 ‘1

1061 2340 1184 2394 Τιτ.
1226 2337 1316 2394 ΙΧ.

431 2441 516 2495 17.
533 2435 817 2509 Spiritum
842 2435 1034 2487 autem
1061 2433 1329 2482 sanctum
1355 2427 1529 2482 etiam
1554 2425 1840 2497 peccatori
1863 2441 2012 2496 δωρεῇ

357 2529 562 2587 adesse
593 2520 1074 2597 episcopo,etiam
1094 2517 1323 2588 Caiphae
1356 2520 1720 2570 monstratur
1748 2512 2012 2586 exemplo

355 2620 531 2690 (Joan.
563 2632 642 2680 x1,
675 2609 893 2683 49),qui
923 2613 1067 2664 teste
1090 2605 1394 2677 Evangelio
1424 2603 1552 2658 ideo
1583 2609 1702 2658 tam
1735 2603 2015 2658 veraciter

356 2705 549 2778 potuit
578 2705 650 2758 de
681 2699 930 2757 Domino
963 2695 1328 2768 prophetare,
1361 2693 1501 2765 quia
1548 2693 1803 2764 pontifex
1853 2691 2010 2746 vide-

355 2795 533 2849 batur
557 2790 695 2847 anni
719 2787 878 2843 illius
909 2801 1064 2850 esse;
1089 2783 1240 2854 quod
1262 2788 1317 2837 et
1339 2782 1693 2854 quibusdam
1718 2779 2012 2836 similibus

357 2883 534 2938 rebus
563 2878 733 2950 longe
763 2875 897 2930 licet
925 2872 1252 2944 imparibus
1269 2887 1383 2926 non
1415 2887 1542 2926 esse
1562 2868 1901 2924 incredibile
1922 2886 2016 2923 va-

356 2970 547 3027 lemus
577 2966 843 3040 probare.
873 2960 1048 3016 Verbi
1080 2959 1270 3032 gratia
1307 2958 1393 3013 sol
1448 2973 1582 3012 cum
1637 2957 1696 3011 in
1755 2956 2006 3013 cloacam

356 3061 560 3124 intrat,
579 3055 704 3127 ipse
735 3051 973 3125 quidem
1001 3049 1255 3105 cloacam
1289 3063 1448 3118 teque
1469 3050 1531 3100 ut
1549 3045 2009 3117 pulcherrimum

355 3145 678 3204 triclinium
712 3139 1048 3205 illuminat;
1077 3152 1306 3191 caenum
1343 3140 1536 3190 autem
1589 3134 1889 3206 quodlibet
1933 3135 2012 3190 sit

355 3237 511 3293 intra
562 3233 842 3298 cloacam,
910 3225 994 3282 nil
1057 3224 1420 3293 obcuritatis,
1463 3221 1545 3278 nil
1586 3228 1860 3295 praeterea
1918 3223 2008 3278 in-

355 3320 716 3397 quinationis
755 3296 918 3373 radio
957 3315 1128 3370 affert
1165 3313 1326 3376 solis,
1369 3313 1467 3367 sed
1509 3312 1879 3366 tantumdem
1919 3310 2006 3367 vel
2037 3296 2082 3363 C

354 3407 764 3470 diminutionis
793 3405 880 3462 vel
913 3403 1211 3476 augmenti
1245 3403 1413 3457 all'ert
1442 3399 2005 3472 luminis,quantum

352 3505 606 3567 aﬂ‘erret,
640 3499 687 3555 si
716 3497 832 3552 illic
865 3494 1057 3567 paries
1085 3494 1307 3564 jaceret
1337 3489 1462 3544 auri
1496 3488 1821 3562 purissimi.
1855 3491 2006 3544 Tum

349 3610 484 3650 vero
517 3591 567 3646 si
595 3587 733 3661 quid
757 3583 972 3657 jaccris
992 3582 1146 3636 intra
1167 3580 1826 3652 cloacam,nequaquam
1851 3579 2007 3633 vales

354 3680 691 3749 contingere
720 3690 974 3737 ccenum,
1005 3677 1323 3742 antequam
1369 3671 1551 3724 sol'em
1585 3669 1758 3723 ferias
1786 3667 2004 3739 ipsum.

355 3770 452 3826 Sic
482 3766 760 3822 nimirum
795 3763 853 3816 in
885 3760 1125 3824 honore,
1159 3757 1242 3812 sic
1274 3756 1331 3811 in
1363 3757 1578 3827 injuria
1609 3755 2011 3828 quorumlibet

357 3857 552 3930 agitur
565 3847 1175 3925 episcoporum.etiam
1193 3846 1252 3900 in
1280 3845 1574 3916 aliquibus
1600 3845 2006 3911 obnoxiorum;

357 3945 491 4018 ipsa
520 3942 679 3999 enim
711 3937 907 4012 gratiae
939 3935 1058 4001 lux,
1095 3934 1221 4006 ipsa
1244 3931 1588 3998 benedictio,
1617 3933 1738 4004 ipse
1757 3932 2010 4004 Spiritus

357 4037 620 4098 sanctus,
653 4029 780 4102 ipse
810 4026 898 4082 sol
931 4026 990 4080 in
1035 4024 1119 4080 eis
1171 4022 1447 4078 habitans
1468 4020 1710 4092 jnstitiue
1742 4021 2011 4076 Christus

359 4127 461 4182 aut
489 4121 812 4178 honoratur
840 4119 942 4172 aut
967 4111 1318 4185 injuriatur;
1351 4115 1407 4166 et
1447 4115 1761 4181 antequam
1815 4126 2010 4181 perve-

358 4213 560 4270 niatur
613 4209 684 4264 ad
744 4206 962 4264 crimen
996 4203 1098 4260 88
1129 4201 1284 4274 quod
1345 4198 1515 4254 ferire
1561 4198 1750 4270 quivis
1783 4198 2008 4268 nititur,

356 4302 482 4375 ipse
512 4299 608 4374 qui
642 4298 815 4354 etiam
850 4292 1234 4350 criminosum
1268 4288 1523 4344 illustrat
1557 4287 1780 4342 feritur.
1815 4287 2012 4359 Neque

355 4391 514 4448 enim
546 4385 763 4454 ille,cui
795 4382 940 4440 nihil
967 4388 1055 4437 est
1087 4376 1470 4452 impossibile,
1508 4377 1727 4430 frustra
1755 4376 1898 4430 dixit
1924 4375 2010 4431 sal

357 4481 712 4535 infatuatum
757 4490 863 4528 nec
913 4473 972 4526 in
1034 4467 1403 4540 sterquilinio
1462 4465 1796 4536 ponendum
1858 4467 2009 4536 (Luc.

355 4565 470 4634 xiv,
501 4566 616 4635 35);
649 4562 751 4617 sed
783 4566 848 4614 ut
875 4565 1080 4632 prieter
1110 4556 1268 4610 aliud
1321 4556 1496 4610 etiam
1547 4553 1656 4608 hoc
1703 4570 2008 4626 agnoscas,

2125 1992 2364 2058 puteum
2398 1988 2755 2042 sacerdotem
2791 1987 2848 2041 in
2881 1985 3188 2057 cujusdam
3214 1988 3564 2048 sermone,et
3594 1982 3788 2055 Spiri-

2123 2079 2248 2129 tum
2284 2080 2552 2130 sanctum
2588 2092 2750 2146 aquae
2783 2075 3018 2130 nomine
3047 2073 3106 2128 in
3130 2071 3439 2144 Evangelio
3461 2071 3646 2128 habes
3677 2087 3784 2144 ap-

2125 2162 2352 2219 tissime
2383 2163 2555 2233 (Joan.
2585 2181 2682 2231 vn,
2716 2164 2828 2234 38).

2833 2253 2954 2308 Trr.
2996 2251 3060 2307 Χ.

2195 2343 2281 2395 18.
2318 2340 2479 2406 Quod
2528 2357 2660 2394 vero
2691 2356 2725 2393 a
2757 2341 2988 2395 nemine
3019 2339 3131 2394 nisi
3165 2340 3238 2393 ab
3259 2338 3386 2410 ipso
3410 2337 3526 2394 Deo
3550 2339 3787 2410 possint

2114 2429 2366 2498 judicari
2401 2434 2499 2484 aut
2525 2429 2894 2501 reprehendi,
2927 2433 3177 2484 testatur
3196 2425 3508 2500 Apostolus
3532 2427 3784 2500 quibus-

2123 2518 2258 2573 dam
2307 2518 2732 2573 detractoribus
2765 2518 3003 2572 obvians
3038 2535 3050 2572 :
3085 2519 3183 2572 11ie
3199 2519 3340 2588 jam.
3375 2515 3588 2588 inquit,
3621 2532 3782 2588 quae-

2123 2610 2268 2662 ritur
2299 2610 2441 2662 inter
2467 2608 2879 2679 di.~pensatores,
2929 2615 2989 2662 ut
3045 2607 3222 2677 ﬁdelis
3277 2607 3399 2677 quis
3455 2608 3784 2662 iuvmiulur

2123 2699 2169 2766 (1
2198 2697 2317 2751 Cor.
2351 2714 2426 2762 vr,
2459 2700 2513 2764 2)
2541 2714 2553 2763 ;
2589 2696 2889 2767 nostrique
2921 2712 3230 2750 assumens
3262 2711 3594 2766 personam,
3631 2697 3778 2750 dum

2120 2786 2380 2840 defendit
2410 2803 2576 2839 suam
2613 2803 2626 2841 :
2662 2786 2769 2853 Qui
2797 2789 2999 2850 autem,
3029 2783 3132 2848 ait,
3168 2783 3383 2854 judimt
3427 2799 3536 2851 me,
3587 2785 3778 2840 Domi-

2119 2892 2222 2929 nus
2253 2875 2436 2944 (11:111..
2469 2874 2546 2944 4.)
2581 2875 2708 2946 Ipse
2739 2889 2973 2946 quoque
3003 2871 3286 2928 Dominus
3317 2873 3386 2927 de
3419 2872 3733 2929 Pharisaeis
3762 2890 3775 2928 :

2122 2966 2257 3032 Qui!)
2285 2955 2739 3034 tlit‘tmt,’inquit,
2769 2965 2956 3034 facite,
2985 2977 3110 3034 quin
3137 2970 3318 3016 autem
3346 2963 3580 3032 faciunt,
3593 2964 3779 3033 facere

2119 3054 2286 3107 nolite
2318 3051 2524 3124 (Matth.
2557 3069 2716 3118 xxm,
2749 3053 2824 3118 3).
2857 3051 2982 3106 Νοη
3013 3050 3178 3116 dixit,
3207 3066 3311 3104 vos
3341 3064 3440 3104 eos
3469 3049 3776 3122 castigate,

2120 3146 2186 3197 ut
2209 3142 2582 3213 nuper(-138)a
2603 3141 2858 3212 quodam
2880 3144 3072 3194 actum
3107 3139 3292 3194 scitur
3323 3137 3466 3194 satis
3494 3139 3774 3204 absurde,

2120 3237 2177 3287 et
2206 3231 2334 3286 ideo
2365 3229 2714 3302 indignnum
2745 3228 3052 3284 referre.Ut
3076 3231 3270 3283 autem
3301 3227 3506 3283 exinde
3537 3242 3776 3301 quoque

2119 3319 2363 3390 aliquid,
2398 3316 2532 3373 licet
2555 3335 2658 3388 per
2690 3315 3008 3380 modicum,
3041 3316 3262 3379 dicens,
3297 3331 3389 3370 me
3441 3331 3545 3370 nec
3593 3314 3773 3372 dissi-

2117 3408 2340 3462 mulare
2371 3423 2604 3479 pavore,
2637 3422 2742 3460 nec
2773 3403 3043 3460 assentiri
3079 3406 3289 3472 favore,
3323 3419 3635 3460 excusem:
3666 3405 3774 3459 uti-

2117 3514 2252 3551 nam
2287 3495 2370 3550 illi
2405 3495 2489 3565 [id
2517 3501 2597 3550 est
2626 3493 2764 3566 Regi
2797 3493 2951 3548 Deus
2987 3493 3052 3548 de
3081 3509 3183 3565 quo
3213 3493 3477 3565 loquitur]
3527 3510 3557 3548 θ
3605 3493 3771 3549 σωιὶε

2118 3591 2181 3640 ut
2212 3583 2386 3640 Saulo
2419 3583 2750 3650 clamasset,
2785 3586 2887 3638 aut
2917 3586 3068 3638 certe
3097 3581 3224 3654 ipse
3254 3582 3458 3648 Deum,
3495 3585 3559 3636 ut
3588 3580 3650 3638 in
3685 3598 3773 3638 vc-

2117 3675 2299 3729 ridica
2330 3673 2579 3728 habetur
2607 3672 2926 3742 Scriptura,
2954 3673 3077 3741 jam
3110 3669 3398 3726 clamasse
3426 3669 3732 3728 didicisset
3756 3689 3770 3726 :

2119 3765 2378 3818 Tulerunt
2422 3763 2532 3816 sibi
2578 3747 2822 3814 Homines
2859 3760 3137 3830 judicium
3180 3776 3363 3814 meum
3391 3760 3526 3830 (Act.
3563 3774 3641 3828 Ix,
3678 3760 3772 3832 4);

2120 3851 2321 3922 utique
2371 3855 2492 3905 tam
2541 3849 2846 3904 temerarie
2893 3865 3067 3903 suum
3097 3854 3300 3903 contra
3328 3863 3460 3902 eum
3497 3865 3610 3904 non
3643 3865 3774 3906 ere-

2118 3939 2300 3994 xisset
2329 3935 2587 3993 tribunal
2619 3936 2705 3992 vel
2738 3936 2972 3991 solium.
3008 3936 3117 3992 Sed
3165 3940 3230 3991 ut
3277 3937 3572 3992 modicum
3621 3937 3774 3993 allu-

2121 4029 2254 4082 dam
2290 4027 2359 4082 ad
2389 4028 2630 4094 factum,
2663 4027 2754 4082 cui
2786 4025 2981 4098 potius
3011 4024 3280 4096 generale
3306 4025 3565 4082 omnium
3612 4043 3774 4083 com-

2121 4115 2266 4188 petit
2295 4115 2638 4180 lamentum,
2674 4115 2802 4170 dico
2833 4113 2999 4169 illum
3028 4113 3348 4168 maximum
3373 4114 3774 4169 sacerdotibus

2120 4204 2207 4260 vel
2240 4203 2484 4258 medicis
2515 4205 2844 4258 animarum
2877 4202 2937 4257 in
2979 4202 3087 4257 hoc
3139 4201 3476 4270 contulisse,
3509 4201 3560 4258 si
3605 4202 3773 4274 sequi

2119 4293 2320 4358 velint,
2343 4291 2700 4363 exemplum,
2725 4297 2789 4346 ut
2811 4290 3076 4345 videlicet
3095 4291 3608 4362 noverint,quanta
3640 4307 3772 4346 cen-

2121 4382 2520 4438 suradcbeant
2541 4380 2650 4453 ipsi
2671 4380 2935 4452 ligandos
2956 4379 3189 4451 ligando
3207 4378 3576 4446 relrcnare,si
3594 4379 3774 4452 ligan-

2121 4471 2176 4527 di
2206 4471 2450 4543 ligantes
2468 4475 2631 4524 tanta
2647 4487 2785 4523 cura
2803 4469 3041 4523 student
3070 4468 3305 4539 ligando
3335 4484 3616 4523 coercere.
3652 4469 3774 4532 Qua

2121 4558 2426 4630 diligentia
2456 4561 2718 4627 pastores
2749 4571 3021 4610 erroneos
3051 4556 3124 4609 ab
3153 4556 3450 4611 erroribus
3496 4572 3632 4612 oves
3676 4556 3774 4610 dc-

358 4648 828 4728 episcopum,qni
863 4647 1004 4703 salis
1031 4646 1159 4700 ideo
1191 4643 1474 4714 accipitur
1493 4648 1732 4697 vocatus
1755 4641 2009 4708 nomine,
2044 4664 2090 4728 Β
2120 4647 2298 4702 beant
2330 4662 2616 4710 revocare,
2651 4645 2699 4699 si
2730 4648 2892 4699 tanta
2919 4643 3218 4716 vigilantia
3247 4645 3386 4716 ipsze
3433 4661 3570 4700 oves
3616 4661 3770 4701 erra-

360 4741 517 4816 quod
550 4742 776 4795 mentes
807 4735 1068 4790 ﬁdelium
1101 4731 1258 4786 verbi
1289 4747 1495 4802 sapore
1543 4729 1796 4785 cmleslis
1843 4731 2014 4786 debet

359 4829 618 4894 condire,
650 4829 716 4882 ut
743 4825 909 4879 cibus
942 4821 1038 4876 Dei
1072 4820 1301 4874 valeant
1340 4835 1488 4883 esse,
1523 4835 1555 4871 a
1587 4817 1749 4872 nullo
1782 4820 2015 4888 penitus

359 4917 476 4975 nisi
507 4917 578 4973 ab
608 4917 737 4988 ipso
763 4912 1192 4982 Omnipotente,
1216 4907 1261 4962 si
1287 4903 1872 4976 deliquerint,aliqua
1899 4924 2014 4977 pae-

361 5005 610 5062 nitentia
638 5001 848 5073 corrigi
878 5014 1050 5070 posse
1071 4995 1156 5049 vel
1180 4992 1558 5058 debere.Quis
1580 4993 1736 5046 enim
1753 4994 2014 5062 judicem

353 5093 644 5166 judicare,
673 5087 949 5160 angelum
980 5083 1287 5156 corrigere,
1319 5081 1434 5136 nisi
1462 5078 1561 5134 ille
1591 5078 1692 5150 qui
1713 5097 1890 5152 super
1918 5099 2017 5137 an-

361 5180 526 5256 gelos
557 5177 912 5246 est,audeat,
947 5174 1165 5229 nedum
1196 5169 1494 5242 ligare‘Hn
1527 5185 1642 5223 uno
1673 5185 1904 5240 quoque
1926 5187 2016 5225 eo-

434 5284 584 5358 (136)
614 5289 684 5358 Se
715 5300 747 5338 a
777 5298 886 5358 sua
912 5277 1226 5358 Veronensi
1261 5275 1648 5358 subtractum,
1682 5279 1739 5328 et
1782 5274 1840 5358 in
1884 5293 2015 5331 car-

363 5348 492 5415 cere
524 5348 818 5411 inclusum
850 5352 959 5428 hoc
989 5351 1114 5428 loco
1153 5348 1464 5428 signiﬁcat,
1523 5350 1608 5428 et.
1633 5362 1732 5428 per
1783 5351 2015 5428 tempus

362 5428 662 5486 diutinum
692 5443 727 5482 a
758 5427 960 5482 sancto
988 5421 1182 5476 missae
1211 5415 1498 5473 sacriﬁcio
1529 5415 1873 5473 celebrando
1906 5415 2014 5474 im-

363 5501 998 5640 pegilglndmbratimm
1042 5560 1595 5640 sacriﬁciuln‘vocat
1633 5555 1778 5639 illud
1809 5561 2017 5640 veteris

362 5627 744 5708 Testamenti,
779 5655 812 5695 a
843 5652 958 5711 quo
989 5651 1124 5692 cum
1172 5632 1297 5711 ﬁlii
1324 5628 1448 5687 Heli
1481 5627 1894 5711 retraxisssent
1915 5648 2016 5705 po.

359 5699 594 5814 pulum,
616 5699 742 5776 tarn
767 5699 1022 5790 griviter
1049 5703 1240 5788 puniti
1269 5702 1524 5765 ﬁlerunt.
1547 5699 2018 5768 Eucharisticilm

2123 4737 2246 4790 tica:
2281 4740 2541 4807 pastores
2572 4733 2812 4787 student
2843 4733 2914 4787 ab
2945 4732 3281 4788 excessibus
3303 4734 3479 4788 etiam
3505 4733 3769 4808 ﬂagellis,

2125 4827 2224 4880 89
2253 4824 2360 4898 vel,
2395 4829 2458 4878 ut
2491 4821 2759 4894 proprius
2791 4822 3000 4887 dicam,
3036 4822 3353 4887 morsibus,
3405 4823 3609 4877 ordine
3660 4837 3770 4878 non

2123 4919 2352 4968 tantum
2387 4929 2554 4974 szevo,
2590 4916 2875 4983 quantum
2908 4916 3256 4982 praepostero
3291 4911 3597 4966 deducere.

2199 5002 2282 5056 19.
2314 5004 2387 5056 At
2415 5005 2477 5054 tu
2511 5000 2655 5054 forte
2685 4999 3000 5054 contra.Ab
3031 4999 3519 5070 antecessoribus,
3552 4997 3768 5072 inquis,

2123 5089 2270 5144 meis
2299 5087 2517 5154 audivi,
2548 5086 2768 5142 multos
2799 5103 3001 5142 eorum
3035 5086 3255 5142 exsiliis
3288 5087 3633 5143 destinatos.
3657 5087 3772 5159 Ego

2123 5179 2318 5245 illico;
2353 5176 2618 5248 nunquid
2653 5193 2764 5230 non
2797 5179 2854 5230 et
2881 5175 3096 5230 carceri
3130 5176 3537 5248 maneipatos?
3557 5175 3770 5246 Nempe

2124 5289 2318 5339 autem
2354 5282 2705 5354 sacriﬁcmm
2739 5279 3061 5354 umbratica
3094 5280 3175 5334 illi
3208 5282 3474 5354 opponit,
3500 5286 3557 5337 et
3585 5295 3769 5354 verum

2125 5355 2407 5428 appellat,
2433 5355 2488 5428 in
2522 5368 2637 5428 quo
2669 5351 3009 5428 immolatur
3038 5353 3166 5424 ipsa
3200 5351 3327 5428 mirio
3381 5352 3766 5428 redemptoris;

2125 5422 2673 5553 3:1.i‘tiotcelebrando
2707 5422 3015 5478 Ratherius
3045 5422 3259 5479 carceri
3292 5422 3766 5496 inclusus—impe-

2168 5516 2216 5553 te
2239 5515 2292 5551 )a
2325 5515 2410 5552 ur.

2168 5515 2410 5553 ΙυῐΠὶῐυΓ.

2198 5571 2346 5642 (138)
2371 5567 2552 5642 Nuper
2571 5563 2792 5621 scilicet
2812 5563 3443 5642 jussuHugonisregis
3465 5563 3768 5642 Ratherius

2128 5635 2357 5720 captus,
2389 5635 2533 5698 et'in
2566 5653 2854 5696 carcerem
2875 5635 3219 5716 Papiens'em
3251 5635 3536 5698 deductus
3567 5637 3766 5698 fuerat.
