3904 6376
132 423 317 492 109³7’

129 564 336 631 Donec,
370 579 438 618 ex
469 552 685 618 nostris
718 563 907 631 strati,
943 580 1047 635 per
1075 563 1271 619 secula
1304 562 1456 631 telis,

130 653 296 707 Inviti
330 651 549 706 nostris
577 651 935 707 submittant
966 652 1116 707 colla
1147 655 1391 708 catenis.

201 742 328 796 Haec
346 741 872 811 postquamjactat,
892 757 1252 813 causamque
1272 741 1386 796 doli
1404 743 1787 812 memorabat,

129 829 314 886 Jussit
345 828 604 885 collectis
632 830 845 899 vulgus
876 846 1223 885 concurrere
1258 832 1495 897 turmis,

130 921 433 973 Armorum
466 918 641 972 variis
675 919 1031 973 instructum
1066 920 1315 990 denique
1346 919 1557 987 signis,

134 1009 393 1079 Pcrgeret
424 1011 488 1062 ut
519 1012 752 1077 gentem
787 1025 991 1062 secum
1026 1008 1219 1062 delere
1254 1008 1508 1073 fidelem,

133 1096 506 1167 Ostentatquc
538 1113 710 1149 suum
736 1100 1030 1165 gemmato
1064 1098 1291 1151 casside
1320 1097 1571 1164 vultum,

136 1186 335 1239 Ferrea
362 1183 597 1239 lascivis
628 1183 939 1255 imponens
974 1186 1235 1255 tegmina
1268 1186 1572 1252 membris,

129 1272 487 1345 Talicunque
518 1273 709 1328 locum
734 1278 953 1344 peteret
985 1291 1199 1346 pompa
1234 1278 1647 1340 memoratum,

131 1362 198 1416 Et
226 1366 456 1433 gentem
489 1361 678 1435 primo
710 1367 961 1419 tentaret
991 1364 1242 1437 denique
1282 1363 1464 1431 bello,

130 1450 427 1523 Extemplo
458 1454 690 1506 tantum
724 1450 969 1507 sortitur
999 1469 1253 1524 namque
1288 1452 1677 1523 triumphum.

130 1539 283 1595 124
311 1539 384 1595 Ut
405 1540 533 1611 jam
565 1539 656 1596 bis
699 1556 893 1608 senos,
927 1558 1045 1595 una
1076 1558 1209 1596 eum
1242 1540 1505 1614 principe
1560 1546 1784 1612 captos,

131 1627 412 1700 Illaqueat
440 1629 707 1695 comites,
733 1630 911 1684 arctis
943 1631 1297 1701 stringitquc
1328 1630 1569 1685 catenis.

197 1717 297 1773 His
326 1734 635 1789 procerum
668 1719 902 1773 damnis
933 1736 1149 1791 magna
1180 1718 1405 1773 feritate
1438 1720 1676 1790 paratis,

129 1805 313 1861 Cessit
339 1806 494 1862 victa
524 1806 649 1863 suis
679 1807 968 1862 fidissima
998 1826 1141 1879 gens
1178 1807 1463 1879 inimicis,

133 1894 413 1951 Subditur
441 1899 617 1967 atque
638 1896 785 1968 jugo
814 1897 1065 1967 perversi
1099 1896 1251 1969 regis
1285 1896 1504 1968 iniquo.

133 1985 315 2051 Tunc,
348 1987 675 2040 restaurato
707 2001 912 2039 rursus
942 2001 1175 2057 quoque
1206 1986 1415 2040 fwdere
1453 1985 1670 2057 primo,

136 2072 295 2128 Loris
326 2074 653 2146 procedunt
680 2073 857 2129 vincti
889 2075 1132 2129 comites
1166 2075 1440 2145 duodeni,

134 2161 276 2217 Cum
309 2161 649 2234 concaptivo
678 2162 817 2217 victi
851 2166 1070 2219 rectore
1093 2162 1329 2235 popelli.

104 2278 111 2284 -
136 2249 238 2315 Qui
268 2250 444 2306 citius
464 2242 673 2307 vinclis
704 2251 1108 2307 dissolvuntur
1136 2251 1429 2317 resolutis,

136 2339 390 2411 Exempti
426 2340 677 2412 propria:
708 2340 895 2412 pretio
926 2357 1077 2412 gaza:
1110 2358 1445 2397 numeroso.

136 2427 243 2483 Sed
274 2428 443 2484 ducis
473 2434 562 2484 est
588 2429 840 2501 pretium
863 2430 1041 2500 jussu
1076 2431 1231 2501 regis
1261 2429 1649 2502 duplicatum,

138 2516 413 2591 Ultraque
446 2535 625 2590 quam
649 2520 900 2591 propriis
928 2520 1113 2592 possit
1144 2521 1468 2591 persolvere
1500 2520 1679 2591 gazis.

136 2605 392 2680 Cumque
428 2608 518 2663 sui
551 2625 730 2664 causa
759 2609 877 2681 regi
907 2609 1158 2664 deferret
1189 2627 1383 2678 avaro,

137 2697 266 2763 Qua;
297 2697 537 2768 quidem
568 2697 783 2752 habere
813 2697 972 2751 domi
1008 2698 1245 2753 sibimet
1275 2697 1485 2764 suevit,
1516 2696 1753 2770 pretiosi

140 2782 323 2840 Causa
350 2786 605 2841 condicti
637 2802 881 2857 parvum
913 2785 1054 2858 quid
1088 2786 1273 2841 defuit
1302 2788 1450 2842 auri.

144 2873 299 2936 Quod
333 2892 433 2930 rex
462 2874 1081 2941 sentiscens,fraudem
1116 2893 1347 2947 quoque
1382 2881 1574 2930 mente
1606 2874 1787 2931 revol-

145 2959 293 3016 Dixit
322 2963 474 3018 nolle
506 2963 714 3019 ducem
746 2963 962 3035 populo
993 2964 1286 3019 dimittere
1308 2964 1559 3036 dulcem,
1603 2964 1786 3037 [vens,

149 3048 215 3102 Ni
245 3050 406 3122 prius
437 3051 725 3108 indictum
756 3052 923 3125 plene
956 3052 1139 3108 solvat
1170 3053 1281 3108 sibi
1308 3071 1572 3124 censum,

149 3136 267 3193 Non
296 3141 501 3198 sitiens
521 3145 749 3196 tantum
778 3140 947 3213 pretii
970 3142 1124 3214 quod
1158 3143 1343 3197 defuit
1375 3160 1607 3211 aurum,

149 3226 432 3291 Quantum
467 3234 748 3287 rectorem
783 3230 981 3303 populi
1015 3230 1188 3303 gestit
1217 3232 1355 3285 dare
1386 3232 1581 3286 morti.

214 3317 318 3383 Qui
351 3320 542 3375 fuerat
565 3324 739 3375 natus
771 3319 1031 3392 praeclari
1064 3320 1347 3392 germinis
1380 3339 1554 3387 unus,

149 3403 311 3461 Omni
344 3408 653 3480 prmnitida
676 3410 997 3480 compostis
1026 3426 1265 3481 corpore
1298 3410 1504 3475 forma,

147 3493 361 3551 Nomen
395 3496 685 3568 Pelagius,
721 3498 920 3552 formze
952 3497 1261 3569 splendore
1292 3499 1558 3565 decorus,

144 3581 389 3641 Consilio
422 3587 703 3658 prudens,
740 3590 861 3641 tota
890 3586 1148 3641 bonitate
1182 3586 1505 3658 refulgens;

145 3671 270 3739 Qui,
303 3674 395 3729 vix
424 3674 743 3730 transactis
766 3676 893 3746 jam
929 3680 1070 3730 tunc
1102 3675 1427 3747 puerilibus
1460 3675 1651 3743 anuis,

143 3761 346 3834 Attigit
374 3763 563 3819 axtatis
595 3764 819 3835 primos
850 3763 1339 3835 ﬂoresjuvenilis.

142 3849 399 3923 Cumque
430 3857 524 3928 sat
554 3852 847 3908 immitem
879 3854 1029 3925 patri
1061 3852 1233 3909 sciret
1265 3854 1384 3908 fore
1416 3869 1630 3924 regem,

143 3937 264 3993 Tali
296 3946 639 3998 manentem
674 3940 976 3997 blanditur
994 3959 1130 3997 voce
1156 3947 1458 4014 parentem
1492 3959 1505 3997 :

212 4027 255 4083 Ο
278 4029 359 4084 mi
384 4031 559 4086 chare
591 4034 774 4103 pater,
804 4046 937 4086 mea
968 4031 1201 4103 suscipe
1222 4032 1395 4085 verba
1418 4030 1686 4098 libenter,

145 4112 231 4185 Et,
263 4132 389 4187 qua:
422 4133 787 4190 commoneo,
817 4133 994 4174 sensu
1028 4117 1173 4173 bene
1205 4118 1434 4189 percipe
1468 4123 1757 4191 prompto.

145 4199 330 4259 Calleo
362 4221 620 4277 namque
638 4209 803 4260 tuam
837 4206 1000 4261 senio
1033 4206 1369 4261 decrescere
1400 4206 1603 4276 vitam,

144 4287 376 4349 Viribus
407 4297 465 4349 et
495 4294 747 4366 propriis
784 4310 990 4350 nervos
1018 4294 1255 4367 penitus
1284 4300 1580 4366 vacuatos,

144 4376 254 4433 Nec
282 4385 339 4437 te
368 4399 542 4455 posse
573 4384 812 4454 quidem
843 4382 986 4439 levis
1019 4383 1158 4455 quid
1192 4384 1339 4439 ferre
1370 4385 1607 4440 laboris.

141 4467 243 4523 Ast
272 4476 380 4543 ego
408 4472 511 4528 sed
542 4471 752 4527 validis
775 4472 1123 4528 dominabor
1152 4472 1367 4545 quippe
1399 4472 1654 4546 lacertis,

141 4555 223 4611 Ad
256 4561 611 4632 tempusque
640 4565 849 4633 potens
878 4558 1133 4616 dominis
1168 4563 1546 4617 succumbere
1578 4563 1761 4635 duris,

144 4642 507 4720 Quapropter
536 4666 765 4721 moneo,
789 4650 1063 4721 precibus
1089 4649 1439 4722 blandisque
1471 4653 1685 4723 rogabo

143 4732 291 4790 125
325 4735 405 4791 Ut‘
429 4736 551 4810 regi
586 4742 792 4793 natum
825 4755 918 4793 me
948 4740 1207 4811 deponas
1236 4740 1341 4794 tibi
1365 4740 1633 4811 charum,

146 4817 332 4879 Donec
364 4826 630 4882 sufficias
654 4827 906 4898 pretium
939 4828 1267 4899 persolvere
1297 4833 1507 4899 totum,

128 4906 222 4964 .Ne
252 4915 353 4971 tua
383 4915 630 4970 canities
658 4915 868 4971 vinclis
900 4917 1212 4972 intercidat
1243 4918 1441 4972 arctis.

216 4998 283 5053 Et
314 5002 513 5059 senior
542 5008 744 5059 contra
773 5005 1005 5060 dicebat
1031 5023 1167 5061 voce
1198 5024 1396 5061 severa
1428 5023 1443 5061 :

145 5081 349 5144 Desine
380 5095 547 5147 tanta
577 5091 760 5164 loqui,
796 5093 1158 5166 dulcissime,
1193 5096 1414 5166 desine,
1451 5096 1556 5167 fili,

144 5170 223 5227 Ne
255 5192 503 5236 mmrore
533 5197 696 5237 meos
726 5183 910 5239 ducas
942 5184 1003 5238 in
1036 5189 1257 5239 tartara
1286 5202 1482 5240 canos.

146 5259 341 5321 Nonne
366 5267 556 5324 salute
591 5274 693 5325 tua
714 5272 930 5343 pendet
958 5275 1188 5326 tantum
1222 5289 1353 5327 mea
1381 5273 1517 5329 vita.

147 5346 213 5403 Et
246 5351 371 5410 sine
404 5360 460 5411 te
486 5360 748 5430 spatium
781 5359 944 5417 valeo
975 5361 1069 5433 pie
1101 5361 1288 5416 vivere
1324 5361 1601 5417 nullum?

148 5435 223 5491 Te
248 5441 424 5500 decus
456 5463 630 5503 omne
662 5465 884 5521 meum,
909 5454 973 5505 tu
1002 5450 1188 5522 gloria
1219 5467 1435 5523 magna
1467 5456 1803 5523 parentum,

149 5522 219 5578 ΕΒ
243 5544 475 5604 quoque
505 5534 757 5608 subjecti
788 5539 959 5593 nobis
990 5556 1123 5611 spes
1156 5539 1280 5595 sola
1311 5522 1544 5611 popelli.

149 5612 514 5701 Quapropter
539 5627 791 5696 patriam
816 5633 1056 5699 praestat
1084 5646 1178 5684 me
1209 5628 1473 5701 linquere
1504 5628 1767 5701 charam,

154 5698 412 5767 Necnon
452 5711 798 5793 Hispaniam
824 5698 1091 5774 vinctum
1123 5698 1429 5791 penetrare
1460 5698 1801 5794 superbam,

258 5914 272 5927 ,
463 5848 734 5914 Parnm"
786 5853 1145 5916 CXXXVII.

1452 431 1722 492 PASSIO
1767 410 1841 493 s.’
1877 406 2213 495 pauca.

1819 1931 1866 1995 B

3484 399 3559 431 ‘1

3384 435 3541 500 1098

1811 563 1870 631 Α
1896 560 2081 629 Quam
2108 570 2163 621 te
2194 569 2510 636 grandaeva:
2542 567 2749 624 vinclis
2782 584 2945 640 spem
2979 566 3207 625 tradere
3236 554 3384 629 vitae.

1971 653 2095 708 Non
2128 654 2261 709 tulit
2291 673 2425 727 ergo
2454 661 2679 728 patrem
2712 638 2982 729 Pelagius
3020 655 3138 711 ista
3184 638 3559 732 sequentem;

1900 742 2010 796 Sed
2037 742 2253 797 mulcet
2285 743 2460 800 dictis
2487 750 2744 800 mentem
2776 745 2937 800 chari
2969 744 3274 817 genitoris,

1900 830 1969 883 Et
1996 831 2149 901 cogit
2170 830 2421 903 blandis,
2455 834 2611 903 quod
2645 833 2833 888 suasit
2862 833 3028 905 velle,
3061 832 3330 907 loquelis.

1899 918 2205 973 Consensit
2238 921 2511 992 precibus
2545 922 2781 976 tandem
2816 922 3045 993 genitor
3072 924 3465 994 venerandus,

1900 1008 2165 1062 Tradidit
2194 1015 2249 1063 et
2280 1016 2503 1075 natum,
2542 1014 2728 1065 semet
2761 1010 3121 1081 redimendo,
3155 1010 3473 1067 misellum.

1899 1096 2063 1150 Tunc
2099 1115 2193 1151 rex
2224 1098 2521 1169 Pelagium
2547 1099 2729 1169 jussit
2762 1099 3077 1170 perducere
3109 1116 3329 1167 secum,

1840 1179 1844 1182 ’
1898 1184 1968 1237 Et
2000 1184 2165 1238 laetus
2198 1186 2367 1240 rediit
2398 1187 2646 1258 patriam
2678 1187 2975 1258 victorque
3005 1187 3223 1242 revisit.

1970 1272 2180 1327 Nullus
2209 1291 2310 1345 pro
2339 1275 2564 1329 meritis
2594 1277 2793 1329 credat
2827 1276 3043 1330 factum
3072 1276 3191 1331 fore
3222 1276 3375 1349 regis

1898 1361 2037 1431 Hoc,
2067 1363 2221 1431 quod
2252 1366 2369 1417 tam
2404 1362 2649 1435 pulchra
2678 1364 2945 1418 vincebat
2966 1363 3216 1436 denique
3248 1350 3480 1438 pompa,
3516 1372 3519 1377 ’

1897 1450 2010 1505 Sed
2044 1467 2211 1521 mage
2231 1452 2457 1522 judicio
2490 1457 2710 1507 secreto
2736 1452 2962 1508 Judicis
2983 1452 3160 1525 aequi,
3210 1512 3217 1517 ,

1900 1537 1971 1593 Ut
2001 1540 2277 1611 populus,
2312 1544 2474 1596 tanto
2506 1545 2809 1613 correptus
2840 1541 2949 1597 rite
2982 1539 3234 1616 ﬂagello,

1898 1625 2085 1683 Floret
2116 1627 2296 1683 totius
2327 1629 2545 1701 proprii
2578 1630 2897 1685 commissa
2928 1634 3149 1700 reatus,
3314 1702 3323 1707 _
3378 1692 3383 1699 ,
3514 1702 3517 1707 ν

1895 1714 2018 1785 Vel,
2051 1718 2205 1787 quod
2230 1717 2740 1789 Pclagius,Christi
2774 1736 2877 1790 pro
2906 1717 3033 1786 lege
3064 1718 3193 1792 lege
3223 1719 3541 1775 necandus.

1897 1804 2063 1859 Forte
2094 1805 2285 1860 locum
2319 1812 2538 1879 peteret
2569 1824 2683 1879 quo
2716 1824 2778 1862 se
2810 1808 2983 1863 morti
3013 1807 3151 1864 dare
3182 1812 3404 1881 posset,
3438 1814 3471 1867 ‘,

1895 1893 2008 1948 Nec
2041 1911 2154 1949 non
2187 1896 2578 1967 sanguineum
2609 1912 2712 1968 pro
2743 1894 2974 1952 Christo
3006 1896 3250 1952 fundere
3278 1895 3490 1967 rivum,

1900 1982 2248 2054 Impendens
2280 1985 2539 2040 animam
2572 1985 2818 2040 Domino
2850 1985 2997 2042 bene
3027 1989 3215 2042 morte
3245 1984 3487 2059 piatam;

1970 2070 2284 2143 Postquam
2319 2091 2416 2128 rex
2442 2075 2646 2129 urbem
2678 2074 2869 2147 tetigit
2900 2092 3085 2131 saavus
3115 2060 3488 2148 locupletem,
3520 2082 3525 2087 ’

1898 2160 2140 2216 Portans
2171 2160 2514 2232 prmclarum
2539 2162 2691 2218 victa
2722 2163 2791 2219 de
2822 2167 2992 2235 gente
3019 2164 3415 2238 triumphum,

1898 2249 2058 2305 Ilicet
2086 2251 2385 2323 egregium
2414 2252 2626 2308 Christi
2657 2252 2929 2325 praecepit
2959 2252 3216 2309 amicum
3256 2262 3261 2267 “
3552 2324 3557 2329 η

1896 2338 2157 2394 Carceris
2188 2339 2247 2395 in
2281 2341 2553 2396 tenebras
2605 2342 2867 2397 vinctum
2917 2342 3295 2416 submergere
3325 2343 3561 2415 nigras,’

1898 2426 2249 2500 Deliciisquc
2275 2430 2404 2484 cibo
2438 2430 2727 2485 nutritum
2760 2447 2997 2502 pascere
3023 2447 3219 2502 parvo.
3508 2482 3513 2507 ._

1969 2516 2159 2571 Cordu
2171 2518 2242 2571 ba
2254 2518 2714 2589 namqnelocum
2730 2521 3043 2575 scrvatsub
3072 2520 3291 2575 fornice
3312 2522 3553 2591 tetrum,
3590 2520 3595 2531 '

1897 2606 2157 2660 Oblitum
2189 2606 2337 2661 lucis
2370 2607 2895 2680 consignatumque
2926 2609 3203 2681 tenebris,
3585 2675 3597 2684 _

1898 2696 2053 2751 I26
2087 2695 2341 2750 Maxima
2363 2696 2463 2768 qui
2492 2697 2725 2752 miseris
2755 2698 2940 2751 fertur
2960 2698 3078 2753 fore
3099 2713 3279 2753 causa
3308 2696 3550 2753 doloris.

1900 2784 2021 2839 Illic
2054 2783 2342 2856 Pelagius,
2378 2784 2724 2856 prmpollcns
2752 2785 2913 2857 pacis
2943 2785 3243 2856 alumnus,

1897 2872 2222 2943 Clauditur,
2252 2872 2495 2945 imperio
2529 2873 2681 2945 regis
2712 2877 2950 2946 cogente
2976 2874 3247 2929 nefando.

1899 2961 2019 3017 Illic
2048 2978 2183 3033 ergo
2205 2961 2310 3015 viri
2343 2966 2625 3017 venerunt
2655 2962 2857 3018 sedulo
2884 2963 3082 3035 primi,

1899 3049 2204 3106 Mulceudo
2237 3055 2495 3105 mentem
2519 3050 2777 3122 juvenis,
2809 3068 2988 3107 causa
3017 3051 3272 3124 pietatis.

1897 3140 2029 3211 Qui,
2062 3157 2194 3195 cum
2225 3140 2511 3196 vidissent
2538 3139 2763 3195 vultum
2793 3141 2945 3213 capti
2977 3142 3333 3213 speciosum,

1900 3230 2015 3285 Nec
2038 3246 2151 3284 non
2185 3229 2491 3301 przedulcis
2521 3233 2859 3302 gustassent
2890 3229 3080 3302 ipsius
3110 3230 3229 3285 oris

1820 3297 1862 3362 (ἶ
1902 3318 2156 3374 Verbula
2185 3297 2485 3374 rhetorica:
2516 3297 2847 3374 circumlita
2876 3297 3047 3375 melle
3074 3318 3338 3392 loquela},

1903 3408 2197 3479 Optabant
2227 3408 2479 3478 speciem
2506 3407 2712 3462 vinclis
2743 3408 3038 3463 absolvere
3066 3409 3265 3465 talem.
3314 3418 3319 3423 ‘

1904 3497 2035 3551 Haec
2064 3500 2123 3550 et
2150 3499 2465 3549 suaserunt
2495 3494 2614 3566 regi
2638 3496 2764 3565 jam
2799 3500 3028 3565 sceptra
3056 3495 3298 3550 tenenti.

1977 3585 2174 3656 Ipsum
2206 3583 2391 3637 felicis
2419 3587 2572 3637 certe
2603 3599 2905 3637 summum
2938 3585 3115 3653 caput
3140 3582 3326 3654 urbis,

1902 3674 2255 3743 Corruptum
2284 3671 2461 3739 vitiis,
2487 3672 2935 3743 cognoscebant,
2958 3670 3301 3742 Sodomitis,

1905 3763 2217 3817 Formosos
2246 3760 2391 3815 facie
2409 3761 2656 3831 juvenes
2688 3760 2961 3815 ardenter
2991 3776 3212 3831 amare,

1904 3850 2020 3906 Has
2051 3854 2109 3905 et
2137 3849 2410 3904 amicitias
2441 3847 2687 3919 propriae
2717 3848 3072 3921 conjungere
3100 3847 3287 3904 velle.‘
3362 3902 3366 3906 .
3440 3918 3447 3923 μ

1905 3940 2092 4011 Hujus
2124 3954 2376 4009 namque
2409 3937 2488 3993 rei
2517 3953 2830 4004 memores,
2861 3936 3057 3992 animo
3091 3937 3418 4005 miseranti,

1903 4028 2094 4084 Causa
2124 4026 2360 4100 Pelagii,
2394 4030 2707 4081 suaserunt
2734 4024 2875 4081 talia
2904 4025 3025 4099 regi
3058 4042 3072 4082 :
3408 4100 3409 4103 η
3568 4038 3589 4101 λ

1979 4118 2105 4173 Non
2147 4117 2313 4172 decet
2348 4133 2485 4188 ergo
2505 4119 2698 4187 tuum,
2730 4114 3003 4188 princeps
3025 4108 3585 4188 fortissimo,"scep-_“

1904 4206 2138 4263 Duriter
2168 4210 2233 4261 ut
2261 4222 2509 4278 puerum
2532 4205 2775 4260 mandes
2798 4204 3005 4276 punire
3026 4204 3326 4276 decorum,
3359 4198 3565 4280 [trum.
3596 4210 3601 4215 ’
3626 4224 3629 4227 ·

1905 4296 2143 4353 Obsidis
2170 4299 2227 4350 et
2258 4300 2488 4350 teneros
2520 4293 2770 4349 insontis
2801 4293 3089 4367 stringere
3118 4296 3346 4366 nervos,
3384 4298 3407 4307 “

1909 4386 2051 4456 Ejus
2081 4382 2452 4456 pramitidam
2486 4380 2665 4436 velles
2697 4381 2746 4435 si
2775 4398 3009 4436 cernere
3031 4381 3309 4447 formam;

1908 4476 1978 4529 Et
2008 4478 2130 4529 tam
2162 4471 2452 4528 mollitum
2484 4470 2694 4525 saltem
2725 4475 2964 4542 gustare
2993 4467 3333 4542 loquelam,
3366 4540 3369 4543 b
3448 4522 3453 4525 Α

1909 4566 2095 4629 Quam
2126 4577 2369 4633 cuperes
2391 4560 2667 4631 juvenem
2705 4557 2936 4613 tibimet
2977 4561 3332 4631 conjungere
3360 4556 3619 4630 talem,”

1825 4666 1868 4730 Ῑ)
1899 4654 2130 4716 Gradus
2161 4650 2383 4706 militia:
2417 4666 2522 4704 nec
2552 4666 2666 4703 non
2698 4662 3000 4703 assumere
3037 4647 3263 4720 prima},
3320 4656 3330 4661 '

1911 4750 2165 4817 Corpore
2198 4738 2514 4795 candidulo
2548 4738 2653 4793 tibi
2686 4754 2799 4809 quo
2830 4737 3073 4793 serviret
3100 4736 3159 4791 in
3191 4735 3341 4792 aula.

1985 4835 2088 4889 liis
2120 4848 2215 4885 rex
2247 4826 2511 4883 mollitus
2543 4826 2738 4896 dictis,
2771 4824 2879 4880 hac
2906 4839 3045 4880 voce
3076 4828 3333 4896 coactus,

1911 4923 2100 4980 Jussit
2131 4916 2424 4988 Pelagium
2453 4915 2623 4969 nodis
2648 4912 2887 4969 evellere
2918 4913 3104 4986 duris,

1917 5014 2221 5080 Omneque
2252 5006 2480 5060 lavacro
2510 5019 2723 5074 corpus
2753 5002 3053 5073 detergere
3082 5018 3252 5075 puro,
3452 5076 3459 5081 4

1918 5103 2187 5170 Laetaque
2220 5109 2513 5167 purpureo
2539 5090 2903 5145 circumdare
2934 5089 3189 5162 tegmine
3219 5092 3507 5165 membra,

1917 5189 2144 5245 Collum
2178 5181 2491 5257 gemmatis
2521 5197 2625 5235 nec
2658 5197 2771 5235 non
2804 5196 3012 5235 ornare
3043 5179 3324 5250 metallis,

1918 5280 2042 5343 Quo
2069 5277 2216 5330 bene
2247 5274 2588 5327 constructa
2616 5272 2816 5340 posset
2837 5268 2956 5324 fore
2988 5267 3160 5324 miles
3190 5268 3250 5324 in
3281 5269 3437 5326 aula.

1915 5365 2156 5421 Cmsaris
2188 5360 2431 5433 imperio
2463 5364 2603 5414 tunc
2624 5357 2745 5412 hare
2776 5362 3024 5430 urgente
3055 5358 3330 5433 superbo,

1917 5452 2219 5525 Extemplo
2250 5449 2435 5522 nigris
2466 5451 2690 5519 martyr
2720 5447 3065 5519 producitur
3094 5447 3301 5518 antris,

1926 5543 2169 5599 Sistitur
2196 5544 2373 5611 atque
2404 5543 2537 5611 toga
2568 5535 2745 5609 regali
2769 5540 3041 5609 comptus
3066 5535 3127 5591 in
3157 5533 3312 5591 aula.

1986 5632 2251 5703 Cumque
2272 5627 2553 5701 palatinis
2580 5626 2812 5682 medius
2845 5628 2993 5683 foret
3020 5624 3117 5680 ille
3146 5622 3394 5697 locatus,

1911 5720 2196 5777 Vincebat
2225 5718 2417 5776 socios
2447 5716 2646 5775 vultus
2676 5716 2990 5792 splendore
3016 5716 3267 5789 togatos.

3179 5848 3260 5920 35
