3904 6418
268 400 423 463 1099

268 534 332 591 10
365 551 540 607 quem
573 534 866 591 conversis
889 550 1094 590 omnes
1126 533 1417 587 mirantur
1447 530 1666 586 ocellis.

265 624 416 681 ⁸127
444 625 597 680 Tum
622 624 828 679 faciem
843 623 1235 695 juvenis,tum
1253 622 1449 677 dulcia
1467 620 1708 677 verbula
1721 619 1916 676 fantis.

262 714 515 785 Aspectu
546 713 736 785 primo
768 730 1001 785 quoque
1032 731 1130 767 rex
1160 729 1487 783 suspensus
1522 711 1578 765 in
1612 710 1730 778 illo,

261 802 519 857 Ardebat
549 802 799 857 formam
823 802 1038 875 regalis
1066 801 1265 874 stirpis
1294 802 1633 856 amandum.

172 928 177 931 ι
265 891 527 945 Tandem
561 890 860 964 Pelagium
884 891 1135 946 nimium
1160 891 1463 945 mandavit
1493 891 1813 944 amandum

266 979 330 1034 In
360 977 504 1034 solio
528 980 693 1052 regni
727 997 928 1036 secum
952 982 1079 1052 jam
1112 981 1277 1035 horte
1309 980 1509 1046 locari,

266 1068 428 1140 Ignis
459 1072 526 1123 ut
556 1068 744 1140 ipsius
778 1070 942 1137 foret,
972 1070 1082 1124 sibi
1112 1068 1315 1124 sedulo
1337 1070 1606 1141 junctus,

270 1158 598 1229 Fronteun
631 1158 931 1214 submissa
961 1158 1243 1214 libaverat
1278 1157 1481 1213 oscula
1511 1158 1709 1224 eharo,

267 1246 525 1302 Affectus
557 1265 736 1302 causa
766 1247 1160 1319 complectens
1189 1251 1389 1319 utpote
1420 1245 1590 1301 colla.

342 1334 469 1389 Non
504 1337 727 1408 patitur
754 1335 931 1391 talem
965 1336 1179 1391 Christi
1213 1353 1347 1390 nam
1381 1335 1551 1390 miles
1582 1349 1837 1389 amorem

273 1422 450 1495 Regis
479 1424 713 1497 pagani,
749 1424 889 1480 luxu
921 1425 1114 1481 carnis
1147 1424 1445 1493 maculati,

272 1513 490 1569 Aurem
521 1513 701 1586 regali
734 1513 945 1570 ludens
975 1515 1077 1570 sed
1109 1514 1357 1569 contulit
1385 1514 1493 1582 ori,
1581 1513 1584 1517 ’

272 1601 484 1675 Magno
517 1601 763 1657 ridiculo
793 1602 1086 1658 divertens
1120 1620 1221 1658 ora
1253 1607 1483 1675 negata,

273 1691 452 1747 Fatus
481 1694 541 1746 et
570 1691 802 1764 egregio
834 1691 1067 1747 dicebat
1086 1691 1229 1747 talia
1260 1696 1446 1748 rostro
1481 1711 1494 1760 ;

272 1779 401 1835 Non
433 1780 601 1835 decet
630 1796 766 1852 ergo
798 1780 1011 1849 virum,
1040 1781 1253 1837 Christi
1283 1781 1636 1853 baptismate
1668 1781 1854 1836 lotum

273 1867 483 1924 Sobria
513 1868 820 1924 barbarico
852 1869 1158 1943 complexu
1190 1871 1440 1926 subdere
1470 1870 1636 1939 colla,

275 1957 388 2014 Sed
420 1973 526 2012 nec
555 1957 964 2015 Christicolam
996 1964 1222 2014 sacrato
1254 1960 1570 2029 chrismate
1601 1959 1872 2028 tinctum,

274 2044 569 2102 Damonis
598 2045 870 2102 oscillum
903 2048 1102 2120 spurci
1135 2053 1368 2120 captare
1398 2048 1640 2104 fame-lli.

274 2134 424 2207 Ergo
456 2135 629 2191 corde
659 2136 814 2191 viros
845 2135 1003 2193 licito
1036 2137 1421 2210 complectere
1452 2137 1685 2207 stultos,

276 2223 385 2289 Qui
416 2227 611 2279 tecum
643 2224 837 2280 fatuos
867 2225 1181 2297 placantur
1209 2228 1426 2298 cespite
1457 2226 1640 2295 divos,

276 2311 526 2385 Sintque
557 2312 662 2368 tibi
695 2314 859 2383 socii,
894 2314 1043 2370 servi
1076 2315 1175 2386 qui
1207 2319 1347 2370 sunt
1377 2315 1696 2372 simulacri.

347 2401 460 2456 Sed
495 2419 595 2458 rex
625 2419 655 2457 e
686 2407 908 2471 contra,
944 2404 1106 2459 nulla
1135 2405 1483 2460 commotior
1511 2405 1618 2474 ira,

275 2488 504 2546 Moliter
532 2491 823 2562 ephebum
852 2492 1051 2547 dicens
1085 2492 1381 2549 mulcebat
1411 2495 1732 2550 amandum
1768 2513 1779 2549 :

273 2578 318 2634 Ο
350 2577 562 2634 10801νο
593 2597 758 2651 puer,
784 2581 976 2651 jactas
1009 2587 1062 2637 te
1092 2599 1263 2654 posse
1294 2582 1536 2638 licenter

275 2668 560 2740 Spernere
590 2672 710 2724 tam
743 2670 947 2725 mitem
976 2671 1158 2726 nostri
1183 2672 1337 2741 juris
1374 2673 1673 2744 pietatem,

270 2757 678 2830 Audacterque
709 2758 821 2814 diis
848 2759 1019 2815 toties
1052 2760 1296 2815 illudere
1328 2762 1565 2832 nostris,
1632 2767 1636 2770 ⁴

244 2846 389 2902 ’Nec
419 2852 618 2902 monet
647 2848 833 2903 aatatis
865 2866 1120 2921 praesens
1152 2850 1435 2905 damnum
1458 2852 1759 2922 juvenilis,

274 2935 345 2990 Et
377 2936 534 3006 quod
564 2941 879 2992 maerentes
910 2937 1145 2993 orbahis
1176 2939 1321 2993 forte
1354 2945 1644 3011 parentes,

273 3023 473 3080 Nostri
504 3024 901 3097 blasphemos,
935 3031 1122 3099 urget,
1148 3027 1341 3082 cultus
1375 3027 1740 3096 cruciandos,

276 3113 538 3169 Subdere
557 3131 660 3170 vos
686 3115 882 3182 morti,
904 3120 1095 3170 vestro
1117 3115 1479 3188 jugulosque
1510 3116 1706 3184 forari,

274 3201 346 3258 Ni
377 3202 607 3271 cedant,
641 3206 698 3256 et
726 3202 1134 3273 blasphemam
1168 3204 1785 3283 respuant‘rationem.

275 3289 520 3345 Hortatu
549 3306 758 3345 moneo
791 3295 1144 3362 quaprOpter
1165 3292 1380 3363 quippe
1406 3297 1668 3363 paterno.

272 3377 516 3435 Talibus
546 3382 612 3434 ut
639 3379 831 3434 verbis
859 3396 1064 3451 parcas
1096 3397 1255 3435 saeva:
1288 3381 1551 3448 rationis,

271 3468 342 3524 Et
370 3484 604 3523 mecum
626 3467 896 3524 stabilem
928 3473 1256 3540 comportes
1289 3470 1500 3525 mentis
1532 3488 1813 3544 amorem,

271 3558 389 3614 Nec
418 3561 607 3613 tentes
638 3561 907 3613 nostrum
940 3562 1072 3629 post
1100 3558 1222 3613 haec
1256 3560 1546 3615 offendere
1568 3561 1830 3631 jussum,

272 3645 484 3718 Magno
516 3645 619 3701 sed
651 3646 847 3701 studio
879 3664 1073 3703 serves
1102 3664 1232 3702 mea
1262 3647 1417 3704 dicta
1439 3650 1758 3721 sequenda,

271 3734 353 3789 Te
385 3735 524 3805 quia
552 3736 724 3791 corde
751 3734 895 3805 colo,
931 3752 1038 3791 nec
1070 3753 1182 3791 non
1214 3739 1543 3793 venerarier
1571 3743 1728 3810 opto,

270 3824 425 3880 128
458 3825 645 3880 Το010
686 3826 1036 3896 praeeunctis
1086 3826 1231 3881 aula
1282 3826 1587 3898 splendere
1632 3829 1922 3886 ministris

268 3910 430 3971 Alter
458 3916 523 3968 ut
551 3913 610 3968 in
644 3930 821 3985 regno
852 3913 955 3983 sis,
991 3931 1084 3969 me
1121 3921 1448 3987 prmstante,
1484 3918 1757 3988 superbo.

339 4001 472 4060 Haec
504 4002 604 4071 ait,
639 4007 696 4057 et
724 4004 926 4058 dextra
955 4005 1304 4076 compressit
1334 4007 1607 4078 martyris
1640 4024 1761 4079 ora,

270 4090 593 4147 Astrictum
616 4091 757 4145 laeva
787 4092 1183 4163 complectens
1206 4093 1356 4149 colla
1385 4100 1632 4163 sacrata,
1718 4164 1724 4168 _

270 4180 394 4246 Quo
424 4178 508 4234 sic
540 4178 812 4235 oscillum
840 4179 1047 4234 saltem
1078 4182 1392 4252 contigeret
1424 4199 1630 4238 unum.

268 4263 494 4321 Callida
522 4264 625 4320 sed
656 4264 822 4320 testis
853 4264 1117 4321 confudit
1147 4266 1373 4322 ludiera
1403 4269 1576 4342 regis,

268 4354 465 4426 Osque
493 4353 639 4427 petit
668 4354 864 4409 subito
896 4371 1092 4428 pugno
1117 4355 1306 4428 regale
1337 4357 1581 4426 vibrato,

268 4442 474 4502 Intulit
503 4447 559 4500 et
590 4447 819 4500 tantum
850 4446 1052 4517 pronis
1086 4445 1389 4502 obtutibus
1418 4446 1622 4519 ictum,

268 4534 525 4608 Sanguis
558 4538 621 4590 ut
652 4535 874 4608 absque
903 4550 1087 4605 mora,
1114 4535 1345 4592 stillans
1375 4536 1447 4591 de
1478 4537 1712 4594 vulnere
1741 4539 1918 4610 facto,

268 4623 518 4679 Barbam
550 4622 804 4692 foedavit,
840 4640 947 4677 nec
980 4640 1094 4678 non
1123 4629 1314 4680 vestes
1346 4624 1673 4685 madefecit.

340 4713 504 4768 Tunc
526 4729 769 4784 rex,non
788 4712 1080 4767 modicam
1104 4711 1289 4768 tristis
1322 4730 1636 4772 conversus
1657 4716 1717 4771 in
1745 4717 1912 4788 iram,

265 4801 456 4858 Jussit
486 4801 805 4873 Pelagium,
840 4800 1091 4856 caelestis
1124 4802 1278 4871 regis
1311 4801 1640 4876 alumnum,

267 4893 455 4948 Trans
488 4907 689 4945 muros
723 4888 947 4961 projici,
974 4890 1204 4960 jactum
1238 4890 1417 4945 fundo
1450 4894 1788 4967 machinali,

266 4982 479 5040 Crebro
512 4979 794 5035 bellantes
817 4978 972 5034 saxis
1005 4996 1130 5051 quze
1165 4982 1414 5052 perfodit
1443 4982 1664 5053 hostes,

265 5069 490 5129 Nobilis
522 5072 587 5125 ut
615 5069 800 5137 testis,
836 5068 993 5123 fluvii
1030 5068 1268 5125 collisus
1301 5071 1513 5141 arenis,

265 5160 480 5217 Urbem
512 5175 639 5230 qua:
672 5161 832 5214 vasto
864 5158 1105 5231 propius
1134 5159 1490 5217 circumfluit
1520 5166 1698 5232 unda,

264 5246 638 5306 Membratim
672 5251 932 5318 creperet
964 5248 1176 5320 raptim
1200 5250 1539 5323 fractusque
1570 5253 1802 5325 periret.

262 5337 431 5395 Talia
452 5336 701 5410 jactanti
730 5336 1017 5409 parebant
1046 5338 1191 5394 forte
1224 5340 1502 5412 ministri,

264 5427 397 5484 Mox
426 5431 484 5482 et
506 5425 834 5482 inauditam
867 5431 1208 5483 struxerunt
1237 5429 1489 5501 denique
1521 5448 1774 5503 poenam,

261 5518 471 5576 Funda
500 5517 801 5591 Pelagium
827 5516 1112 5588 jacientes
1146 5519 1644 5591 martyrizandum

261 5606 435 5663 Urbis
465 5608 701 5664 famosae
732 5612 894 5662 trans
926 5606 1184 5663 maxima
1214 5610 1431 5664 moenia
1460 5609 1650 5683 longe.

260 5696 399 5779 Sed,
433 5695 569 5759 licet
598 5696 887 5772 ingentes,
922 5696 1222 5758 obstantes
1255 5698 1536 5773 undique,
1572 5717 1747 5780 rupes

1100 400 1576 463 HROTSUIT/E
1620 392 1999 459 MONIALIS
2045 393 2840 457 GANDERSIIEIMENSIS

1947 526 2008 594 Α
2033 528 2339 583 Arctarent
2365 528 2532 583 testis
2562 545 2775 600 corpus
2805 527 3096 601 praedulce
3128 528 3413 600 cadentis,

3533 394 3706 456 1100

2029 615 2302 672 Attamen
2335 616 2555 673 illmsus
2586 618 2805 673 Christi
2835 619 3161 689 permansit
3188 618 3438 673 amicus.

2102 704 2268 760 Certe
2300 705 2525 778 regales
2557 707 2730 761 citius
2753 706 3012 778 pervenit
3044 708 3115 762 ad
3148 725 3344 779 aures,

2034 795 2305 868 Martyris
2338 795 2489 850 allisi
2525 814 2737 868 corpus
2770 814 2886 851 non
2919 814 3091 868 posse
3120 798 3326 865 secari,

2034 884 2201 957 Infigi
2235 884 2494 956 scopulis
2520 885 2656 957 ripa:
2689 886 2843 958 quod
2867 886 3052 956 jussit
3082 886 3291 943 acutis.

2034 973 2138 1028 Hic
2169 974 2357 1045 magis
2389 974 2669 1042 offensus,
2695 975 2928 1047 penitus
2952 976 3140 1029 fuerat
3161 976 3301 1047 quia
3331 977 3581 1043 victus,-

2034 1062 2167 1117 Mox
2195 1066 2371 1134 caput
2403 1067 2602 1119 exacto
2623 1064 2809 1135 jussit
2840 1063 3141 1120 succidere
3175 1065 3345 1133 ferro,

2035 1151 2105 1204 Et
2134 1151 2545 1207 sententiolam
2577 1153 2661 1207 sic
2693 1170 2957 1209 exercere
2989 1171 3349 1225 supremam.

2035 1239 2298 1310 Denique
2331 1239 2583 1308 lictores,
2619 1241 2837 1313 regalia
2859 1244 3032 1313 jussa
3064 1248 3399 1311 trementes,

2037 1328 2167 1382 Mox
2192 1327 2407 1383 Christi
2441 1335 2648 1385 testem
2681 1330 2878 1403 gladio
2912 1349 3148 1387 secuere
3182 1333 3434 1401 ﬁdelem,

2036 1417 2236 1472 Funus
2265 1422 2321 1473 et
2352 1419 2710 1474 exstinctum
2742 1419 2998 1493 lymphis
3019 1422 3266 1476 credunt
3294 1422 3703 1480 retinendum.

2106 1506 2253 1561 Nam
2285 1506 2477 1571 miles,
2514 1508 2672 1580 regis
2704 1514 2998 1581 prostrata
3026 1514 3231 1579 morte,
3264 1512 3569 1584 perennis,

2033 1593 2233 1650 Victor
2260 1595 2540 1669 stelligeri
2571 1596 2775 1653 volitat
2804 1615 2909 1671 per
2938 1598 3131 1655 sidera
3161 1599 3310 1671 00111,

2035 1683 2275 1740 Ccelitus
2306 1685 2587 1757 angelicis
2617 1687 2905 1742 deductus
2936 1688 3191 1745 suaviter
3218 1690 3457 1761 hymnis

2035 1773 2190 1830 129
2220 1773 2448 1830 Judicis
2479 1778 2536 1830 et
2564 1775 2705 1843 vari,
2739 1776 2868 1831 cmli
2900 1794 3078 1849 super
3107 1782 3266 1834 astra
3295 1777 3469 1835 locati

2036 1861 2077 1916 E
2110 1862 2314 1917 dextra
2343 1862 2592 1918 nitidam
2624 1864 2883 1936 suscepit
2906 1882 3161 1939 congrue
3192 1866 3476 1939 palmam,

2041 1950 2146 2007 Pro
2178 1970 2317 2008 nece
2348 1953 2632 2026 martyrii,
2666 1952 2959 2010 laudando
2991 1956 3108 2012 fine
3137 1956 3375 2027 peracti.

2038 2041 2150 2097 Sed
2182 2058 2287 2097 nec
2320 2042 2592 2099 ferventis
2616 2043 2815 2099 bravio
2847 2045 3155 2100 fraudatur
3185 2047 3425 2114 amoris,

2039 2133 2160 2196 Quo
2192 2136 2378 2188 semet
2406 2132 2614 2187 vinclis
2645 2150 2748 2205 pro
2780 2133 2898 2189 vita
2926 2134 3179 2207 denique
3208 2136 3392 2206 patris

2039 2220 2349 2291 Impendit,
2382 2220 2631 2292 patriam
2662 2220 2937 2294 linquens
2968 2227 3318 2295 gentemque
3358 2225 3698 2282 subactam.

2039 2310 2301 2364 Tandem
2334 2309 2497 2365 nulla
2526 2309 2639 2381 piis
2670 2311 2823 2383 potis
2854 2316 2943 2367 est
2973 2313 3312 2382 depromere
3330 2314 3529 2369 verbis

2040 2399 2306 2471 Lingula,
2340 2399 2660 2467 aureolam,
2696 2400 2917 2456 ccnlcsti
2949 2400 3078 2456 luce
3108 2418 3443 2469 coruscam,

2038 2490 2164 2554 Qua
2193 2489 2340 2544 bene
2365 2492 2593 2544 servata
2614 2488 2801 2562 fulget
2829 2506 2946 2561 pra:
2978 2489 3333 2561 virginitate,

2034 2579 2366 2650 Adjunctus
2398 2580 2611 2634 turmis
2643 2579 2863 2635 cmlesti
2891 2580 3029 2634 sede
3055 2584 3354 2652 receptus,

2035 2669 2197 2740 Agno
2229 2673 2539 2724 cantamen
2574 2666 2930 2724 modulando
2964 2668 3314 2740 perenniter,
3348 2670 3560 2726 Amen.

2108 2757 2424 2829 Postquam
2457 2757 2709 2825 lictores,
2747 2758 2902 2829 regis
2934 2759 3170 2813 decreta
3199 2764 3541 2830 sequentes,

2037 2848 2279 2903 Funeris
2309 2847 2574 2903 cxsuvias
2606 2847 2876 2902 exstincti
2905 2850 2995 2903 sat
3024 2863 3339 2919 generosas

2036 2936 2435 3008 Lympharum
2467 2936 2689 3008 gremio
2716 2936 2961 2991 credunt
2994 2936 3053 2990 in
3086 2954 3341 3009 saxaque
3369 2938 3591 3010 figunt,

2035 3024 2108 3079 Ut
2137 3024 2287 3079 sacri
2319 3024 2544 3079 tumulo
2576 3023 2800 3079 cineres
2833 3029 3030 3079 essent
3060 3024 3186 3079 sine
3217 3026 3418 3096 digno,

2034 3113 2319 3181 Christus,
2354 3113 2455 3184 qui
2486 3111 2752 3183 proprios
2782 3111 3004 3182 patitur
3033 3130 3148 3166 non
3178 3116 3424 3183 perdere
3461 3119 3691 3172 sanctos

2035 3203 2282 3258 Prmdari
2318 3202 2614 3258 modicum
2647 3201 2857 3272 capitis
2888 3201 2976 3257 vel
3008 3201 3154 3257 forte
3176 3202 3494 3274 capillum,

1952 3268 1994 3335 C
2033 3292 2160 3348 Non
2191 3291 2327 3346 tulit
2356 3291 2415 3346 in
2442 3290 2681 3363 lympha
2712 3268 2921 3346 testem
2953 3268 3266 3347 remanere.
3288 3268 3553 3363 fidelem,

2035 3380 2123 3437 Illi
2150 3381 2249 3436 sed
2275 3380 2520 3453 dignum
2554 3378 2805 3452 providit
2834 3379 2943 3434 rite
2973 3378 3249 3435 locellum

2033 3469 2141 3537 Qui
2172 3470 2359 3526 sancti
2390 3469 2618 3525 tumulo
2649 3472 2905 3525 servaret
2928 3469 3195 3524 membra
3220 3476 3476 3527 saerata.

2104 3560 2251 3614 Nam
2285 3559 2625 3630 piscatores,
2659 3557 2931 3631 lymphas
2960 3558 3138 3613 remis
3171 3564 3528 3627 resecantes,

2034 3647 2517 3720 Fluctivagosque
2545 3664 2750 3721 greges
2780 3648 2957 3703 variis
2989 3647 3215 3720 laqueis
3246 3649 3571 3722 capientes,

2034 3736 2272 3793 Litteris
2303 3743 2564 3792 extrema
2591 3736 2861 3792 viderunt
2890 3754 3102 3809 corpus
3134 3736 3193 3792 in
3225 3755 3347 3805 ora,

2033 3826 2190 3882 lnter
2218 3828 2605 3899 grandisonas
2638 3826 2847 3899 agitari
2881 3826 3154 3899 martyris
3186 3828 3395 3882 nudas.

2031 3916 2315 3971 Exminus
2348 3915 2456 3971 hoc
2488 3916 2677 3970 cautis
2702 3908 3006 3971 cernentes
3035 3932 3244 3988 nempe
3276 3915 3542 3988 pupillis,

2032 4003 2154 4059 Illic
2184 4003 2312 4059 vela
2343 4005 2563 4059 dabant
2593 4004 2790 4075 citius,
2822 4021 3154 4078 corpusque
3184 4005 3479 4061 levabant.

2030 4093 2145 4149 Nec
2176 4095 2293 4166 jam
2322 4111 2583 4166 persona:
2610 4098 2863 4151 noscunt
2894 4095 3147 4151 formam
3179 4096 3546 4166 venerandae,

2031 4181 2184 4240 Illita
2210 4200 2503 4256 purpureo
2535 4184 2767 4240 fuerant
2796 4184 2935 4256 quia
2966 4184 3254 4257 sanguine
3287 4185 3575 4251 membra,

2030 4272 2099 4326 Et
2128 4276 2304 4344 caput
2334 4273 2634 4345 egregium
2656 4273 2847 4345 jacuit
2876 4272 3077 4345 procul
3100 4289 3271 4330 amne
3303 4272 3620 4329 revulsum.

2030 4360 2141 4416 Sed
2182 4365 2379 4417 tamen
2414 4361 2521 4418 hoc
2555 4361 2815 4434 sapiunt,
2848 4366 3117 4435 prompto
3166 4378 3400 4434 quoque
3450 4364 3670 4434 pectore

3384 4450 3403 4523 Ῐ
3409 4450 3540 4506 cred
3550 4450 3666 4512 unt,

2029 4540 2193 4605 Quod
2224 4540 2319 4595 hic
2349 4540 2622 4612 quisquis
2654 4545 2799 4608 erat,
2833 4539 3048 4597 Christi
3072 4558 3177 4613 pro
3206 4539 3333 4613 lege
3364 4539 3624 4605 cadebat,

1945 4637 1994 4702 Ι)
2028 4630 2150 4687 11110
2172 4628 2231 4686 bi
2265 4629 2373 4685 soli
2402 4630 2541 4703 quia
2570 4631 2930 4685 damnantur
2959 4629 3194 4703 capitali

2030 4720 2223 4791 Poena,
2257 4718 2381 4791 qui,
2415 4736 2582 4774 sacra
2610 4719 2777 4774 tincti
2809 4719 3180 4791 baptismatis
3213 4720 3391 4788 unda,

2026 4814 2151 4865 Non
2185 4812 2456 4864 metuunt
2486 4808 2689 4863 crebro
2721 4808 2875 4880 regis
2901 4809 3245 4880 reprendere
3276 4825 3462 4865 sacra.

2098 4898 2364 4969 Cumque
2394 4900 2570 4967 caput
2600 4897 3027 4963 nanciscentes,
3058 4896 3325 4968 colloque
3354 4897 3621 4962 iocantes,

2028 4986 2239 5059 Pelagii
2274 4986 2483 5041 faciem
2514 4990 2911 5058 cognoverunt
2938 4986 3300 5055 rutilantem,

2026 5077 2182 5131 130
2212 5075 2517 5146 Rumpunt
2545 5074 2606 5129 in
2640 5073 2785 5130 tales
2815 5074 3133 5130 miserandi
3161 5079 3394 5146 pectore
3440 5072 3598 5129 veces
3644 5081 3657 5121 :

2026 5163 2185 5221 Heu!
2214 5165 2373 5236 jacet
2402 5163 2690 5219 examinis
2722 5164 2969 5237 prepriaz
3001 5180 3135 5235 spes
3166 5163 3341 5219 unica
3373 5161 3578 5236 gentis.

2022 5255 2212 5325 Atque
2243 5254 2421 5308 decus
2450 5252 2653 5325 patria:
2686 5252 2901 5307 tumuli
2933 5252 3060 5308 sine
3091 5253 3289 5309 sordet
3319 5252 3551 5315 honore,

2024 5344 2227 5399 Nonne
2255 5342 2399 5398 satis
2431 5341 2636 5398 multis
2669 5341 2889 5397 scimus
2920 5359 3027 5399 nos
3054 5342 3301 5397 vendere
3328 5341 3522 5405 seclis,

2025 5432 2268 5503 Semper
2298 5435 2637 5487 sanctorum
2669 5429 3019 5502 corpuscula
3048 5447 3223 5502 passa
3248 5428 3525 5489 virorum,

2025 5523 2182 5587 Quos
2214 5520 2421 5593 capitis
2451 5520 2637 5575 eazdes
2669 5523 3095 5576 monstraverat
3122 5535 3251 5573 esse
3282 5513 3522 5573 ﬁdeles?

2023 5612 2095 5667 Et
2124 5609 2258 5682 quis
2289 5608 2605 5666 laudabilis
2634 5609 2863 5665 dubitet
2893 5626 3105 5680 corpus
3137 5608 3257 5662 fore
3290 5605 3477 5671 testis,

2024 5681 2185 5772 Quod
2218 5703 2464 5759 truncus
2493 5698 2704 5757 misere
2738 5698 2947 5775 capitis
2987 5698 3146 5775 jacet
3173 5696 3397 5775 absque
3426 5681 3651 5756 decore!
