3904 6382
212 424 375 487 HOI

1110 422 1212 482 DF.
1260 422 1515 483 LAPSU
1558 423 1658 482 ET
1704 420 2248 483 CONVERSIONE
2293 423 2740 487 THEOPIIILI.

3482 422 3635 484 1102

286 558 420 613 Hinc
449 555 548 612 ubi
580 555 736 610 dicta
759 554 999 620 dabant,
1020 554 1149 608 navi
1174 554 1269 626 pia
1291 556 1557 610 membra
1578 555 1869 621 locabant,
1900 558 1955 623 Α
1986 554 2085 609 IIis
2114 559 2265 609 certe
2298 555 2460 610 vobis
2492 555 2696 611 devota
2728 559 2919 610 mente
2950 555 3222 626 peractis.

208 646 282 703 Et
305 646 483 701 citius
503 644 687 699 versis
715 642 1083 713 remigabant
1114 643 1365 714 denique
1396 643 1537 699 velis

212 737 476 791 Famosze
504 731 734 789 cunctis
766 732 838 786 ad
864 736 1093 803 portam
1127 732 1401 803 gentibus
1434 732 1619 786 urbis.

208 825 316 880 Hic
347 840 581 896 quoque
611 821 906 877 subducta
928 820 1055 891 jam
1088 837 1421 892 processere
1452 821 1671 887 carina,

206 915 279 969 Et
309 913 463 968 clam
496 910 830 967 emnobium
861 908 1086 963 Christo
1121 909 1334 979 petiere
1367 916 1689 976 sacratum,

204 1003 371 1057 Intra
403 1018 517 1056 non
550 998 812 1054 modicos
844 996 1008 1052 urbis
1038 998 1363 1052 venerabile
1396 1017 1616 1065 muros,

202 1090 515 1144 Portantes
546 1088 732 1160 pretio
767 1087 1139 1141 vendendum
1173 1087 1425 1158 denique
1458 1106 1670 1159 magno

199 1177 493 1233 Exstincti
525 1177 693 1231 testis
721 1177 897 1229 funus
920 1175 1247 1229 venerabile
1280 1176 1470 1231 terris.

200 1266 368 1332 Quod
401 1266 666 1338 gaudens
699 1263 933 1336 hymnis
963 1262 1220 1335 suscopit
1251 1264 1421 1319 turba
1456 1265 1642 1319 fidelis

199 1355 515 1421 Suavibus,
549 1353 857 1424 exsequias
887 1352 1188 1406 celebrans
1220 1353 1290 1407 de
1320 1370 1478 1407 more
1510 1360 1789 1422 sacratas,

199 1444 472 1517 Largiter
500 1447 557 1498 et
587 1442 842 1515 pretium
876 1442 1072 1497 nautis
1105 1441 1309 1497 tribuit
1349 1448 1788 1515 superauctum,

193 1534 531 1589 Ardescens
561 1531 750 1587 sancti
782 1530 1027 1585 mercari
1060 1548 1271 1603 corpus
1303 1532 1561 1587 amandi.

198 1623 324 1688 Quo
358 1637 499 1676 nam
522 1622 801 1687 mercato,
838 1619 1007 1691 pretii
1042 1637 1156 1674 non
1189 1636 1432 1676 munere
1464 1636 1672 1692 pauco,

196 1709 455 1783 Eligitur
483 1709 659 1764 tellus
682 1708 965 1763 membris
994 1707 1255 1780 locuples
1290 1709 1634 1779 retinendis,

198 1799 261 1855 In
294 1815 417 1872 qua
447 1814 725 1871 suprema
753 1798 927 1853 busto
953 1814 1167 1869 pompa
1199 1803 1483 1869 reparato,

193 1886 390 1943 61(3st
423 1887 534 1943 sub
565 1885 803 1941 cumulo
836 1886 1171 1941 conduntur
1196 1886 1485 1957 fragmina
1517 1904 1702 1943 sacra.

193 1978 331 2044 Qua:
364 1993 501 2032 mox
531 1975 841 2047 stelligera:
872 1976 1165 2047 Regnator
1195 1976 1490 2030 maximus
1517 1975 1682 2043 aulze,

193 2066 258 2122 In
292 2065 526 2121 tumulo
548 2064 733 2137 signis
756 2063 939 2134 jussit
970 2063 1192 2133 fulgere
1213 2064 1495 2132 coruscis,

192 2154 256 2221 1n
288 2153 455 2209 cmlis
489 2152 686 2209 anima
716 2152 893 2220 satis;
929 2156 1013 2217 ut,
1049 2157 1327 2224 regnante
1350 2153 1543 2221 beata,

187 2243 376 2315 Eque
400 2240 648 2315 gloriola
677 2246 987 2313 regnarent
1018 2246 1249 2295 mortua
1280 2242 1566 2296 membra.

260 2331 528 2403 Denique
556 2330 837 2386 collectus
869 2347 1113 2385 cernens
1145 2348 1213 2385 ex
1245 2331 1388 2385 urbe
1430 2330 1697 2402 popellus

189 2421 314 2476 Non
340 2437 530 2493 pauco
561 2419 738 2475 variis
770 2420 1043 2475 obsessos
1076 2424 1335 2491 tempore
1359 2419 1599 2486 morbis,

193 2509 497 2564 Mundatis
526 2508 646 2563 illic
679 2509 849 2564 foedis
872 2508 1177 2580 putredine
1212 2509 1515 2577 membris,

191 2597 418 2653 Salvari
444 2597 627 2670 gratis
659 2597 816 2652 nulla
848 2598 1115 2652 mercede
1147 2597 1376 2665 salutis,

191 2686 338 2741 Nam
372 2685 584 2741 rudem
616 2686 807 2740 meriti
832 2690 1103 2741 sanctum
1136 2686 1353 2740 titubat
1388 2686 1506 2740 fore
1538 2686 1705 2755 tanti,

192 2774 354 2830 Illius
388 2778 457 2829 ut
479 2791 658 2830 causa
689 2776 892 2830 fierent
923 2774 1207 2829 miracula
1239 2778 1420 2841 tanta,

190 2864 458 2919 Tandem
489 2864 735 2918 cmuobii
763 2863 1378 2935 princeps,rectorque
1410 2864 1657 2935 popelli;

191 2950 427 3022 Optima
456 2951 685 3007 consilii
705 2955 963 3006 tractans
990 2951 1381 3006 medicamina
1413 2950 1560 3018 sani,

190 3041 335 3096 181
359 3040 556 3096 Sensit
570 3039 1001 3095 Celsithronum
1024 3040 1228 3095 devota
1251 3044 1442 3094 mente
1464 3042 1843 3111 precandum,

188 3129 309 3193 Quo
330 3130 463 3200 jam
487 3127 815 3200 dignanter,
849 3127 1020 3182 solita
1052 3127 1282 3199 pietate,
1319 3133 1586 3200 patenter

188 3215 495 3289 Detegeret
517 3216 695 3271 dubio
724 3233 913 3271 causae
947 3220 1170 3271 secreta
1200 3220 1443 3271 remoto.

188 3306 346 3371 Quod
379 3322 517 3360 mox
546 3322 804 3377 personae
837 3322 1010 3360 sexus
1041 3309 1243 3376 eptant
1273 3304 1601 3376 utriusque,

189 3392 426 3449 Parcius
458 3397 634 3465 atque
663 3393 853 3448 tribus
883 3393 1112 3448 sociata:
1145 3398 1352 3464 sponte
1384 3393 1613 3461 diebus,

189 3480 473 3539 Dulcibus
493 3482 793 3539 instabant
818 3481 1073 3555 hymnis,
1094 3482 1366 3555 precibus
1384 3500 1615 3554 quoque
1637 3482 1839 3538 sacris.

1982 644 2181 699 Mitem
2210 643 2501 698 mollitum
2535 645 2774 716 Regem,
2804 661 3039 699 sensere
3080 643 3348 715 polorum

1979 733 2119 786 Esse
2152 732 2275 787 suis
2309 732 2583 804 preculis,
2612 733 2873 789 studioso
2906 749 3207 787 murmure
3238 732 3407 799 fusis,

1980 820 2091 874 Nec
2125 820 2477 891 nonjudieio
2508 822 2695 876 dubire
2728 839 2979 893 pronum
3012 822 3131 876 fore
3162 838 3353 876 causa:

1978 910 2047 963 Et
2076 910 2189 963 cito
2223 911 2515 965 fornacem
2549 916 2763 981 cogunt
2788 912 3004 966 fervere
3037 911 3325 965 minacem

1980 997 2217 1067 Ignibus
2248 1000 2553 1071 appositis,
2590 1004 2708 1053 toto
2741 1000 3048 1054 conamine
3081 1000 3340 1055 structis.

1977 1088 2239 1157 Cumque
2262 1089 2424 1141 focus
2448 1089 2668 1159 gremio
2705 1090 2918 1142 fureret
2949 1088 3200 1143 fornacis
3231 1088 3288 1141 in
3319 1087 3534 1159 amplo,

1978 1176 2105 1229 Mox
2129 1182 2303 1247 caput
2327 1178 2653 1231 abscissum
2672 1176 2883 1231 Christi
2918 1194 3220 1249 sumpsere
3252 1176 3491 1245 famelli,

1976 1264 2141 1319 Talia
2174 1265 2567 1336 blandiloquis
2600 1264 2905 1336 palpantes
2938 1265 3177 1320 verbula
3205 1264 3444 1337 linguis.

1972 1353 2091 1408 Rex
2125 1353 2236 1424 pic,
2260 1355 2495 1409 siderea:
2529 1354 2861 1407 dominator
2892 1354 3104 1407 nobilis
3136 1353 3303 1418 aulze,

1972 1442 2182 1498 Omnia
2203 1442 2429 1515 judicio
2455 1443 2553 1514 qui
2586 1443 2701 1497 scis
2732 1443 3061 1498 discernere
3084 1443 3268 1514 justo,

1972 1530 2135 1586 Illius
2168 1531 2445 1586 meritum
2477 1532 2663 1585 sancti
2696 1532 2785 1585 fac
2814 1531 2946 1602 igne
2978 1530 3231 1602 probari,

1970 1621 2057 1687 Et,
2091 1620 2139 1675 si
2174 1620 2250 1675 sit
2276 1624 2450 1675 tanta:
2482 1619 2665 1674 fultus
2696 1619 2975 1674 bonitatis
3008 1619 3247 1687 honore,

1970 1709 2110 1779 Ejus
2141 1714 2204 1764 ut
2234 1726 2301 1764 ex
2330 1707 2556 1763 meritis
2587 1708 2791 1763 fierent
2820 1707 2941 1762 hazc
2968 1707 3123 1763 dona
3143 1707 3371 1764 salutis.

1972 1798 2199 1853 Frontis
2232 1797 2565 1870 pelliculam
2599 1797 2773 1852 facito
2806 1813 2920 1852 non
2953 1800 3193 1867 tangere
3223 1796 3545 1866 ﬂammam,

1969 1885 2215 1941 Verticis
2247 1886 2457 1941 illaesos
2489 1902 2691 1941 omnes
2721 1901 2953 1957 quoque
2982 1885 3158 1939 redde
3188 1884 3450 1957 capillos.

1969 1974 2069 2029 Sin
2100 1992 2232 2031 vero
2266 1974 2459 2030 meriti
2492 1976 2717 2030 constet
2739 1974 2985 2029 fortasse
3014 1973 3281 2041 minoris,

1967 2065 2178 2119 Manda
2207 2081 2310 2135 pro
2342 2064 2532 2135 signo,
2561 2062 2757 2118 saltim
2791 2063 2919 2117 laedi
2954 2066 3085 2119 cute
3117 2079 3371 2130 summa,

1962 2154 2139 2208 Juxta
2163 2158 2434 2209 naturam
2468 2152 2692 2225 fragilis
2724 2151 2916 2207 carnis
2950 2153 3291 2224 perituram.

1963 2242 2128 2297 Talia
2148 2243 2427 2309 dicentes,
2462 2241 2688 2297 clarum
2711 2245 2890 2313 caput
2916 2241 3048 2313 igne
3078 2242 3450 2313 probandum

1962 2331 2222 2386 Credunt
2256 2331 2667 2386 flammivomis
2694 2330 2890 2386 saltim
2932 2330 3313 2403 surgentibus
3343 2331 3541 2386 undis.

1963 2421 2031 2475 Et
2063 2421 2323 2488 tandem,
2355 2420 2538 2491 plena:
2572 2420 2827 2490 spatium
2853 2424 2986 2491 post
3014 2421 3191 2474 unius
3222 2420 3399 2489 horae,

1963 2508 2079 2562 IIoc
2112 2508 2304 2579 ipsum
2339 2507 2559 2579 rapidis
2591 2506 2879 2563 extollunt
2909 2507 3162 2578 denique
3192 2508 3473 2577 ﬂammis,

1962 2597 2307 2651 Lustrantes
2339 2596 2525 2651 oculis
2558 2597 2842 2651 damnum
2877 2597 3049 2652 ferret
3080 2613 3150 2652 ne
3180 2595 3411 2666 caloris,

1960 2687 2121 2751 Quod
2146 2687 2271 2757 jam
2302 2686 2669 2757 splendidius
2701 2703 2845 2757 puro
2878 2686 3203 2740 radiaverat
3231 2702 3395 2753 auro,

1958 2779 2174 2846 Expers
2196 2774 2391 2829 odoris
2424 2774 2676 2845 penitus,
2704 2775 2969 2845 tantique
3001 2772 3229 2829 caloris.

1960 2862 2123 2929 Hinc,
2159 2880 2397 2917 sursum
2429 2862 2631 2927 versis,
2667 2861 2927 2916 laudavit
2960 2863 3132 2917 turba
3165 2862 3375 2931 fidelis,

1955 2951 2648 3017 Vultibus,Altitbronum
2669 2950 2992 3005 modulanti
3012 2952 3269 3006 carmine
3286 2950 3608 3008 Christum.

1956 3040 2061 3105 Qui
2093 3040 2265 3095 toties
2291 3040 2434 3094 tanti
2470 3040 2603 3094 fecit
2632 3039 3035 3111 splendescere
3065 3039 3251 3113 signis

1956 3129 2268 3200 Fragmina
2287 3128 2612 3183 constantis
2644 3146 2747 3200 pro
2771 3145 2896 3184 sese
2927 3133 3177 3198 mortua,
3210 3130 3401 3186 testis.

1955 3219 2109 3274 I32
2134 3219 2260 3272 Hcce
2278 3221 2335 3272 et
2360 3217 2657 3273 mausoleo
2675 3218 2850 3290 digne
2871 3219 3128 3274 condens
3148 3220 3500 3290 venerando,

1876 3292 1919 3358 C
1957 3306 2144 3379 Digne
2175 3311 2431 3378 percerte
2455 3305 2700 3378 supplex
2729 3311 3039 3363 veneratur
3067 3307 3307 3377 honore,

1956 3394 2271 3451 Finetenus
2300 3395 2509 3451 merito
2537 3395 2711 3468 vulgo
2736 3395 2883 3451 bene
2905 3397 3145 3452 credula
3175 3398 3299 3453 noti

1954 3482 2194 3539 Caelitus
2224 3488 2402 3554 atque
2432 3484 2551 3539 dati
2584 3501 2818 3556 semper
2837 3486 3037 3557 gavisa
3068 3486 3318 3558 patroni.

551 3783 947 3933 LAPSUS
1037 3785 1164 3932 El
1254 3781 1835 3932 CONVllllSIO
1923 3782 2493 3932 TllllthlllLl
2585 3784 3224 3934 VlClllltlllllNl.

1472 4163 1536 4245 A
1553 4160 2024 4250 l’tGUMEN
2033 4162 2321 4251 TUM.

267 4334 953 4415 ’l‘lieophiluquolescens
982 4335 1289 4415 singularis
1313 4336 1515 4415 indolis
1546 4345 1596 4391 et
1623 4338 1857 4415 ingenii,
1893 4339 2173 4415 in§iciliai
2198 4339 2335 4415 (leg.
2367 4340 2591 4415 Cilicia)
2622 4358 2723 4397 avo
2750 4358 2868 4408 suo,
2899 4346 3163 4415 episcopo,
3186 4344 3610 4412 commendatur,

199 4406 487 4487 qui-illita:
515 4406 964 4487 archidiacoan
996 4407 1349 4487 (quipculus
1381 4409 1638 4480 episcopi
1759 4411 2082 4487 renonibus,
2113 4406 2627 4487 hioviEedominus
2660 4406 2902 4487 vocatur)
2927 4406 3165 4487 ercet-ur}
3186 4416 3294 4469 Avo
3340 4406 3610 4487 defuncto,

194 4477 343 4557 plebs
374 4478 467 4557 illi
484 4479 850 4557 episcopatqu
882 4477 1055 4549 offert.
1090 4478 1189 4533 Illc
1216 4477 1859 4557 corom‘mctrbpolilano
1888 4482 2303 4557 abdicatis/Ill”
2342 4484 2564 4557 electus,
2617 4486 2713 4554 qui
2759 4477 2888 4557 cani
2930 4477 3615 4557 arrhidiaconatus'o/‘ﬁcio

198 4546 471 4620 deposuit.
492 4546 609 4615 Ille,
642 4546 700 4604 se
722 4546 1179 4622 videnssprctum
1208 4557 1259 4605 et
1286 4552 1571 4622 abjcctum,

1651 4552 1893 4625 θὺνξιηιηι
1919 4569 2019 4624 pro
2052 4555 2229 4623 ofﬁcio
2256 4555 2437 4623 priori
2483 4552 2854 4625 conseque/ida
2902 4556 3156 4610 consulit.
3189 4557 3288 4611 Ille
3338 4552 3619 4611 diabolum

198 4628 390 4698 evocat,
410 4627 465 4675 et
483 4622 729 4698 seipsum
759 4623 811 4675 ei
831 4621 1060 4698 devovit,
1079 4629 1130 4676 et
1150 4624 1328 4698 ofﬁcio
1350 4621 1687 4698 recta-uitur.
1727 4621 1959 4698 Τᾳηᾴσῂι
1982 4621 2305 4698 minitantia.
2334 4621 2845 4691 durtus,au.irilium
2875 4626 3133 4695 gloriosae
3154 4629 3388 4698 virginis
3420 4628 3613 4684 Maria:
3653 4644 3671 4659 κ

199 4690 531 4768 imnloravit.
563 4690 733 4768 Cujus
766 4693 982 4768 tandem
1012 4690 1492 4748 intercessionibus
1520 4694 1709 4748 datum
1738 4694 1952 4751 diabolo
1981 4690 2409 4767 chiragraphum
2440 4690 2798 4768 recuperavit,
2833 4690 3178 4768 séipsu-mque
3207 4690 3375 4753 totum
3410 4700 3617 4754 sancti-

200 4764 403 4819 monia
433 4763 560 4817 vitae
586 4762 814 4819 devovit.

1070 5024 1751 5164 INCIPIT
1857 5031 2745 5169 HISTORIA

272 5259 561 5334 Posquam
593 5262 694 5317 lux
733 5262 886 5330 fidei,
908 5279 1179 5319 crescens
1210 5279 1313 5334 per
1341 5261 1579 5319 climata
1626 5265 1854 5334 mundi,
1888 5248 1935 5312 Π
1968 5269 2151 5332 Quem
2183 5268 2391 5323 devotu
2424 5271 2655 5340 patrum
2691 5268 2902 5325 divinis
2934 5286 3075 5327 cura
3106 5289 3349 5330 suorum

205 5345 462 5406 Siciliam
487 5350 746 5407 tenebris
767 5368 1034 5407 errorum
1058 5349 1236 5406 solvis
1265 5351 1337 5405 ab
1370 5351 1534 5419 atris,

204 5432 304 5490 Vir
331 5439 476 5496 satis
502 5439 752 5495 illustris
779 5440 1039 5495 nutritur
1066 5439 1331 5512 partibus
1362 5438 1502 5505 illis,

207 5520 514 5583 Nobilitate
544 5531 772 5599 potens,
807 5527 999 5585 meriti
1032 5527 1342 5599 splendore
1376 5525 1699 5599 refulgens;

212 5608 377 5668 Hicce
397 5615 759 5689 TheOphilus
789 5617 981 5672 fuerat
1010 5616 1081 5670 de
1106 5615 1343 5670 nomine
1373 5615 1587 5683 dictus,

215 5696 346 5757 Puri
375 5709 606 5762 sacrata
633 5704 859 5763 tinctus
885 5703 1261 5779 baptismatis
1292 5704 1471 5762 unda.

1969 5356 2281 5428 Obsequiis
2312 5355 2493 5429 igitur
2522 5357 2731 5428 primis
2760 5358 3014 5431 signavit
3036 5362 3108 5418 ab
3141 5364 3333 5433 annis,

1969 5445 2178 5515 Atque,
2213 5443 2303 5498 sui
2333 5443 2564 5499 dulcem
2590 5445 2683 5517 pie
2706 5446 3074 5505 sollicitando
3099 5456 3387 5524 nepotem,

1973 5532 2217 5586 Cuidam
2252 5532 2513 5604 pontiﬁci
2544 5534 2789 5590 credidit
2820 5536 3083 5593 nimium
3101 5540 3374 5611 sapienti,

1976 5623 2099 5686 Quo
2132 5619 2382 5676 nutriret
2402 5638 2534 5676 cum
2567 5623 2762 5679 studio
2793 5625 3032 5682 florente
3060 5627 3408 5695 docendum,

1978 5708 2172 5782 Ipsius
2201 5708 2507 5782 ingenium
2539 5718 2871 5789 mentisque
2902 5715 3116 5789 rigaret
3135 5714 3411 5790 agellum.
