3904 6456
160 396 316 459 1103

155 530 310 587 188
342 530 423 586 Ι)0
454 529 672 602 sophiae
705 528 864 596 rivis,
898 533 1136 601 septeno
1167 529 1327 584 fonte
1349 528 1667 583 manantis.

226 620 489 690 Cumque
522 618 616 689 pio
650 618 795 672 satis
817 617 1085 673 exhausti
1118 634 1298 689 puero
1329 618 1476 672 foret
1498 618 1632 689 ipsi,

153 708 342 779 Digne
366 706 673 762 confestim
706 710 1012 777 provectus
1042 707 1281 772 honore,
1317 706 1607 775 gradatim

152 795 533 852 Pervenicbat
564 796 635 850 ad
670 795 928 849 officium
964 795 1201 850 sibimet
1232 796 1375 848 satis
1408 799 1633 865 aptum,

153 885 316 949 Quod
346 883 551 956 lingua
579 884 737 957 vulgi
771 885 993 940 scimus
1018 885 1241 939 dictum
1276 884 1631 938 viro-domui.

151 972 270 1028 Hac
300 972 482 1046 igitur
511 973 659 1027 tanti
690 990 907 1045 pompa
937 973 1269 1044 splendoris
1293 974 1525 1044 adepta,

153 1061 417 1116 Pontifici
452 1080 512 1117 se
544 1062 881 1133 subjectum
909 1062 1180 1134 cleroque
1213 1062 1547 1117 modestum

154 1149 425 1218 Priebuit,
443 1155 617 1222 atque
652 1151 816 1223 pium
840 1150 1437 1223 populo,cunctisquc
1470 1149 1812 1221 benignum,

154 1238 599 1311 Commissoque
630 1240 790 1311 gregi
824 1240 1017 1295 studio
1052 1244 1294 1312 praeerat
1322 1238 1608 1311 vigilanti.

155 1327 407 1383 Maxime
436 1328 539 1384 sed
571 1327 788 1382 Christi
820 1328 1087 1383 minimis
1119 1327 1472 1403 miserisqpe
1504 1326 1746 1400 pupillis

154 1418 234 1472 Ac
265 1416 444 1473 castis
473 1416 687 1486 viduis,
722 1434 828 1472 nec
860 1435 975 1473 non
998 1417 1227 1473 cunctis
1256 1416 1602 1491 peregrinis,

154 1504 363 1561 Vestes
393 1508 450 1561 et
478 1505 700 1560 victum
727 1506 931 1561 dextra
961 1506 1173 1565 tribuit
1203 1507 1351 1561 bene
1381 1505 1568 1577 larga,

158 1593 610 1667 Hospitiumque
642 1594 805 1667 vagis
838 1612 1143 1666 nunquam
1167 1594 1477 1650 claudebat
1507 1595 1725 1666 egenis.

157 1682 305 1739 Hinc
334 1682 517 1755 igitur
547 1699 788 1738 consors
820 1684 1013 1738 omnis
1047 1682 1272 1737 devotio
1302 1681 1490 1754 plebis

153 1771 379 1827 Aﬁ'eetu
410 1773 610 1826 tenero
644 1770 838 1826 cordis
870 1771 1161 1842 pendebat
1194 1770 1254 1825 in
1287 1769 1411 1836 illo,

155 1859 358 1931 Ipsum
391 1875 495 1915 seu
528 1858 760 1915 dulcem
792 1864 1147 1915 venerantur
1177 1860 1430 1914 amando
1480 1862 1780 1930 parenten.

226 1952 457 2003 Interea
483 1946 573 2003 vir
602 1964 975 2003 summorum
1010 1947 1223 2020 pracsul
1260 1948 1606 2003 meritorum

156 2036 395 2093 Coelitus
426 2041 733 2108 acceptum
759 2036 970 2092 direxit
991 2037 1064 2091 ad
1094 2036 1309 2091 mthera
1338 2036 1568 2091 ﬂatum.

157 2127 280 2192 Quo
312 2141 451 2181 nam
481 2125 779 2192 defuncto,
808 2125 1032 2197 gremio
1065 2129 1350 2196 terraeque
1382 2125 1591 2193 locato,

157 2213 459 2270 Consensu
488 2214 653 2287 plebs
684 2213 976 2270 clamabat
1006 2214 1370 2269 concorditer
1399 2213 1611 2282 omnis,

160 2302 544 2375 Respondens
578 2302 716 2359 cleri
748 2305 919 2372 votis,
953 2304 1159 2359 eadem
1190 2304 1507 2375 cupientis,

160 2391 329 2447 Hunc
362 2392 485 2447 fore
510 2392 822 2465 praecipuis
855 2384 1058 2464 aptum
1084 2392 1309 2447 meritis
1341 2393 1463 2448 vice
1486 2393 1782 2459 domnem,

161 2480 235 2536 Ut
258 2480 491 2536 culmen
524 2481 682 2536 sedis
715 2485 978 2552 captaret
1009 2480 1385 2552 pontificalis,

161 2569 393 2625 Summi
423 2569 719 2641 pontificis
750 2586 1070 2641 curamque
1102 2573 1324 2625 teneret
1356 2569 1543 2626 ovilis.

162 2658 280 2715 Hoc
311 2676 543 2732 quoque
577 2661 929 2731 persuadere
959 2677 1064 2715 suo
1089 2659 1535 2731 metropolitano

162 2747 427 2803 Pontifici
459 2748 696 2820 scriptis
729 2747 1087 2803 festinabant
1118 2748 1232 2802 cito
1266 2748 1485 2814 missis,

160 2832 341 2907 Cujus
361 2836 587 2909 judicio
621 2837 802 2893 statui
826 2841 1028 2909 pastor
1058 2837 1309 2909 sapienti

161 2924 380 2984 Debuit
407 2925 664 2982 ecclesia:
695 2926 798 2981 tali
829 2927 1156 2999 condignus
1186 2926 1426 2981 honore.

234 3014 344 3080 Qui
377 3016 640 3071 bonitate
659 3016 766 3072 viri
801 3021 1100 3087 comperta
1130 3033 1387 3088 namque
1417 3016 1678 3089 benigni,

162 3103 236 3159 Se
266 3102 699 3176 completurum
722 3105 996 3177 promisit
1026 3104 1172 3160 velle
1204 3108 1571 3177 precantum,

161 3192 233 3247 Et
258 3192 489 3248 venisse
511 3193 700 3248 virum
723 3194 910 3265 jussit
940 3194 1234 3249 maturius
1262 3194 1483 3266 ipsum,

160 3278 386 3335 Aﬂ’ectu
416 3280 615 3352 populi
650 3286 813 3337 tanto
846 3299 1019 3354 quem
1056 3281 1241 3336 sensit
1271 3282 1476 3337 amari.

164 3366 267 3424 Ille
299 3370 399 3424 sed
430 3386 740 3425 exsecrans
771 3369 949 3424 talem
977 3374 1314 3425 constanter
1343 3370 1647 3438 honorem,

164 3456 436 3513 Przesulis
466 3457 713 3529 imperio
746 3475 969 3530 parere,
1006 3464 1199 3530 negat,
1233 3459 1538 3527 veniendo,

169 3545 364 3601 Donec
395 3546 615 3602 invitus
649 3546 922 3616 trahitur,
956 3549 1148 3604 turbis
1179 3548 1560 3619 glomeratur.

170 3634 259 3703 Et,
294 3652 429 3691 cum
460 3636 758 3708 pontificis
791 3642 1245 3709 prasentaretur
1275 3636 1497 3706 ocellis,

169 3725 326 3780 134
358 3726 589 3781 Stratus
640 3727 907 3797 adusque
954 3726 1166 3794 solum,
1201 3744 1368 3782 voces
1409 3729 1722 3800 spargebat
1768 3728 1827 3783 in

167 3811 456 3868 Infectum
487 3813 645 3869 vitiis
679 3832 806 3870 sese
837 3815 1060 3883 dicens,
1086 3816 1206 3871 fore
1241 3814 1447 3871 multis
1594 3816 1826 3888 [altum,

166 3900 293 3957 Non
324 3906 531 3974 aptum
563 3908 768 3959 sancto
803 3904 1018 3960 Christi
1050 3904 1266 3976 populo
1299 3905 1612 3973 dominari,

238 3990 341 4046 His
370 3991 552 4065 igitur
581 3992 844 4064 querulis
869 3993 1078 4048 iterata
1108 4010 1243 4048 voce
1274 3993 1530 4064 profusis

164 4078 425 4135 Antistes
456 4097 730 4136 summus
763 4081 942 4136 cessit
970 4086 1268 4153 postremo
1302 4087 1561 4149 coactus,

166 4166 452 4240 Huncque
481 4168 657 4236 Deus,
691 4168 828 4225 talis
859 4168 960 4241 qui
992 4169 1276 4225 fastidivit
1305 4170 1566 4238 honoris,

167 4255 450 4328 Injunctze
480 4274 731 4313 vacuum
763 4275 915 4314 curae
949 4258 1240 4314 concessit
1271 4258 1451 4327 abire,

167 4344 544 4404 Constituens
576 4346 780 4417 alium,
815 4347 1055 4404 rectoris
1086 4347 1323 4404 nomine
1354 4348 1619 4421 dignum,

168 4434 277 4501 Qui
309 4452 469 4503 nam,
503 4453 828 4509 paucorum
861 4441 994 4509 post
1023 4436 1335 4493 intervalla
1360 4437 1614 4506 dierum,

167 4525 569 4591 Quorumdam
600 4526 833 4584 blandis
866 4527 1017 4582 clam
1052 4528 1332 4583 seductus
1356 4526 1638 4594 suadelis,

166 4613 460 4686 Subjectis
490 4615 671 4671 alium
704 4617 817 4672 cito
849 4617 1169 4689 praeposuit
1198 4616 1633 4684 vicedomnum,

163 4704 352 4775 Atque
378 4704 789 4777 Theophilum,
823 4706 1075 4760 summis
1122 4705 1352 4761 meritis
1406 4706 1825 4774 venerandum,

165 4789 344 4847 Movit
375 4793 446 4847 ab
478 4794 690 4863 officio,
725 4792 945 4847 multos
978 4810 1092 4864 quo
1122 4793 1391 4864 fungitur
1419 4809 1624 4849 annos.

163 4878 301 4935 Istic
333 4880 454 4948 sed,
489 4880 714 4952 fragilis
744 4880 1001 4936 tolerans
1034 4880 1326 4951 patienter
1355 4880 1594 4938 honoris

162 4967 478 5037 Damnum,
513 4969 817 5025 tristitiam
841 4968 1004 5041 pellit
1037 4970 1106 5023 de
1140 4973 1368 5040 pectore
1400 4975 1694 5039 cunctam,

165 5056 587 5128 Gaudebatque
618 5059 761 5113 satis
795 5074 921 5112 sese
945 5059 1071 5129 jam
1103 5075 1274 5128 posse
1305 5075 1510 5115 vacare

165 5145 351 5201 Tanto
381 5144 625 5200 liberius
658 5146 854 5200 studio
885 5145 1098 5202 Cbristi
1118 5146 1461 5215 famulatus,

164 5235 391 5300 Quanto
422 5250 697 5290 curarum
729 5251 971 5291 securus
1002 5240 1125 5291 erat
1153 5236 1469 5291 variarum.

232 5322 423 5395 Hujus
455 5340 591 5379 mox
611 5328 868 5379 mentem
902 5325 1228 5381 detestatur
1258 5325 1579 5397 patientem

161 5412 369 5470 Totius
399 5412 644 5468 humani
676 5413 904 5485 generis
937 5415 1297 5471 saevissimus
1326 5414 1533 5481 hostis,

160 5501 250 5573 Et,
286 5518 404 5573 qua
434 5502 718 5574 primates
747 5501 977 5574 decepit
1008 5504 1212 5559 fraude
1245 5509 1540 5576 parentes,

160 5590 279 5648 Hac
309 5590 558 5663 hujusce
580 5591 687 5648 viri
721 5590 919 5663 pulsat
946 5593 1270 5664 penetralia
1286 5594 1458 5663 justi,

157 5680 470 5766 Adducens
490 5683 619 5757 ejus
652 5680 841 5755 fragili
878 5682 1201 5755 saepissime
1236 5683 1416 5740 menti

1841 530 1898 597 A

1851 1908 1899 1972 Β

981 397 1513 459 IIROTSUITH/E
1555 393 1920 458 MONIOLIS
1966 390 2762 457 GANDERSHEIMENSIS

3433 387 3634 451 1104

1927 526 2150 583 Blanda
2179 524 2484 598 potestatis
2514 523 2942 579 delectamenta
2973 522 3201 594 prioris,

1922 614 2359 688 Despectusque
2390 629 2626 686 gravem
2660 612 2793 668 facti
2828 610 3163 684 nuperrime
3195 614 3442 666 sortem.

1922 704 2038 759 Nec
2069 703 2310 775 laqueos
2338 702 2554 757 harum
2586 704 2907 756 retraxerat
2936 699 3312 765 insidiarum,

1924 792 2116 847 Donec
2149 791 2447 863 captivum
2479 790 2695 846 Christi
2730 790 2897 844 duxit
2928 788 3042 843 sibi
3072 806 3330 844 servum.

1924 882 2040 936 Nec
2072 898 2255 947 mora,
2291 880 2378 934 vir
2402 880 2590 943 fortis,
2624 879 2742 933 vita
2773 876 3115 949 meritisque
3146 876 3417 942 celebris,

1926 968 2137 1025 Mentis
2159 970 2439 1024 virtutem
2471 969 2712 1022 demens
2743 967 3042 1037 abjccerat
3073 983 3335 1033 omnem,

1924 1058 2038 1113 Nec
2071 1058 2450 1113 tcntamentis
2481 1056 2709 1111 studuit
2742 1060 2961 1110 restare
2994 1054 3282 1123 nefandis,

1926 1147 2037 1202 Sed
2070 1146 2256 1201 victus
2278 1145 2476 1212 cessit,
2511 1145 2843 1215 mentisque
2866 1143 3061 1199 dolore
3094 1144 3362 1210 tabescit,

1927 1235 2154 1307 Quique
2176 1235 2339 1307 prius
2373 1233 2527 1306 plebi
2559 1234 2778 1305 sprevit
2808 1233 3082 1305 princeps
3114 1232 3431 1300 dominari,

1924 1324 2171 1379 Aifeetat
2192 1322 2348 1395 juris
2379 1338 2625 1395 pompas
2660 1340 2817 1377 nunc
2848 1321 3164 1377 inferioris.

1927 1412 2210 1481 Tandem,
2247 1412 2528 1468 seductus
2560 1416 2770 1467 caecato
2802 1411 2974 1466 corde
3001 1408 3289 1479 misellus,

1928 1501 2253 1568 Quemdam
2285 1517 2625 1573 perversum
2657 1499 2828 1571 petiit
2861 1498 3111 1555 festinus
3140 1498 3479 1567 Hebraeum,

1928 1590 2036 1656 Qui
2070 1589 2301 1663 magica
2332 1589 2532 1661 plures
2567 1587 2795 1660 decepit
2823 1588 3029 1643 fraude
3060 1586 3283 1656 ﬁdeles,

1927 1678 2082 1735 185
2116 1677 2615 1749 Prolambensque
2637 1694 2798 1743 suas,
2833 1681 3125 1748 prostrato
3145 1693 3409 1748 corpore,
3433 1675 3624 1748 plan-

1929 1766 2120 1840 Ipsius
2133 1766 2419 1823 auxilium
2435 1766 2660 1839 ﬂagitat
2677 1765 3056 1838 lacrymando
3069 1766 3414 1821 nefandum.
3459 1770 3620 1834 [tas,

1930 1857 2057 1924 Qui,
2094 1873 2272 1929 super
2299 1855 2548 1911 errantis
2578 1854 2780 1927 lapsus
2806 1855 3134 1927 gaudendo,
3164 1853 3488 1927 malignus,

1931 1946 2110 2002 Nocte
2141 1943 2344 2018 procul
2374 1944 2554 2000 dubio
2578 1945 2763 2016 jussit
2792 1945 3019 1999 venisse
3051 1945 3269 2011 futura,

1932 2035 2282 2092 Promittens
2314 2038 2647 2107 promptam
2676 2033 2987 2105 despectus
3013 2049 3141 2089 esse
3170 2032 3492 2103 medelam,

1933 2124 1992 2181 Si
2027 2124 2284 2196 parendo
2315 2123 2442 2179 suis
2473 2121 2647 2179 vellet
2675 2126 2908 2177 tantum
2940 2122 3200 2178 suadelis

1932 2213 2053 2270 Sub
2085 2212 2302 2268 ditione
2338 2211 2431 2267 sui
2465 2211 2723 2284 posthaec
2756 2211 3021 2266 habitare
3053 2210 3376 2283 magistris.

2004 2302 2107 2358 His
2135 2300 2230 2357 hic
2262 2300 2464 2357 infelix
2494 2300 2734 2356 monitis
2764 2305 2974 2372 captus
2999 2299 3151 2355 male
3181 2299 3441 2366 blandis,

1933 2390 2227 2447 Daemonis
2258 2390 2542 2462 obsequio
2577 2390 2711 2446 saevi
2745 2389 2927 2462 gestit
2956 2388 3209 2461 religari,

1934 2483 2056 2547 Quo
2089 2480 2172 2536 sic
2204 2479 2540 2534 umbratilis
2574 2496 2787 2535 manus
2820 2479 3136 2534 meruisset
3165 2478 3432 2547 honoris,

1934 2571 2117 2635 Quem
2150 2586 2254 2624 nec
2288 2569 2591 2642 signatum
2623 2569 2793 2642 signo
2825 2573 3041 2624 sancta;
3074 2567 3264 2623 crucis
3296 2568 3477 2637 almo,

1934 2659 2047 2714 Sed
2080 2674 2249 2731 mage
2279 2658 2621 2714 daemonicis
2649 2658 3045 2714 confidentem
3080 2656 3358 2726 suadelis,

1934 2747 2108 2805 Ocius
2139 2747 2239 2803 ille
2269 2764 2479 2821 magus
2501 2764 2704 2803 secum
2737 2747 2903 2802 duxit
2932 2746 3280 2803 maledictus

1934 2839 2123 2894 Trans
2148 2838 2375 2905 urbem,
2412 2836 2523 2891 sub
2556 2836 2863 2892 nocturnis
2899 2840 3122 2893 secreto
3153 2836 3432 2907 tenebris,

1935 2925 2139 2982 Intulit
2168 2925 2345 2997 inque
2367 2924 2561 2981 locum
2596 2924 2782 2980 multo
2814 2924 3227 2998 phantasmate
3256 2926 3528 3001 plenum,

1935 3015 2000 3070 In
2033 3031 2148 3086 quo
2176 3015 2414 3070 tartarei
2447 3018 2734 3070 steterant
2760 3015 2819 3069 in
2850 3017 3011 3070 veste
3043 3013 3234 3070 coloni

1932 3103 2129 3171 Albas,
2165 3102 2440 3159 candelas
2470 3103 2668 3175 plures
2700 3103 2977 3159 manibus
3009 3104 3350 3160 retinentes.

1936 3192 2092 3248 Inter
2121 3209 2267 3264 quos
2302 3192 2532 3247 medius
2562 3192 2837 3264 princeps
2868 3191 3161 3247 residebat
3186 3192 3451 3265 iniquus,

1860 3280 1903 3347 C
1942 3280 2051 3347 Qui
2082 3298 2181 3337 rex
2210 3285 2300 3337 est
2320 3281 2548 3347 mortis,
2582 3281 2776 3353 proles
2809 3298 3041 3353 quoque
3068 3283 3437 3353 perditionis,

1940 3371 2206 3427 Suadens
2239 3371 2593 3426 damnandis
2623 3375 2820 3426 astuta
2840 3371 3047 3426 fraude
3076 3371 3388 3440 ministris,

1942 3459 2194 3532 Impigre
2225 3459 2451 3515 cunctis
2482 3459 2841 3530 praatendere
2863 3459 3204 3515 calliditatis

1937 3550 2218 3617 Assuetaz,
2244 3547 2485 3621 laqueos
2517 3566 2721 3604 omnes
2753 3553 2989 3621 captare
3017 3553 3273 3621 paratos.

1939 3639 2011 3694 Et
2038 3654 2290 3709 magnus
2329 3642 2642 3705 errantem,
2678 3638 3085 3710 damnumque
3115 3638 3205 3693 sui
3238 3638 3598 3710 cupientem,

1940 3728 2071 3783 Mox
2101 3727 2172 3782 ad
2203 3726 2515 3783 concilium
2548 3727 2903 3798 perducebat
2933 3726 3313 3795 scelerosum,

1939 3817 2388 3888 Prostratusquc
2420 3816 2512 3871 sui
2543 3815 2760 3888 plantis
2791 3814 3083 3888 extemplo
3114 3816 3405 3889 magistri,

1940 3905 2288 3961 Monstravit
2312 3906 2488 3960 verbo
2519 3922 2782 3972 causam,
2816 3921 2934 3976 qua
2956 3910 3193 3961 venerat
3225 3904 3349 3971 illo,

1939 3993 2044 4050 Cui
2072 3995 2301 4049 daemon
2333 4011 2521 4049 sazvus
2546 3998 2750 4049 contra
2779 3994 2863 4050 sic
2894 3994 3145 4066 denique
3178 3994 3336 4050 fatus
3370 4011 3383 4048 :

1940 4084 2066 4151 Dic,
2094 4084 2194 4152 ait,
2228 4083 2428 4139 auxilii
2462 4083 2684 4155 possim
2717 4084 2857 4155 quid
2890 4084 3040 4140 ferre
3072 4083 3229 4140 fideli

1937 4172 2267 4245 Ablutoque
2296 4172 2419 4228 viro
2451 4172 2669 4228 Christi
2700 4172 3076 4244 baptismatis
3107 4172 3305 4229 unda?

1940 4261 2001 4319 Si
2026 4279 2194 4318 meus
2225 4278 2353 4317 esse
2386 4262 2570 4334 cupit,
2594 4260 2829 4333 scriptis
2853 4260 3268 4334 Christumque
3300 4262 3558 4335 negabit,

1938 4350 2220 4423 Illiusque
2252 4349 2576 4422 puellarem
2608 4350 2826 4423 pariter
2854 4350 3232 4419 Genitricem,

1940 4441 2047 4497 Per
2075 4440 2247 4511 cujus
2277 4443 2513 4512 partum
2546 4439 2737 4512 patior
2768 4439 3019 4496 nimium
3051 4457 3223 4513 grave
3254 4440 3557 4512 damnum,

1940 4529 2112 4586 Illum
2146 4530 2424 4585 continuo
2454 4529 2666 4586 virtute
2696 4547 2829 4585 mea
2862 4528 3149 4597 relevabo,

1938 4621 2128 4690 Atque
2156 4619 2337 4674 decus
2369 4618 2506 4675 talis
2539 4619 2828 4691 praestabo
2860 4623 3125 4692 patenter
3155 4618 3417 4689 honoris,

1941 4707 2157 4764 Praesul
2185 4712 2251 4762 ut
2281 4708 2406 4779 ipse
2438 4708 2562 4763 suis
2594 4725 2709 4763 non
2738 4708 3134 4763 contradicere
3158 4708 3351 4779 jussis

1933 4799 2222 4869 Apponat,
2257 4813 2499 4851 cernens
2532 4813 2737 4852 omnes
2770 4795 2854 4851 illi
2885 4795 3260 4864 famulantes,

1936 4887 2091 4942 136
2131 4886 2240 4952 Qui
2300 4902 2458 4941 nunc
2522 4886 2865 4957 despectum
2924 4890 3214 4957 spernunt
3270 4888 3591 4943 venerarier

2007 4974 2109 5030 His
2140 4991 2268 5030 eam
2301 4974 2605 5030 blanditiis
2633 4974 2904 5047 anguinis
2935 4974 3276 5030 calliditatis
3356 4976 3585 5048 [ipsum

1935 5064 2048 5119 Iste
2072 5062 2252 5119 miser
2280 5064 2455 5119 verbo
2489 5080 2605 5117 non
2637 5063 3070 5119 contradixerat
3094 5062 3236 5130 ullo,

1934 5152 2045 5208 Sed
2080 5153 2202 5207 fieri
2228 5152 2426 5225 gestit,
2460 5170 2588 5224 quae
2622 5170 2930 5225 perversus
2962 5153 3137 5208 draco
3170 5153 3381 5222 suasit,

1934 5242 2199 5297 Proditor
2228 5246 2405 5313 atque
2436 5246 2625 5297 totum
2660 5241 2898 5297 dederat
2928 5258 2988 5297 se
3012 5241 3347 5313 perditioni.

1934 5332 2150 5402 Sponte
2181 5331 2342 5386 dedit
2374 5330 2594 5403 proprii
2627 5331 2894 5386 chartam
2926 5332 3193 5387 scribens
3223 5332 3555 5387 detrimenti

1932 5419 1996 5475 In
2030 5436 2145 5491 qua
2170 5418 2490 5491 spirituum
2525 5423 2776 5475 testatur
2804 5419 2952 5476 velle
2987 5420 3292 5493 nigrorum

1930 5509 2072 5564 Esse
2104 5508 2214 5564 sub
2246 5508 2479 5564 aeternis
2510 5508 2685 5564 sociis
2711 5526 2815 5580 per
2846 5509 3059 5565 smcula
3098 5509 3310 5581 pinnis.

1930 5597 2048 5654 Hoc
2081 5598 2181 5654 ubi
2210 5598 2473 5670 perfecit,
2508 5598 2733 5671 passim
2766 5598 3122 5671 phantasma
3153 5598 3415 5666 recessit,

1929 5687 2178 5766 Ipseque
2211 5703 2346 5747 cum
2380 5703 2557 5761 pravo
2586 5687 2898 5761 gaudendo
2932 5686 3159 5745 redibat
3191 5687 3407 5769 amico,
