3904 6378
212 465 393 528 “05

290 600 477 656 Pacta
510 614 764 672 namque
786 597 900 667 die,
933 597 1145 673 prmsul
1169 600 1441 672 przecepit
1474 600 1677 656 adesse

206 690 377 745 Cleri
407 688 707 762 primates,
738 688 925 761 plebis
957 688 1286 760 pariterque
1319 690 1559 760 priores,

203 781 414 851 Atque
442 777 856 850 Theophilum,
891 778 1119 832 cunctis
1151 778 1481 833 astantibus
1515 779 1654 846 illis,

203 869 582 931 Adductum,
615 867 808 921 verbis
842 866 1090 921 nimium
1124 867 1425 922 blanditur
1448 867 1676 937 amicis,

202 957 416 1030 Ipsius
449 956 709 1011 subdens
740 955 910 1010 hilari
943 955 1106 1010 vultu
1140 956 1368 1023 ditioni,

204 1046 583 1117 Deflevitque
616 1044 727 1116 piis
761 1061 888 1099 sese
919 1061 1189 1115 peccasse
1214 1044 1486 1101 lamentis

203 1135 522 1206 Abjecissc
553 1134 740 1188 virum
778 1134 1165 1205 przrsumebat
1198 1135 1336 1205 quia
1367 1140 1660 1189 sanctum.

202 1228 320 1280 Ast
350 1223 469 1290 hic,
494 1241 523 1277 e
555 1222 765 1279 subitis
798 1222 939 1276 tanti
966 1222 1195 1276 laetatus
1226 1223 1465 1277 honoris

204 1313 427 1380 Donis,
458 1312 590 1384 plus
622 1329 786 1384 aequo
819 1310 968 1366 tollit
999 1328 1059 1365 se
1094 1318 1286 1367 mente
1318 1313 1590 1384 superba.

201 1404 522 1460 Jactantcr
550 1401 949 1471 subjectorum
982 1418 1196 1455 cuneos
1230 1400 1577 1473 populorum

203 1492 416 1566 Ipsius
448 1490 751 1562 obsequiis
778 1506 991 1561 cogens
1022 1492 1404 1546 succumbere
1437 1492 1622 1557 duris,

201 1584 298 1652 Et,
336 1584 537 1653 spreto
570 1578 805 1651 penitus
834 1580 1032 1651 patria:
1064 1578 1316 1634 ccelestis
1351 1580 1585 1647 honore,

200 1668 540 1727 Terrestris
571 1674 802 1723 tantum
836 1686 1059 1740 pompa:
1093 1674 1395 1723 versantur
1426 1686 1642 1724 amore.

198 1764 481 1833 Cumque
510 1758 610 1814 diu
638 1758 836 1813 vacuis
870 1758 1119 1812 inhiaret
1152 1775 1405 1829 namque
1437 1758 1686 1825 lucellis,

195 1852 424 1921 Atque,
461 1851 734 1903 monente
766 1863 999 1918 magno,
1035 1862 1335 1917 nunquam
1372 1846 1620 1902 cessavit
1650 1846 1870 1918 iniquo,

199 1941 374 1997 Saevo
409 1935 767 2008 multiplices
800 1936 1028 1991 Satanze
1052 1934 1374 2006 persolvere
1403 1940 1620 2007 grates,

196 2030 285 2085 Ex
317 2028 497 2099 cujus
527 2025 727 2097 largis,
762 2023 1027 2092 credidit,
1062 2024 1432 2078 solummodo
1460 2026 1631 2080 donis

196 2116 544 2174 Accessisse
576 2114 813 2187 quidem
845 2116 1067 2167 tantam
1101 2113 1211 2166 sibi
1240 2114 1707 2184 prosperitatem.

198 2207 477 2263 Tandem
510 2203 758 2259 caelestis
790 2202 975 2273 pietas
1009 2202 1298 2256 immensa
1328 2203 1608 2273 parentis,

197 2296 310 2363 Qui
344 2309 660 2366 nunquam
692 2292 855 2364 cupit
885 2291 1188 2345 interitum
1218 2295 1582 2362 mortemque
1613 2308 1865 2358 reorum,

197 2386 317 2444 Sed
350 2399 527 2455 mage
559 2381 853 2437 conversis
875 2380 1065 2433 lmtam
1099 2380 1415 2434 concedere
1434 2379 1635 2444 vitam,

194 2472 542 2539 Condoluit,
568 2470 704 2525 facti
739 2470 1016 2523 meritum
1048 2468 1291 2539 periisse
1324 2468 1580 2539 benigni,

198 2567 327 2631 Quo
362 2561 665 2634 quondam
698 2557 893 2613 stabili
926 2556 1093 2611 fulsit
1123 2556 1536 2611 celeberrimus
1559 2557 1703 2611 orbi.

200 2653 441 2718 Isthmo,
472 2648 798 2704 sollicitans
828 2663 1031 2701 omnes
1062 2645 1380 2700 clementer
1405 2650 1660 2717 egentes,

202 2744 489 2812 Moreque
521 2737 737 2801 divino,
770 2736 957 2807 pictas
987 2736 1189 2789 eadem
1220 2736 1549 2789 veneranda

202 2828 483 2887 Concutit
514 2830 805 2882 errantem
838 2825 1016 2895 digna
1044 2823 1349 2878 formidine
1375 2828 1651 2877 mentem.

277 2920 431 2975 1³7
462 2916 577 2971 Nec
600 2917 1188 2983 mora,compunctus
1212 2928 1444 2966 summo
1476 2928 1722 2966 mmrore
1753 2910 1867 2965 mi-

203 3006 504 3081 Przeponit
526 3003 787 3076 pavitans
807 3001 991 3057 oculis
1015 3001 1334 3072 saepissime
1353 3000 1565 3067 cordis,
1645 2999 1868 3070 [sellus,

202 3101 461 3166 Quanta,
480 3094 745 3166 negando
764 3093 967 3157 Deum,
990 3092 1202 3145 meruit
1231 3094 1519 3144 tormenta
1541 3107 1641 3162 per
1659 3106 1867 3155 azvum,

201 3190 292 3255 Et,
330 3186 556 3259 quibus
584 3183 642 3236 in
675 3180 861 3253 poenis
893 3180 1141 3233 debebat
1170 3180 1399 3234 Averni.

204 3277 336 3331 Haec
359 3288 597 3347 quoque
619 3270 924 3325 tractando
957 3285 1153 3323 secum
1186 3285 1430 3323 mcerore
1462 3285 1756 3339 supremo,

204 3363 374 3421 Talia
406 3359 707 3418 continuis
739 3359 923 3413 fertur
953 3357 1167 3412 dixisse
1198 3356 1473 3411 lamentis
1508 3374 1522 3411 :

205 3454 329 3509 Heu
364 3450 641 3506 mihimet
673 3448 909 3515 misero,
933 3447 1162 3501 cunctis
1194 3446 1425 3518 probris
1456 3444 1686 3499 vitiato!

202 3541 298 3595 Vae
332 3538 485 3595 mihi
517 3536 874 3601 damnando,
910 3535 1126 3606 proprii
1151 3552 1253 3606 pro
1286 3535 1530 3589 crimine
1549 3535 1684 3600 voti,

205 3630 312 3697 Qui
344 3627 540 3684 Patris
572 3625 791 3680 summi
825 3624 1048 3679 Prolem
1082 3640 1184 3694 per
1214 3623 1431 3695 scripta
1462 3624 1689 3695 negavi,

203 3718 547 3788 Divinaeque
580 3713 757 3769 simul
787 3713 1017 3768 dulcem
1043 3712 1225 3768 Prolis
1256 3712 1597 3784 genitricem
1623 3713 1635 3767 l

201 3807 388 3876 Eheu,
421 3820 606 3878 quam
638 3802 804 3857 saevis
834 3803 1036 3856 tradar
1066 3818 1167 3872 per
1198 3800 1411 3856 saecula
1442 3801 1650 3873 pcnnis,

204 3896 273 3950 Et
305 3910 491 3968 quam
523 3889 816 3947 continuis
841 3889 1082 3944 claudar
1100 3890 1225 3945 sine
1257 3890 1369 3943 fine
1402 3890 1678 3958 tenebris,

208 3983 318 4050 Qui
351 3984 536 4038 miser
563 3980 710 4053 elegi
744 3979 917 4035 subdi
950 3980 1175 4034 Satanae
1209 3978 1438 4046 ditioni,

207 4074 397 4144 Atque
429 4068 802 4126 tenebricolis
834 4067 987 4123 erebi
1017 4067 1332 4123 sublimine
1357 4069 1527 4141 jungi

211 4160 524 4215 Mundanze
555 4173 779 4229 pompae
809 4174 956 4211 vano
988 4157 1266 4211 seductus
1288 4157 1517 4211 amore!

212 4248 360 4314 Quid
384 4250 654 4303 dicturus
684 4262 803 4314 ero,
826 4245 1075 4301 nimium
1109 4250 1397 4317 peccator,
1432 4245 1490 4300 in
1524 4245 1621 4301 illo

213 4338 502 4411 Tempore
523 4334 731 4407 judicii
764 4334 951 4389 sancti
986 4332 1240 4405 Spiritus
1267 4334 1584 4402 metuendi,

214 4427 459 4492 Quando
496 4426 784 4495 factorum
819 4424 1145 4478 mercedem
1178 4423 1426 4495 quisque
1459 4441 1704 4479 suorum

213 4515 501 4587 Accipiat,
536 4494 776 4584 dignam
811 4512 954 4566 satis
986 4528 1150 4583 {equa
1182 4510 1345 4566 lance
1372 4511 1666 4580 libratam,

216 4601 322 4658 Pro
351 4604 720 4658 diversorum
752 4599 1034 4672 qualitate
1065 4600 1302 4670 quidem
1336 4600 1719 4657 meritorum?

213 4689 334 4759 Vel,
368 4690 505 4764 quis
533 4690 680 4744 forte
712 4689 824 4743 mei
857 4692 998 4743 tunc
1030 4692 1282 4759 apponet
1312 4689 1597 4757 misereri,

215 4779 357 4834 Cum
387 4780 486 4835 vix
518 4795 620 4851 pro
656 4777 879 4832 meritis
902 4778 1105 4847 justus
1137 4776 1396 4832 salvatur
1420 4779 1672 4850 opimis?

217 4867 360 4923 Nam
394 4866 615 4924 Christi
647 4866 929 4934 Genitrix,
964 4864 1210 4937 cmlique
1241 4871 1448 4937 potens
1493 4869 1874 4936 dominatrix,

219 4955 500 5012 Flaminis
532 4960 705 5027 atque
728 4956 878 5011 sacri
901 4954 1185 5026 templum
1211 4956 1337 5011 sine
1354 4957 1523 5012 sorde
1541 4975 1875 5028 coruscum,

221 5042 348 5100 Hec
376 5047 585 5102 eadem
615 5044 798 5117 virgo,
834 5049 1037 5116 partus
1068 5048 1200 5116 post
1230 5046 1447 5118 gaudia
1477 5051 1660 5114 casta,

224 5132 353 5197 Qua:
386 5140 542 5191 retro
574 5133 872 5189 conversis
896 5132 1080 5188 fuerat
1108 5132 1428 5189 mitissima
1456 5135 1708 5204 cunctis,

222 5220 405 5293 Atque
436 5223 529 5278 sui
553 5221 785 5278 dulcem
818 5239 1122 5294 nunquam
1155 5223 1349 5277 tardat
1373 5223 1672 5294 pietatem,

226 5307 357 5365 Sola
386 5311 535 5366 mihi
564 5312 742 5366 venite
776 5310 929 5383 potis
962 5315 1051 5366 est
1079 5311 1473 5367 medicamina
1506 5311 1676 5379 ferre,

227 5394 283 5451 Si
318 5415 421 5470 pro
454 5417 547 5455 me
578 5400 881 5472 proprium
913 5400 1192 5472 dignatur
1215 5418 1450 5472 poscere
1481 5400 1717 5456 Natum.

230 5483 361 5554 Sed,
391 5488 440 5543 si
474 5488 715 5561 pollutis
747 5489 908 5545 illam
941 5490 1191 5562 rogitare
1224 5487 1452 5544 labellis

229 5572 484 5646 Coepero,
515 5578 822 5634 bacchanti
857 5595 1044 5650 nuper
1065 5594 1242 5648 quam
1275 5577 1447 5632 corde
1473 5577 1701 5649 negavi,

232 5658 319 5715 Me
349 5680 547 5722 vereor
572 5667 830 5722 ﬂammis
861 5666 1003 5722 coelo
1036 5666 1371 5721 consumier
1399 5666 1564 5733 actis,

235 5745 399 5808 Ferre
414 5770 612 5811 meum
637 5757 862 5813 facinus
886 5756 1024 5827 quia
1044 5772 1158 5810 non
1180 5754 1579 5826 patiturgrave
1600 5754 1877 5811 mundus.

1124 464 1228 527 DE
1272 467 1520 529 LAPSU
1566 466 1664 529 ET
1707 466 2258 532 CONVERSIONE
2301 470 2748 533 THEOPHILI.

1898 1964 1950 2037 ’Β

3487 469 3642 535 1106

1909 600 1967 669 Α
1993 602 2283 671 Attamen,
2320 602 2593 659 instantis
2617 622 2793 660 causa
2813 607 3053 677 cogente
3078 602 3314 674 doloris,

1990 692 2266 763 Ejusdem
2298 692 2542 748 celerem
2567 694 2811 764 supplex
2838 712 3031 766 qurere
3064 696 3339 768 pietatem

1991 782 2125 846 Quo‘
2147 781 2402 837 clemens
2435 782 2691 837 animam
2726 783 2997 855 precibus
3030 784 3211 839 salvet
3257 786 3603 856 perituram.

1991 871 2143 926 I38
2166 871 2293 926 Haec
2318 889 2516 926 secum
2542 872 2802 943 querulis
2826 872 3072 928 nimium
3105 874 3333 929 dicebat
3362 874 3602 944 amaris,

1991 960 2076 1025 Et,
2106 960 2244 1015 secli
2276 962 2432 1015 curis
2458 961 2628 1016 citius
2660 962 2728 1015 de
2760 964 2929 1016 corde
2961 963 3231 1034 repulsis,
3345 952 3351 957 ’

1992 1048 2242 1119 Impiger
2274 1050 2346 1103 ad
2382 1050 2661 1121 templum
2695 1053 3111 1121 preparat,sub
3135 1052 3351 1107 honore
3375 1052 3632 1109 dicatum

1986 1137 2241 1209 Virginis
2268 1138 2514 1203 intacta),
2551 1140 2869 1211 matrisque
2899 1141 2991 1193 Dei
3026 1142 3383 1209 venerandae,

1988 1225 2177 1280 Octies
2208 1231 2263 1280 et
2295 1226 2549 1297 Spatium
2584 1228 2863 1299 transegit
2895 1229 3155 1299 quinque
3186 1229 3433 1298 dierum,

1991 1313 2113 1369 Illic
2146 1315 2394 1370 contrito
2418 1317 2636 1370 deflens
2669 1335 2775 1371 sua
2805 1318 2975 1371 corde
3009 1316 3216 1387 piacla,

1987 1403 2246 1476 Denegat
2276 1409 2451 1475 atque
2483 1404 2615 1468 sibi,
2652 1404 2923 1477 lacrymis
2956 1407 3205 1461 satiatus
3237 1408 3475 1475 amaris,

1987 1492 2197 1547 Omnia
2227 1493 2521 1548 cultorum
2549 1494 2978 1549 (lelcetamenta
3008 1496 3295 1565 ciborum,

1988 1583 2220 1638 Scilicet
2250 1587 2305 1638 et
2337 1584 2594 1654 requiem
2628 1583 2819 1639 somni
2850 1583 3173 1655 szepissime
3206 1585 3459 1642 dulcem.

1987 1671 2226 1744 Pervigil
2262 1672 2319 1725 in
2352 1672 2533 1726 sacris
2565 1689 2798 1726 summo
2833 1672 3139 1728 conamine
3160 1674 3328 1740 votis,

1984 1759 2108 1815 Tali
2142 1765 2399 1832 percerte
2433 1777 2645 1832 corpus
2678 1761 2997 1833 frangendo
3030 1760 3245 1830 labore,

1985 1851 2257 1923 Purgavit
2287 1850 2561 1922 lacrymis
2592 1851 2800 1905 anima:
2827 1850 3086 1906 maculas
3121 1852 3349 1908 vitiata).

2053 1939 2154 1993 His
2186 1939 2329 1995 bene
2360 1940 2651 2009 perfectis,
2680 1938 2926 1993 nimium
2959 1957 3093 1995 cum
3120 1939 3314 1997 lassus
3346 1942 3403 1996 in
3436 1941 3596 1998 horis

1979 2027 2312 2095 Nocturnis,
2349 2027 2507 2083 molli
2542 2027 2793 2082 declinat
2817 2029 3081 2083 membra
3102 2029 3303 2100 quieti,

1977 2116 2174 2171 Astitit
2206 2116 2265 2171 in
2296 2117 2520 2171 somnis
2548 2115 2631 2169 illi
2663 2117 2992 2171 castissima
3016 2118 3188 2189 Regis

1978 2204 2195 2260 Eterni
2226 2204 2502 2271 Genitrix,
2529 2206 2731 2259 eadem
2767 2206 2971 2259 mundi
3003 2207 3379 2276 dominatrix,

1979 2293 2209 2349 Scilicet
2239 2294 2541 2359 auxilium,
2577 2312 2709 2365 spes
2742 2294 3119 2367 solamenque
3144 2301 3435 2367 paratum,

1977 2384 2120 2453 Ejus
2150 2384 2487 2456 prrcsidium
2518 2384 2723 2437 devota
2755 2389 2949 2438 mente
2974 2389 3341 2455 precantum,

1978 2473 2221 2528 Talibus
2253 2477 2308 2527 et
2337 2472 2525 2527 verbis
2550 2474 2803 2527 terrebat
2833 2475 3010 2528 corda
3040 2475 3305 2545 paventis
3341 2492 3353 2529 :

2051 2562 2094 2617 Ο
2126 2561 2231 2628 vir,
2259 2578 2365 2616 cur
2394 2561 2579 2615 nostri
2602 2562 2809 2632 vigilas
2839 2563 2911 2616 ad
2944 2561 3149 2617 limina
3178 2564 3383 2635 templi

1977 2650 2099 2718 Vel,
2136 2667 2239 2705 cur
2270 2667 2441 2721 posse
2474 2649 2586 2704 mei
2620 2649 2865 2704 celerem
2897 2655 3075 2705 temet
3106 2652 3381 2721 pietatem

1979 2739 2290 2794 Praesumis
2326 2756 2577 2810 sperare,
2614 2756 2809 2793 meum
2844 2739 2940 2809 qui
2976 2740 3228 2809 denique
3260 2741 3495 2809 Natum,

1979 2830 2067 2884 Me
2100 2833 2467 2900 matremque
2498 2826 2609 2893 sui,
2646 2844 2913 2898 perverso
2946 2829 3117 2882 corde
3150 2829 3417 2900 negasti?

1978 2917 2099 2985 Dic,
2134 2934 2292 2989 rogo,
2323 2917 2487 2988 queis
2517 2916 2701 2970 oculis
2736 2916 2956 2986 possim
2988 2916 3102 2970 mis
3133 2934 3368 2974 cernere
3409 2918 3595 2974 Prolis

1978 3006 2191 3062 Divina:
2224 3004 2471 3071 vultum,
2497 3003 2713 3059 cmlesti
2746 3004 2873 3059 luce
2902 3022 3234 3073 coruscum,

1978 3098 2169 3162 Quove
2200 3095 2371 3149 modo
2406 3093 2549 3147 solio
2573 3110 2827 3163 prmsens
2850 3097 3040 3148 astare
3064 3096 3365 3150 tremendo

1975 3187 2117 3259 Ejus
2148 3184 2473 3257 praesumo?
2504 3181 2731 3237 tibimet
2757 3182 2984 3236 veniam
3019 3183 3343 3255 rogitando.

1976 3277 2079 3329 Ast
2102 3291 2304 3330 omnes
2337 3271 2561 3343 culpas,
2596 3272 2655 3325 in
2681 3288 2771 3325 me
2807 3272 3051 3327 fortasse
3084 3277 3365 3344 patratas,

1896 3339 1940 3409 α
1974 3364 2198 3418 Aﬂ‘ectu
2231 3339 2453 3416 mentis
2478 3360 2581 3413 tibi
2617 3377 2750 3414 mox
2783 3360 3056 3431 indulgeo
3084 3339 3293 3431 gratis,

1976 3452 2161 3507 Omne
2183 3466 2369 3522 genus
2402 3449 2651 3502 nimium
2684 3449 2823 3519 quia
2853 3448 3031 3519 diligo
3061 3449 3559 3505 Christicolarum.

1977 3538 2113 3594 Illos
2142 3538 2430 3610 prmeipue
2464 3540 2660 3589 tenero
2695 3536 2795 3589 sed
2830 3536 3045 3590 mentis
3078 3553 3275 3591 amore

1976 3626 2184 3700 Diligo,
2216 3624 2504 3691 consolor,
2534 3623 2782 3694 propriis
2806 3624 3125 3694 amplector
3154 3629 3211 3679 et
3239 3624 3417 3693 ulnis,

1978 3719 2132 3782 Quos
2163 3717 2488 3779 exorantcs,
2526 3711 2745 3766 crebris
2770 3712 3120 3783 hymnisque
3151 3718 3443 3781 vacantes,

1978 3804 2283 3877 Invigilare
2316 3819 2443 3856 meo
2474 3818 2645 3856 cerno
2670 3800 2991 3870 smpissime
3014 3801 3255 3872 templo.

1979 3892 2223 3949 Materni
2255 3891 2355 3946 sed
2385 3889 2473 3943 vis
2508 3888 2671 3943 fortis
2696 3906 2788 3943 me
2821 3888 2975 3960 cogit
3007 3890 3245 3959 amoris,

1979 3981 2124 4038 Hinc
2157 3979 2345 4052 magis
2376 3995 2513 4050 erga
2545 3982 2600 4031 te
2634 3977 2814 4032 nimio
2848 3978 3192 4033 ferverscere
3222 3978 3363 4048 zelo,

1978 4071 2130 4127 139
2164 4067 2325 4135 Quod
2358 4065 2785 4138 prmsumpsisti
2813 4066 3137 4121 tradendus
3169 4067 3505 4141 perditioni,

1980 4156 2449 4230 Blasphemando
2492 4154 2606 4209 mei
2640 4159 2914 4209 sanctum
2946 4160 3319 4213 contemnere
3358 4158 3593 4228 Natum,

1981 4248 2087 4314 Qui
2122 4247 2277 4302 Deus
2307 4248 2581 4311 aeternus,
2614 4243 2685 4297 de
2714 4243 2881 4297 Patre
2912 4243 3027 4298 Deo
3058 4249 3391 4316 generatus,

1983 4337 2156 4392 Retro
2188 4332 2459 4408 principii
2498 4332 2823 4403 primordia
2852 4349 2996 4387 cana
3027 4334 3242 4402 sereni,

1982 4426 2063 4480 Ex
2094 4440 2186 4478 me
2216 4422 2491 4493 dignatus
2523 4419 2779 4491 sumpsit
2806 4420 2915 4474 sub
2942 4424 3202 4492 tempore
3234 4439 3465 4494 corpus,

1984 4513 2146 4579 Quod
2180 4510 2339 4567 dedit
2368 4509 2641 4564 humanae
2665 4507 2834 4562 morti
2868 4509 3124 4564 nationis
3156 4526 3371 4566 amore.

2055 4602 2221 4658 Talia
2237 4598 2454 4656 dicenti
2484 4602 2655 4654 casta:
2679 4598 2892 4653 Christi
2927 4598 3206 4654 Genitrici

1906 4709 1956 4778 Β
1983 4692 2086 4746 Vir
2107 4706 2359 4746 mcerens
2390 4688 2607 4753 animo,
2643 4692 2844 4741 contra
2864 4687 2945 4741 sic
2979 4686 3135 4742 fatur
3164 4705 3362 4746 amaro
3391 4707 3403 4744 :

1989 4782 2032 4838 Ο
2064 4797 2196 4835 mea
2228 4779 2462 4844 domna,
2488 4776 2629 4842 scio,
2653 4776 3020 4848 nimiumque
3051 4778 3284 4833 tabesco
3308 4778 3562 4847 sciendo,

1986 4871 2124 4927 Plus
2146 4870 2309 4941 justo
2343 4866 2479 4938 quia
2500 4865 2739 4937 deliqui,
2765 4882 2865 4936 spe
2887 4868 3094 4937 captus
3121 4866 3281 4921 inani

1985 4956 2265 5016 Commisi
2288 4954 2517 5011 cunctis
2547 4954 2774 5009 facinus
2800 4954 2992 5024 majus
3021 4971 3256 5026 quoque
3286 4957 3493 5027 poenis,

1988 5046 2370 5119 Despiciendo
2393 5044 2598 5111 Deum,
2633 5044 2702 5098 de
2736 5048 2790 5098 te
2821 5043 2946 5098 sine
2982 5044 3151 5099 sorde
3182 5045 3510 5115 profusum.

1989 5137 2134 5192 Hinc
2165 5152 2279 5189 non
2304 5150 2437 5190 sum
2470 5133 2684 5205 dignus
2706 5133 2885 5187 venia:
2908 5133 3251 5206 conquirere
3283 5152 3520 5191 munus.

1989 5224 2102 5280 Sed
2133 5226 2328 5277 tamen
2356 5221 2689 5292 exemplum
2721 5221 2890 5277 nobis
2917 5221 3171 5277 tribuere
3200 5222 3409 5280 salutis

1987 5310 2321 5382 Sperandae,
2346 5308 2682 5365 multivario
2706 5310 2804 5381 qui
2838 5311 3082 5367 crimine
3104 5312 3277 5384 lapsi,

1934 5470 1943 5475 ἡ
1988 5401 2124 5454 Post
2153 5397 2387 5467 lapsum
2412 5397 2697 5453 scelerum
2730 5399 2961 5455 veniam
2994 5419 3258 5457 meruere
3289 5416 3548 5456 suorum.

1987 5488 2189 5543 Nonne
2210 5483 2479 5539 Ninivitze
2511 5486 2711 5541 mitem
2747 5487 2965 5543 Christi
2996 5490 3296 5561 pietatem,

1988 5576 2125 5630 Sese
2155 5570 2467 5641 condignis
2488 5574 2819 5630 cruciantes
2854 5594 3105 5648 namque
3139 5576 3431 5641 lamentis,

1989 5658 2248 5717 Invenire
2280 5657 2461 5713 trium
2488 5666 2621 5731 post
2644 5662 2945 5719 intervalla
2973 5665 3242 5720 dierum?

1987 5750 2187 5806 Nonne
2218 5744 2721 5821 David,propheta
2750 5752 2872 5820 Dei,
2889 5752 3158 5825 princeps
3182 5769 3409 5825 quoque
3441 5749 3603 5821 regni
