3904 6384
255 385 410 450 1107

252 514 507 586 Judaici,
526 514 752 589 plebem
776 511 1005 570 Domini
1040 512 1141 585 qui
1165 512 1311 567 rexit
1339 510 1605 579 herilem,

252 607 458 663 lllicito
490 609 682 676 nupta:
711 603 904 658 subito
937 605 1262 675 prmvcutus
1287 616 1504 667 amore,

254 698 381 753 Non
414 695 601 761 timet,
633 692 868 747 insidiis
899 690 1408 747 circumveniendo
1443 688 1683 755 dolosis,

256 786 557 841 Insontcm
584 781 706 835 vita
737 781 1007 834 fraudare
1036 779 1225 833 virum
1252 779 1377 833 sine
1407 795 1605 843 causa,

257 872 607 944 Complexus
631 870 816 924 charm
848 868 1006 922 licito
1039 886 1153 939 quo
1186 872 1382 939 posset
1406 865 1657 919 habere?

258 963 393 1028 Sed,
425 964 760 1032 postquam,
793 958 940 1012 vatis
974 956 1319 1028 perterritus
1353 954 1716 1009 advenientis

258 1050 597 1115 Admonitu,
623 1046 827 1118 culpas
858 1046 1065 1099 didicit
1097 1046 1309 1099 deflere
1340 1042 1641 1115 gemellas,

261 1135 773 1209 Belevitlacrymis
803 1135 975 1190 tacite
1008 1133 1269 1189 maculas
1304 1134 1417 1187 cito
1451 1131 1663 1197 cordis,

262 1226 534 1299 Suscepit
564 1242 800 1281 rursum
833 1223 1149 1296 prophetiae
1182 1240 1413 1294 quoque
1445 1222 1707 1275 domum.

263 1317 411 1385 Quid
444 1316 690 1371 referam
724 1314 980 1375 Petrum,
1014 1312 1243 1367 Christo
1275 1316 1543 1376 testante,
1579 1310 1843 1364 beatum!

264 1406 372 1473 Qui
405 1408 559 1479 post,
582 1402 852 1475 quamvis
879 1401 1159 1469 solvendi,
1186 1400 1519 1472 pariterque
1549 1398 1794 1471 ligandi,

264 1496 382 1551 Nec
413 1510 529 1549 non
554 1490 860 1563 stelligera:
891 1490 1082 1545 claves
1113 1493 1415 1561 acceperat
1443 1488 1608 1557 aula},

265 1584 374 1639 Pro
398 1582 531 1637 fidei
562 1585 728 1636 recta:
762 1579 904 1634 satis
933 1596 1205 1650 expressa
1232 1578 1479 1643 ratione,

266 1671 643 1737 Detestando,
678 1670 861 1723 Deum
896 1685 1024 1722 sese
1056 1684 1405 1739 cognoscere
1428 1666 1726 1721 Christum

268 1760 503 1827 Renuit,
536 1756 758 1814 ancilla:
779 1772 979 1811 vocem
1013 1756 1328 1810 metuendo
1359 1755 1646 1821 nefandae,

268 1849 384 1905 Nec
416 1845 615 1913 semel,
651 1848 753 1899 aut
780 1843 935 1899 binis
956 1843 1204 1909 vicibus,
1238 1844 1338 1899 sed
1371 1842 1621 1914 denique
1650 1840 1852 1907 ternis,

269 1937 425 1993 140
473 1934 588 1991 Ceu
639 1948 943 2005 nunquam
992 1931 1207 2000 visum,
1243 1932 1486 1987 charum
1536 1934 1711 2003 negat
1754 1934 1928 2001 atque

1463 2020 1854 2092 [magistrum.

272 2115 409 2179 Sed,
434 2112 574 2185 quia
594 2111 882 2183 condigne
914 2110 1148 2182 lapsum
1181 2110 1411 2165 deflevit
1442 2111 1513 2163 ab
1538 2126 1634 2164 ore

272 2204 604 2268 Peccatum,
627 2200 805 2255 veniae
839 2199 1056 2255 meruit
1086 2199 1451 2254 medicamen
1486 2197 1713 2269 opimm,

274 2290 508 2347 Scilicet
539 2294 714 2361 atque
736 2289 895 2361 gregi
918 2289 1127 2359 jussus
1157 2304 1407 2359 prmesse
1440 2286 1616 2353 fideli,

276 2378 553 2449 Princeps
584 2376 853 2432 Ecelesire
876 2382 1077 2447 pastor
1096 2378 1162 2430 fit
1180 2377 1316 2445 jure
1347 2379 1607 2431 sacratre.

275 2467 519 2524 Talibus
552 2483 618 2521 ac
638 2465 842 2530 tantis,
874 2465 1005 2520 aliis
1040 2464 1363 2537 multisque
1394 2464 1601 2535 figuris

274 2556 652 2623 Admonitus,
682 2554 1078 2631 similomlme,
1104 2556 1410 2625 sperabam
1441 2554 1717 2625 pietatem

275 2648 322 2702 A
354 2644 587 2701 Christo
610 2645 784 2699 citius
815 2661 916 2715 per
946 2647 1000 2698 te
1033 2643 1375 2715 conquirere
1406 2659 1597 2712 posse.

348 2734 453 2790 Cui
476 2732 639 2789 vultu
671 2733 886 2788 blando
921 2732 1150 2787 diccbat
1183 2736 1385 2786 sancta
1418 2731 1621 2799 Maria,

277 2824 532 2880 Tristem
562 2821 857 2877 melliflua:
883 2821 1147 2877 refovens
1170 2820 1479 2876 dulcedine
1511 2820 1725 2893 lingua:
1761 2837 1773 2873 :

279 2913 340 2970 Si
370 2916 425 2968 te
457 2911 844 2967 commissum
875 2911 1076 2965 turbat
1107 2910 1457 2980 facinusque
1487 2910 1831 2977 nefandum,

278 3002 571 3057 Concedet
604 3003 670 3054 ut
699 2998 893 3054 cordis
924 3016 1212 3054 consensu
1247 2999 1582 3053 confitearis

281 3091 422 3157 Hoc,
457 3089 613 3160 quod
647 3089 911 3142 mendaci
947 3088 1190 3142 demens
1224 3104 1492 3142 sermone
1523 3087 1771 3159 negasti,

277 3178 498 3252 Ipsum,
534 3194 706 3249 quem
739 3176 957 3248 peperi,
984 3176 1169 3231 Patris
1202 3177 1416 3231 Natum
1437 3176 1557 3231 fore
1588 3178 1828 3244 summi,

280 3266 388 3334 Qui
411 3266 594 3337 judex
624 3265 824 3320 orbem
846 3264 1035 3319 veniet
1067 3281 1341 3319 renovare
1372 3281 1474 3334 per
1495 3264 1689 3336 ignem

278 3357 351 3412 Et
380 3358 514 3427 post
542 3353 664 3408 haec
695 3354 931 3407 tandem
967 3369 1069 3423 pro
1103 3356 1160 3407 te
1191 3369 1483 3424 prmsumo
1516 3370 1739 3425 rogare.

278 3444 381 3501 Ille
413 3442 675 3515 quidem,
699 3458 906 3497 rursus
938 3440 1292 3513 lacrymans,
1323 3440 1453 3495 infit
1480 3442 1861 3499 vicedomnus
1895 3461 1908 3498 :

279 3535 322 3590 Ο
353 3532 566 3588 dilecta
598 3530 699 3586 Dei
730 3530 983 3603 genitrix
1015 3531 1390 3585 sanctissima
1413 3530 1648 3597 Christi,

278 3626 413 3689 Quae
444 3621 573 3675 miti
607 3620 827 3675 refoves
856 3623 1100 3674 cunctos
1133 3619 1345 3691 pietate
1378 3619 1599 3687 fideles,

278 3714 400 3778 Quo
425 3713 632 3782 pacto?
662 3726 777 3781 quo
802 3710 938 3779 jure
971 3709 1209 3780 quidem
1244 3708 1580 3779 contingere
1611 3711 1844 3766 tandem

275 3798 591 3856 Altithroni
626 3814 836 3853 nomen
884 3802 1178 3863 sanctum,
1211 3798 1561 3865 venerabile,
1596 3816 1901 3871 magnum,

278 3888 481 3944 Infelix
512 3904 617 3960 ego
650 3886 888 3959 pollutis
910 3903 1200 3958 praesumo
1220 3887 1469 3951 labellis,

278 3976 386 4043 Qui
432 3976 750 4045 Christum,
781 3975 1095 4047 baptisma,
1129 3992 1363 4031 crucem
1415 3976 1654 4045 Christi,
1699 3993 1934 4051 quoque

1663 4071 1930 4133 [matrem

268 4155 349 4210 Te
372 4158 618 4219 castam,
654 4153 893 4224 scriptis
925 4152 1326 4225 blasphemavi
1362 4152 1513 4207 male
1545 4154 1715 4224 pictis

265 4243 607 4315 Cunctaque
639 4241 891 4297 ccelestis
924 4242 1020 4313 pia
1052 4247 1421 4298 sacramenta
1451 4243 1700 4299 salutis?

336 4330 438 4386 His
469 4329 760 4385 miserans
792 4328 1056 4401 querulis
1087 4328 1377 4384 inventrix
1406 4329 1764 4402 virginitatis

259 4420 467 4475 Aiebat
499 4418 733 4474 blandis
763 4419 979 4474 iterum
1008 4418 1358 4474 clementius
1388 4419 1538 4475 orsis
1572 4436 1584 4474 :

262 4507 541 4574 Quamvis
572 4507 621 4561 si
654 4507 931 4580 gravibus
958 4507 1117 4563 vitiis
1150 4508 1397 4562 nimium
1433 4508 1783 4581 maculatus,

1061 378 1597 442 HROTSUITH/E
1643 373 2018 438 MONIALIS
2066 372 2868 436 GANDEItSllEIMENSIS

3529 369 3717 432 1108

1930 507 1988 575 Α
2016 506 2357 581 Opprobriis
2388 504 2568 579 tangi,
2603 504 2891 579 colaphis,
2924 503 3110 578 alapis
3141 520 3373 577 quoque
3404 504 3584 572 caedi,

2020 598 2317 668 Sacraque
2343 595 2564 667 pulsari
2600 595 2822 651 crebris
2852 612 2961 651 sua
2989 598 3155 667 terga
3175 593 3447 667 ﬂagellis,

2020 687 2208 755 Atque
2239 683 2431 755 sputis
2464 682 2622 737 rutili
2654 683 2907 754 speciem
2938 682 3137 737 vultus
3167 682 3476 737 maculari.

2023 775 2306 845 Cumque,
2342 776 2653 827 coronatus
2682 772 2891 843 spinis,
2926 776 2981 826 et
3008 770 3138 827 felle
3172 775 3432 843 potatus,

2025 866 2160 929 Quze
2193 879 2356 917 sacra
2388 862 2653 932 prmdixit
2680 861 2993 933 scriptura,
3016 878 3119 932 per
3144 878 3315 916 omne
3344 861 3626 933 replevit,

2028 954 2324 1007 Postremo
2357 950 2539 1004 sacris
2570 951 2832 1021 cxpassis
2860 951 2915 1004 in
2940 968 3111 1005 cruce
3143 950 3380 1022 palmis,

2026 1042 2143 1096 Ceu
2177 1045 2374 1112 pastor
2393 1058 2584 1101 verus,
2609 1040 2887 1095 bonitatis
2919 1040 3138 1095 honore
3164 1041 3435 1105 decorus,

2029 1131 2135 1185 Pro
2168 1130 2337 1183 nobis
2368 1129 2627 1183 animam
2663 1128 2920 1184 moriens
2951 1129 3203 1201 ponebat
3223 1131 3566 1197 amandam,

2027 1222 2215 1290 Atque
2249 1217 2633 1289 sepulcralem
2668 1218 2920 1291 dignans
2952 1217 3211 1290 suscepit
3236 1219 3544 1274 honorem.

2030 1308 2197 1375 Ilinc,
2233 1306 2460 1361 inferna
2490 1310 2712 1379 petens,
2745 1305 2903 1362 erebi
2935 1324 3168 1379 quoque
3198 1306 3458 1365 claustra
3505 1308 3710 1364 resol-

3526 1399 3717 1470 [vens

2034 1488 2279 1543 Mortem
2312 1484 2840 1553 destruxit,mortis
2871 1489 3214 1558 patremque
3240 1485 3468 1559 ligavit,

2034 1578 2427 1646 Tartareoque
2459 1591 2597 1629 suos
2627 1575 2803 1629 traxit
2831 1576 2902 1629 de
2931 1591 3161 1629 carcere
3183 1576 3404 1646 justos,

2032 1667 2111 1721 Ac
2143 1664 2225 1719 sic
2256 1680 2371 1718 non
2400 1680 2578 1734 parva
2606 1664 2792 1718 victor
2821 1664 3139 1719 comitante
3168 1668 3398 1720 caterva

2034 1754 2118 1809 Ad
2152 1769 2396 1825 superos
2426 1752 2621 1819 rediit,
2651 1752 2955 1824 proprium
2989 1768 3321 1824 corpusque
3354 1754 3638 1823 resumit,

2035 1844 2198 1908 Quod
2232 1843 2341 1897 fuit
2364 1843 2420 1897 in
2448 1842 2622 1897 busto
2651 1841 2920 1897 clausum
2958 1842 3069 1896 sub
3103 1858 3395 1897 marmore
3426 1858 3683 1916 magno.

2039 1931 2235 1988 Tertia
2264 1948 2438 2003 quem
2466 1930 2661 1985 vivum
2693 1930 2839 1985 vidit
2865 1930 2966 1984 lux
2996 1945 3169 1985 omne
3203 1946 3305 2002 per
3328 1948 3545 2003 aevum,

2039 2020 2439 2093 Discipulique
2462 2019 2552 2076 sui
2586 2020 2789 2075 crebro
2818 2019 3015 2074 videre
3044 2018 3221 2088 beati,

2041 2112 2240 2184 Ipsum
2272 2128 2428 2165 nunc
2459 2113 2925 2177 convescentem,
2958 2123 3115 2162 nune
3160 2124 3298 2181 ergo
3330 2107 3688 2180 loquentem

2042 2199 2164 2254 lllis
2184 2199 2253 2253 de
2282 2215 2461 2269 regno
2492 2196 2649 2251 dulci
2674 2213 2944 2252 sermone
2977 2196 3196 2250 futuro.
3486 2192 3495 2195 ⁷

2044 2288 2180 2342 Post
2210 2287 2352 2355 haec,
2380 2286 2643 2341 attonitis
2675 2284 2861 2340 oculis
2894 2284 3275 2340 cernentibus
3308 2285 3480 2357 ipsis,

2046 2380 2238 2449 Ipsam
2270 2393 2446 2448 quam
2482 2375 2737 2446 sumpsit
2766 2390 3003 2429 carnem
3037 2389 3215 2444 super
3244 2378 3405 2430 astra
3447 2374 3719 2445 libravit,

2046 2468 2108 2523 In
2139 2465 2565 2539 quajudicium
2597 2464 2790 2519 veniet
2821 2463 3115 2519 celebrare
3150 2464 3439 2532 futurum,

2046 2558 2268 2628 Proque
2299 2556 2423 2610 suis
2450 2553 2673 2610 meritis
2710 2554 2911 2608 reddet
2941 2554 3094 2608 bona
3121 2552 3208 2609 vel
3243 2552 3402 2609 mala
3451 2556 3715 2611 cunctis.

2046 2647 2175 2701 llzec
2208 2646 2289 2699 ita
2319 2645 2675 2707 credentem,
2699 2641 3010 2713 cordisque
3043 2642 3156 2698 fide
3189 2641 3564 2715 retinentem,

2044 2738 2232 2807 Atque
2258 2733 2345 2789 tui
2378 2734 2792 2805 deposcentem
2825 2731 3059 2787 solitam
3092 2731 3391 2803 pietatem,

2047 2824 2405 2881 Commendo
2437 2839 2554 2890 me,
2584 2822 2761 2894 Virgo
2795 2825 2895 2877 tuo
2928 2820 3305 2876 sanctissima
3333 2821 3505 2892 Nato,

2048 2916 2417 2987 Impetraque
2448 2917 2548 2967 tuo
2580 2910 2809 2965 veniam
2843 2910 3065 2966 famulo
3089 2909 3397 2966 sceleroso.

2049 3004 2179 3059 Haec
2205 3002 2305 3057 ubi
2328 3000 2625 3057 continuis
2657 2999 2891 3055 deflevit
2919 2999 3097 3054 verba
3126 2999 3403 3071 querelis,

2049 3094 2263 3147 Sancta
2294 3091 2395 3145 Dei
2435 3088 3056 3160 Genitrix,eademque
3105 3092 3310 3160 potens
3359 3089 3722 3147 dominatrix

2051 3177 2577 3247 C(rloruin,verbis
2609 3178 2993 3248 respondens,
3028 3177 3243 3248 inquit,
3274 3177 3480 3235 amicis
3517 3195 3530 3233 :

1969 3253 2013 3320 C
2054 3272 2295 3343 Propter
2321 3266 2669 3341 mysterium
2703 3266 2854 3321 sacri
2887 3266 3263 3338 baptismatis
3292 3265 3541 3336 almum,

2050 3360 2120 3414 Et
2152 3362 2387 3430 propter
2416 3357 2624 3411 ducem
2657 3355 2845 3409 chara:
2873 3353 2987 3409 mis
3018 3353 3199 3427 prolis
3219 3371 3502 3424 amorem,

2050 3449 2203 3504 142
2236 3447 2417 3518 Cujus
2448 3450 2504 3500 te
2537 3445 2721 3517 pretio
2753 3445 2927 3511 sacri,
2961 3444 3104 3512 scio,
3136 3444 3445 3517 sanguinis
3478 3446 3675 3519 amplo

2048 3539 2348 3608 Emptum,
2383 3551 2484 3606 pro
2519 3534 2738 3588 mundo
2770 3532 2869 3604 qui
2900 3532 3069 3588 fusus
3098 3538 3221 3588 erat
3250 3532 3526 3605 perituro,

2050 3625 2373 3681 Procedens
2404 3622 2587 3678 sacris
2620 3622 2895 3677 advolvor
2924 3621 3130 3677 sedula
3159 3620 3400 3694 plantis,

2046 3716 2208 3786 Ejus,
2237 3730 2414 3786 quem
2446 3710 2644 3783 genui,
2674 3716 3023 3767 cunctorum
3047 3711 3269 3782 judicis
3298 3711 3469 3783 mqui,

2045 3806 2161 3861 Nec
2193 3819 2427 3875 parcam
2461 3801 2715 3873 preeulis
2748 3800 2942 3856 studio
2974 3806 3234 3856 certante
3264 3800 3541 3873 profusis,

2044 3894 2236 3949 Donec
2267 3890 2455 3962 ipsius
2486 3891 2689 3945 mitem
2722 3905 2863 3962 cogo
2895 3888 3193 3961 pietatem.

2042 3983 2115 4039 Ut
2141 3981 2247 4037 tibi
2272 3980 2560 4053 parcendo
2592 3978 2854 4034 dimittat
2884 3983 3050 4034 tanta
3078 3977 3284 4051 piacla.

2041 4071 2143 4128 His
2174 4070 2367 4139 dictis,
2396 4070 2590 4125 subito
2624 4068 2900 4124 discessit
2924 4068 3085 4141 virgo
3113 4072 3359 4140 sacrata,

2039 4161 2202 4228 Quod
2229 4158 2542 4232 suscepisti
2577 4158 2870 4213 credentis
2903 4174 3063 4213 more
3086 4156 3323 4229 popelli,

2039 4249 2336 4320 Linquens
2367 4246 2644 4320 promissi
2680 4246 2894 4301 misero
2927 4245 3217 4301 solamina
3247 4245 3398 4301 sani.

2108 4338 2273 4393 Certe
2305 4340 2436 4409 post
2466 4335 2728 4391 triduum
2754 4351 2960 4390 rursus
2990 4334 3259 4390 veniebat
3279 4334 3349 4389 ad
3375 4332 3545 4390 illum

2036 4429 2100 4483 In
2129 4426 2281 4493 visu,
2313 4424 2493 4481 venia:
2527 4441 2746 4479 munus
2775 4440 3047 4479 reserans
3081 4426 3379 4496 reparata},

2030 4518 2101 4573 Et
2128 4512 2293 4571 vultu
2328 4514 2455 4569 laeto
2479 4513 2845 4585 deprompsit
2866 4512 3006 4569 talia
3034 4513 3210 4568 verba
3240 4529 3254 4567 ε

255 4597 550 4664 Attamen,
585 4600 651 4651 ut
682 4596 908 4666 monui,
943 4595 1261 4651 Dominum
1292 4613 1408 4650 non
1450 4614 1660 4667 sperne
1691 4598 1879 4671 fateri,
1947 4628 1995 4692 Β
2026 4604 2192 4660 Entis
2223 4603 2310 4658 vir
2338 4602 2586 4667 domini,
2613 4602 2804 4657 tristis
2835 4600 3212 4673 compunctio
3242 4600 3435 4656 cordis

255 4685 347 4753 Et,
379 4685 521 4757 quia
554 4685 744 4740 factus
775 4684 972 4751 homo,
1007 4684 1192 4739 nostri
1224 4683 1598 4740 solummodo
1629 4703 1831 4754 causa,

256 4772 332 4828 Ut
362 4789 528 4844 spem
568 4773 864 4828 conversis
893 4772 1073 4826 venia:
1106 4771 1388 4841 praeberet
1416 4772 1717 4829 habendze.

329 4860 497 4915 Nunc
527 4860 730 4915 isthaec
759 4860 1023 4926 demum,
1057 4859 1297 4914 monitis
1328 4862 1585 4931 parendo
1627 4864 1914 4932 jubentis.

257 4948 403 5003 Cum
434 4948 711 5020 lacrymis
730 4947 878 5002 tales
911 4948 1226 5017 spargebat
1258 4949 1327 5002 ad
1361 4950 1577 5006 mthera
1605 4970 1796 5009 voces.

258 5036 422 5091 Ilunc
455 5036 703 5107 supplex
739 5053 1000 5102 veneror,
1037 5036 1233 5102 laudo,
1266 5038 1642 5110 complector,
1677 5045 1878 5116 adoro,

257 5126 338 5180 Ex
372 5124 537 5179 Patre
566 5123 809 5193 cmlesti,
844 5124 1166 5193 Christum,
1200 5127 1327 5181 sine
1357 5132 1619 5201 tempore
1651 5138 1879 5202 natum,

256 5212 647 5283 Temporibus
675 5213 891 5267 nostris
926 5214 1173 5268 missum
1207 5217 1277 5270 de
1311 5218 1445 5271 sede
1478 5219 1759 5275 Parentis.

254 5303 402 5356 141
441 5300 514 5355 Ut
540 5301 610 5354 de
642 5305 695 5355 te
726 5306 908 5365 casta,
940 5319 1045 5356 nec
1079 5320 1192 5357 non
1225 5305 1295 5359 de
1327 5306 1585 5362 l"lamine
1618 5316 1838 5379 sancto,

255 5390 531 5444 Inducrct
561 5389 788 5461 fragilis
812 5395 1021 5444 nostra:
1053 5392 1343 5447 velamina
1375 5397 1589 5461 carnis,

250 5478 529 5550 Hancque
562 5479 744 5533 Deum
774 5495 1000 5551 verum,
1033 5498 1139 5535 nec
1170 5500 1284 5536 non
1321 5483 1617 5541 hominem
1653 5488 1771 5544 fore
1795 5489 1910 5561 ple-

246 5655 372 5712 Non
404 5656 632 5725 dubito,
665 5655 846 5711 nostri
877 5673 1055 5711 causa
1086 5658 1184 5727 qui
1217 5658 1457 5729 pertulit
1486 5680 1645 5733 ergo,
1714 5579 1903 5647 mum,

1968 4688 1983 4711 ⁷
2028 4694 2130 4748 Est
2162 4696 2403 4762 accepta
2425 4690 2540 4745 Deo
2574 4690 2848 4762 Patrique
2881 4689 3152 4760 Prolique
3176 4688 3438 4761 perenni,

2026 4783 2215 4852 Atque
2248 4784 2359 4835 tuae
2391 4779 2660 4851 lacrymze
2693 4778 2981 4833 scelerum
3013 4778 3242 4834 veniam
3276 4794 3560 4833 meruere.

2027 4870 2139 4926 Sed
2173 4885 2278 4923 nec
2310 4868 2580 4924 tartareis
2602 4867 2791 4938 pomis
2818 4883 3082 4939 unquam
3112 4865 3382 4938 capieris,

2028 4958 2084 5014 Si
2112 4962 2243 5029 post
2272 4957 2393 5011 haec
2426 4960 2688 5027 perstare
2720 4955 2890 5027 cupis
2919 4955 3045 5011 sine
3070 4955 3274 5010 fraude
3305 4953 3515 5010 fidelis.

2027 5048 2156 5118 Ipse
2187 5046 2427 5117 quidem
2458 5048 2662 5099 contra
2693 5060 2828 5099 mox
2858 5044 3090 5100 dicebat
3118 5060 3286 5116 prece
3316 5042 3536 5099 blanda
3565 5061 3578 5100 :

2025 5137 2193 5191 Certe
2228 5134 2469 5193 servabo
2499 5151 2677 5187 sacrae
2708 5134 2839 5187 ﬁdei
2872 5134 3246 5201 documenta,

2026 5225 2139 5279 Nec
2175 5227 2305 5295 post
2336 5223 2456 5277 lucc
2490 5223 2645 5276 ultra
2676 5223 2828 5277 male
2864 5222 3262 5294 transgrediar
3291 5220 3641 5293 negligendo

2025 5314 2357 5384 Quidquam
2390 5313 2461 5366 de
2488 5310 2721 5379 vestris,
2757 5328 2886 5366 mea
2918 5312 3154 5376 domna,
3183 5311 3454 5383 piissima
3474 5311 3682 5383 jussis,

2021 5405 2100 5458 Te
2131 5401 2269 5473 quia
2295 5405 2426 5471 post
2455 5400 2770 5455 Dominum
2797 5400 2981 5455 solam
3017 5402 3279 5456 conferre
3309 5401 3603 5456 medelam

2019 5491 2223 5561 Spero,
2256 5506 2372 5561 quo
2404 5489 2592 5561 poenis
2623 5488 2928 5560 pabulum,
2963 5506 3077 5544 non
3114 5493 3352 5556 tartara,
3382 5490 3594 5546 mavis.

2017 5580 2127 5633 Sed
2164 5596 2278 5633 non
2312 5582 2401 5633 est
2432 5578 2673 5642 mirum,
2705 5594 2809 5649 per
2840 5581 2893 5632 to
2925 5580 3157 5649 mojam
3182 5578 3301 5635 fore
3334 5577 3591 5649 salvum,

2015 5668 2300 5739 Perquam
2333 5668 2403 5722 de
2432 5666 2643 5722 veteris
2677 5665 2831 5721 letali
2865 5667 3112 5723 crimine
3145 5668 3377 5738 matris,
