3904 6412
199 458 356 523 “09
1340 451 1442 512 DE
1485 445 2034 511 CONVERSIONE
2078 449 2472 512 PROTEBII.
3456 457 3612 522 1110

197 596 468 662 Omnem,
501 588 676 647 dante
706 588 843 657 Deo,
877 585 1168 643 mundum
1219 588 1378 658 patet
1415 601 1543 641 esse
1573 582 1853 651 solutum,
1967 581 2124 640 144
2154 583 2260 641 Per
2284 603 2460 658 quam
2494 593 2712 648 naturis
2743 595 2892 666 perit
2909 598 3240 656 maledictio
3269 605 3504 668 nostra,

198 687 270 743 Et
297 683 452 756 quis,
483 685 540 736 te
571 695 820 752 poscens
852 694 955 750 spe
986 694 1101 732 non
1133 675 1430 748 dubiaque
1455 673 1780 746 requirens,
1964 671 2036 730 Et
2064 689 2169 745 per
2197 692 2374 746 quam
2406 682 2626 735 mundo
2654 684 2813 738 venit
2843 685 3168 744 benedictio
3199 696 3432 748 cuncto.

199 775 477 831 Desertus
509 771 721 834 fuerat,
751 763 839 822 vel
872 765 1154 821 confusus
1179 764 1495 820 remeabat.
1965 758 2113 852 [line
2143 779 2366 820 memor
2394 773 2538 836 esto,
2568 769 2668 825 Dei
2702 771 2962 830 Genitrix
2991 777 3614 852 sanctissima,nostri,

197 863 346 919 Hinc
375 876 503 931 ego,
536 855 887 914 criminibus
922 859 1012 909 sat
1047 853 1339 926 supremis
1367 852 1626 920 vitiatus,
1969 847 2074 917 Qui
2107 856 2163 907 te
2195 859 2408 922 mente,
2444 859 2575 925 ﬁde,
2609 863 2738 914 voto
2769 861 3080 921 laudamus
3111 872 3168 922 et
3195 884 3312 935 ore,

202 949 556 1022 Supplicitcr
585 947 802 1001 fontem
837 945 1043 999 devota
1075 948 1268 998 mente
1299 959 1638 1014 perennem,
1971 941 2092 1005 Quo
2124 941 2254 1013 pius
2286 943 2409 1015 ipse
2440 963 2672 1018 gregem
2706 957 2906 1021 pastor
2931 971 3158 1010 servare
3190 957 3420 1014 ﬁdelem

199 1039 370 1097 Alma
399 1037 501 1094 Dei
533 1034 810 1107 genitrix,
841 1050 1012 1088 exoro
1042 1038 1154 1088 tua:
1187 1031 1440 1104 pietatis,
1971 1028 2271 1100 Dignetur,
2303 1034 2510 1087 veteris
2543 1037 2787 1106 depulsa
2817 1041 3020 1097 fraude
3049 1044 3339 1102 draconis.

202 1129 278 1185 Ut
307 1127 488 1182 facias
521 1125 734 1179 chartm
767 1122 995 1178 litteras
1027 1121 1316 1192 extemplo
1349 1120 1634 1186 nefandzr,
1970 1119 2044 1172 At
2064 1136 2170 1172 nos
2198 1119 2398 1187 exiles,
2431 1123 2592 1179 nulla
2621 1127 2832 1183 virtute
2864 1137 3145 1202 potentes,

205 1217 380 1284 Queis
412 1232 505 1270 me
537 1213 812 1284 subjunxi
845 1209 1154 1265 vastatoris
1184 1209 1417 1274 ditioni,
1822 1211 1826 1215 ’
1973 1207 2054 1261 'l‘e
2087 1224 2318 1280 semper
2346 1211 2499 1281 regis
2525 1219 2713 1269 mater
2743 1235 2858 1272 non
2890 1224 3045 1276 tacta
3073 1225 3370 1295 perennis,

203 1307 346 1377 Ejus
376 1305 448 1360 de
478 1303 752 1357 manibus
785 1300 1067 1355 miserum
1101 1315 1193 1353 me
1225 1315 1455 1352 sumere
1488 1313 1746 1362 rursum,
1972 1297 2052 1350 Ac
2083 1295 2153 1349 de
2184 1300 2238 1351 te
2269 1299 2532 1369 genitum
2567 1303 2779 1372 Regem
2809 1307 3240 1385 Dominumque
3269 1316 3560 1387 polorum,

206 1395 352 1452 Hinc
385 1392 644 1448 animam
670 1390 917 1444 formido
948 1405 1139 1442 meam
1171 1388 1311 1458 quia
1342 1387 1488 1441 forte
1519 1384 1810 1440 misellam
1973 1384 2286 1442 Eil'erimus
2315 1389 2554 1458 crebris,
2591 1394 3022 1454 conclamantes
3054 1384 3229 1458 simul
3261 1384 3410 1474 edis,

205 1485 360 1540 I48
392 1483 678 1552 Tempore
701 1478 912 1550 judicii
949 1477 1133 1532 multo
1163 1475 1502 1531 discriminc
1533 1473 1684 1539 laedi,
1977 1473 2215 1528 Peccato
2245 1482 2443 1532 noster
2472 1481 2728 1538 moriens
2758 1487 2930 1556 periit
2960 1491 3096 1560 quia
3128 1491 3324 1559 frater,

205 1573 266 1630 Si
297 1588 457 1628 nunc
487 1567 743 1642 praedoni
775 1584 890 1622 non
921 1571 1010 1622 est
1039 1567 1334 1621 abstracta
1365 1563 1560 1620 feroci.
1977 1562 2113 1654 Sed,
2145 1569 2456 1654 postquam
2507 1571 2698 1643 periit,
2729 1591 2835 1646 per
2863 1578 2936 1644 te,
2971 1594 3139 1634 sacra
3176 1581 3370 1654 Virgo,
3404 1584 3628 1642 revixit.

276 1670 378 1726 llis
403 1667 597 1736 dictis,
632 1665 818 1722 oculis
849 1665 1062 1720 iterum
1095 1663 1374 1736 vigilabat
1405 1662 1640 1735 apertis,
1979 1741 2018 1745 _
2049 1652 2150 1708 His
2180 1653 2372 1721 dictis,
2397 1657 2658 1715 chartam
2692 1664 3071 1722 comburebat
3099 1652 3496 1745 maledictam,

204 1761 296 1828 Et,
330 1775 393 1814 se
425 1761 803 1830 prosternens
836 1752 1344 1825 precibus,crebro
1367 1767 1602 1824 quoque
1624 1751 1866 1817 deflens,
1979 1741 2047 1796 Et
2077 1759 2210 1798 mox
2241 1747 2586 1817 mysterium
2617 1751 2812 1806 missae
2842 1756 3066 1828 peragit
3095 1761 3378 1818 studiose.

202 1846 538 1919 Jejunando
569 1844 748 1899 trium
781 1860 990 1898 cursus
1021 1842 1139 1914 agit
1170 1859 1306 1914 ergo
1339 1841 1567 1896 dierum
1982 1831 2097 1886 lloc
2129 1832 2229 1886 ubi
2261 1835 2588 1906 complevit,
2624 1841 2772 1896 miro
2805 1843 3112 1914 splendore
3146 1849 3398 1917 refulsit,

208 1937 344 1992 Post
375 1935 498 1990 haec
528 1939 586 1990 et
615 1949 822 1989 somno
850 1931 1214 1987 consurrexit
1241 1947 1411 1984 mane
1444 1945 1698 1995 summo,
1900 1945 1949 2010 B
1980 1919 2170 1975 InSiar
2199 1925 2493 1995 surgentis
2526 1927 2744 1997 Phoebi,
2779 1931 2954 1988 facies
2983 1934 3105 1991 vice
3129 1937 3352 2006 domui,

211 2024 441 2082 Invenit
469 2023 722 2096 positam
755 2038 936 2092 supra
966 2037 1075 2074 sua
1104 2023 1337 2092 pectora
1366 2019 1653 2072 chartam.
1979 2011 2101 2100 990
2131 2011 2345 2067 mentis
2367 2014 2644 2084 splendor
2663 2017 2886 2090 lucens,
2911 2023 3119 2079 animas
3137 2043 3371 2100 quoque
3391 2031 3628 2100 candor,

207 2115 334 2181 Qua
359 2113 490 2168 visa
519 2109 800 2166 membris
831 2126 965 2164 mox
993 2108 1346 2164 contremuit
1378 2107 1671 2172 resolutis,
1978 2099 2120 2170 Ejus
2149 2117 2252 2172 per
2282 2103 2487 2159 faciem
2522 2113 2948 2166 monstraretur
2977 2099 3336 2173 rutilantem.

206 2203 277 2259 Et
303 2205 501 2275 grates
531 2198 760 2255 Christo
793 2198 987 2254 cordis
1018 2197 1295 2252 reddebat
1317 2197 1389 2250 ab
1416 2197 1554 2262 imo,
1983 2187 2123 2244 llinc
2154 2195 2355 2246 astans
2380 2193 2654 2266 populus,
2690 2198 2875 2255 nimia
2905 2202 3218 2259 formidine
3245 2210 3461 2276 tactus,

207 2293 395 2364 Atque
425 2287 671 2362 puellari
704 2289 922 2360 pariter
949 2287 1163 2341 Christi
1194 2285 1484 2358 genitrici.
1978 2277 2308 2336 Altitbrono
2339 2287 2532 2354 grates
2559 2287 2733 2357 ccepit
2761 2305 3034 2348 resonare
3065 2297 3354 2362 tonantes,

280 2387 419 2443 post
447 2387 568 2442 hac
599 2402 854 2457 namque
885 2384 977 2439 die
1007 2402 1174 2439 sacra
1207 2383 1450 2438 feliciter
1474 2385 1618 2449 orla,
1981 2367 2085 2423 Cui
2118 2369 2337 2440 placuit
2357 2379 2684 2432 monstrare
2712 2377 2820 2432 viri
2851 2383 3128 2438 meritum
3159 2387 3498 2445 venerandi.

216 2480 352 2545 Quae
385 2475 573 2532 trahit
603 2491 637 2530 a
665 2473 911 2530 Domino
943 2491 1155 2529 nomen
1185 2471 1514 2527 venerabile
1545 2488 1799 2538 summo,
1983 2459 2114 2546 ipse
2144 2459 2402 2531 ‘IUidema
2438 2479 2672 2519 Sacrum
2706 2474 2974 2538 ῐὌΡΘῖοηε
3003 2475 3291 2546 CXL61111310
3339 2475 3636 2546 locellum,

217 2568 398 2622 Intrat
431 2564 492 2620 in
524 2563 852 2630 ecclesiam,
878 2561 1108 2635 populis
1139 2579 1207 2617 ex
1237 2578 1396 2616 more
1428 2561 1728 2632 repletam,
1984 2545 2048 2635 19
2081 2564 2196 2635 (Ιυο
2227 2548 2478 2606 οαῖῙΟδίίε
2509 2552 2730 2609 donum
2761 2559 2978 2614 meruit
3003 2545 3236 2632 pietatis

221 2656 284 2710 In
318 2671 438 2727 qua
471 2657 632 2720 tunc,
668 2653 819 2707 inter
847 2634 1023 2706 sacra:
1057 2650 1342 2706 solemnia
1375 2649 1587 2718 miSSm,
1986 2634 2196 2727 ξ’νᾶηεὶ
2229 2635 2281 2727 vi
2312 2637 2554 2695 adversa
2583 2641 2808 2714 fragilis
2839 2647 3168 2706 valetudine
3199 2652 3412 2721 carnis,

216 2721 491 2799 Astantcs
521 2740 872 2813 evangelicis
904 2739 1117 2812 prmsul
1149 2739 1317 2794 docet
1348 2738 1520 2804 orsis,
1987 2721 2093 2777 Per
2121 2724 2499 2798 Spatiumque
2532 2730 2711 2786 trium
2745 2735 2947 2790 morbo
2978 2745 3274 2795 crescente
3301 2740 3550 2810 dierum,

219 2833 312 2898 Et,
343 2847 542 2887 coram
574 2829 803 2884 cunctis
836 2845 1064 2884 sacram
1099 2832 1425 2900 prostratus
1453 2829 1524 2882 ad
1559 2845 1741 2894 aram,
1986 2813 2307 2884 ExemPi-US
2336 2818 2732 2888 corruptibilis
2764 2823 2833 2878 d0
2864 2841 3092 2882 carcere
3119 2829 3334 2898 carnis.

220 2922 502 2993 Ejusdem
526 2935 757 2990 quoque
787 2917 1078 2990 pontificis
1110 2917 1257 2972 dans
1288 2916 1488 2971 oscula
1521 2915 1757 2988 plantis,
1989 2900 2265 2993 Spiritus,
2299 2904 2606 2961 etheream
2640 2908 2924 2979 plaudens
2955 2917 3222 2971 ascendit
3249 2918 3322 2974 ad
3353 2919 3568 2975 aulam.

223 2990 375 3065 voce
404 3007 602 3080 palam
634 3006 790 3060 clara
819 3006 1075 3060 narravit
1103 3006 1176 3060 ab
1208 3005 1410 3059 ordine
1431 3010 1642 3060 cuncta
1988 2990 2216 3080 ΑυῨΧίῙίο
2248 2998 2460 3048 εαηείω
2493 2996 2674 3053 iulius
2705 3000 3072 3075 dominaeque
3104 3005 3318 3062 Mariae.

229 3101 362 3165 Quae
393 3079 484 3152 vel
512 3095 828 3150 mortiferis
858 3095 976 3165 egit
1005 3094 1195 3149 victus
1227 3094 1506 3162 suadelis,
1775 3158 1780 3163 .
1992 3079 2224 3136 Scilicet
2253 3084 2606 3140 exstinctum
2638 3104 2872 3161 corpus,
2905 3092 3039 3148 nisu
3071 3095 3444 3166 populorum,

220 3186 320 3242 Vel
349 3203 480 3260 qua:
512 3188 794 3256 perpetua
819 3183 1033 3238 meruit
1061 3188 1334 3254 poscente
1365 3182 1577 3254 puella.
1996 3171 2124 3260 Ipso
2157 3169 2264 3226 rite
2299 3172 2420 3227 loco
2451 3176 2780 3233 tumulatur
2809 3179 3028 3238 honore
3057 3201 3356 3256 supremo,

223 3276 348 3330 llaec
372 3259 480 3328 ubi
511 3272 834 3344 composita
864 3271 1031 3344 plene
1064 3270 1262 3326 retulit
1293 3272 1537 3339 ratione,
1913 3304 1960 3375 α
1995 3259 2207 3375 In
2239 3265 2446 3375 nactus
2470 3269 2594 3319 erat
2619 3267 2871 3375 Veniam,
2905 3287 3084 3343 quam
3104 3273 3306 3375 iflcndo
3337 3276 3598 3348 rogabat.

222 3363 502 3427 Antistes,
537 3359 671 3414 facti
705 3364 898 3415 tactus
932 3364 1148 3414 terrore
1178 3361 1476 3431 stupendi,
1913 3349 1960 3375 u
2067 3349 2226 3404 Talis
2256 3356 2380 3406 erat
2405 3353 2697 3425 desperati
2730 3375 2836 3413 nec
2867 3377 2981 3414 non
3005 3360 3277 3418 scelerosi

223 3451 461 3507 Intonat
492 3449 586 3504 his
616 3448 808 3504 verbis
843 3448 1112 3504 mirantis
1138 3464 1274 3503 voce
1307 3448 1561 3520 profusis
1994 3436 2172 3506 Finis:
2211 3440 2312 3510 qui
2342 3442 2644 3512 Ρτορτίυω
2675 3445 2882 3502 didicit
2911 3449 3122 3506 deﬂere
3154 3456 3402 3520 Pettium:

1991 3527 2062 3580 Et
2086 3543 2148 3581 se
2173 3529 2481 3601 condignis
2512 3533 2742 3588 studuit
2771 3537 2977 3607 punire
3007 3538 3302 3596 lamentis.

293 3627 503 3686 cuncti
534 3628 855 3700 gaudentes
884 3626 999 3681 huc
1021 3628 1148 3698 jam
1178 3631 1483 3700 properate
1515 3627 1736 3696 ﬁdeles,
1993 3615 2138 3670 Hinc
2168 3615 2297 3671 laus
2330 3622 2386 3672 et
2414 3618 2602 3675 virtus
2633 3623 2861 3678 Christo
2892 3643 2996 3697 per
3024 3628 3239 3683 saecula
3267 3633 3502 3700 cuncta,

223 3719 310 3787 Et,
342 3719 442 3790 pia
478 3717 630 3772 facta
652 3715 752 3772 Dei
783 3715 1088 3770 laudantes
1120 3721 1314 3772 mente
1345 3716 1523 3785 ﬁdeli,
1994 3705 2246 3760 Ilumani
2267 3709 2517 3762 veterem
2547 3711 2778 3780 generis
2807 3713 2908 3784 qui
2939 3717 3222 3771 straverat
3252 3717 3502 3788 hostem,

223 3807 453 3864 Credite
476 3807 603 3878 jam
635 3804 976 3872 Dominum,
1009 3805 1244 3878 propria
1273 3805 1490 3878 pietate
1537 3805 1878 3878 benignum,
1991 3793 2144 3850 145
2179 3795 2414 3850 Plasma
2450 3815 2568 3851 suae
2593 3799 2802 3854 dextrae
2837 3801 3068 3874 rapiens
3098 3806 3390 3878 serpentis
3421 3808 3496 3864 ab
3525 3825 3646 3878 ore,

227 3897 289 3952 In
319 3896 480 3952 letho
512 3893 788 3949 delectari
821 3911 1126 3966 nunquam
1159 3893 1452 3963 scelerosi,
1996 3883 2189 3956 Ipsius
2217 3888 2275 3940 et
2305 3885 2460 3942 dulci
2492 3892 2718 3942 constet
2746 3888 2845 3944 lux
2873 3890 3031 3946 alma
3058 3895 3312 3964 parenti,

229 3985 341 4040 Sed
371 3984 511 4058 plus
550 3982 846 4038 conversis
875 3982 1056 4037 vitam
1090 3983 1228 4038 dare
1255 3982 1401 4038 velle
1433 3985 1714 4039 futuram.
1995 3974 2130 4038 Ουω
2163 3974 2256 4046 pie
2287 3973 2550 4030 solamen
2583 3976 2797 4032 misero
2819 3979 2948 4049 jam
2980 3981 3247 4051 contulit,
3279 3985 3488 4040 Amen.

229 4073 351 4141 Eia,
385 4071 586 4128 dilecti
619 4071 845 4138 fratres,
878 4071 1161 4127 intendite
1187 4071 1406 4139 cuncti,
1997 4061 2215 4118 Unicus
2244 4062 2562 4119 Altithroni
2595 4066 2838 4122 Genitus
2869 4072 3021 4125 retro
3060 4075 3328 4144 tempora
3356 4075 3586 4144 mundi,

233 4163 413 4228 Quam
435 4160 532 4233 pie
549 4164 853 4232 precantes
873 4159 1160 4216 Dominus
1191 4159 1420 4216 tolleret
1449 4161 1639 4216 bonus
1661 4177 1884 4229 omnes,
1997 4151 2126 4218 Olli,
2159 4151 2448 4209 miserans
2471 4153 2748 4223 homini?»
2779 4157 3172 4216 descendiiab
3205 4178 3336 4218 arce
3368 4163 3652 4232 Parentis;

234 4253 389 4317 Quos
420 4249 537 4305 scit
565 4249 842 4316 converti,
877 4253 1010 4320 post
1039 4248 1229 4305 tristia
1257 4249 1413 4305 facta
1441 4249 1634 4322 piacli.
1997 4241 2067 4296 Et
2098 4241 2292 4297 carnis
2322 4259 2518 4298 veram
2551 4245 2808 4318 sumpsit
2836 4247 2908 4302 de
2939 4248 3162 4321 virgine
3192 4251 3464 4323 formam,

233 4339 373 4406 Quis
401 4355 522 4394 non
550 4337 817 4405 miretur,
850 4337 984 4408 quis
1017 4354 1130 4393 non
1163 4338 1407 4411 supplex
1435 4344 1741 4396 veneretur
1997 4331 2257 4402 Virginis
2289 4336 2355 4387 ut
2375 4334 2609 4404 justum
2641 4335 2844 4406 primae
2875 4338 3104 4393 sedaret
3134 4356 3425 4410 amarum,

236 4426 623 4484 Laudandam
654 4425 904 4480 multam
934 4425 1128 4482 dulcis
1158 4426 1371 4484 Christi
1402 4428 1704 4500 pietatem,
2000 4421 2310 4478 consecret
2334 4423 2612 4496 αρροείιδθ
2645 4425 2814 4480 Doms
2845 4425 2942 4496 Pia
2972 4427 3190 4483 Γενουῖα
3215 4445 3452 4498 meum,

237 4515 408 4572 Illum
437 4518 768 4588 quaerentes
799 4531 1030 4588 semper
1058 4531 1176 4587 qua
1205 4515 1470 4574 sublevat
1500 4535 1704 4577 omnes
1722 4521 1750 4576 ?
2005 4513 2117 4568 llas
2151 4511 2414 4568 faciendo
2445 4512 2625 4584 dapes
2655 4515 3032 4586 gustantibus
3063 4531 3192 4572 esse
3218 4516 3504 4575 salubres.

237 4604 343 4670 Qui
363 4606 495 4677 jam
523 4603 871 4660 criminibus
902 4605 1190 4660 miserans
1221 4607 1495 4678 parcebat
1523 4613 1579 4664 ct
1607 4610 1808 4682 hujus,
2002 4603 2165 4669 Quod
2192 4619 2420 4670 sumus,
2453 4607 2528 4671 et,
2562 4603 2716 4674 quod
2745 4604 3497 4679 gustamus,vel,quicquid
3521 4624 3652 4682 aga-

237 4691 428 4765 Ipsius
457 4691 711 4749 illustris
744 4692 1038 4766 precibus,
1071 4699 1403 4766 sanctisque
1430 4699 1712 4768 parentis,
1929 4687 1977 4751 D
2008 4693 2256 4750 Dextera
2286 4695 2544 4750 Factoris
2567 4696 2870 4751 benedicat
2895 4701 3106 4751 cuncta
3134 4695 3426 4769 regentis!
3497 4695 3657 4770 [mus

1537 4921 2370 5026 HISTORIA

441 5078 590 5163 DE
651 5076 1480 5169 CONVERSIONE
1555 5084 2171 5212 DESRERATI
2223 5085 3074 5174 ADOLESCENTIS
3134 5087 3468 5179 SEBVI

1743 5189 2170 5288 Proterii
2551 5291 2558 5294 .

1452 5337 1609 5398 per.
1653 5338 2019 5401 SANCTUM
2063 5338 2468 5400 BASILIUM.

1113 5465 1304 5544 O/fert
1331 5466 1692 5530 Hrotsuitha
1723 5469 1952 5531 librum
1986 5469 2298 5550 Ga'berga?
2335 5470 2646 5534 abbatissae
2673 5493 2814 5532 suae.

1778 5612 2122 5625 -———_—...

1132 5682 1224 5742 En
1259 5681 1373 5742 tibi
1403 5683 1740 5744 versiculos
1772 5686 2050 5765 Gerberg
2076 5686 2208 5746 fero
2253 5685 2490 5748 domna
2523 5690 2804 5752 novellos

1241 5772 1523 5850 Jungens
1554 5775 1939 5856 praescriptis
1967 5774 2250 5837 carmina
2290 5777 2682 5842 carminulis.
