  <div class='ocr_page' id='page_1' title='image "/cluster/home/n/w/nwhite01/storage/ocr_20150623/136-137/uc1.31175019686917/1237.png"; bbox 0 0 3904 6408; ppageno 0'>
   <div class='ocr_carea' id='block_1_1' title="bbox 293 399 494 498">
    <p class='ocr_par' dir='ltr' id='par_1_1' title="bbox 293 399 494 498">
     <span class='ocr_line' id='line_1_1' title="bbox 293 399 494 498; baseline -0.02 -35"><span class='ocrx_word' id='word_1_1' title='bbox 293 487 300 498; x_wconf 20' lang='grc'><strong><em>⁴</em></strong></span> <span class='ocrx_word' id='word_1_2' title='bbox 344 399 494 493; x_wconf 77' lang='lat'><strong>1111</strong></span> 
     </span>
    </p>
   </div>
   <div class='ocr_carea' id='block_1_2' title="bbox 1146 393 2954 459">
    <p class='ocr_par' dir='ltr' id='par_1_2' title="bbox 1146 393 2954 459">
     <span class='ocr_line' id='line_1_2' title="bbox 1146 393 2954 459; baseline -0.001 0"><span class='ocrx_word' id='word_1_3' title='bbox 1146 396 1680 458; x_wconf 69' lang='lat' dir='ltr'><strong>HltO&#39;l‘SUlTHzE</strong></span> <span class='ocrx_word' id='word_1_4' title='bbox 1721 393 2102 456; x_wconf 86' lang='lat' dir='ltr'><strong>MONIALlS</strong></span> <span class='ocrx_word' id='word_1_5' title='bbox 2149 393 2954 459; x_wconf 77' lang='lat' dir='ltr'><strong>GANDERSHEIMENSIS</strong></span> 
     </span>
    </p>
   </div>
   <div class='ocr_carea' id='block_1_3' title="bbox 3617 400 3769 462">
    <p class='ocr_par' dir='ltr' id='par_1_3' title="bbox 3617 400 3769 462">
     <span class='ocr_line' id='line_1_3' title="bbox 3617 400 3769 462; baseline -0.02 0"><span class='ocrx_word' id='word_1_6' title='bbox 3617 402 3646 462; x_wconf 78' lang='grc'><strong>1</strong></span> <span class='ocrx_word' id='word_1_7' title='bbox 3661 400 3769 462; x_wconf 77' lang='grc'><strong>112</strong></span> 
     </span>
    </p>
   </div>
   <div class='ocr_carea' id='block_1_4' title="bbox 1201 526 2894 614">
    <p class='ocr_par' dir='ltr' id='par_1_4' title="bbox 1201 526 2894 614">
     <span class='ocr_line' id='line_1_4' title="bbox 1201 526 2894 614; baseline 0 -24"><span class='ocrx_word' id='word_1_8' title='bbox 1201 530 1483 605; x_wconf 88' lang='lat' dir='ltr'><strong>Qualiter</strong></span> <span class='ocrx_word' id='word_1_9' title='bbox 1512 533 1575 591; x_wconf 90' lang='lat' dir='ltr'><strong>et</strong></span> <span class='ocrx_word' id='word_1_10' title='bbox 1605 527 1853 590; x_wconf 85' lang='lat' dir='ltr'><strong>veniam</strong></span> <span class='ocrx_word' id='word_1_11' title='bbox 1885 526 2118 614; x_wconf 80' lang='lat' dir='ltr'><strong>meruit</strong></span> <span class='ocrx_word' id='word_1_12' title='bbox 2159 527 2504 590; x_wconf 83' lang='lat' dir='ltr'><strong>scelerosus</strong></span> <span class='ocrx_word' id='word_1_13' title='bbox 2533 529 2894 591; x_wconf 88' lang='lat' dir='ltr'><strong>amandam.</strong></span> 
     </span>
    </p>
   </div>
   <div class='ocr_carea' id='block_1_5' title="bbox 1181 613 2744 697">
    <p class='ocr_par' dir='ltr' id='par_1_5' title="bbox 1181 613 2744 697">
     <span class='ocr_line' id='line_1_5' title="bbox 1181 613 2744 697; baseline -0.001 -17"><span class='ocrx_word' id='word_1_14' title='bbox 1181 615 1206 628; x_wconf 81' lang='grc'><strong><em>”</em></strong></span> <span class='ocrx_word' id='word_1_15' title='bbox 1355 617 1774 697; x_wconf 84' lang='lat' dir='ltr'><strong>Congaudens</strong></span> <span class='ocrx_word' id='word_1_16' title='bbox 1805 613 2078 678; x_wconf 83' lang='lat' dir='ltr'><strong>modulis</strong></span> <span class='ocrx_word' id='word_1_17' title='bbox 2111 616 2364 678; x_wconf 89' lang='lat' dir='ltr'><strong>succino</strong></span> <span class='ocrx_word' id='word_1_18' title='bbox 2396 617 2744 697; x_wconf 89' lang='lat' dir='ltr'><strong>dactylieis.</strong></span> 
     </span>
    </p>
   </div>
   <div class='ocr_carea' id='block_1_6' title="bbox 1254 705 2815 790">
    <p class='ocr_par' dir='ltr' id='par_1_6' title="bbox 1254 705 2815 790">
     <span class='ocr_line' id='line_1_6' title="bbox 1254 705 2815 790; baseline -0.001 -20"><span class='ocrx_word' id='word_1_19' title='bbox 1254 710 1565 790; x_wconf 87' lang='lat' dir='ltr'><strong>Spernere</strong></span> <span class='ocrx_word' id='word_1_20' title='bbox 1597 725 1756 787; x_wconf 91' lang='lat' dir='ltr'><strong>quos</strong></span> <span class='ocrx_word' id='word_1_21' title='bbox 1787 706 1941 778; x_wconf 91' lang='lat' dir='ltr'><strong>noli,</strong></span> <span class='ocrx_word' id='word_1_22' title='bbox 1976 705 2220 766; x_wconf 92' lang='lat' dir='ltr'><strong>nimiun</strong></span> <span class='ocrx_word' id='word_1_23' title='bbox 2251 725 2394 766; x_wconf 91' lang='lat' dir='ltr'><strong>cum</strong></span> <span class='ocrx_word' id='word_1_24' title='bbox 2426 707 2555 768; x_wconf 90' lang='lat' dir='ltr'><strong>sint</strong></span> <span class='ocrx_word' id='word_1_25' title='bbox 2583 708 2815 782; x_wconf 82' lang='lat' dir='ltr'><strong>vitiosi,</strong></span> 
     </span>
    </p>
   </div>
   <div class='ocr_carea' id='block_1_7' title="bbox 1467 795 2634 874">
    <p class='ocr_par' dir='ltr' id='par_1_7' title="bbox 1467 795 2634 874">
     <span class='ocr_line' id='line_1_7' title="bbox 1467 795 2634 874; baseline -0.001 -15"><span class='ocrx_word' id='word_1_26' title='bbox 1467 797 1590 859; x_wconf 89' lang='lat' dir='ltr'><strong>Sed</strong></span> <span class='ocrx_word' id='word_1_27' title='bbox 1621 797 1814 858; x_wconf 88' lang='lat' dir='ltr'><strong>lauda</strong></span> <span class='ocrx_word' id='word_1_28' title='bbox 1844 795 1981 857; x_wconf 90' lang='lat' dir='ltr'><strong>miti</strong></span> <span class='ocrx_word' id='word_1_29' title='bbox 2018 800 2273 874; x_wconf 90' lang='lat' dir='ltr'><strong>pectore</strong></span> <span class='ocrx_word' id='word_1_30' title='bbox 2306 798 2469 858; x_wconf 85' lang='lat' dir='ltr'><strong>facta</strong></span> <span class='ocrx_word' id='word_1_31' title='bbox 2497 798 2634 858; x_wconf 91' lang='lat' dir='ltr'><strong>Dei.</strong></span> 
     </span>
    </p>
   </div>
   <div class='ocr_carea' id='block_1_8' title="bbox 1455 1068 2628 1141">
    <p class='ocr_par' dir='ltr' id='par_1_8' title="bbox 1455 1068 2628 1141">
     <span class='ocr_line' id='line_1_8' title="bbox 1455 1068 2628 1141; baseline 0 -1"><span class='ocrx_word' id='word_1_32' title='bbox 1455 1068 1908 1140; x_wconf 69' lang='lat' dir='ltr'><strong>PREFATIO</strong></span> <span class='ocrx_word' id='word_1_33' title='bbox 1961 1069 2051 1138; x_wconf 90' lang='lat' dir='ltr'><strong>IN</strong></span> <span class='ocrx_word' id='word_1_34' title='bbox 2101 1069 2598 1141; x_wconf 79' lang='lat' dir='ltr'><strong>PBOTERIUM</strong></span> <span class='ocrx_word' id='word_1_35' title='bbox 2613 1123 2628 1140; x_wconf 96' lang='lat'><strong>.</strong></span> 
     </span>
    </p>
   </div>
   <div class='ocr_carea' id='block_1_9' title="bbox 337 1273 1906 1352">
    <p class='ocr_par' dir='ltr' id='par_1_9' title="bbox 337 1273 1906 1352">
     <span class='ocr_line' id='line_1_9' title="bbox 337 1273 1906 1352; baseline -0.006 -18"><span class='ocrx_word' id='word_1_36' title='bbox 337 1277 447 1348; x_wconf 85' lang='lat' dir='ltr'><strong>Qui</strong></span> <span class='ocrx_word' id='word_1_37' title='bbox 475 1277 615 1336; x_wconf 80' lang='lat' dir='ltr'>velit</span> <span class='ocrx_word' id='word_1_38' title='bbox 643 1278 978 1352; x_wconf 82' lang='lat' dir='ltr'><strong>exemplum</strong></span> <span class='ocrx_word' id='word_1_39' title='bbox 1007 1277 1186 1334; x_wconf 69' lang='lat' dir='ltr'><strong>venite</strong></span> <span class='ocrx_word' id='word_1_40' title='bbox 1217 1273 1634 1348; x_wconf 90' lang='lat' dir='ltr'><strong>comprendere</strong></span> <span class='ocrx_word' id='word_1_41' title='bbox 1658 1273 1906 1340; x_wconf 86' lang='lat' dir='ltr'><strong>certum,</strong></span> 
     </span>
    </p>
   </div>
   <div class='ocr_carea' id='block_1_10' title="bbox 328 1359 1727 1448">
    <p class='ocr_par' dir='ltr' id='par_1_10' title="bbox 328 1359 1727 1448">
     <span class='ocr_line' id='line_1_10' title="bbox 328 1359 1727 1448; baseline -0.006 -24"><span class='ocrx_word' id='word_1_42' title='bbox 328 1365 454 1424; x_wconf 82' lang='lat' dir='ltr'><strong>&#39;Nec</strong></span> <span class='ocrx_word' id='word_1_43' title='bbox 484 1367 799 1448; x_wconf 47' lang='lat' dir='ltr'><strong>non&#39;larga</strong></span> <span class='ocrx_word' id='word_1_44' title='bbox 827 1367 929 1424; x_wconf 89' lang='lat' dir='ltr'><strong>Dei</strong></span> <span class='ocrx_word' id='word_1_45' title='bbox 961 1365 1198 1440; x_wconf 89' lang='lat' dir='ltr'><strong>pietatis</strong></span> <span class='ocrx_word' id='word_1_46' title='bbox 1227 1379 1475 1420; x_wconf 89' lang='lat' dir='ltr'><strong>munera</strong></span> <span class='ocrx_word' id='word_1_47' title='bbox 1505 1359 1727 1434; x_wconf 83' lang='lat' dir='ltr'>magni,</span> 
     </span>
    </p>
   </div>
   <div class='ocr_carea' id='block_1_11' title="bbox 338 1451 1746 1526">
    <p class='ocr_par' dir='ltr' id='par_1_11' title="bbox 338 1451 1746 1526">
     <span class='ocr_line' id='line_1_11' title="bbox 338 1451 1746 1526; baseline -0.006 -14"><span class='ocrx_word' id='word_1_48' title='bbox 338 1451 576 1514; x_wconf 84' lang='lat' dir='ltr'><strong>Pectore</strong></span> <span class='ocrx_word' id='word_1_49' title='bbox 605 1456 925 1514; x_wconf 83' lang='lat' dir='ltr'><strong>versiculos</strong></span> <span class='ocrx_word' id='word_1_50' title='bbox 957 1455 1256 1512; x_wconf 88' lang='lat' dir='ltr'><strong>submisso</strong></span> <span class='ocrx_word' id='word_1_51' title='bbox 1289 1452 1550 1526; x_wconf 87' lang='lat' dir='ltr'><strong>perlegat</strong></span> <span class='ocrx_word' id='word_1_52' title='bbox 1579 1451 1746 1517; x_wconf 90' lang='lat' dir='ltr'><strong>istos,</strong></span> 
     </span>
    </p>
   </div>
   <div class='ocr_carea' id='block_1_12' title="bbox 316 1538 1738 1624">
    <p class='ocr_par' dir='ltr' id='par_1_12' title="bbox 316 1538 1738 1624">
     <span class='ocr_line' id='line_1_12' title="bbox 316 1538 1738 1624; baseline -0.006 -22"><span class='ocrx_word' id='word_1_53' title='bbox 316 1545 455 1624; x_wconf 46' lang='lat' dir='ltr'><strong>,Nee</strong></span> <span class='ocrx_word' id='word_1_54' title='bbox 485 1539 754 1619; x_wconf 83' lang='lat' dir='ltr'><strong>fragilem</strong></span> <span class='ocrx_word' id='word_1_55' title='bbox 785 1545 917 1602; x_wconf 85' lang='lat' dir='ltr'><strong>vilis</strong></span> <span class='ocrx_word' id='word_1_56' title='bbox 947 1561 1150 1602; x_wconf 84' lang='lat' dir='ltr'><strong>sexum</strong></span> <span class='ocrx_word' id='word_1_57' title='bbox 1183 1546 1422 1615; x_wconf 86' lang='lat' dir='ltr'><strong>spernat</strong></span> <span class='ocrx_word' id='word_1_58' title='bbox 1450 1538 1738 1606; x_wconf 84' lang='lat' dir='ltr'><strong>mulieris,</strong></span> 
     </span>
    </p>
   </div>
   <div class='ocr_carea' id='block_1_13' title="bbox 296 1623 1834 1716">
    <p class='ocr_par' dir='ltr' id='par_1_13' title="bbox 296 1623 1834 1716">
     <span class='ocr_line' id='line_1_13' title="bbox 296 1623 1834 1716; baseline -0.007 -23"><span class='ocrx_word' id='word_1_59' title='bbox 296 1623 302 1634; x_wconf 71' lang='grc'><em>’</em></span> <span class='ocrx_word' id='word_1_60' title='bbox 337 1632 474 1716; x_wconf 37' lang='lat' dir='ltr'><strong>Quia;</strong></span> <span class='ocrx_word' id='word_1_61' title='bbox 504 1635 696 1714; x_wconf 80' lang='lat' dir='ltr'><strong>fragili</strong></span> <span class='ocrx_word' id='word_1_62' title='bbox 726 1634 1000 1692; x_wconf 88' lang='lat' dir='ltr'><strong>modulos</strong></span> <span class='ocrx_word' id='word_1_63' title='bbox 1029 1632 1254 1690; x_wconf 79' lang='lat' dir='ltr'><strong>calamo</strong></span> <span class='ocrx_word' id='word_1_64' title='bbox 1287 1633 1623 1688; x_wconf 88' lang='lat' dir='ltr'><strong>cantaverat</strong></span> <span class='ocrx_word' id='word_1_65' title='bbox 1650 1629 1834 1695; x_wconf 89' lang='lat' dir='ltr'><strong>istos;</strong></span> 
     </span>
    </p>
   </div>
   <div class='ocr_carea' id='block_1_14' title="bbox 2024 1271 3560 1350">
    <p class='ocr_par' dir='ltr' id='par_1_14' title="bbox 2024 1271 3560 1350">
     <span class='ocr_line' id='line_1_14' title="bbox 2024 1271 3560 1350; baseline 0.007 -25"><span class='ocrx_word' id='word_1_66' title='bbox 2024 1272 2081 1339; x_wconf 79' lang='grc' dir='ltr'><strong>Α</strong></span> <span class='ocrx_word' id='word_1_67' title='bbox 2111 1271 2223 1326; x_wconf 86' lang='lat' dir='ltr'><strong>Sed</strong></span> <span class='ocrx_word' id='word_1_68' title='bbox 2256 1287 2427 1344; x_wconf 86' lang='lat' dir='ltr'><strong>mage</strong></span> <span class='ocrx_word' id='word_1_69' title='bbox 2453 1271 2748 1328; x_wconf 80' lang='lat' dir='ltr'><strong>cmlestcm</strong></span> <span class='ocrx_word' id='word_1_70' title='bbox 2781 1273 2994 1332; x_wconf 84' lang='lat' dir='ltr'><strong>Christi</strong></span> <span class='ocrx_word' id='word_1_71' title='bbox 3025 1275 3225 1333; x_wconf 88' lang='lat' dir='ltr'><strong>laudet</strong></span> <span class='ocrx_word' id='word_1_72' title='bbox 3255 1279 3560 1350; x_wconf 72' lang='lat' dir='ltr'><strong>pietatem,</strong></span> 
     </span>
    </p>
   </div>
   <div class='ocr_carea' id='block_1_15' title="bbox 2109 1360 3562 1442">
    <p class='ocr_par' dir='ltr' id='par_1_15' title="bbox 2109 1360 3562 1442">
     <span class='ocr_line' id='line_1_15' title="bbox 2109 1360 3562 1442; baseline 0.008 -28"><span class='ocrx_word' id='word_1_73' title='bbox 2109 1360 2216 1427; x_wconf 86' lang='lat' dir='ltr'><strong>Qui</strong></span> <span class='ocrx_word' id='word_1_74' title='bbox 2249 1377 2364 1415; x_wconf 91' lang='lat' dir='ltr'><strong>non</strong></span> <span class='ocrx_word' id='word_1_75' title='bbox 2395 1361 2520 1416; x_wconf 85' lang='lat' dir='ltr'><strong>vult</strong></span> <span class='ocrx_word' id='word_1_76' title='bbox 2550 1361 2730 1434; x_wconf 86' lang='lat' dir='ltr'><strong>digna</strong></span> <span class='ocrx_word' id='word_1_77' title='bbox 2758 1369 3065 1435; x_wconf 89' lang='lat' dir='ltr'><strong>peccantes</strong></span> <span class='ocrx_word' id='word_1_78' title='bbox 3094 1367 3336 1440; x_wconf 89' lang='lat' dir='ltr'><strong>perdere</strong></span> <span class='ocrx_word' id='word_1_79' title='bbox 3365 1386 3562 1442; x_wconf 89' lang='lat' dir='ltr'><strong>pcena,</strong></span> 
     </span>
    </p>
   </div>
   <div class='ocr_carea' id='block_1_16' title="bbox 2109 1449 3502 1522">
    <p class='ocr_par' dir='ltr' id='par_1_16' title="bbox 2109 1449 3502 1522">
     <span class='ocr_line' id='line_1_16' title="bbox 2109 1449 3502 1522; baseline 0.008 -18"><span class='ocrx_word' id='word_1_80' title='bbox 2109 1449 2222 1505; x_wconf 90' lang='lat' dir='ltr'><strong>Sed</strong></span> <span class='ocrx_word' id='word_1_81' title='bbox 2253 1449 2386 1522; x_wconf 90' lang='lat' dir='ltr'><strong>plus</strong></span> <span class='ocrx_word' id='word_1_82' title='bbox 2416 1455 2708 1522; x_wconf 69' lang='lat' dir='ltr'><strong>perpetua:</strong></span> <span class='ocrx_word' id='word_1_83' title='bbox 2741 1471 3049 1510; x_wconf 83' lang='lat' dir='ltr'><strong>conversos</strong></span> <span class='ocrx_word' id='word_1_84' title='bbox 3081 1456 3321 1513; x_wconf 88' lang='lat' dir='ltr'><strong>reddere</strong></span> <span class='ocrx_word' id='word_1_85' title='bbox 3350 1458 3502 1515; x_wconf 76' lang='lat' dir='ltr'><strong>vitae.</strong></span> 
     </span>
    </p>
   </div>
   <div class='ocr_carea' id='block_1_17' title="bbox 2109 1537 3700 1621">
    <p class='ocr_par' dir='ltr' id='par_1_17' title="bbox 2109 1537 3700 1621">
     <span class='ocr_line' id='line_1_17' title="bbox 2109 1537 3700 1621; baseline 0.008 -27"><span class='ocrx_word' id='word_1_86' title='bbox 2109 1537 2384 1594; x_wconf 78' lang='lat' dir='ltr'><strong>Gaudeas</strong></span> <span class='ocrx_word' id='word_1_87' title='bbox 2413 1540 2712 1612; x_wconf 81' lang='lat' dir='ltr'><strong>gaudebit,</strong></span> <span class='ocrx_word' id='word_1_88' title='bbox 2747 1543 2924 1614; x_wconf 92' lang='lat' dir='ltr'><strong>quod,</strong></span> <span class='ocrx_word' id='word_1_89' title='bbox 2953 1561 3155 1600; x_wconf 89' lang='lat' dir='ltr'><strong>verum</strong></span> <span class='ocrx_word' id='word_1_90' title='bbox 3187 1549 3362 1615; x_wconf 89' lang='lat' dir='ltr'><strong>stare,</strong></span> <span class='ocrx_word' id='word_1_91' title='bbox 3395 1550 3700 1621; x_wconf 82' lang='lat' dir='ltr'><strong>probabit,</strong></span> 
     </span>
    </p>
   </div>
   <div class='ocr_carea' id='block_1_18' title="bbox 2109 1625 3542 1705">
    <p class='ocr_par' dir='ltr' id='par_1_18' title="bbox 2109 1625 3542 1705">
     <span class='ocr_line' id='line_1_18' title="bbox 2109 1625 3542 1705; baseline 0.011 -25"><span class='ocrx_word' id='word_1_92' title='bbox 2109 1625 2387 1699; x_wconf 88' lang='lat' dir='ltr'><strong>Quisquis</strong></span> <span class='ocrx_word' id='word_1_93' title='bbox 2417 1634 2766 1700; x_wconf 70' lang='lat' dir='ltr'><strong>praesentem</strong></span> <span class='ocrx_word' id='word_1_94' title='bbox 2799 1637 3200 1705; x_wconf 89' lang='lat' dir='ltr'><strong>perscrutatur</strong></span> <span class='ocrx_word' id='word_1_95' title='bbox 3227 1636 3542 1696; x_wconf 90' lang='lat' dir='ltr'><strong>rationem.</strong></span> 
     </span>
    </p>
   </div>
   <div class='ocr_carea' id='block_1_19' title="bbox 1637 1923 2462 2015">
    <p class='ocr_par' dir='ltr' id='par_1_19' title="bbox 1637 1923 2462 2015">
     <span class='ocr_line' id='line_1_19' title="bbox 1637 1923 2462 2015; baseline 0.004 -3"><span class='ocrx_word' id='word_1_96' title='bbox 1637 1923 2462 2015; x_wconf 52' lang='lat' dir='ltr'><strong>ARGUMENTUM&#39;</strong></span> 
     </span>
    </p>
   </div>
   <div class='ocr_carea' id='block_1_20' title="bbox 402 2131 3764 2214">
    <p class='ocr_par' dir='ltr' id='par_1_20' title="bbox 402 2131 3764 2214">
     <span class='ocr_line' id='line_1_20' title="bbox 402 2131 3764 2214; baseline 0.002 -21"><span class='ocrx_word' id='word_1_97' title='bbox 402 2139 558 2214; x_wconf 65' lang='lat' dir='ltr'><strong>I40</strong></span> <span class='ocrx_word' id='word_1_98' title='bbox 585 2139 717 2194; x_wconf 85' lang='lat' dir='ltr'><strong>Erat</strong></span> <span class='ocrx_word' id='word_1_99' title='bbox 741 2138 834 2214; x_wconf 73' lang='lat' dir='ltr'><strong>vir</strong></span> <span class='ocrx_word' id='word_1_100' title='bbox 861 2137 1085 2214; x_wconf 69' lang='lat' dir='ltr'><strong>quidam</strong></span> <span class='ocrx_word' id='word_1_101' title='bbox 1111 2136 1334 2214; x_wconf 77' lang='lat' dir='ltr'><strong>n_obilis,</strong></span> <span class='ocrx_word' id='word_1_102' title='bbox 1366 2134 1644 2214; x_wconf 63' lang='lat' dir='ltr'><strong>Proterius</strong></span> <span class='ocrx_word' id='word_1_103' title='bbox 1676 2132 1916 2214; x_wconf 58' lang='lat' dir='ltr'><strong>nomine,</strong></span> <span class='ocrx_word' id='word_1_104' title='bbox 1945 2131 2311 2214; x_wconf 59' lang='lat' dir='ltr'><strong>gwsaricnsis</strong></span> <span class='ocrx_word' id='word_1_105' title='bbox 2359 2132 2597 2214; x_wconf 64' lang='lat' dir='ltr'><strong>civitate,</strong></span> <span class='ocrx_word' id='word_1_106' title='bbox 2625 2133 2686 2187; x_wconf 83' lang='lat' dir='ltr'><strong>in</strong></span> <span class='ocrx_word' id='word_1_107' title='bbox 2721 2133 2850 2189; x_wconf 81' lang='lat' dir='ltr'><strong>Asia</strong></span> <span class='ocrx_word' id='word_1_108' title='bbox 2885 2135 3104 2214; x_wconf 67' lang='lat' dir='ltr'><strong>Minori,</strong></span> <span class='ocrx_word' id='word_1_109' title='bbox 3138 2140 3467 2197; x_wconf 74' lang='lat' dir='ltr'><strong>aitissimus.</strong></span> <span class='ocrx_word' id='word_1_110' title='bbox 3505 2143 3562 2198; x_wconf 71' lang='lat' dir='ltr'><strong>Is</strong></span> <span class='ocrx_word' id='word_1_111' title='bbox 3593 2144 3764 2214; x_wconf 78' lang='lat' dir='ltr'><strong>ﬁliam</strong></span> 
     </span>
    </p>
   </div>
   <div class='ocr_carea' id='block_1_21' title="bbox 327 2203 3744 2288">
    <p class='ocr_par' dir='ltr' id='par_1_21' title="bbox 327 2203 3744 2288">
     <span class='ocr_line' id='line_1_21' title="bbox 327 2203 3744 2288; baseline 0.001 -21"><span class='ocrx_word' id='word_1_112' title='bbox 327 2211 706 2288; x_wconf 50' lang='lat' dir='ltr'><strong>speciosamet</strong></span> <span class='ocrx_word' id='word_1_113' title='bbox 732 2203 957 2265; x_wconf 77' lang='lat' dir='ltr'><strong>unicam</strong></span> <span class='ocrx_word' id='word_1_114' title='bbox 984 2209 1194 2288; x_wconf 70' lang='lat' dir='ltr'><strong>habuit,</strong></span> <span class='ocrx_word' id='word_1_115' title='bbox 1223 2224 1388 2288; x_wconf 68' lang='lat' dir='ltr'><strong>quam</strong></span> <span class='ocrx_word' id='word_1_116' title='bbox 1406 2207 1644 2288; x_wconf 49' lang='lat' dir='ltr'><strong>restituti</strong></span> <span class='ocrx_word' id='word_1_117' title='bbox 1671 2204 1901 2288; x_wconf 71' lang='lat' dir='ltr'><strong>devovit.</strong></span> <span class='ocrx_word' id='word_1_118' title='bbox 1937 2203 2069 2258; x_wconf 85' lang='lat' dir='ltr'><strong>Erat</strong></span> <span class='ocrx_word' id='word_1_119' title='bbox 2099 2203 2215 2288; x_wconf 42' lang='lat' dir='ltr'><strong>illi”</strong></span> <span class='ocrx_word' id='word_1_120' title='bbox 2235 2218 2434 2288; x_wconf 44' lang='lat' dir='ltr'><strong>seruus.</strong></span> <span class='ocrx_word' id='word_1_121' title='bbox 2483 2203 2768 2288; x_wconf 74' lang='lat' dir='ltr'><strong>delicatus,</strong></span> <span class='ocrx_word' id='word_1_122' title='bbox 2801 2209 2918 2288; x_wconf 75' lang='lat' dir='ltr'><strong>qui,</strong></span> <span class='ocrx_word' id='word_1_123' title='bbox 2970 2225 3156 2288; x_wconf 72' lang='lat' dir='ltr'><strong>amore</strong></span> <span class='ocrx_word' id='word_1_124' title='bbox 3203 2213 3412 2288; x_wconf 68' lang='lat' dir='ltr'><strong>puella:</strong></span> <span class='ocrx_word' id='word_1_125' title='bbox 3462 2203 3744 2288; x_wconf 47' lang='lat' dir='ltr'><strong>correptus</strong></span> 
     </span>
    </p>
   </div>
   <div class='ocr_carea' id='block_1_22' title="bbox 379 2259 3764 2352">
    <p class='ocr_par' dir='ltr' id='par_1_22' title="bbox 379 2259 3764 2352">
     <span class='ocr_line' id='line_1_22' title="bbox 379 2259 3764 2352; baseline 0.002 -16"><span class='ocrx_word' id='word_1_126' title='bbox 379 2282 546 2352; x_wconf 86' lang='lat' dir='ltr'><strong>agum</strong></span> <span class='ocrx_word' id='word_1_127' title='bbox 563 2281 769 2346; x_wconf 78' lang='lat' dir='ltr'><strong>adibat,</strong></span> <span class='ocrx_word' id='word_1_128' title='bbox 800 2297 966 2351; x_wconf 80' lang='lat' dir='ltr'><strong>super</strong></span> <span class='ocrx_word' id='word_1_129' title='bbox 993 2259 1262 2336; x_wconf 58' lang='lat' dir='ltr'><strong>connubii)</strong></span> <span class='ocrx_word' id='word_1_130' title='bbox 1291 2279 1490 2352; x_wconf 65' lang='lat' dir='ltr'><strong>puella:</strong></span> <span class='ocrx_word' id='word_1_131' title='bbox 1518 2277 1826 2352; x_wconf 68' lang='lat' dir='ltr'><strong>consulens.</strong></span> <span class='ocrx_word' id='word_1_132' title='bbox 1846 2275 1908 2352; x_wconf 58' lang='lat' dir='ltr'><strong>is</strong></span> <span class='ocrx_word' id='word_1_133' title='bbox 1938 2273 2215 2352; x_wconf 74' lang='lat' dir='ltr'><strong>respondit</strong></span> <span class='ocrx_word' id='word_1_134' title='bbox 2239 2291 2308 2352; x_wconf 70' lang='lat' dir='ltr'><strong>se</strong></span> <span class='ocrx_word' id='word_1_135' title='bbox 2328 2275 2466 2352; x_wconf 80' lang='lat' dir='ltr'><strong>velle</strong></span> <span class='ocrx_word' id='word_1_136' title='bbox 2520 2277 2723 2346; x_wconf 63' lang='lat' dir='ltr'><strong>puellae</strong></span> <span class='ocrx_word' id='word_1_137' title='bbox 2753 2259 3416 2352; x_wconf 44' lang='lat' dir='ltr'><strong>’afwzehekiVePILc-I-éfé‘i</strong></span> <span class='ocrx_word' id='word_1_138' title='bbox 3453 2259 3764 2344; x_wconf 43' lang='grc' dir='ltr'><em>ἦ</em></span> 
     </span>
    </p>
   </div>
   <div class='ocr_carea' id='block_1_23' title="bbox 329 2345 3744 2426">
    <p class='ocr_par' dir='ltr' id='par_1_23' title="bbox 329 2345 3744 2426">
     <span class='ocr_line' id='line_1_23' title="bbox 329 2345 3744 2426; baseline 0.002 -18"><span class='ocrx_word' id='word_1_139' title='bbox 329 2345 587 2426; x_wconf 64' lang='lat' dir='ltr'><strong>insanam</strong></span> <span class='ocrx_word' id='word_1_140' title='bbox 639 2345 883 2426; x_wconf 67' lang='lat' dir='ltr'><strong>reddere,</strong></span> <span class='ocrx_word' id='word_1_141' title='bbox 917 2353 969 2426; x_wconf 79' lang='lat' dir='ltr'><strong>si</strong></span> <span class='ocrx_word' id='word_1_142' title='bbox 994 2368 1051 2407; x_wconf 78' lang='lat' dir='ltr'><strong>se</strong></span> <span class='ocrx_word' id='word_1_143' title='bbox 1081 2345 1344 2426; x_wconf 63' lang='lat' dir='ltr'><strong>suamque</strong></span> <span class='ocrx_word' id='word_1_144' title='bbox 1389 2351 1637 2426; x_wconf 58' lang='lat' dir='ltr'><strong>aptatam</strong></span> <span class='ocrx_word' id='word_1_145' title='bbox 1672 2347 1890 2402; x_wconf 78' lang='lat' dir='ltr'><strong>diabolo</strong></span> <span class='ocrx_word' id='word_1_146' title='bbox 1941 2345 2238 2426; x_wconf 65' lang='lat' dir='ltr'><strong>devoveret.</strong></span> <span class='ocrx_word' id='word_1_147' title='bbox 2274 2345 3052 2426; x_wconf 9' lang='lat' dir='ltr'><strong>Annuittrservusndatoque</strong></span> <span class='ocrx_word' id='word_1_148' title='bbox 3080 2345 3443 2426; x_wconf 66' lang='lat' dir='ltr'><strong>chirographo</strong></span> <span class='ocrx_word' id='word_1_149' title='bbox 3500 2357 3744 2416; x_wconf 65' lang='lat' dir='ltr'><strong>(immani</strong></span> 
     </span>
    </p>
   </div>
   <div class='ocr_carea' id='block_1_24' title="bbox 325 2403 3762 2498">
    <p class='ocr_par' dir='ltr' id='par_1_24' title="bbox 325 2403 3762 2498">
     <span class='ocr_line' id='line_1_24' title="bbox 325 2403 3762 2498; baseline 0.002 -20"><span class='ocrx_word' id='word_1_150' title='bbox 325 2403 1600 2498; x_wconf 41' lang='lat' dir='ltr'><strong>ﬂgitibbzizzlifﬁitbaip&#39;battuebat-grain</strong></span> <span class='ocrx_word' id='word_1_151' title='bbox 1629 2426 1809 2474; x_wconf 88' lang='lat' dir='ltr'><strong>autem</strong></span> <span class='ocrx_word' id='word_1_152' title='bbox 1830 2433 2005 2498; x_wconf 12' lang='lat' dir='ltr'><strong>rquah-m</strong></span> <span class='ocrx_word' id='word_1_153' title='bbox 2031 2417 2513 2498; x_wconf 68' lang='lat' dir='ltr'><strong>p_uella_q01nperi_t</strong></span> <span class='ocrx_word' id='word_1_154' title='bbox 2545 2403 3442 2498; x_wconf 12' lang='lat' dir='ltr'><strong>illumﬂiisiiiziiiiibusj-ilebetum:</strong></span> 
     </span>
    </p>
   </div>
   <div class='ocr_carea' id='block_1_25' title="bbox 298 2487 3760 2570">
    <p class='ocr_par' dir='ltr' id='par_1_25' title="bbox 298 2487 3760 2570">
     <span class='ocr_line' id='line_1_25' title="bbox 298 2487 3760 2570; baseline 0.002 -20"><span class='ocrx_word' id='word_1_155' title='bbox 298 2487 420 2570; x_wconf 68' lang='lat' dir='ltr'><strong>&quot;iiii</strong></span> <span class='ocrx_word' id='word_1_156' title='bbox 445 2487 750 2570; x_wconf 53' lang='lat' dir='ltr'><strong>diuortium</strong></span> <span class='ocrx_word' id='word_1_157' title='bbox 759 2487 911 2570; x_wconf 77' lang='lat' dir='ltr'><strong>petit,</strong></span> <span class='ocrx_word' id='word_1_158' title='bbox 945 2495 1006 2548; x_wconf 84' lang='lat' dir='ltr'><strong>in</strong></span> <span class='ocrx_word' id='word_1_159' title='bbox 1023 2494 1318 2570; x_wconf 76' lang='lat' dir='ltr'><strong>ecclesiam</strong></span> <span class='ocrx_word' id='word_1_160' title='bbox 1345 2491 1512 2560; x_wconf 81' lang='lat' dir='ltr'><strong>ducit,</strong></span> <span class='ocrx_word' id='word_1_161' title='bbox 1544 2499 1596 2547; x_wconf 92' lang='lat' dir='ltr'><strong>et</strong></span> <span class='ocrx_word' id='word_1_162' title='bbox 1621 2507 1656 2546; x_wconf 89' lang='lat' dir='ltr'><strong>a</strong></span> <span class='ocrx_word' id='word_1_163' title='bbox 1683 2487 1868 2546; x_wconf 77' lang='lat' dir='ltr'><strong>sancto</strong></span> <span class='ocrx_word' id='word_1_164' title='bbox 1923 2489 2132 2550; x_wconf 68' lang='lat' dir='ltr'><strong>Basilio</strong></span> <span class='ocrx_word' id='word_1_165' title='bbox 2186 2487 2582 2562; x_wconf 64' lang='lat' dir='ltr'><strong>chirographus</strong></span> <span class='ocrx_word' id='word_1_166' title='bbox 2631 2507 2662 2546; x_wconf 89' lang='lat' dir='ltr'><strong>a</strong></span> <span class='ocrx_word' id='word_1_167' title='bbox 2695 2491 2940 2548; x_wconf 72' lang='lat' dir='ltr'><strong>dar-mone</strong></span> <span class='ocrx_word' id='word_1_168' title='bbox 2970 2496 3254 2566; x_wconf 79' lang='lat' dir='ltr'><strong>repetitur,</strong></span> <span class='ocrx_word' id='word_1_169' title='bbox 3288 2499 3386 2555; x_wconf 80' lang='lat' dir='ltr'><strong>ille</strong></span> <span class='ocrx_word' id='word_1_170' title='bbox 3414 2487 3550 2570; x_wconf 75' lang='lat' dir='ltr'><strong>ﬁdei</strong></span> <span class='ocrx_word' id='word_1_171' title='bbox 3582 2501 3760 2558; x_wconf 60' lang='lat' dir='ltr'><strong>Chris-</strong></span> 
     </span>
    </p>
   </div>
   <div class='ocr_carea' id='block_1_26' title="bbox 337 2566 1228 2625">
    <p class='ocr_par' dir='ltr' id='par_1_26' title="bbox 337 2566 1228 2625">
     <span class='ocr_line' id='line_1_26' title="bbox 337 2566 1228 2625; baseline -0.006 -1"><span class='ocrx_word' id='word_1_172' title='bbox 337 2567 510 2625; x_wconf 71' lang='lat' dir='ltr'><strong>tianae</strong></span> <span class='ocrx_word' id='word_1_173' title='bbox 537 2573 591 2622; x_wconf 87' lang='lat' dir='ltr'><strong>et</strong></span> <span class='ocrx_word' id='word_1_174' title='bbox 617 2567 871 2623; x_wconf 75' lang='lat' dir='ltr'><strong>Ecclesia:</strong></span> <span class='ocrx_word' id='word_1_175' title='bbox 898 2566 1228 2622; x_wconf 80' lang='lat' dir='ltr'><strong>restituitur.</strong></span> 
     </span>
    </p>
   </div>
   <div class='ocr_carea' id='block_1_27' title="bbox 1087 2812 3017 2998">
    <p class='ocr_par' dir='ltr' id='par_1_27' title="bbox 1087 2812 3017 2998">
     <span class='ocr_line' id='line_1_27' title="bbox 1087 2812 3017 2998; baseline -0.001 -42"><span class='ocrx_word' id='word_1_176' title='bbox 1087 2812 1986 2998; x_wconf 77' lang='lat' dir='ltr'><strong>SEQUITUR</strong></span> <span class='ocrx_word' id='word_1_177' title='bbox 2097 2812 3017 2956; x_wconf 72' lang='lat' dir='ltr'><strong>HISTORIA.</strong></span> 
     </span>
    </p>
   </div>
   <div class='ocr_carea' id='block_1_28' title="bbox 404 3033 1872 3112">
    <p class='ocr_par' dir='ltr' id='par_1_28' title="bbox 404 3033 1872 3112">
     <span class='ocr_line' id='line_1_28' title="bbox 404 3033 1872 3112; baseline -0.006 -16"><span class='ocrx_word' id='word_1_178' title='bbox 404 3041 712 3112; x_wconf 88' lang='lat' dir='ltr'><strong>Tempore,</strong></span> <span class='ocrx_word' id='word_1_179' title='bbox 745 3037 998 3096; x_wconf 86' lang='lat' dir='ltr'><strong>Basilius</strong></span> <span class='ocrx_word' id='word_1_180' title='bbox 1029 3055 1165 3110; x_wconf 89' lang='lat' dir='ltr'><strong>quo,</strong></span> <span class='ocrx_word' id='word_1_181' title='bbox 1195 3037 1284 3092; x_wconf 89' lang='lat' dir='ltr'><strong>vir</strong></span> <span class='ocrx_word' id='word_1_182' title='bbox 1309 3035 1628 3092; x_wconf 87' lang='lat' dir='ltr'><strong>virtutibus</strong></span> <span class='ocrx_word' id='word_1_183' title='bbox 1658 3033 1872 3099; x_wconf 89' lang='lat' dir='ltr'><strong>almus,</strong></span> 
     </span>
    </p>
   </div>
   <div class='ocr_carea' id='block_1_29' title="bbox 333 3125 1874 3200">
    <p class='ocr_par' dir='ltr' id='par_1_29' title="bbox 333 3125 1874 3200">
     <span class='ocr_line' id='line_1_29' title="bbox 333 3125 1874 3200; baseline -0.008 -14"><span class='ocrx_word' id='word_1_184' title='bbox 333 3129 581 3186; x_wconf 78' lang='lat' dir='ltr'><strong>Rexerat</strong></span> <span class='ocrx_word' id='word_1_185' title='bbox 609 3127 928 3184; x_wconf 86' lang='lat' dir='ltr'><strong>Ecelesiam</strong></span> <span class='ocrx_word' id='word_1_186' title='bbox 955 3128 1122 3200; x_wconf 87' lang='lat' dir='ltr'><strong>justo</strong></span> <span class='ocrx_word' id='word_1_187' title='bbox 1153 3125 1553 3182; x_wconf 91' lang='lat' dir='ltr'><strong>moderamine</strong></span> <span class='ocrx_word' id='word_1_188' title='bbox 1585 3125 1874 3187; x_wconf 87' lang='lat' dir='ltr'><strong>sanctam,</strong></span> 
     </span>
    </p>
   </div>
   <div class='ocr_carea' id='block_1_30' title="bbox 332 3212 1514 3275">
    <p class='ocr_par' dir='ltr' id='par_1_30' title="bbox 332 3212 1514 3275">
     <span class='ocr_line' id='line_1_30' title="bbox 332 3212 1514 3275; baseline -0.008 0"><span class='ocrx_word' id='word_1_189' title='bbox 332 3217 541 3275; x_wconf 88' lang='lat' dir='ltr'><strong>Sedem</strong></span> <span class='ocrx_word' id='word_1_190' title='bbox 573 3215 818 3272; x_wconf 84' lang='lat' dir='ltr'><strong>rectoris</strong></span> <span class='ocrx_word' id='word_1_191' title='bbox 847 3215 1090 3272; x_wconf 86' lang='lat' dir='ltr'><strong>sortitus</strong></span> <span class='ocrx_word' id='word_1_192' title='bbox 1121 3212 1514 3275; x_wconf 67' lang='lat' dir='ltr'><strong>Caesariensis,</strong></span> 
     </span>
    </p>
   </div>
   <div class='ocr_carea' id='block_1_31' title="bbox 324 3288 1630 3376">
    <p class='ocr_par' dir='ltr' id='par_1_31' title="bbox 324 3288 1630 3376">
     <span class='ocr_line' id='line_1_31' title="bbox 324 3288 1630 3376; baseline -0.004 -16"><span class='ocrx_word' id='word_1_193' title='bbox 324 3288 436 3362; x_wconf 54' lang='grc' dir='ltr'><strong>νὴ·</strong></span> <span class='ocrx_word' id='word_1_194' title='bbox 464 3302 888 3371; x_wconf 80' lang='lat' dir='ltr'><strong>satis&#39;illustris</strong></span> <span class='ocrx_word' id='word_1_195' title='bbox 919 3303 1168 3376; x_wconf 85' lang='lat' dir='ltr'><strong>degebat</strong></span> <span class='ocrx_word' id='word_1_196' title='bbox 1195 3301 1462 3374; x_wconf 86' lang='lat' dir='ltr'><strong>partibus</strong></span> <span class='ocrx_word' id='word_1_197' title='bbox 1494 3299 1630 3368; x_wconf 91' lang='lat' dir='ltr'><strong>illis,</strong></span> 
     </span>
    </p>
   </div>
   <div class='ocr_carea' id='block_1_32' title="bbox 330 3389 1762 3464">
    <p class='ocr_par' dir='ltr' id='par_1_32' title="bbox 330 3389 1762 3464">
     <span class='ocr_line' id='line_1_32' title="bbox 330 3389 1762 3464; baseline -0.006 -12"><span class='ocrx_word' id='word_1_198' title='bbox 330 3393 580 3452; x_wconf 88' lang='lat' dir='ltr'><strong>Nomine</strong></span> <span class='ocrx_word' id='word_1_199' title='bbox 610 3392 926 3460; x_wconf 87' lang='lat' dir='ltr'><strong>Proterius,</strong></span> <span class='ocrx_word' id='word_1_200' title='bbox 961 3408 1158 3446; x_wconf 90' lang='lat' dir='ltr'><strong>comes</strong></span> <span class='ocrx_word' id='word_1_201' title='bbox 1187 3389 1341 3464; x_wconf 84' lang='lat' dir='ltr'><strong>plebi</strong></span> <span class='ocrx_word' id='word_1_202' title='bbox 1372 3389 1762 3455; x_wconf 88' lang='lat' dir='ltr'><strong>venerandus,</strong></span> 
     </span>
    </p>
   </div>
   <div class='ocr_carea' id='block_1_33' title="bbox 329 3475 1924 3556">
    <p class='ocr_par' dir='ltr' id='par_1_33' title="bbox 329 3475 1924 3556">
     <span class='ocr_line' id='line_1_33' title="bbox 329 3475 1924 3556; baseline -0.008 -15"><span class='ocrx_word' id='word_1_203' title='bbox 329 3481 645 3541; x_wconf 85' lang='lat' dir='ltr'><strong>Nobilitate</strong></span> <span class='ocrx_word' id='word_1_204' title='bbox 674 3486 908 3556; x_wconf 87' lang='lat' dir='ltr'><strong>potens,</strong></span> <span class='ocrx_word' id='word_1_205' title='bbox 943 3481 1154 3554; x_wconf 87' lang='lat' dir='ltr'><strong>opibus</strong></span> <span class='ocrx_word' id='word_1_206' title='bbox 1185 3496 1380 3536; x_wconf 88' lang='lat' dir='ltr'><strong>rerum</strong></span> <span class='ocrx_word' id='word_1_207' title='bbox 1413 3496 1646 3551; x_wconf 88' lang='lat' dir='ltr'><strong>quoque</strong></span> <span class='ocrx_word' id='word_1_208' title='bbox 1676 3475 1924 3550; x_wconf 89' lang='lat' dir='ltr'><strong>pollens.</strong></span> 
     </span>
    </p>
   </div>
   <div class='ocr_carea' id='block_1_34' title="bbox 330 3566 1490 3644">
    <p class='ocr_par' dir='ltr' id='par_1_34' title="bbox 330 3566 1490 3644">
     <span class='ocr_line' id='line_1_34' title="bbox 330 3566 1490 3644; baseline -0.008 -13"><span class='ocrx_word' id='word_1_209' title='bbox 330 3573 515 3631; x_wconf 90' lang='lat' dir='ltr'><strong>Unica</strong></span> <span class='ocrx_word' id='word_1_210' title='bbox 545 3570 784 3629; x_wconf 79' lang='lat' dir='ltr'><strong>feminei</strong></span> <span class='ocrx_word' id='word_1_211' title='bbox 818 3587 993 3628; x_wconf 83' lang='lat' dir='ltr'><strong>sexus</strong></span> <span class='ocrx_word' id='word_1_212' title='bbox 1021 3569 1212 3644; x_wconf 90' lang='lat' dir='ltr'><strong>proles</strong></span> <span class='ocrx_word' id='word_1_213' title='bbox 1244 3569 1354 3624; x_wconf 86' lang='lat' dir='ltr'><strong>fuit</strong></span> <span class='ocrx_word' id='word_1_214' title='bbox 1382 3566 1490 3638; x_wconf 92' lang='lat' dir='ltr'><strong>illi,</strong></span> 
     </span>
    </p>
   </div>
   <div class='ocr_carea' id='block_1_35' title="bbox 328 3655 1718 3728">
    <p class='ocr_par' dir='ltr' id='par_1_35' title="bbox 328 3655 1718 3728">
     <span class='ocr_line' id='line_1_35' title="bbox 328 3655 1718 3728; baseline -0.007 -9"><span class='ocrx_word' id='word_1_215' title='bbox 328 3655 628 3719; x_wconf 74' lang='lat' dir='ltr'><strong>Nee-alius</strong></span> <span class='ocrx_word' id='word_1_216' title='bbox 659 3657 1062 3716; x_wconf 68' lang='lat' dir='ltr'><strong>substantiola:</strong></span> <span class='ocrx_word' id='word_1_217' title='bbox 1097 3658 1318 3714; x_wconf 86' lang='lat' dir='ltr'><strong>mansit</strong></span> <span class='ocrx_word' id='word_1_218' title='bbox 1349 3655 1462 3713; x_wconf 90' lang='lat' dir='ltr'><strong>sibi</strong></span> <span class='ocrx_word' id='word_1_219' title='bbox 1494 3672 1718 3728; x_wconf 74' lang='lat' dir='ltr'><strong>magum</strong></span> 
     </span>
    </p>
   </div>
   <div class='ocr_carea' id='block_1_36' title="bbox 328 3748 1616 3826">
    <p class='ocr_par' dir='ltr' id='par_1_36' title="bbox 328 3748 1616 3826">
     <span class='ocr_line' id='line_1_36' title="bbox 328 3748 1616 3826; baseline -0.005 -17"><span class='ocrx_word' id='word_1_220' title='bbox 328 3752 528 3826; x_wconf 83' lang='lat' dir='ltr'><strong>Heres,</strong></span> <span class='ocrx_word' id='word_1_221' title='bbox 562 3762 740 3824; x_wconf 88' lang='lat' dir='ltr'><strong>quam</strong></span> <span class='ocrx_word' id='word_1_222' title='bbox 774 3753 927 3806; x_wconf 86' lang='lat' dir='ltr'><strong>certe</strong></span> <span class='ocrx_word' id='word_1_223' title='bbox 957 3752 1156 3806; x_wconf 90' lang='lat' dir='ltr'><strong>tenero</strong></span> <span class='ocrx_word' id='word_1_224' title='bbox 1187 3748 1388 3804; x_wconf 81' lang='lat' dir='ltr'><strong>dilexit</strong></span> <span class='ocrx_word' id='word_1_225' title='bbox 1419 3763 1616 3804; x_wconf 88' lang='lat' dir='ltr'><strong>amore</strong></span> 
     </span>
    </p>
   </div>
   <div class='ocr_carea' id='block_1_37' title="bbox 305 3838 1621 3913">
    <p class='ocr_par' dir='ltr' id='par_1_37' title="bbox 305 3838 1621 3913">
     <span class='ocr_line' id='line_1_37' title="bbox 305 3838 1621 3913; baseline -0.007 -13"><span class='ocrx_word' id='word_1_226' title='bbox 305 3839 672 3913; x_wconf 52' lang='lat' dir='ltr'><strong>&#39;lktl‘ectuque</strong></span> <span class='ocrx_word' id='word_1_227' title='bbox 701 3838 818 3912; x_wconf 90' lang='lat' dir='ltr'><strong>pio,</strong></span> <span class='ocrx_word' id='word_1_228' title='bbox 853 3855 958 3894; x_wconf 88' lang='lat' dir='ltr'><strong>nec</strong></span> <span class='ocrx_word' id='word_1_229' title='bbox 986 3855 1102 3894; x_wconf 90' lang='lat' dir='ltr'><strong>non</strong></span> <span class='ocrx_word' id='word_1_230' title='bbox 1133 3839 1347 3911; x_wconf 86' lang='lat' dir='ltr'><strong>pietate</strong></span> <span class='ocrx_word' id='word_1_231' title='bbox 1379 3839 1621 3910; x_wconf 87' lang='lat' dir='ltr'><strong>paterna</strong></span> 
     </span>
    </p>
   </div>
   <div class='ocr_carea' id='block_1_38' title="bbox 329 3923 1986 4004">
    <p class='ocr_par' dir='ltr' id='par_1_38' title="bbox 329 3923 1986 4004">
     <span class='ocr_line' id='line_1_38' title="bbox 329 3923 1986 4004; baseline -0.005 -17"><span class='ocrx_word' id='word_1_232' title='bbox 329 3931 577 4003; x_wconf 89' lang='lat' dir='ltr'><strong>Optans,</strong></span> <span class='ocrx_word' id='word_1_233' title='bbox 608 3925 742 4004; x_wconf 88' lang='lat' dir='ltr'><strong>plus</strong></span> <span class='ocrx_word' id='word_1_234' title='bbox 775 3928 1035 3983; x_wconf 89' lang='lat' dir='ltr'><strong>animam</strong></span> <span class='ocrx_word' id='word_1_235' title='bbox 1069 3931 1238 3994; x_wconf 68' lang='lat' dir='ltr'><strong>natae,</strong></span> <span class='ocrx_word' id='word_1_236' title='bbox 1274 3943 1580 3998; x_wconf 86' lang='lat' dir='ltr'><strong>nunquam</strong></span> <span class='ocrx_word' id='word_1_237' title='bbox 1616 3923 1986 3992; x_wconf 90' lang='lat' dir='ltr'><strong>morituram,</strong></span> 
     </span>
    </p>
   </div>
   <div class='ocr_carea' id='block_1_39' title="bbox 329 4011 1522 4091">
    <p class='ocr_par' dir='ltr' id='par_1_39' title="bbox 329 4011 1522 4091">
     <span class='ocr_line' id='line_1_39' title="bbox 329 4011 1522 4091; baseline -0.006 -15"><span class='ocrx_word' id='word_1_238' title='bbox 329 4013 538 4077; x_wconf 76' lang='lat' dir='ltr'><strong>Orna&#39;ri</strong></span> <span class='ocrx_word' id='word_1_239' title='bbox 567 4011 821 4091; x_wconf 81' lang='lat' dir='ltr'><strong>gemmis</strong></span> <span class='ocrx_word' id='word_1_240' title='bbox 851 4017 1118 4090; x_wconf 80' lang='lat' dir='ltr'><strong>perfectae</strong></span> <span class='ocrx_word' id='word_1_241' title='bbox 1151 4015 1522 4086; x_wconf 84' lang='lat' dir='ltr'><strong>virginitatis,</strong></span> 
     </span>
    </p>
   </div>
   <div class='ocr_carea' id='block_1_40' title="bbox 329 4101 1921 4178">
    <p class='ocr_par' dir='ltr' id='par_1_40' title="bbox 329 4101 1921 4178">
     <span class='ocr_line' id='line_1_40' title="bbox 329 4101 1921 4178; baseline -0.004 -16"><span class='ocrx_word' id='word_1_242' title='bbox 329 4103 516 4175; x_wconf 66' lang='lat' dir='ltr'><strong>Quam</strong></span> <span class='ocrx_word' id='word_1_243' title='bbox 547 4101 761 4178; x_wconf 85' lang='lat' dir='ltr'><strong>corpus</strong></span> <span class='ocrx_word' id='word_1_244' title='bbox 790 4117 1008 4177; x_wconf 85' lang='lat' dir='ltr'><strong>pempa</strong></span> <span class='ocrx_word' id='word_1_245' title='bbox 1038 4103 1246 4159; x_wconf 91' lang='lat' dir='ltr'><strong>mundi</strong></span> <span class='ocrx_word' id='word_1_246' title='bbox 1279 4103 1524 4158; x_wconf 85' lang='lat' dir='ltr'><strong>mortale</strong></span> <span class='ocrx_word' id='word_1_247' title='bbox 1555 4103 1794 4160; x_wconf 89' lang='lat' dir='ltr'><strong>caduca.</strong></span> <span class='ocrx_word' id='word_1_248' title='bbox 1902 4131 1921 4144; x_wconf 87' lang='lat'><strong>-</strong></span> 
     </span>
    </p>
   </div>
   <div class='ocr_carea' id='block_1_41' title="bbox 325 4191 1513 4266">
    <p class='ocr_par' dir='ltr' id='par_1_41' title="bbox 325 4191 1513 4266">
     <span class='ocr_line' id='line_1_41' title="bbox 325 4191 1513 4266; baseline -0.007 -12"><span class='ocrx_word' id='word_1_249' title='bbox 325 4194 566 4254; x_wconf 66' lang='lat' dir='ltr'><strong>Duravit</strong></span> <span class='ocrx_word' id='word_1_250' title='bbox 595 4191 780 4250; x_wconf 76' lang='lat' dir='ltr'><strong>sacris</strong></span> <span class='ocrx_word' id='word_1_251' title='bbox 807 4193 999 4266; x_wconf 88' lang='lat' dir='ltr'><strong>ipsam</strong></span> <span class='ocrx_word' id='word_1_252' title='bbox 1031 4192 1252 4248; x_wconf 87' lang='lat' dir='ltr'><strong>sociare</strong></span> <span class='ocrx_word' id='word_1_253' title='bbox 1281 4191 1513 4264; x_wconf 86' lang='lat' dir='ltr'><strong>puellis,</strong></span> 
     </span>
    </p>
   </div>
   <div class='ocr_carea' id='block_1_42' title="bbox 329 4279 1676 4356">
    <p class='ocr_par' dir='ltr' id='par_1_42' title="bbox 329 4279 1676 4356">
     <span class='ocr_line' id='line_1_42' title="bbox 329 4279 1676 4356; baseline -0.006 -15"><span class='ocrx_word' id='word_1_254' title='bbox 329 4287 487 4354; x_wconf 63' lang='lat' dir='ltr'><strong>Qum,</strong></span> <span class='ocrx_word' id='word_1_255' title='bbox 521 4279 880 4356; x_wconf 66' lang='lat' dir='ltr'><strong>consignatae</strong></span> <span class='ocrx_word' id='word_1_256' title='bbox 912 4280 1143 4336; x_wconf 89' lang='lat' dir='ltr'><strong>Christo</strong></span> <span class='ocrx_word' id='word_1_257' title='bbox 1173 4279 1460 4336; x_wconf 75' lang='lat' dir='ltr'><strong>velamine</strong></span> <span class='ocrx_word' id='word_1_258' title='bbox 1489 4297 1676 4348; x_wconf 86' lang='lat' dir='ltr'><strong>sacro,</strong></span> 
     </span>
    </p>
   </div>
   <div class='ocr_carea' id='block_1_43' title="bbox 327 4365 1756 4444">
    <p class='ocr_par' dir='ltr' id='par_1_43' title="bbox 327 4365 1756 4444">
     <span class='ocr_line' id='line_1_43' title="bbox 327 4365 1756 4444; baseline -0.006 -12"><span class='ocrx_word' id='word_1_259' title='bbox 327 4370 588 4432; x_wconf 73' lang='lat' dir='ltr'><strong>Cmnobii</strong></span> <span class='ocrx_word' id='word_1_260' title='bbox 617 4365 893 4428; x_wconf 87' lang='lat' dir='ltr'><strong>claustris</strong></span> <span class='ocrx_word' id='word_1_261' title='bbox 926 4368 1144 4444; x_wconf 89' lang='lat' dir='ltr'><strong>pariter</strong></span> <span class='ocrx_word' id='word_1_262' title='bbox 1167 4373 1474 4426; x_wconf 86' lang='lat' dir='ltr'><strong>servantur</strong></span> <span class='ocrx_word' id='word_1_263' title='bbox 1504 4369 1561 4423; x_wconf 91' lang='lat' dir='ltr'><strong>in</strong></span> <span class='ocrx_word' id='word_1_264' title='bbox 1594 4367 1756 4436; x_wconf 82' lang='lat' dir='ltr'><strong>artis.</strong></span> 
     </span>
    </p>
   </div>
   <div class='ocr_carea' id='block_1_44' title="bbox 400 4455 1986 4531">
    <p class='ocr_par' dir='ltr' id='par_1_44' title="bbox 400 4455 1986 4531">
     <span class='ocr_line' id='line_1_44' title="bbox 400 4455 1986 4531; baseline -0.004 -10"><span class='ocrx_word' id='word_1_265' title='bbox 400 4459 614 4521; x_wconf 83' lang='lat' dir='ltr'><strong>Doctor</strong></span> <span class='ocrx_word' id='word_1_266' title='bbox 642 4455 1086 4528; x_wconf 33' lang='lat' dir='ltr'><strong>sedi‘swlerum,</strong></span> <span class='ocrx_word' id='word_1_267' title='bbox 1121 4459 1222 4531; x_wconf 88' lang='lat' dir='ltr'><strong>qui</strong></span> <span class='ocrx_word' id='word_1_268' title='bbox 1253 4458 1478 4531; x_wconf 88' lang='lat' dir='ltr'><strong>decepit</strong></span> <span class='ocrx_word' id='word_1_269' title='bbox 1533 4458 1986 4530; x_wconf 86' lang='lat' dir='ltr'><strong>protoplastum,</strong></span> 
     </span>
    </p>
   </div>
   <div class='ocr_carea' id='block_1_45' title="bbox 327 4547 1576 4625">
    <p class='ocr_par' dir='ltr' id='par_1_45' title="bbox 327 4547 1576 4625">
     <span class='ocr_line' id='line_1_45' title="bbox 327 4547 1576 4625; baseline -0.007 -15"><span class='ocrx_word' id='word_1_270' title='bbox 327 4548 682 4625; x_wconf 69' lang='lat' dir='ltr'><strong>Detestando</strong></span> <span class='ocrx_word' id='word_1_271' title='bbox 711 4549 820 4604; x_wconf 89' lang='lat' dir='ltr'><strong>viri</strong></span> <span class='ocrx_word' id='word_1_272' title='bbox 851 4555 1053 4606; x_wconf 90' lang='lat' dir='ltr'><strong>votum</strong></span> <span class='ocrx_word' id='word_1_273' title='bbox 1088 4547 1382 4604; x_wconf 86' lang='lat' dir='ltr'><strong>laudabile</strong></span> <span class='ocrx_word' id='word_1_274' title='bbox 1407 4547 1576 4618; x_wconf 86' lang='lat' dir='ltr'><strong>justi,</strong></span> 
     </span>
    </p>
   </div>
   <div class='ocr_carea' id='block_1_46' title="bbox 312 4636 1634 4715">
    <p class='ocr_par' dir='ltr' id='par_1_46' title="bbox 312 4636 1634 4715">
     <span class='ocr_line' id='line_1_46' title="bbox 312 4636 1634 4715; baseline -0.008 -17"><span class='ocrx_word' id='word_1_275' title='bbox 312 4636 520 4715; x_wconf 65' lang='lat' dir='ltr'><strong>ipsius</strong></span> <span class='ocrx_word' id='word_1_276' title='bbox 547 4636 850 4712; x_wconf 69' lang='lat' dir='ltr'><strong>proprium</strong></span> <span class='ocrx_word' id='word_1_277' title='bbox 884 4637 1021 4693; x_wconf 89' lang='lat' dir='ltr'><strong>fecit</strong></span> <span class='ocrx_word' id='word_1_278' title='bbox 1052 4637 1370 4692; x_wconf 88' lang='lat' dir='ltr'><strong>fervescere</strong></span> <span class='ocrx_word' id='word_1_279' title='bbox 1401 4651 1634 4691; x_wconf 88' lang='lat' dir='ltr'><strong>servum</strong></span> 
     </span>
    </p>
   </div>
   <div class='ocr_carea' id='block_1_47' title="bbox 296 4723 1630 4802">
    <p class='ocr_par' dir='ltr' id='par_1_47' title="bbox 296 4723 1630 4802">
     <span class='ocr_line' id='line_1_47' title="bbox 296 4723 1630 4802; baseline -0.007 -15"><span class='ocrx_word' id='word_1_280' title='bbox 296 4727 394 4786; x_wconf 62' lang='grc' dir='ltr'><strong>λιιι</strong></span> <span class='ocrx_word' id='word_1_281' title='bbox 429 4726 610 4802; x_wconf 73' lang='lat' dir='ltr'><strong>supra</strong></span> <span class='ocrx_word' id='word_1_282' title='bbox 640 4725 806 4784; x_wconf 76' lang='lat' dir='ltr'><strong>dictae</strong></span> <span class='ocrx_word' id='word_1_283' title='bbox 839 4726 1144 4782; x_wconf 84' lang='lat' dir='ltr'><strong>dementer</strong></span> <span class='ocrx_word' id='word_1_284' title='bbox 1174 4740 1371 4780; x_wconf 89' lang='lat' dir='ltr'><strong>amore</strong></span> <span class='ocrx_word' id='word_1_285' title='bbox 1402 4723 1630 4796; x_wconf 72' lang='lat' dir='ltr'><strong>puellae.</strong></span> 
     </span>
    </p>
   </div>
   <div class='ocr_carea' id='block_1_48' title="bbox 303 4813 1784 4888">
    <p class='ocr_par' dir='ltr' id='par_1_48' title="bbox 303 4813 1784 4888">
     <span class='ocr_line' id='line_1_48' title="bbox 303 4813 1784 4888; baseline -0.003 -13"><span class='ocrx_word' id='word_1_286' title='bbox 303 4819 439 4887; x_wconf 70' lang='lat' dir='ltr'><strong>Qui</strong></span> <span class='ocrx_word' id='word_1_287' title='bbox 470 4816 646 4873; x_wconf 82' lang='lat' dir='ltr'><strong>nimis</strong></span> <span class='ocrx_word' id='word_1_288' title='bbox 677 4815 898 4884; x_wconf 83' lang='lat' dir='ltr'><strong>infelix,</strong></span> <span class='ocrx_word' id='word_1_289' title='bbox 933 4813 1179 4888; x_wconf 89' lang='lat' dir='ltr'><strong>spiculis</strong></span> <span class='ocrx_word' id='word_1_290' title='bbox 1210 4813 1511 4887; x_wconf 80' lang='lat' dir='ltr'><strong>perfossus</strong></span> <span class='ocrx_word' id='word_1_291' title='bbox 1539 4815 1784 4882; x_wconf 89' lang='lat' dir='ltr'><strong>amoris,</strong></span> 
     </span>
    </p>
   </div>
   <div class='ocr_carea' id='block_1_49' title="bbox 329 4902 1834 4980">
    <p class='ocr_par' dir='ltr' id='par_1_49' title="bbox 329 4902 1834 4980">
     <span class='ocr_line' id='line_1_49' title="bbox 329 4902 1834 4980; baseline -0.002 -18"><span class='ocrx_word' id='word_1_292' title='bbox 329 4910 454 4974; x_wconf 90' lang='lat' dir='ltr'><strong>Quo</strong></span> <span class='ocrx_word' id='word_1_293' title='bbox 479 4905 672 4980; x_wconf 84' lang='lat' dir='ltr'><strong>magis</strong></span> <span class='ocrx_word' id='word_1_294' title='bbox 702 4904 976 4970; x_wconf 87' lang='lat' dir='ltr'><strong>ardescit,</strong></span> <span class='ocrx_word' id='word_1_295' title='bbox 1011 4907 1177 4959; x_wconf 87' lang='lat' dir='ltr'><strong>tanto</strong></span> <span class='ocrx_word' id='word_1_296' title='bbox 1208 4902 1344 4975; x_wconf 88' lang='lat' dir='ltr'><strong>plus</strong></span> <span class='ocrx_word' id='word_1_297' title='bbox 1375 4903 1546 4958; x_wconf 89' lang='lat' dir='ltr'><strong>corde</strong></span> <span class='ocrx_word' id='word_1_298' title='bbox 1576 4903 1834 4960; x_wconf 89' lang='lat' dir='ltr'><strong>calescit.</strong></span> 
     </span>
    </p>
   </div>
   <div class='ocr_carea' id='block_1_50' title="bbox 331 4990 1725 5067">
    <p class='ocr_par' dir='ltr' id='par_1_50' title="bbox 331 4990 1725 5067">
     <span class='ocr_line' id='line_1_50' title="bbox 331 4990 1725 5067; baseline -0.003 -15"><span class='ocrx_word' id='word_1_299' title='bbox 331 4993 650 5067; x_wconf 88' lang='lat' dir='ltr'><strong>Indignum</strong></span> <span class='ocrx_word' id='word_1_300' title='bbox 681 5009 744 5048; x_wconf 89' lang='lat' dir='ltr'><strong>se</strong></span> <span class='ocrx_word' id='word_1_301' title='bbox 773 4992 1048 5066; x_wconf 88' lang='lat' dir='ltr'><strong>eonjugio</strong></span> <span class='ocrx_word' id='word_1_302' title='bbox 1077 4990 1347 5047; x_wconf 89' lang='lat' dir='ltr'><strong>meminit</strong></span> <span class='ocrx_word' id='word_1_303' title='bbox 1375 4991 1516 5062; x_wconf 90' lang='lat' dir='ltr'><strong>quia</strong></span> <span class='ocrx_word' id='word_1_304' title='bbox 1539 4996 1725 5061; x_wconf 88' lang='lat' dir='ltr'><strong>tanto,</strong></span> 
     </span>
    </p>
   </div>
   <div class='ocr_carea' id='block_1_51' title="bbox 331 5081 1936 5142">
    <p class='ocr_par' dir='ltr' id='par_1_51' title="bbox 331 5081 1936 5142">
     <span class='ocr_line' id='line_1_51' title="bbox 331 5081 1936 5142; baseline -0.001 -1"><span class='ocrx_word' id='word_1_305' title='bbox 331 5085 480 5142; x_wconf 78' lang='grc'><strong>147</strong></span> <span class='ocrx_word' id='word_1_306' title='bbox 501 5083 634 5138; x_wconf 68' lang='grc' dir='ltr'><strong>⁷Νῑθθ</strong></span> <span class='ocrx_word' id='word_1_307' title='bbox 660 5082 838 5136; x_wconf 88' lang='lat' dir='ltr'><strong>audet</strong></span> <span class='ocrx_word' id='word_1_308' title='bbox 867 5081 1088 5137; x_wconf 86' lang='lat' dir='ltr'><strong>nudare</strong></span> <span class='ocrx_word' id='word_1_309' title='bbox 1119 5096 1333 5136; x_wconf 88' lang='lat' dir='ltr'><strong>novum</strong></span> <span class='ocrx_word' id='word_1_310' title='bbox 1366 5081 1559 5137; x_wconf 90' lang='lat' dir='ltr'><strong>cordis</strong></span> <span class='ocrx_word' id='word_1_311' title='bbox 1589 5083 1936 5142; x_wconf 88' lang='lat' dir='ltr'><strong>cruciatum.</strong></span> 
     </span>
    </p>
   </div>
   <div class='ocr_carea' id='block_1_52' title="bbox 331 5169 1989 5243">
    <p class='ocr_par' dir='ltr' id='par_1_52' title="bbox 331 5169 1989 5243">
     <span class='ocr_line' id='line_1_52' title="bbox 331 5169 1989 5243; baseline 0.001 -15"><span class='ocrx_word' id='word_1_312' title='bbox 331 5171 594 5229; x_wconf 82' lang='lat' dir='ltr'><strong>Tandem</strong></span> <span class='ocrx_word' id='word_1_313' title='bbox 627 5186 886 5241; x_wconf 86' lang='lat' dir='ltr'><strong>namque</strong></span> <span class='ocrx_word' id='word_1_314' title='bbox 907 5187 1145 5242; x_wconf 78' lang='lat' dir='ltr'><strong>magum</strong></span> <span class='ocrx_word' id='word_1_315' title='bbox 1171 5186 1440 5240; x_wconf 68' lang='lat' dir='ltr'><strong>quaerens</strong></span> <span class='ocrx_word' id='word_1_316' title='bbox 1461 5169 1760 5227; x_wconf 83' lang='lat' dir='ltr'><strong>invenerat</strong></span> <span class='ocrx_word' id='word_1_317' title='bbox 1781 5190 1989 5243; x_wconf 90' lang='lat' dir='ltr'><strong>unum,</strong></span> 
     </span>
    </p>
   </div>
   <div class='ocr_carea' id='block_1_53' title="bbox 331 5257 1722 5330">
    <p class='ocr_par' dir='ltr' id='par_1_53' title="bbox 331 5257 1722 5330">
     <span class='ocr_line' id='line_1_53' title="bbox 331 5257 1722 5330; baseline -0.002 -12"><span class='ocrx_word' id='word_1_318' title='bbox 331 5262 635 5318; x_wconf 84' lang='lat' dir='ltr'><strong>Secretum</strong></span> <span class='ocrx_word' id='word_1_319' title='bbox 667 5257 762 5314; x_wconf 92' lang='lat' dir='ltr'><strong>cui</strong></span> <span class='ocrx_word' id='word_1_320' title='bbox 793 5258 1082 5314; x_wconf 75' lang='lat' dir='ltr'><strong>mwstitize</strong></span> <span class='ocrx_word' id='word_1_321' title='bbox 1115 5259 1460 5313; x_wconf 75' lang='lat' dir='ltr'><strong>monstravit</strong></span> <span class='ocrx_word' id='word_1_322' title='bbox 1491 5277 1722 5330; x_wconf 68' lang='lat' dir='ltr'><strong>amarae,</strong></span> 
     </span>
    </p>
   </div>
   <div class='ocr_carea' id='block_1_54' title="bbox 333 5345 1565 5420">
    <p class='ocr_par' dir='ltr' id='par_1_54' title="bbox 333 5345 1565 5420">
     <span class='ocr_line' id='line_1_54' title="bbox 333 5345 1565 5420; baseline -0.003 -14"><span class='ocrx_word' id='word_1_323' title='bbox 333 5348 686 5406; x_wconf 87' lang='lat' dir='ltr'><strong>Promittens</strong></span> <span class='ocrx_word' id='word_1_324' title='bbox 717 5345 801 5402; x_wconf 90' lang='lat' dir='ltr'><strong>illi</strong></span> <span class='ocrx_word' id='word_1_325' title='bbox 833 5363 948 5402; x_wconf 91' lang='lat' dir='ltr'><strong>non</strong></span> <span class='ocrx_word' id='word_1_326' title='bbox 976 5349 1135 5420; x_wconf 87' lang='lat' dir='ltr'><strong>parvi</strong></span> <span class='ocrx_word' id='word_1_327' title='bbox 1167 5348 1321 5403; x_wconf 89' lang='lat' dir='ltr'><strong>dona</strong></span> <span class='ocrx_word' id='word_1_328' title='bbox 1349 5346 1565 5415; x_wconf 89' lang='lat' dir='ltr'><strong>lucelli,</strong></span> 
     </span>
    </p>
   </div>
   <div class='ocr_carea' id='block_1_55' title="bbox 332 5435 1719 5508">
    <p class='ocr_par' dir='ltr' id='par_1_55' title="bbox 332 5435 1719 5508">
     <span class='ocr_line' id='line_1_55' title="bbox 332 5435 1719 5508; baseline -0.003 -11"><span class='ocrx_word' id='word_1_329' title='bbox 332 5441 394 5497; x_wconf 90' lang='lat' dir='ltr'><strong>Si</strong></span> <span class='ocrx_word' id='word_1_330' title='bbox 425 5443 686 5495; x_wconf 88' lang='lat' dir='ltr'><strong>teneram</strong></span> <span class='ocrx_word' id='word_1_331' title='bbox 717 5435 898 5508; x_wconf 90' lang='lat' dir='ltr'><strong>prolis</strong></span> <span class='ocrx_word' id='word_1_332' title='bbox 930 5441 1185 5491; x_wconf 84' lang='lat' dir='ltr'><strong>mentem</strong></span> <span class='ocrx_word' id='word_1_333' title='bbox 1220 5436 1435 5508; x_wconf 87' lang='lat' dir='ltr'><strong>proprii</strong></span> <span class='ocrx_word' id='word_1_334' title='bbox 1471 5437 1719 5494; x_wconf 88' lang='lat' dir='ltr'><strong>senioris</strong></span> 
     </span>
    </p>
   </div>
   <div class='ocr_carea' id='block_1_56' title="bbox 329 5511 1707 5600">
    <p class='ocr_par' dir='ltr' id='par_1_56' title="bbox 329 5511 1707 5600">
     <span class='ocr_line' id='line_1_56' title="bbox 329 5511 1707 5600; baseline -0.004 -15"><span class='ocrx_word' id='word_1_335' title='bbox 329 5529 473 5600; x_wconf 87' lang='lat' dir='ltr'><strong>Ejus</strong></span> <span class='ocrx_word' id='word_1_336' title='bbox 503 5524 697 5583; x_wconf 89' lang='lat' dir='ltr'><strong>servili</strong></span> <span class='ocrx_word' id='word_1_337' title='bbox 721 5526 849 5597; x_wconf 90' lang='lat' dir='ltr'><strong>jam</strong></span> <span class='ocrx_word' id='word_1_338' title='bbox 877 5525 1346 5596; x_wconf 84' lang='lat' dir='ltr'><strong>conglutinasset</strong></span> <span class='ocrx_word' id='word_1_339' title='bbox 1377 5526 1582 5593; x_wconf 84' lang='lat' dir='ltr'><strong>amori,</strong></span> <span class='ocrx_word' id='word_1_340' title='bbox 1700 5511 1707 5519; x_wconf 61' lang='grc'><strong>’</strong></span> 
     </span>
    </p>
   </div>
   <div class='ocr_carea' id='block_1_57' title="bbox 328 5613 1737 5688">
    <p class='ocr_par' dir='ltr' id='par_1_57' title="bbox 328 5613 1737 5688">
     <span class='ocr_line' id='line_1_57' title="bbox 328 5613 1737 5688; baseline -0.003 -15"><span class='ocrx_word' id='word_1_341' title='bbox 328 5616 436 5674; x_wconf 81' lang='lat' dir='ltr'><strong>Cui</strong></span> <span class='ocrx_word' id='word_1_342' title='bbox 468 5633 604 5672; x_wconf 82' lang='lat' dir='ltr'><strong>mox</strong></span> <span class='ocrx_word' id='word_1_343' title='bbox 630 5631 939 5688; x_wconf 85' lang='lat' dir='ltr'><strong>pervorsus</strong></span> <span class='ocrx_word' id='word_1_344' title='bbox 973 5613 1195 5668; x_wconf 86' lang='lat' dir='ltr'><strong>fraudis</strong></span> <span class='ocrx_word' id='word_1_345' title='bbox 1227 5613 1460 5669; x_wconf 68' lang='lat' dir='ltr'><strong>dicebat</strong></span> <span class='ocrx_word' id='word_1_346' title='bbox 1490 5616 1737 5671; x_wconf 85' lang='lat' dir='ltr'><strong>amicus.</strong></span> 
     </span>
    </p>
   </div>
   <div class='ocr_carea' id='block_1_58' title="bbox 327 5702 1730 5774">
    <p class='ocr_par' dir='ltr' id='par_1_58' title="bbox 327 5702 1730 5774">
     <span class='ocr_line' id='line_1_58' title="bbox 327 5702 1730 5774; baseline -0.005 -10"><span class='ocrx_word' id='word_1_347' title='bbox 327 5705 477 5764; x_wconf 78' lang='lat' dir='ltr'><strong>Nam</strong></span> <span class='ocrx_word' id='word_1_348' title='bbox 509 5705 693 5762; x_wconf 88' lang='lat' dir='ltr'><strong>fateor</strong></span> <span class='ocrx_word' id='word_1_349' title='bbox 723 5707 896 5761; x_wconf 70' lang='lat' dir='ltr'><strong>tanta:</strong></span> <span class='ocrx_word' id='word_1_350' title='bbox 931 5719 1044 5760; x_wconf 92' lang='lat' dir='ltr'><strong>non</strong></span> <span class='ocrx_word' id='word_1_351' title='bbox 1078 5718 1170 5758; x_wconf 92' lang='lat' dir='ltr'><strong>me</strong></span> <span class='ocrx_word' id='word_1_352' title='bbox 1197 5702 1548 5759; x_wconf 78' lang='lat' dir='ltr'><strong>valetudinis</strong></span> <span class='ocrx_word' id='word_1_353' title='bbox 1582 5721 1730 5774; x_wconf 71' lang='lat' dir='ltr'><strong>esse,</strong></span> 
     </span>
    </p>
   </div>
   <div class='ocr_carea' id='block_1_59' title="bbox 2020 3029 3535 3109">
    <p class='ocr_par' dir='ltr' id='par_1_59' title="bbox 2020 3029 3535 3109">
     <span class='ocr_line' id='line_1_59' title="bbox 2020 3029 3535 3109; baseline 0.009 -24"><span class='ocrx_word' id='word_1_354' title='bbox 2020 3032 2069 3098; x_wconf 88' lang='grc' dir='ltr'><strong>Β</strong></span> <span class='ocrx_word' id='word_1_355' title='bbox 2107 3029 2178 3086; x_wconf 91' lang='lat' dir='ltr'><strong>Ut</strong></span> <span class='ocrx_word' id='word_1_356' title='bbox 2207 3047 2369 3087; x_wconf 89' lang='lat' dir='ltr'><strong>servo</strong></span> <span class='ocrx_word' id='word_1_357' title='bbox 2401 3033 2648 3106; x_wconf 75' lang='lat' dir='ltr'><strong>preprize</strong></span> <span class='ocrx_word' id='word_1_358' title='bbox 2668 3035 2920 3109; x_wconf 85' lang='lat' dir='ltr'><strong>jungam</strong></span> <span class='ocrx_word' id='word_1_359' title='bbox 2954 3038 3250 3095; x_wconf 90' lang='lat' dir='ltr'><strong>consortia</strong></span> <span class='ocrx_word' id='word_1_360' title='bbox 3279 3041 3535 3100; x_wconf 73' lang='lat' dir='ltr'><strong>domum.</strong></span> 
     </span>
    </p>
   </div>
   <div class='ocr_carea' id='block_1_60' title="bbox 2104 3120 3436 3201">
    <p class='ocr_par' dir='ltr' id='par_1_60' title="bbox 2104 3120 3436 3201">
     <span class='ocr_line' id='line_1_60' title="bbox 2104 3120 3436 3201; baseline 0.01 -27"><span class='ocrx_word' id='word_1_361' title='bbox 2104 3121 2236 3186; x_wconf 90' lang='lat' dir='ltr'><strong>Sed,</strong></span> <span class='ocrx_word' id='word_1_362' title='bbox 2269 3121 2316 3174; x_wconf 91' lang='lat' dir='ltr'><strong>si</strong></span> <span class='ocrx_word' id='word_1_363' title='bbox 2347 3120 2452 3176; x_wconf 89' lang='lat' dir='ltr'><strong>rite</strong></span> <span class='ocrx_word' id='word_1_364' title='bbox 2483 3139 2610 3177; x_wconf 90' lang='lat' dir='ltr'><strong>meo</strong></span> <span class='ocrx_word' id='word_1_365' title='bbox 2643 3123 2862 3196; x_wconf 85' lang='lat' dir='ltr'><strong>satagis</strong></span> <span class='ocrx_word' id='word_1_366' title='bbox 2890 3142 3096 3196; x_wconf 90' lang='lat' dir='ltr'><strong>parere</strong></span> <span class='ocrx_word' id='word_1_367' title='bbox 3128 3130 3436 3201; x_wconf 86' lang='lat' dir='ltr'><strong>magistro,</strong></span> 
     </span>
    </p>
   </div>
   <div class='ocr_carea' id='block_1_61' title="bbox 2103 3208 3604 3292">
    <p class='ocr_par' dir='ltr' id='par_1_61' title="bbox 2103 3208 3604 3292">
     <span class='ocr_line' id='line_1_61' title="bbox 2103 3208 3604 3292; baseline 0.012 -30"><span class='ocrx_word' id='word_1_368' title='bbox 2103 3208 2209 3274; x_wconf 91' lang='lat' dir='ltr'><strong>Qui</strong></span> <span class='ocrx_word' id='word_1_369' title='bbox 2242 3208 2515 3282; x_wconf 80' lang='lat' dir='ltr'><strong>princeps</strong></span> <span class='ocrx_word' id='word_1_370' title='bbox 2545 3215 2896 3268; x_wconf 80' lang='lat' dir='ltr'><strong>aeternarum</strong></span> <span class='ocrx_word' id='word_1_371' title='bbox 2928 3219 3160 3270; x_wconf 88' lang='lat' dir='ltr'><strong>constat</strong></span> <span class='ocrx_word' id='word_1_372' title='bbox 3190 3219 3604 3292; x_wconf 88' lang='lat' dir='ltr'><strong>tenebrarum,</strong></span> 
     </span>
    </p>
   </div>
   <div class='ocr_carea' id='block_1_62' title="bbox 2103 3297 3514 3379">
    <p class='ocr_par' dir='ltr' id='par_1_62' title="bbox 2103 3297 3514 3379">
     <span class='ocr_line' id='line_1_62' title="bbox 2103 3297 3514 3379; baseline 0.009 -27"><span class='ocrx_word' id='word_1_373' title='bbox 2103 3297 2232 3370; x_wconf 90' lang='lat' dir='ltr'><strong>Ipse</strong></span> <span class='ocrx_word' id='word_1_374' title='bbox 2262 3301 2454 3370; x_wconf 88' lang='lat' dir='ltr'><strong>potest</strong></span> <span class='ocrx_word' id='word_1_375' title='bbox 2484 3303 2638 3355; x_wconf 90' lang='lat' dir='ltr'><strong>certe</strong></span> <span class='ocrx_word' id='word_1_376' title='bbox 2669 3301 2961 3373; x_wconf 88' lang='lat' dir='ltr'><strong>complere</strong></span> <span class='ocrx_word' id='word_1_377' title='bbox 2992 3306 3162 3359; x_wconf 90' lang='lat' dir='ltr'><strong>tuum</strong></span> <span class='ocrx_word' id='word_1_378' title='bbox 3197 3305 3310 3362; x_wconf 91' lang='lat' dir='ltr'><strong>cito</strong></span> <span class='ocrx_word' id='word_1_379' title='bbox 3340 3307 3514 3379; x_wconf 88' lang='lat' dir='ltr'><strong>velle,</strong></span> 
     </span>
    </p>
   </div>
   <div class='ocr_carea' id='block_1_63' title="bbox 2102 3385 3568 3459">
    <p class='ocr_par' dir='ltr' id='par_1_63' title="bbox 2102 3385 3568 3459">
     <span class='ocr_line' id='line_1_63' title="bbox 2102 3385 3568 3459; baseline 0.009 -17"><span class='ocrx_word' id='word_1_380' title='bbox 2102 3386 2162 3442; x_wconf 89' lang='lat' dir='ltr'><strong>Si</strong></span> <span class='ocrx_word' id='word_1_381' title='bbox 2195 3390 2327 3459; x_wconf 88' lang='lat' dir='ltr'><strong>post</strong></span> <span class='ocrx_word' id='word_1_382' title='bbox 2352 3385 2476 3442; x_wconf 71' lang='lat' dir='ltr'><strong>haze</strong></span> <span class='ocrx_word' id='word_1_383' title='bbox 2506 3387 2721 3442; x_wconf 88' lang='lat' dir='ltr'><strong>Christi</strong></span> <span class='ocrx_word' id='word_1_384' title='bbox 2757 3407 2973 3446; x_wconf 88' lang='lat' dir='ltr'><strong>numen</strong></span> <span class='ocrx_word' id='word_1_385' title='bbox 3009 3408 3123 3446; x_wconf 91' lang='lat' dir='ltr'><strong>non</strong></span> <span class='ocrx_word' id='word_1_386' title='bbox 3153 3391 3242 3448; x_wconf 87' lang='lat' dir='ltr'><strong>vis</strong></span> <span class='ocrx_word' id='word_1_387' title='bbox 3273 3399 3568 3455; x_wconf 87' lang='lat' dir='ltr'><strong>venerari.</strong></span> 
     </span>
    </p>
   </div>
   <div class='ocr_carea' id='block_1_64' title="bbox 2101 3475 3517 3544">
    <p class='ocr_par' dir='ltr' id='par_1_64' title="bbox 2101 3475 3517 3544">
     <span class='ocr_line' id='line_1_64' title="bbox 2101 3475 3517 3544; baseline 0.008 -12"><span class='ocrx_word' id='word_1_388' title='bbox 2101 3475 2203 3532; x_wconf 92' lang='lat' dir='ltr'><strong>Cui</strong></span> <span class='ocrx_word' id='word_1_389' title='bbox 2236 3475 2388 3531; x_wconf 89' lang='lat' dir='ltr'><strong>male</strong></span> <span class='ocrx_word' id='word_1_390' title='bbox 2417 3481 2664 3533; x_wconf 71' lang='lat' dir='ltr'><strong>emeatus</strong></span> <span class='ocrx_word' id='word_1_391' title='bbox 2696 3477 3003 3534; x_wconf 84' lang='lat' dir='ltr'><strong>bacchanti</strong></span> <span class='ocrx_word' id='word_1_392' title='bbox 3037 3482 3210 3536; x_wconf 91' lang='lat' dir='ltr'><strong>corde</strong></span> <span class='ocrx_word' id='word_1_393' title='bbox 3242 3483 3517 3544; x_wconf 89' lang='lat' dir='ltr'><strong>misellus</strong></span> 
     </span>
    </p>
   </div>
   <div class='ocr_carea' id='block_1_65' title="bbox 2101 3566 3458 3641">
    <p class='ocr_par' dir='ltr' id='par_1_65' title="bbox 2101 3566 3458 3641">
     <span class='ocr_line' id='line_1_65' title="bbox 2101 3566 3458 3641; baseline 0.007 -20"><span class='ocrx_word' id='word_1_394' title='bbox 2101 3566 2174 3621; x_wconf 91' lang='lat' dir='ltr'><strong>Se</strong></span> <span class='ocrx_word' id='word_1_395' title='bbox 2205 3582 2630 3622; x_wconf 90' lang='lat' dir='ltr'><strong>consensurum</strong></span> <span class='ocrx_word' id='word_1_396' title='bbox 2661 3567 2900 3623; x_wconf 88' lang='lat' dir='ltr'><strong>monitis</strong></span> <span class='ocrx_word' id='word_1_397' title='bbox 2921 3570 3276 3641; x_wconf 87' lang='lat' dir='ltr'><strong>promiserat</strong></span> <span class='ocrx_word' id='word_1_398' title='bbox 3305 3573 3458 3630; x_wconf 87' lang='lat' dir='ltr'><strong>istis.</strong></span> 
     </span>
    </p>
   </div>
   <div class='ocr_carea' id='block_1_66' title="bbox 2101 3655 3746 3728">
    <p class='ocr_par' dir='ltr' id='par_1_66' title="bbox 2101 3655 3746 3728">
     <span class='ocr_line' id='line_1_66' title="bbox 2101 3655 3746 3728; baseline 0.007 -17"><span class='ocrx_word' id='word_1_399' title='bbox 2101 3657 2267 3712; x_wconf 88' lang='lat' dir='ltr'><strong>Tune</strong></span> <span class='ocrx_word' id='word_1_400' title='bbox 2300 3672 2510 3728; x_wconf 86' lang='lat' dir='ltr'><strong>magus</strong></span> <span class='ocrx_word' id='word_1_401' title='bbox 2543 3655 2652 3711; x_wconf 88' lang='lat' dir='ltr'><strong>iste</strong></span> <span class='ocrx_word' id='word_1_402' title='bbox 2684 3673 2790 3712; x_wconf 91' lang='lat' dir='ltr'><strong>suo</strong></span> <span class='ocrx_word' id='word_1_403' title='bbox 2839 3659 3082 3714; x_wconf 88' lang='lat' dir='ltr'><strong>mandat</strong></span> <span class='ocrx_word' id='word_1_404' title='bbox 3129 3660 3439 3720; x_wconf 89' lang='lat' dir='ltr'><strong>scribenda</strong></span> <span class='ocrx_word' id='word_1_405' title='bbox 3490 3667 3746 3723; x_wconf 76' lang='lat' dir='ltr'><strong>ministro</strong></span> 
     </span>
    </p>
   </div>
   <div class='ocr_carea' id='block_1_67' title="bbox 2101 3743 3521 3823">
    <p class='ocr_par' dir='ltr' id='par_1_67' title="bbox 2101 3743 3521 3823">
     <span class='ocr_line' id='line_1_67' title="bbox 2101 3743 3521 3823; baseline 0.006 -23"><span class='ocrx_word' id='word_1_406' title='bbox 2101 3745 2376 3816; x_wconf 87' lang='lat' dir='ltr'><strong>Princeps</strong></span> <span class='ocrx_word' id='word_1_407' title='bbox 2407 3743 2638 3813; x_wconf 88' lang='lat' dir='ltr'><strong>inferni,</strong></span> <span class='ocrx_word' id='word_1_408' title='bbox 2671 3749 2944 3816; x_wconf 76' lang='lat' dir='ltr'><strong>regnator</strong></span> <span class='ocrx_word' id='word_1_409' title='bbox 2973 3763 3183 3821; x_wconf 83' lang='lat' dir='ltr'><strong>magne</strong></span> <span class='ocrx_word' id='word_1_410' title='bbox 3213 3751 3521 3823; x_wconf 90' lang='lat' dir='ltr'><strong>profundi,</strong></span> 
     </span>
    </p>
   </div>
   <div class='ocr_carea' id='block_1_68' title="bbox 2101 3833 3570 3911">
    <p class='ocr_par' dir='ltr' id='par_1_68' title="bbox 2101 3833 3570 3911">
     <span class='ocr_line' id='line_1_68' title="bbox 2101 3833 3570 3911; baseline 0.009 -23"><span class='ocrx_word' id='word_1_411' title='bbox 2101 3833 2362 3889; x_wconf 84' lang='lat' dir='ltr'><strong>Concede</strong></span> <span class='ocrx_word' id='word_1_412' title='bbox 2392 3850 2528 3906; x_wconf 87' lang='lat' dir='ltr'><strong>ergo</strong></span> <span class='ocrx_word' id='word_1_413' title='bbox 2561 3837 2694 3889; x_wconf 90' lang='lat' dir='ltr'><strong>tuos</strong></span> <span class='ocrx_word' id='word_1_414' title='bbox 2727 3851 2960 3906; x_wconf 87' lang='lat' dir='ltr'><strong>semper</strong></span> <span class='ocrx_word' id='word_1_415' title='bbox 2987 3839 3211 3893; x_wconf 90' lang='lat' dir='ltr'><strong>tentare</strong></span> <span class='ocrx_word' id='word_1_416' title='bbox 3243 3839 3570 3911; x_wconf 87' lang='lat' dir='ltr'><strong>ministros,</strong></span> 
     </span>
    </p>
   </div>
   <div class='ocr_carea' id='block_1_69' title="bbox 2100 3921 3510 4000">
    <p class='ocr_par' dir='ltr' id='par_1_69' title="bbox 2100 3921 3510 4000">
     <span class='ocr_line' id='line_1_69' title="bbox 2100 3921 3510 4000; baseline 0.006 -21"><span class='ocrx_word' id='word_1_417' title='bbox 2100 3922 2160 3979; x_wconf 92' lang='lat' dir='ltr'><strong>Si</strong></span> <span class='ocrx_word' id='word_1_418' title='bbox 2191 3921 2422 3994; x_wconf 89' lang='lat' dir='ltr'><strong>possint</strong></span> <span class='ocrx_word' id='word_1_419' title='bbox 2451 3921 2703 3994; x_wconf 87' lang='lat' dir='ltr'><strong>aliquos,</strong></span> <span class='ocrx_word' id='word_1_420' title='bbox 2737 3923 2914 3980; x_wconf 88' lang='lat' dir='ltr'><strong>fontis</strong></span> <span class='ocrx_word' id='word_1_421' title='bbox 2947 3925 3304 3998; x_wconf 86' lang='lat' dir='ltr'><strong>baptismate</strong></span> <span class='ocrx_word' id='word_1_422' title='bbox 3334 3928 3510 4000; x_wconf 87' lang='lat' dir='ltr'><strong>lotos,</strong></span> 
     </span>
    </p>
   </div>
   <div class='ocr_carea' id='block_1_70' title="bbox 2098 4010 3510 4088">
    <p class='ocr_par' dir='ltr' id='par_1_70' title="bbox 2098 4010 3510 4088">
     <span class='ocr_line' id='line_1_70' title="bbox 2098 4010 3510 4088; baseline 0.008 -22"><span class='ocrx_word' id='word_1_423' title='bbox 2098 4011 2413 4084; x_wconf 86' lang='lat' dir='ltr'><strong>Assignare</strong></span> <span class='ocrx_word' id='word_1_424' title='bbox 2445 4010 2569 4080; x_wconf 89' lang='lat' dir='ltr'><strong>tibi,</strong></span> <span class='ocrx_word' id='word_1_425' title='bbox 2605 4013 2938 4070; x_wconf 89' lang='lat' dir='ltr'><strong>subtractos</strong></span> <span class='ocrx_word' id='word_1_426' title='bbox 2963 4015 3034 4070; x_wconf 92' lang='lat' dir='ltr'><strong>de</strong></span> <span class='ocrx_word' id='word_1_427' title='bbox 3063 4031 3237 4088; x_wconf 86' lang='lat' dir='ltr'><strong>grege</strong></span> <span class='ocrx_word' id='word_1_428' title='bbox 3269 4017 3510 4088; x_wconf 88' lang='lat' dir='ltr'><strong>Christi,</strong></span> 
     </span>
    </p>
   </div>
   <div class='ocr_carea' id='block_1_71' title="bbox 2075 4101 3669 4180">
    <p class='ocr_par' dir='ltr' id='par_1_71' title="bbox 2075 4101 3669 4180">
     <span class='ocr_line' id='line_1_71' title="bbox 2075 4101 3669 4180; baseline 0.005 -24"><span class='ocrx_word' id='word_1_429' title='bbox 2075 4101 2195 4166; x_wconf 22' lang='lat' dir='ltr'><strong>,Ut,</strong></span> <span class='ocrx_word' id='word_1_430' title='bbox 2229 4117 2356 4173; x_wconf 77' lang='lat' dir='ltr'><strong>quae</strong></span> <span class='ocrx_word' id='word_1_431' title='bbox 2387 4104 2443 4155; x_wconf 89' lang='lat' dir='ltr'><strong>te</strong></span> <span class='ocrx_word' id='word_1_432' title='bbox 2473 4101 2759 4172; x_wconf 87' lang='lat' dir='ltr'><strong>sequitur,</strong></span> <span class='ocrx_word' id='word_1_433' title='bbox 2795 4118 3030 4176; x_wconf 90' lang='lat' dir='ltr'><strong>semper</strong></span> <span class='ocrx_word' id='word_1_434' title='bbox 3057 4120 3196 4176; x_wconf 87' lang='lat' dir='ltr'><strong>pars</strong></span> <span class='ocrx_word' id='word_1_435' title='bbox 3226 4105 3669 4180; x_wconf 86' lang='lat' dir='ltr'><strong>multiplicetur.</strong></span> 
     </span>
    </p>
   </div>
   <div class='ocr_carea' id='block_1_72' title="bbox 2103 4189 3740 4267">
    <p class='ocr_par' dir='ltr' id='par_1_72' title="bbox 2103 4189 3740 4267">
     <span class='ocr_line' id='line_1_72' title="bbox 2103 4189 3740 4267; baseline 0.007 -23"><span class='ocrx_word' id='word_1_436' title='bbox 2103 4191 2246 4245; x_wconf 91' lang='lat' dir='ltr'><strong>lline</strong></span> <span class='ocrx_word' id='word_1_437' title='bbox 2277 4189 2382 4246; x_wconf 90' lang='lat' dir='ltr'><strong>tibi</strong></span> <span class='ocrx_word' id='word_1_438' title='bbox 2416 4205 2671 4261; x_wconf 89' lang='lat' dir='ltr'><strong>namque</strong></span> <span class='ocrx_word' id='word_1_439' title='bbox 2700 4189 2891 4246; x_wconf 87' lang='lat' dir='ltr'><strong>virum</strong></span> <span class='ocrx_word' id='word_1_440' title='bbox 2924 4191 3060 4247; x_wconf 91' lang='lat' dir='ltr'><strong>misi</strong></span> <span class='ocrx_word' id='word_1_441' title='bbox 3090 4195 3356 4267; x_wconf 86' lang='lat' dir='ltr'><strong>gaudens</strong></span> <span class='ocrx_word' id='word_1_442' title='bbox 3378 4198 3527 4256; x_wconf 87' lang='lat' dir='ltr'><strong>satis</strong></span> <span class='ocrx_word' id='word_1_443' title='bbox 3555 4198 3740 4264; x_wconf 85' lang='lat' dir='ltr'><strong>istum,</strong></span> 
     </span>
    </p>
   </div>
   <div class='ocr_carea' id='block_1_73' title="bbox 2099 4279 3740 4356">
    <p class='ocr_par' dir='ltr' id='par_1_73' title="bbox 2099 4279 3740 4356">
     <span class='ocr_line' id='line_1_73' title="bbox 2099 4279 3740 4356; baseline 0.005 -23"><span class='ocrx_word' id='word_1_444' title='bbox 2099 4281 2242 4352; x_wconf 86' lang='lat' dir='ltr'><strong>Ejus</strong></span> <span class='ocrx_word' id='word_1_445' title='bbox 2273 4279 2662 4351; x_wconf 84' lang='lat' dir='ltr'><strong>propositum,</strong></span> <span class='ocrx_word' id='word_1_446' title='bbox 2693 4297 2830 4352; x_wconf 87' lang='lat' dir='ltr'><strong>quo,</strong></span> <span class='ocrx_word' id='word_1_447' title='bbox 2865 4297 3000 4337; x_wconf 85' lang='lat' dir='ltr'><strong>mox</strong></span> <span class='ocrx_word' id='word_1_448' title='bbox 3051 4283 3396 4356; x_wconf 90' lang='lat' dir='ltr'><strong>complendo</strong></span> <span class='ocrx_word' id='word_1_449' title='bbox 3446 4292 3740 4350; x_wconf 87' lang='lat' dir='ltr'><strong>secretum,</strong></span> 
     </span>
    </p>
   </div>
   <div class='ocr_carea' id='block_1_74' title="bbox 2103 4367 3738 4448">
    <p class='ocr_par' dir='ltr' id='par_1_74' title="bbox 2103 4367 3738 4448">
     <span class='ocr_line' id='line_1_74' title="bbox 2103 4367 3738 4448; baseline 0.004 -23"><span class='ocrx_word' id='word_1_450' title='bbox 2103 4369 2302 4441; x_wconf 89' lang='lat' dir='ltr'><strong>Ipsum</strong></span> <span class='ocrx_word' id='word_1_451' title='bbox 2333 4367 2692 4439; x_wconf 87' lang='lat' dir='ltr'><strong>discipulum</strong></span> <span class='ocrx_word' id='word_1_452' title='bbox 2725 4367 2904 4423; x_wconf 85' lang='lat' dir='ltr'><strong>facias</strong></span> <span class='ocrx_word' id='word_1_453' title='bbox 2937 4369 3043 4424; x_wconf 91' lang='lat' dir='ltr'><strong>tibi</strong></span> <span class='ocrx_word' id='word_1_454' title='bbox 3072 4370 3180 4426; x_wconf 87' lang='lat' dir='ltr'><strong>rite</strong></span> <span class='ocrx_word' id='word_1_455' title='bbox 3213 4371 3502 4430; x_wconf 88' lang='lat' dir='ltr'><strong>futurum.</strong></span> <span class='ocrx_word' id='word_1_456' title='bbox 3588 4373 3738 4448; x_wconf 85' lang='lat' dir='ltr'><strong>[tam,</strong></span> 
     </span>
    </p>
   </div>
   <div class='ocr_carea' id='block_1_75' title="bbox 2101 4455 3741 4540">
    <p class='ocr_par' dir='ltr' id='par_1_75' title="bbox 2101 4455 3741 4540">
     <span class='ocr_line' id='line_1_75' title="bbox 2101 4455 3741 4540; baseline 0 -25"><span class='ocrx_word' id='word_1_457' title='bbox 2101 4459 2280 4525; x_wconf 81' lang='lat' dir='ltr'><strong>lianc,</strong></span> <span class='ocrx_word' id='word_1_458' title='bbox 2299 4456 2380 4513; x_wconf 88' lang='lat' dir='ltr'><strong>ita</strong></span> <span class='ocrx_word' id='word_1_459' title='bbox 2408 4455 3044 4529; x_wconf 89' lang='lat' dir='ltr'><strong>prescriptam,misero</strong></span> <span class='ocrx_word' id='word_1_460' title='bbox 3075 4459 3314 4515; x_wconf 85' lang='lat' dir='ltr'><strong>dederat</strong></span> <span class='ocrx_word' id='word_1_461' title='bbox 3343 4479 3577 4540; x_wconf 82' lang='lat' dir='ltr'><strong>quoque</strong></span> <span class='ocrx_word' id='word_1_462' title='bbox 3597 4462 3741 4519; x_wconf 85' lang='lat' dir='ltr'><strong>char-</strong></span> 
     </span>
    </p>
   </div>
   <div class='ocr_carea' id='block_1_76' title="bbox 2099 4544 3583 4622">
    <p class='ocr_par' dir='ltr' id='par_1_76' title="bbox 2099 4544 3583 4622">
     <span class='ocr_line' id='line_1_76' title="bbox 2099 4544 3583 4622; baseline 0.001 -18"><span class='ocrx_word' id='word_1_463' title='bbox 2099 4549 2291 4620; x_wconf 83' lang='lat' dir='ltr'><strong>Supra</strong></span> <span class='ocrx_word' id='word_1_464' title='bbox 2319 4545 2556 4618; x_wconf 84' lang='lat' dir='ltr'><strong>gentilis</strong></span> <span class='ocrx_word' id='word_1_465' title='bbox 2589 4544 2907 4614; x_wconf 87' lang='lat' dir='ltr'><strong>tumulum,</strong></span> <span class='ocrx_word' id='word_1_466' title='bbox 2942 4548 3052 4604; x_wconf 90' lang='lat' dir='ltr'><strong>sub</strong></span> <span class='ocrx_word' id='word_1_467' title='bbox 3085 4551 3347 4620; x_wconf 86' lang='lat' dir='ltr'><strong>tempore</strong></span> <span class='ocrx_word' id='word_1_468' title='bbox 3377 4553 3583 4622; x_wconf 85' lang='lat' dir='ltr'><strong>noctis,</strong></span> 
     </span>
    </p>
   </div>
   <div class='ocr_carea' id='block_1_77' title="bbox 2099 4629 3733 4708">
    <p class='ocr_par' dir='ltr' id='par_1_77' title="bbox 2099 4629 3733 4708">
     <span class='ocr_line' id='line_1_77' title="bbox 2099 4629 3733 4708; baseline 0 -16"><span class='ocrx_word' id='word_1_469' title='bbox 2099 4629 2293 4701; x_wconf 78' lang='lat' dir='ltr'><strong>Stans,</strong></span> <span class='ocrx_word' id='word_1_470' title='bbox 2327 4633 2484 4689; x_wconf 90' lang='lat' dir='ltr'><strong>erebi</strong></span> <span class='ocrx_word' id='word_1_471' title='bbox 2530 4633 2768 4690; x_wconf 87' lang='lat' dir='ltr'><strong>domino</strong></span> <span class='ocrx_word' id='word_1_472' title='bbox 2809 4634 3076 4708; x_wconf 80' lang='lat' dir='ltr'><strong>supplex,</strong></span> <span class='ocrx_word' id='word_1_473' title='bbox 3112 4637 3334 4706; x_wconf 88' lang='lat' dir='ltr'><strong>dicens,</strong></span> <span class='ocrx_word' id='word_1_474' title='bbox 3367 4639 3539 4698; x_wconf 85' lang='lat' dir='ltr'><strong>dabis</strong></span> <span class='ocrx_word' id='word_1_475' title='bbox 3571 4638 3733 4708; x_wconf 71' lang='lat' dir='ltr'><strong>illam.</strong></span> 
     </span>
    </p>
   </div>
   <div class='ocr_carea' id='block_1_78' title="bbox 2100 4707 3665 4798">
    <p class='ocr_par' dir='ltr' id='par_1_78' title="bbox 2100 4707 3665 4798">
     <span class='ocr_line' id='line_1_78' title="bbox 2100 4707 3665 4798; baseline 0.006 -20"><span class='ocrx_word' id='word_1_476' title='bbox 2100 4728 2484 4797; x_wconf 88' lang='lat' dir='ltr'><strong>Quapropter,</strong></span> <span class='ocrx_word' id='word_1_477' title='bbox 2519 4723 2740 4778; x_wconf 90' lang='lat' dir='ltr'><strong>domini</strong></span> <span class='ocrx_word' id='word_1_478' title='bbox 2776 4707 2941 4779; x_wconf 44' lang='lat' dir='ltr'><strong>natat</strong></span> <span class='ocrx_word' id='word_1_479' title='bbox 2959 4725 3363 4798; x_wconf 78' lang='lat' dir='ltr'><strong>complexibus</strong></span> <span class='ocrx_word' id='word_1_480' title='bbox 3395 4729 3480 4789; x_wconf 85' lang='lat' dir='ltr'><strong>uti</strong></span> <span class='ocrx_word' id='word_1_481' title='bbox 3655 4707 3665 4714; x_wconf 45' lang='grc'><em>’</em></span> 
     </span>
    </p>
   </div>
   <div class='ocr_carea' id='block_1_79' title="bbox 2100 4810 3529 4889">
    <p class='ocr_par' dir='ltr' id='par_1_79' title="bbox 2100 4810 3529 4889">
     <span class='ocr_line' id='line_1_79' title="bbox 2100 4810 3529 4889; baseline 0.002 -18"><span class='ocrx_word' id='word_1_482' title='bbox 2100 4813 2160 4872; x_wconf 93' lang='lat' dir='ltr'><strong>Si</strong></span> <span class='ocrx_word' id='word_1_483' title='bbox 2193 4811 2418 4885; x_wconf 88' lang='lat' dir='ltr'><strong>cupias,</strong></span> <span class='ocrx_word' id='word_1_484' title='bbox 2452 4810 2610 4868; x_wconf 87' lang='lat' dir='ltr'><strong>licito</strong></span> <span class='ocrx_word' id='word_1_485' title='bbox 2643 4812 2944 4868; x_wconf 86' lang='lat' dir='ltr'><strong>Christum</strong></span> <span class='ocrx_word' id='word_1_486' title='bbox 2977 4813 3142 4886; x_wconf 91' lang='lat' dir='ltr'><strong>prius</strong></span> <span class='ocrx_word' id='word_1_487' title='bbox 3168 4831 3266 4871; x_wconf 91' lang='lat' dir='ltr'><strong>ore</strong></span> <span class='ocrx_word' id='word_1_488' title='bbox 3299 4821 3529 4889; x_wconf 86' lang='lat' dir='ltr'><strong>negato.</strong></span> 
     </span>
    </p>
   </div>
   <div class='ocr_carea' id='block_1_80' title="bbox 2103 4902 3732 4976">
    <p class='ocr_par' dir='ltr' id='par_1_80' title="bbox 2103 4902 3732 4976">
     <span class='ocr_line' id='line_1_80' title="bbox 2103 4902 3732 4976; baseline -0.001 -17"><span class='ocrx_word' id='word_1_489' title='bbox 2103 4903 2266 4970; x_wconf 91' lang='lat' dir='ltr'><strong>Quod</strong></span> <span class='ocrx_word' id='word_1_490' title='bbox 2301 4917 2437 4956; x_wconf 83' lang='lat' dir='ltr'><strong>mox</strong></span> <span class='ocrx_word' id='word_1_491' title='bbox 2467 4905 2826 4974; x_wconf 70' lang='lat' dir='ltr'><strong>praeceptum</strong></span> <span class='ocrx_word' id='word_1_492' title='bbox 2861 4907 3058 4959; x_wconf 90' lang='lat' dir='ltr'><strong>mente</strong></span> <span class='ocrx_word' id='word_1_493' title='bbox 3082 4902 3443 4976; x_wconf 89' lang='lat' dir='ltr'><strong>amplectens</strong></span> <span class='ocrx_word' id='word_1_494' title='bbox 3461 4905 3608 4962; x_wconf 90' lang='lat' dir='ltr'><strong>male</strong></span> <span class='ocrx_word' id='word_1_495' title='bbox 3622 4920 3732 4962; x_wconf 83' lang='lat' dir='ltr'><strong>sua-</strong></span> 
     </span>
    </p>
   </div>
   <div class='ocr_carea' id='block_1_81' title="bbox 3505 4993 3670 5068">
    <p class='ocr_par' dir='ltr' id='par_1_81' title="bbox 3505 4993 3670 5068">
     <span class='ocr_line' id='line_1_81' title="bbox 3505 4993 3670 5068; baseline 0.061 -18"><span class='ocrx_word' id='word_1_496' title='bbox 3505 4993 3670 5068; x_wconf 60' lang='lat' dir='ltr'><strong>[sunt</strong></span> 
     </span>
    </p>
   </div>
   <div class='ocr_carea' id='block_1_82' title="bbox 2101 5081 3590 5156">
    <p class='ocr_par' dir='ltr' id='par_1_82' title="bbox 2101 5081 3590 5156">
     <span class='ocr_line' id='line_1_82' title="bbox 2101 5081 3590 5156; baseline -0.001 -15"><span class='ocrx_word' id='word_1_497' title='bbox 2101 5083 2376 5142; x_wconf 84' lang='lat' dir='ltr'><strong>Gaudeas</strong></span> <span class='ocrx_word' id='word_1_498' title='bbox 2409 5081 2706 5150; x_wconf 86' lang='lat' dir='ltr'><strong>tendebat,</strong></span> <span class='ocrx_word' id='word_1_499' title='bbox 2739 5097 2856 5153; x_wconf 86' lang='lat' dir='ltr'><strong>qua</strong></span> <span class='ocrx_word' id='word_1_500' title='bbox 2885 5097 2948 5138; x_wconf 92' lang='lat' dir='ltr'><strong>se</strong></span> <span class='ocrx_word' id='word_1_501' title='bbox 2977 5099 3188 5156; x_wconf 88' lang='lat' dir='ltr'><strong>magus</strong></span> <span class='ocrx_word' id='word_1_502' title='bbox 3218 5083 3302 5139; x_wconf 90' lang='lat' dir='ltr'><strong>ire</strong></span> <span class='ocrx_word' id='word_1_503' title='bbox 3323 5083 3590 5154; x_wconf 86' lang='lat' dir='ltr'><strong>jubebat,</strong></span> 
     </span>
    </p>
   </div>
   <div class='ocr_carea' id='block_1_83' title="bbox 2099 5169 3486 5243">
    <p class='ocr_par' dir='ltr' id='par_1_83' title="bbox 2099 5169 3486 5243">
     <span class='ocr_line' id='line_1_83' title="bbox 2099 5169 3486 5243; baseline 0 -15"><span class='ocrx_word' id='word_1_504' title='bbox 2099 5171 2394 5228; x_wconf 73' lang='lat' dir='ltr'><strong>Auxilium</strong></span> <span class='ocrx_word' id='word_1_505' title='bbox 2426 5169 2634 5226; x_wconf 88' lang='lat' dir='ltr'><strong>veteris</strong></span> <span class='ocrx_word' id='word_1_506' title='bbox 2667 5169 2914 5243; x_wconf 78' lang='lat' dir='ltr'><strong>supplex</strong></span> <span class='ocrx_word' id='word_1_507' title='bbox 2943 5173 3164 5228; x_wconf 90' lang='lat' dir='ltr'><strong>orando</strong></span> <span class='ocrx_word' id='word_1_508' title='bbox 3193 5172 3486 5242; x_wconf 88' lang='lat' dir='ltr'><strong>draconis,</strong></span> 
     </span>
    </p>
   </div>
   <div class='ocr_carea' id='block_1_84' title="bbox 2101 5258 3452 5332">
    <p class='ocr_par' dir='ltr' id='par_1_84' title="bbox 2101 5258 3452 5332">
     <span class='ocr_line' id='line_1_84' title="bbox 2101 5258 3452 5332; baseline -0.001 -15"><span class='ocrx_word' id='word_1_509' title='bbox 2101 5260 2406 5318; x_wconf 79' lang='lat' dir='ltr'><strong>lutei-itum</strong></span> <span class='ocrx_word' id='word_1_510' title='bbox 2439 5259 2692 5332; x_wconf 79' lang='lat' dir='ltr'><strong>praebere</strong></span> <span class='ocrx_word' id='word_1_511' title='bbox 2724 5259 2847 5315; x_wconf 91' lang='lat' dir='ltr'><strong>suis</strong></span> <span class='ocrx_word' id='word_1_512' title='bbox 2879 5258 2980 5332; x_wconf 90' lang='lat' dir='ltr'><strong>qui</strong></span> <span class='ocrx_word' id='word_1_513' title='bbox 3013 5264 3196 5316; x_wconf 87' lang='lat' dir='ltr'><strong>tentat</strong></span> <span class='ocrx_word' id='word_1_514' title='bbox 3226 5260 3452 5317; x_wconf 88' lang='lat' dir='ltr'><strong>amicis.</strong></span> 
     </span>
    </p>
   </div>
   <div class='ocr_carea' id='block_1_85' title="bbox 2097 5349 3492 5419">
    <p class='ocr_par' dir='ltr' id='par_1_85' title="bbox 2097 5349 3492 5419">
     <span class='ocr_line' id='line_1_85' title="bbox 2097 5349 3492 5419; baseline -0.001 -13"><span class='ocrx_word' id='word_1_515' title='bbox 2097 5351 2208 5406; x_wconf 86' lang='lat' dir='ltr'><strong>Nec</strong></span> <span class='ocrx_word' id='word_1_516' title='bbox 2243 5367 2426 5415; x_wconf 89' lang='lat' dir='ltr'><strong>mora,</strong></span> <span class='ocrx_word' id='word_1_517' title='bbox 2458 5349 2694 5404; x_wconf 84' lang='lat' dir='ltr'><strong>tartarei</strong></span> <span class='ocrx_word' id='word_1_518' title='bbox 2726 5349 2944 5404; x_wconf 89' lang='lat' dir='ltr'><strong>cursim</strong></span> <span class='ocrx_word' id='word_1_519' title='bbox 2976 5365 3183 5406; x_wconf 91' lang='lat' dir='ltr'><strong>venere</strong></span> <span class='ocrx_word' id='word_1_520' title='bbox 3214 5349 3492 5419; x_wconf 89' lang='lat' dir='ltr'><strong>ministri,</strong></span> 
     </span>
    </p>
   </div>
   <div class='ocr_carea' id='block_1_86' title="bbox 2095 5437 3360 5512">
    <p class='ocr_par' dir='ltr' id='par_1_86' title="bbox 2095 5437 3360 5512">
     <span class='ocr_line' id='line_1_86' title="bbox 2095 5437 3360 5512; baseline -0.002 -16"><span class='ocrx_word' id='word_1_521' title='bbox 2095 5441 2518 5510; x_wconf 87' lang='lat' dir='ltr'><strong>Errantemque</strong></span> <span class='ocrx_word' id='word_1_522' title='bbox 2550 5438 2695 5494; x_wconf 88' lang='lat' dir='ltr'><strong>satis</strong></span> <span class='ocrx_word' id='word_1_523' title='bbox 2727 5437 2840 5494; x_wconf 72' lang='lat' dir='ltr'><strong>lmti</strong></span> <span class='ocrx_word' id='word_1_524' title='bbox 2873 5439 3087 5494; x_wconf 77' lang='lat' dir='ltr'><strong>duxere</strong></span> <span class='ocrx_word' id='word_1_525' title='bbox 3119 5439 3360 5512; x_wconf 87' lang='lat' dir='ltr'><strong>maligni</strong></span> 
     </span>
    </p>
   </div>
   <div class='ocr_carea' id='block_1_87' title="bbox 2097 5524 3484 5596">
    <p class='ocr_par' dir='ltr' id='par_1_87' title="bbox 2097 5524 3484 5596">
     <span class='ocr_line' id='line_1_87' title="bbox 2097 5524 3484 5596; baseline -0.001 -12"><span class='ocrx_word' id='word_1_526' title='bbox 2097 5529 2228 5584; x_wconf 85' lang='lat' dir='ltr'><strong>Mox</strong></span> <span class='ocrx_word' id='word_1_527' title='bbox 2259 5527 2328 5582; x_wconf 91' lang='lat' dir='ltr'><strong>ad</strong></span> <span class='ocrx_word' id='word_1_528' title='bbox 2362 5524 2672 5582; x_wconf 87' lang='lat' dir='ltr'><strong>consilium</strong></span> <span class='ocrx_word' id='word_1_529' title='bbox 2705 5525 2940 5582; x_wconf 90' lang='lat' dir='ltr'><strong>eludere</strong></span> <span class='ocrx_word' id='word_1_530' title='bbox 2973 5527 3484 5596; x_wconf 87' lang='lat' dir='ltr'><strong>tenebrieolarum,</strong></span> 
     </span>
    </p>
   </div>
   <div class='ocr_carea' id='block_1_88' title="bbox 2095 5609 3714 5688">
    <p class='ocr_par' dir='ltr' id='par_1_88' title="bbox 2095 5609 3714 5688">
     <span class='ocr_line' id='line_1_88' title="bbox 2095 5609 3714 5688; baseline -0.005 -14"><span class='ocrx_word' id='word_1_531' title='bbox 2095 5618 2248 5674; x_wconf 62' lang='lat'><strong>1.18</strong></span> <span class='ocrx_word' id='word_1_532' title='bbox 2274 5616 2395 5672; x_wconf 91' lang='lat' dir='ltr'><strong>lllie</strong></span> <span class='ocrx_word' id='word_1_533' title='bbox 2423 5617 2685 5671; x_wconf 82' lang='lat' dir='ltr'><strong>inventor</strong></span> <span class='ocrx_word' id='word_1_534' title='bbox 2707 5615 2962 5684; x_wconf 86' lang='lat' dir='ltr'><strong>sceleris,</strong></span> <span class='ocrx_word' id='word_1_535' title='bbox 2997 5620 3218 5672; x_wconf 71' lang='lat' dir='ltr'><strong>cuneta:</strong></span> <span class='ocrx_word' id='word_1_536' title='bbox 3241 5633 3471 5688; x_wconf 86' lang='lat' dir='ltr'><strong>quoque</strong></span> <span class='ocrx_word' id='word_1_537' title='bbox 3504 5609 3714 5677; x_wconf 83' lang='lat' dir='ltr'><strong>fraudis,</strong></span> 
     </span>
    </p>
   </div>
   <div class='ocr_carea' id='block_1_89' title="bbox 2012 5691 3620 5790">
    <p class='ocr_par' dir='ltr' id='par_1_89' title="bbox 2012 5691 3620 5790">
     <span class='ocr_line' id='line_1_89' title="bbox 2012 5691 3620 5790; baseline 0.001 -32"><span class='ocrx_word' id='word_1_538' title='bbox 2012 5693 2070 5770; x_wconf 45' lang='lat' dir='ltr'><strong>D,</strong></span> <span class='ocrx_word' id='word_1_539' title='bbox 2093 5691 2477 5790; x_wconf 73' lang='lat' dir='ltr'><strong>Damnandus</strong></span> <span class='ocrx_word' id='word_1_540' title='bbox 2507 5705 2978 5761; x_wconf 87' lang='lat' dir='ltr'><strong>damnandarum</strong></span> <span class='ocrx_word' id='word_1_541' title='bbox 3009 5705 3280 5778; x_wconf 88' lang='lat' dir='ltr'><strong>princeps</strong></span> <span class='ocrx_word' id='word_1_542' title='bbox 3314 5704 3620 5778; x_wconf 85' lang='lat' dir='ltr'><strong>legionum,</strong></span> 
     </span>
    </p>
   </div>
  </div>
