3904 6396
154 398 329 508 1H3.

150 580 432 639 Consedit
461 578 712 647 medius,
748 577 980 634 corvino
1012 577 1195 633 milite
1225 584 1448 650 septas,

152 673 430 729 Tendens
460 668 736 725 incauitis
769 668 1009 742 laqueos
1042 667 1192 723 clam
1227 668 1584 735 calliditatis,

152 763 270 818 Nec
304 777 421 817 non
453 759 704 815 insidias
734 758 999 813 evolvens
1033 762 1165 813 ante
1197 762 1474 829 repertas,

152 849 427 923 Inquirit,
463 847 750 905 scelerum
780 848 993 902 faceret
1024 847 1165 918 quid
1199 846 1445 918 quisque
1476 862 1737 900 suorum.

228 939 486 1007 Scilicet,
522 942 588 994 ut
615 938 844 993 litteras
875 940 1277 1008 perscrutatur
1309 937 1417 991 sibi
1450 935 1684 1002 missas,

156 1031 357 1087 Utitur
386 1029 480 1085 his
509 1028 722 1095 verbis,
749 1027 1022 1081 frendens
1046 1026 1201 1080 velut
1234 1026 1318 1080 ira
1346 1026 1552 1090 leonis,

159 1118 544 1175 Perterrendo
575 1116 765 1173 virum
800 1133 948 1170 saeva
979 1114 1200 1169 ratione
1233 1114 1525 1167 misellum
1557 1130 1570 1167 :

158 1210 477 1279 Nunquam
510 1204 865 1261 Christicolae
899 1204 1307 1276 permansistis
1341 1202 1481 1256 mihi
1520 1202 1617 1255 fidi

160 1298 275 1354 Sed
307 1314 444 1352 mox
476 1300 543 1351 ut
571 1300 829 1350 vestrum
863 1292 1144 1365 complevi
1174 1291 1316 1346 velle
1341 1291 1697 1363 jucundum,

161 1387 437 1445 Protinus
464 1386 536 1441 ad
566 1388 825 1439 vestrum
860 1382 1093 1453 fugistis
1124 1382 1313 1436 denuo
1344 1381 1665 1447 Christum,

162 1479 255 1534 Me
285 1475 633 1532 detestando
665 1471 899 1544 penitus
930 1476 1061 1544 post
1092 1486 1337 1525 munera
1368 1472 1549 1536 tanta,

162 1567 483 1625 Credcntes
516 1564 651 1619 talis
683 1566 835 1617 certe
864 1560 1161 1617 Christum
1192 1558 1444 1631 pietatis,

163 1658 239 1715 Ut
266 1655 499 1712 veniam
531 1651 678 1709 nulli
709 1650 879 1707 vellet
908 1650 1138 1705 tardare
1166 1652 1332 1722 peten
1346 1648 1383 1703 ti

164 1746 449 1813 Reddere,
481 1757 828 1799 conversum
861 1739 1086 1811 respuit
1107 1756 1212 1793 nec
1242 1742 1372 1810 post
1402 1736 1591 1793 scelus
1610 1735 1818 1803 ullum,

164 1828 649 1904 Christicolisque
680 1831 885 1886 datum
916 1828 1134 1883 Christi
1162 1827 1459 1899 baptisma
1502 1828 1819 1882 sacratum.

166 1923 423 1992 Scilicet,
457 1926 514 1978 et
543 1936 777 1976 mecum
808 1922 863 1974 te
889 1917 1056 2013 velle,
1092 1917 1430 2013 fatere,_pcr
1459 1932 1672 2013 aevum,
1853 1950 1900 2013 Β

168 2014 359 2071 Pcenis
390 2009 605 2067 inferni
636 2005 1038 2082 permansuris
1069 2004 1335 2061 cruciari.
1656 2002 1821 2077 [tam.
1854 2008 1857 2011 λ

169 2104 434 2175 Ilincque
464 2100 585 2156 tuis
616 2098 891 2153 manibus
923 2094 1202 2167 scriptam
1236 2094 1381 2150 mihi
1413 2093 1642 2166 porrige
1665 2093 1825 2149 char-

169 2192 489 2249 Ostendam
520 2187 695 2243 citius
728 2190 1015 2258 quantum
1048 2183 1232 2256 possit
1263 2200 1393 2237 mea
1422 2182 1626 2237 virtus.

240 2280 341 2337 llis
371 2297 510 2335 mox
536 2276 733 2331 infelix
766 2293 968 2330 servus
1001 2273 1241 2327 monitis
1273 2271 1423 2326 male
1456 2275 1680 2341 captus,

171 2369 476 2426 Scribebat
506 2364 805 2438 proprium
837 2363 1047 2417 ridenti
1084 2366 1309 2433 pectore
1342 2361 1646 2427 damnum,

173 2458 569 2528 Interitusque
602 2455 691 2509 sui
726 2469 962 2508 causam
998 2455 1144 2505 tetro
1178 2450 1335 2503 dedit
1364 2448 1539 2502 hosti.

173 2549 278 2616 Qui
312 2563 471 2613 mox,
505 2543 839 2599 damnando
873 2541 1123 2594 nimium
1155 2540 1415 2611 gaudens
1448 2553 1625 2608 super
1653 2536 1773 2603 illo,

174 2638 323 2693 Laeto
352 2638 647 2692 tartareos
677 2629 875 2687 emisit
906 2630 1076 2684 corde
1108 2628 1432 2693 ministros,

174 2725 433 2799 Virginis
465 2726 529 2777 ut
557 2720 781 2776 misera:
811 2722 1065 2774 mentem
1099 2718 1355 2772 facerent
1386 2716 1444 2769 in
1478 2729 1673 2769 amore

174 2818 426 2885 lneesto,
459 2810 677 2885 proprii
712 2808 887 2865 citius
921 2810 1234 2863 fervescere
1265 2804 1435 2861 servi.

239 2908 310 2962 Et
339 2919 512 2959 mens
544 2898 846 2956 blanditiis
880 2895 1101 2969 fragilis
1131 2894 1401 2966 pulsatur
1430 2893 1666 2949 amoris.

175 2994 475 3050 Exclamat
507 2988 702 3044 subito
734 3002 949 3057 magna
979 2986 1050 3039 de
1080 2985 1260 3055 stirpe
1292 2986 1505 3049 creata,

178 3084 400 3156 Optans
434 3077 698 3153 prmstari
730 3075 963 3130 sibimet
993 3072 1288 3128 consortia
1320 3072 1490 3139 servi,
1510 3119 1525 3126 -

178 3175 361 3244 Atque
394 3168 547 3243 patri
580 3166 812 3239 proprio
846 3163 1101 3236 perfudit
1133 3161 1271 3218 talia
1297 3161 1472 3216 verba
1506 3177 1517 3215 :

178 3261 306 3318 Jam
338 3259 616 3314 miserere
646 3260 778 3321 ture,
812 3252 1041 3325 genitor
1069 3250 1431 3315 dulcissime,
1466 3253 1633 3315 natae,

179 3350 247 3405 Et
269 3348 447 3405 citius
477 3361 669 3400 meme
692 3342 915 3415 juveni,
950 3357 1124 3413 quem
1158 3339 1361 3411 diligo,
1393 3339 1578 3406 trade,

179 3438 258 3494 Ne
285 3436 507 3494 moriar
536 3432 745 3500 tristis,
778 3430 1067 3503 languens
1099 3446 1201 3502 per
1233 3427 1403 3483 tzcdia
1432 3428 1643 3482 cordis.

182 3526 277 3583 llis
301 3529 467 3599 pater
496 3521 736 3589 auditis,
769 3519 1044 3592 lacrymis
1075 3518 1305 3572 diccbat
1331 3518 1550 3572 amaris
1583 3533 1596 3571 :

179 3616 327 3680 149
360 3611 521 3669 [leui
555 3608 878 3680 heulquid
941 3606 1180 3678 pateris,
1228 3604 1406 3660 veluti
1465 3622 1598 3676 spes
1659 3606 1833 3660 unica

308 3676 315 3687 ³
756 3676 773 3680 -
941 3676 959 3678 _
1508 3693 1715 3767 [patris
1733 3695 1762 3749 ?

180 3792 298 3860 Dic,
333 3806 496 3863 rogo,
532 3786 665 3860 quis
693 3786 886 3841 verbis
917 3788 969 3840 te
996 3784 1225 3856 decepit
1255 3782 1404 3838 male
1430 3782 1707 3839 blandis?

178 3880 297 3950 Vel,
331 3879 434 3955 qui
462 3875 765 3959 blanditiis
797 3873 1176 3930 circumvenit
1205 3871 1543 3927 simulatis?

179 3970 399 4036 Nonne,
434 3966 543 4021 tibi
580 3964 830 4038 patriam
864 3962 1027 4017 reddi
1060 3960 1346 4033 cupiendo
1373 3977 1689 4032 supernam
1714 3960 1741 4015 ‘?

180 4059 403 4130 Sponso
435 4053 654 4110 ccelesti
687 4051 917 4106 Christo
951 4056 1006 4104 te
1037 4049 1286 4120 denique
1316 4049 1462 4117 vovi,

179 4147 340 4201 Hunc
364 4147 532 4202 casta
563 4141 754 4197 solum
787 4139 1005 4215 colores
1038 4155 1153 4209 quo
1185 4143 1378 4193 mente
1410 4156 1513 4209 per
1541 4156 1747 4207 aevum,

181 4235 339 4292 Illius
370 4239 428 4291 et
458 4232 663 4289 laudes
694 4247 828 4285 cum
860 4227 1136 4284 emlicolis
1167 4244 1489 4294 resonarcs,

180 4324 388 4380 Addita
415 4321 717 4395 virgineis,
755 4318 962 4375 mortis
993 4323 1127 4390 post
1158 4316 1410 4385 vincula,
1446 4318 1659 4374 turmis
1679 4318 1708 4371 ?

182 4414 249 4469 Et
272 4417 334 4469 tu
366 4410 582 4468 lascivo
612 4406 881 4464 fervescis
913 4424 1108 4462 amore
1140 4406 1391 4461 famelli!

180 4502 252 4557 At
281 4518 435 4557 nunc
467 4497 786 4565 submissa,
822 4494 1053 4551 soboles
1084 4512 1233 4562 mea,
1258 4512 1393 4550 voce
1423 4497 1660 4567 rogabo,

185 4591 381 4646 Finem
413 4586 679 4645 stultitiae
710 4602 921 4659 pergas
953 4588 1015 4639 ut
1045 4585 1283 4640 reddere
1313 4589 1510 4649 tantm,

1300 445 1399 505 DE
1445 443 1988 505 CONVERSIONE
2030 444 2421 506 PROTERII.

3408 459 3562 522 11M

1834 578 1885 644 Α
1919 578 2125 667 'l‘otius
2155 583 2211 634 et
2242 579 2423 635 nostri
2457 583 2687 654 generis
2716 588 2981 647 confusio
3016 594 3225 667 turpis,

1919 666 2261 739 Congaudes
2282 670 2408 740 jam
2442 689 2597 727 nunc
2630 691 2791 730 servo
2825 678 3035 736 misere
3067 666 3169 738 tibi
3201 702 3355 754 caro,

1919 757 1988 811 Et
2016 760 2145 828 post
2177 760 2407 813 aeternis
2438 762 2623 832 poenis
2655 782 2904 823 mcerens
2936 772 3183 841 capieris

1993 846 2117 901 Tali
2149 849 2442 919 conjugio,
2476 852 2703 906 Satanae
2737 872 2870 910 cum
2904 858 3105 914 fraude
3137 868 3385 933 peracto,

1922 934 2229 990 Condoluit
2258 937 2542 1005 Christus,
2581 943 2782 996 mundi
2814 944 3077 1002 Salvator
3105 954 3413 1020 amandus,

1923 1028 2077 1091 Quos
2109 1024 2240 1096 pius
2272 1029 2455 1081 cll'usa
2486 1029 2728 1086 salvavit
2758 1036 3063 1105 sanguinis
3094 1040 3269 1108 unda,

1925 1114 2118 1169 Hostis
2150 1114 2374 1169 subdiri
2405 1116 2609 1173 vinclis
2640 1126 2838 1191 captos
2871 1125 3125 1193 retineri,

1926 1205 1995 1258 Et
2026 1203 2211 1274 placet
2240 1204 2521 1259 auxilium
2556 1206 2734 1278 lapsis
2767 1217 3037 1280 pra-stare
3070 1215 3409 1288 benignum.

1927 1292 2162 1348 Scilicet
2191 1294 2405 1347 erranti
2440 1312 2571 1349 mox
2606 1304 2877 1353 narratur
2902 1301 3132 1357 mulieri

1928 1382 2091 1447 Quod
2125 1399 2237 1435 non
2271 1382 2592 1437 catholicus
2620 1386 2795 1441 fuerit
2824 1391 3035 1459 conjux
3067 1392 3245 1448 miser
3272 1395 3420 1466 ejus,

1928 1472 2040 1525 Nec
2073 1470 2250 1526 limen
2284 1471 2486 1543 templi
2517 1473 2685 1528 vellet
2716 1477 2859 1547 pede
2892 1482 3127 1549 tangere
3158 1483 3364 1551 sancti,

1931 1561 2002 1615 Se
2030 1560 2167 1632 quia
2199 1561 2487 1631 serpentis
2511 1562 2634 1632 juri
2670 1565 2935 1621 tradebat
2968 1569 3145 1636 avari,

1930 1648 2085 1705 I50
2135 1649 2311 1703 Sacra
2369 1666 2587 1721 negans
2646 1658 2814 1707 sectae
2876 1656 3032 1723 fidei,
3082 1675 3294 1715 nomen
3352 1680 3584 1735 quoque

3250 1749 3267 1821 [
3274 1749 3508 1807 Christi.

2004 1830 2157 1895 Qum,
2193 1844 2253 1883 se
2283 1829 2583 1901 deceptam
2615 1847 2972 1903 cognoscens
3001 1852 3129 1891 esse
3162 1837 3473 1909 misellam,

1933 1916 2187 1973 Auribus
2216 1918 2457 1973 intentis
2488 1924 2552 1973 ut
2581 1920 2763 1975 sensit
2792 1922 2967 1978 verba
2996 1923 3310 1996 loquentis,

1934 2006 1996 2061 In
2032 2012 2245 2062 terram
2277 2008 2504 2075 cecidit,
2539 2010 2819 2065 membris
2852 2014 3190 2069 tremefacta
3221 2015 3453 2086 solutis,

1933 2096 2098 2150 Eruit
2124 2100 2180 2151 et
2212 2097 2474 2168 proprios
2503 2116 2736 2154 summo
2768 2101 2839 2155 de
2868 2103 3080 2158 vertice
3110 2104 3277 2174 pilos,

1934 2186 2049 2240 Nec
2073 2203 2187 2240 non
2217 2187 2555 2242 verberibus
2584 2188 2837 2259 pulsavit
2866 2191 3069 2246 sedulo
3102 2199 3325 2264 pectus,

1936 2276 2080 2330 Cum
2114 2274 2388 2347 lacrymis
2421 2276 2565 2331 tales
2596 2295 2878 2349 spargens
2914 2298 3091 2352 super
3130 2283 3343 2339 aethera
3369 2301 3538 2341 voces
3571 2302 3583 2340 :

1938 2365 2217 2437 Quisquis
2251 2366 2570 2436 praedulces
2599 2384 2711 2421 non
2746 2368 2869 2422 vult
2899 2370 3103 2425 audire
3135 2378 3425 2442 parentes,

1938 2456 2251 2526 Nunquam
2284 2455 2561 2523 salvetur,
2595 2458 2749 2527 quod
2784 2457 2839 2511 in
2874 2458 2983 2513 hac
3022 2462 3243 2517 ratione
3285 2464 3586 2534 probatur.

1939 2543 2060 2598 lIcu
2089 2544 2101 2599 l
2136 2543 2247 2598 heu
2276 2544 2288 2599 l
2326 2544 2694 2614 splendorem
2727 2546 2837 2601 diei
2874 2566 2977 2602 cur
3010 2555 3150 2605 nata
3178 2551 3390 2622 recepi,

1937 2632 2059 2697 Vel,
2095 2649 2201 2688 cur
2229 2634 2509 2688 continuo
2544 2652 2657 2690 non
2689 2653 2821 2690 sum
2851 2655 3127 2693 concessa
3157 2640 3444 2710 sepulcro,

1939 2721 2143 2777 Infelix
2175 2722 2396 2778 foveam
2429 2724 2695 2778 caderem
2727 2742 2799 2780 ne
2832 2726 3037 2780 mortis
3068 2726 3127 2781 in
3159 2731 3347 2783 atram
3374 2729 3386 2782 !

2012 2811 2139 2864 llaec
2172 2811 2313 2865 dum
2346 2811 2587 2866 tristitia
2618 2812 2847 2867 dicebat
2876 2814 3237 2883 continuata,

1940 2899 2163 2971 Conjux
2193 2898 2350 2955 illius
2382 2901 2576 2955 subito
2607 2901 2761 2956 venit
2788 2902 3134 2971 scelerosus,

1939 2990 2009 3043 Et
2039 2989 2108 3043 de
2143 3006 2204 3043 se
2234 2988 2413 3044 falsas
2438 2991 2661 3060 juravit
2690 3008 2782 3046 res
2814 2993 2934 3047 fore
2962 2992 3169 3047 dictas.

1941 3081 2075 3142 Qua:
2108 3095 2241 3132 mox
2270 3077 2564 3133 constanti
2595 3080 2906 3149 respondet
2938 3098 3069 3135 voce
3102 3083 3337 3151 neganti

1943 3166 2002 3221 Si
2036 3184 2169 3221 reus
2203 3167 2455 3239 ingentis
2485 3167 2670 3238 culpa)
2693 3169 2821 3238 jam
2853 3170 3104 3241 denique
3134 3190 3249 3226 non
3281 3171 3384 3238 sis,

1948 3256 2140 3310 Laetus
2171 3256 2240 3309 ad
2273 3255 2578 3310 ecclesiam
2612 3274 2844 3312 mecum
2876 3276 3005 3313 cras
3034 3260 3257 3331 pergito
3290 3278 3517 3317 sacram

1863 3316 1905 3382 Ο
1948 3344 2070 3399 lllic
2102 3348 2159 3399 et
2189 3350 2403 3400 sancta:
2435 3344 2735 3400 celebrans
2769 3346 3053 3402 solemnia
3081 3349 3295 3404 missae.

1943 3435 2069 3498 Qua
2099 3449 2234 3487 mox
2263 3433 2523 3489 devictus
2546 3434 2715 3503 justa
2742 3435 2962 3491 ratione
2992 3436 3273 3504 misellus,

1942 3521 2191 3576 Causam
2225 3522 2526 3576 commissi
2560 3524 2815 3578 narravit
2846 3541 3099 3595 namque
3128 3526 3319 3595 piacli.

1941 3609 2184 3681 lllaque,
2213 3610 2519 3665 mollitiem
2544 3611 2671 3681 jam
2703 3612 2999 3681 deponens
3031 3612 3397 3681 muliebrem,

1940 3700 2009 3754 Et
2039 3715 2280 3754 sumens
2310 3697 2461 3752 vires
2487 3699 2759 3769 prudenti
2792 3700 2962 3753 corde
2992 3698 3207 3767 viriles,

1940 3788 2073 3842 Mox
2103 3787 2174 3841 ad
2211 3785 2491 3840 Basiliam
2524 3786 2795 3840 currebat
2824 3804 3079 3858 namque
3110 3788 3370 3858 beatum,

1938 3876 2055 3931 Nec
2087 3892 2201 3929 non
2230 3874 2492 3945 vestigiis
2522 3891 2715 3928 coram
2750 3880 3041 3945 prostrata
3072 3878 3337 3945 sacratis,

1940 3964 2135 4020 Utitur
2162 3962 2254 4018 bis
2282 3962 2492 4028 verbis,
2523 3964 2755 4017 turbato
2784 3969 3013 4035 pectore
3040 3965 3185 4021 fusis
3215 3983 3228 4020 :

2012 4055 2222 4109 Sancte
2251 4052 2373 4119 Dei,
2406 4050 2663 4108 clemens
2696 4053 2863 4108 nobis
2896 4072 3172 4110 succurre
3204 4054 3467 4123 misellis,

1940 4145 2008 4198 Et
2035 4141 2198 4197 trahe
2230 4142 2300 4195 de
2333 4142 2497 4195 tetris
2531 4142 2662 4196 saevi
2698 4160 2803 4197 nos
2835 4143 3104 4199 faucibus
3132 4143 3339 4213 hostis,

1940 4232 2047 4299 Qui
2082 4235 2312 4286 nostras
2344 4230 2580 4303 fragiles
2602 4232 2790 4302 jactat
2820 4250 2882 4287 se
2912 4234 3153 4305 perdere
3185 4238 3430 4288 mentes.

1941 4322 2203 4391 Cumque
2236 4320 2479 4374 modum
2510 4318 2693 4390 culpae
2727 4321 3043 4377 denudavit
3073 4321 3185 4376 sibi
3219 4325 3411 4387 tantas,

1939 4408 2198 4464 Vertitur
2228 4408 2299 4461 ad
2332 4423 2562 4461 servum
2598 4407 2809 4479 praesul
2843 4409 3077 4464 Domini
3107 4408 3482 4474 scelerosum,

1924 4495 2174 4569 .Accepit
2203 4495 2393 4550 verbis
2426 4494 2592 4549 illum
2624 4496 2876 4567 rogitare
2902 4496 3191 4569 benignis,

1943 4585 2077 4640 Post
2101 4583 2295 4639 scelus
2324 4583 2397 4637 ad
2430 4582 2725 4637 Christum
2777 4582 2947 4638 vellet
2994 4586 3043 4639 si
3077 4588 3296 4639 vertere
3327 4601 3589 4640 sensum.

184 4682 262 4735 Ne
290 4695 476 4751 genus
506 4691 679 4733 omne
709 4679 881 4731 tuum
912 4672 1063 4729 male
1095 4674 1420 4729 confundas
1458 4690 1828 4746 generosum,
1865 4686 1915 4750 Ι)
1942 4672 2074 4740 Qui,
2110 4688 2170 4728 se
2201 4671 2408 4726 salvari
2442 4671 2778 4742 desperans,
2812 4673 3037 4728 dixerat
3065 4672 3172 4738 illi,

184 4766 243 4822 Si
270 4770 469 4823 tamen
501 4766 730 4836 incepto
762 4767 952 4819 tentas
981 4763 1193 4818 durare
1222 4761 1479 4834 maligno

186 4855 455 4930 Turpiter
485 4855 707 4926 abspue
738 4869 901 4909 mora
931 4851 1141 4923 paries,
1176 4851 1522 4908 dulcissima
1550 4856 1766 4925 protes.

255 4945 387 5017 Qua
404 4940 883 5011 nam,consilium
901 4940 1138 5014 penitus
1153 4942 1480 5011 spernendo
1498 4946 1834 5012 paternum,

186 5014 655 5087 Vultu'mordaci
688 5030 922 5102 proprio
953 5029 1094 5084 dicit
1119 5029 1365 5102 genitori
1399 5046 1412 5083 :

188 5119 246 5175 Si
275 5119 565 5193 complere
598 5137 796 5175 meum
826 5118 1088 5173 tardabis
1119 5118 1368 5189 denique
1399 5121 1619 5186 votum,

188 5207 539 5281 Comperies,
573 5209 790 5263 claram
816 5207 992 5262 citius
1022 5208 1245 5280 prolem
1278 5208 1647 5264 morituram.

189 5296 351 5371 Tunc
380 5297 593 5365 senior,
630 5314 745 5352 non
779 5301 1005 5369 sponte,
1042 5296 1220 5351 minis
1249 5296 1510 5351 devictus
1541 5298 1778 5368 amaris,

190 5384 532 5459 Tradiderat
562 5385 782 5442 sobolis
812 5402 976 5441 servo
1006 5385 1299 5440 consortia
1327 5384 1516 5440 dulcis

191 5473 532 5541 Condonans
563 5473 1017 5532 substantiolam
1049 5473 1266 5545 pariter
1296 5474 1611 5545 pretiosam

193 5561 359 5645 Ipsis,
391 5564 530 5629 hinc
560 5564 758 5621 animo
791 5568 938 5619 nata:
969 5562 1201 5617 dicebat
1231 5579 1429 5617 amaro
1463 5581 1476 5616 :

193 5648 391 5707 Infelix
419 5669 535 5708 non
567 5652 752 5708 felicis
782 5657 844 5707 tu
875 5655 1013 5706 nata
1044 5651 1322 5722 parentis,

192 5737 277 5793 Tu
307 5740 485 5797 decus
516 5746 689 5813 atque
719 5741 885 5798 dolor
914 5740 1121 5796 matris
1147 5744 1322 5795 temet
1352 5741 1653 5813 parientis,

1945 4762 2004 4818 Si
2037 4764 2234 4834 posset
2262 4761 2408 4827 ﬁeri,
2449 4759 2764 4816 voluissem
2796 4766 2987 4817 mente
3010 4762 3234 4828 libenti,

1940 4851 2052 4907 Sed
2087 4853 2270 4906 restat
2300 4850 2483 4904 menti
2518 4849 2756 4906 sceleris
2788 4869 2880 4907 res
2909 4852 3064 4906 facta
3091 4851 3306 4906 volenti

1934 4939 2090 4997 151
2141 4940 2231 4995 Mc
2279 4938 2417 5010 quia
2474 4955 2577 5009 per
2623 4937 2847 4995 litteras
2899 4940 3052 4995 hosti
3112 4940 3385 4995 dederam
3442 4940 3595 4997 male

3225 5028 3519 5101 [scriptas,

1944 5119 2014 5174 Et
2043 5131 2255 5171 nomen
2287 5112 2503 5168 Christi
2534 5118 2743 5170 caecato
2775 5117 2947 5171 corde
2977 5117 3201 5188 negavi.

2016 5204 2100 5258 Ad
2134 5218 2307 5274 quem
2346 5199 2431 5255 vir
2456 5200 2687 5255 Domini
2724 5219 2736 5256 2
2771 5203 2982 5258 Curam
3034 5205 3141 5260 tibi
3194 5206 3413 5277 fingere
3453 5206 3591 5274 noli,

1946 5295 2060 5349 Ceu
2092 5291 2197 5347 tibi
2230 5290 2306 5343 sit
2338 5290 2512 5343 veniae
2542 5291 2775 5361 penitus
2807 5312 2939 5364 spes
2970 5295 3209 5367 dempta
3238 5297 3519 5367 petendzc.

1946 5387 2167 5443 Unicus
2198 5403 2333 5457 ergo
2365 5381 2571 5451 Patris,
2598 5383 2780 5454 judcx
2812 5384 3168 5440 mitissimus
3198 5385 3378 5450 orbis,

1943 5477 2028 5531 Ad
2059 5493 2121 5531 se
2153 5490 2497 5530 conversum
2524 5472 2619 5543 qui
2657 5490 2961 5543 nunquam
2992 5474 3214 5544 respuit
3240 5471 3448 5538 ullum,

1946 5566 2005 5621 Si
2037 5565 2215 5620 deﬂes
2245 5562 2498 5634 culpam,
2536 5563 2750 5634 gaudet
2780 5568 3056 5634 praestare
3087 5561 3371 5617 medelam
3398 5578 3412 5627 ;

1950 5654 2089 5707 llinc
2113 5654 2239 5722 jam
2289 5650 2659 5704 mortiferum
2711 5651 2927 5721 peccati
2980 5649 3177 5720 linque
3210 5646 3588 5727 profundum,

1944 5742 2060 5798 Nec
2092 5758 2207 5797 non
2239 5741 2310 5795 ad
2343 5743 2567 5794 certum
2595 5739 2829 5810 pietatis
2861 5739 3107 5809 confuge
3136 5739 3392 5809 portum,
