3904 6422
390 392 545 458 IIIS
1199 390 1734 452 HRO'I‘SUI'I‘H/E
1778 388 2156 450 MONIALIS
2203 390 3005 455 GANDERSHElMENSIS
3372 460 3381 470 ,
3661 392 3800 458 “id

386 528 473 585 Ad
505 544 569 583 se
596 524 899 583 tendentes
929 522 1025 596 qui
1062 521 1252 578 salvos
1278 522 1524 593 suscipit
1553 538 1776 577 omnes.
2071 522 2127 589 Α
2155 523 2230 579 Ut
2260 523 2477 596 pariter
2506 525 2756 598 preculis
2787 530 3194 599 pcrnoctarent
3224 525 3525 599 studiosis,

391 618 492 674 His
523 617 703 689 igitur
731 615 1015 670 miserum
1049 612 1289 667 monitis
1322 611 1571 666 correxit
1603 610 1955 678 homullum,
2157 614 2280 679 Quo
2310 613 2501 669 bonus
2532 620 2844 684 errantem,
2879 633 2982 688 per
3011 621 3351 673 consuetam
3380 617 3687 689 pietatem,

388 707 505 762 Nec
536 722 651 760 non
683 707 891 775 sponte
920 719 1027 755 sua
1059 702 1225 773 nigro
1256 699 1543 755 conclusit
1573 700 1633 754 in
1663 703 1849 768 antro,
2157 701 2361 757 Pastor
2391 718 2555 758 ovem
2583 705 2798 760 turmis
2830 705 3048 777 proprii
3072 705 3371 776 junxisset
3400 705 3591 762 ovilis.

390 794 513 850 Illic
544 798 609 849 ut
639 793 840 847 sordes
871 791 1030 845 licito
1061 791 1299 845 defloret
1331 806 1598 844 enormes
2156 789 2330 845 Ortus
2364 807 2616 863 cumque
2650 793 2846 865 nigras
2873 794 3060 848 noctis
3091 793 3176 849 sol
3209 793 3429 866 expulit
3460 796 3726 862 umbras,

461 884 597 938 Post
628 886 745 937 tres
776 897 911 952 ergo
939 880 1063 935 dies
1096 880 1311 934 iterum
1342 880 1610 934 veniebat
1640 879 1711 931 ad
1748 877 1936 943 illum,
2157 883 2367 934 Dextra
2398 881 2657 952 praedicti
2692 900 3060 955 comprensa,
3095 882 3328 954 prresul,
3361 882 3637 948 homulli,

389 971 700 1044 lnquireus
730 970 903 1025 talem
940 969 988 1025 si
1022 974 1219 1040 posset
1250 970 1396 1022 ferre
1428 967 1687 1021 laborem
1708 968 1736 1021 ‘l
2157 969 2341 1024 Intrat
2373 971 2428 1024 in
2463 970 2793 1038 ecclesiam,
2818 989 3019 1026 secum
3049 990 3284 1044 quoque
3316 973 3563 1027 duxerat
3596 972 3798 1043 ipsum.

389 1060 520 1128 Qui,
552 1060 746 1115 lassus
780 1059 1052 1125 nimium,
1080 1057 1272 1112 verbis
1305 1057 1682 1127 responderat
1716 1054 1843 1109 istis
1878 1072 1888 1108 :
2228 1057 2300 1111 Ut
2330 1057 2507 1112 limen
2541 1061 2725 1114 sacris
2756 1060 2945 1132 tetigit
2976 1060 3304 1115 venerabile
3338 1059 3577 1133 plantis,

390 1151 596 1204 Poenas
625 1147 939 1219 spirituum
974 1147 1163 1218 patior
1193 1147 1284 1199 vix
1318 1162 1572 1216 namque
1603 1144 1926 1217 nigrorum,
2156 1146 2356 1200 Adfuit
2388 1148 2617 1202 insidiis
2649 1148 2890 1203 latitans
2919 1149 3069 1204 clam
3097 1151 3323 1204 dzcmon
3359 1149 3598 1215 amaris,

389 1240 479 1294 Me
511 1238 649 1310 quia
671 1237 968 1292 continuis
997 1240 1308 1290 attrectant
1340 1252 1592 1305 namque
1627 1232 1892 1304 flagellis,
2154 1234 2521 1307 Attraxitque
2552 1236 2741 1291 virum
2776 1255 2991 1311 magna
3020 1237 3073 1291 vi
3106 1238 3359 1309 denique
3389 1255 3654 1304 sursum,

387 1329 574 1399 Atque
607 1330 819 1398 petunt
841 1325 1058 1396 jaculis
1089 1323 1353 1395 lapidum
1386 1323 1711 1394 saepissime
1743 1321 1929 1385 duris,
2158 1323 2322 1378 illius
2354 1329 2587 1395 arrepta
2619 1330 2842 1381 secreta
2870 1327 3072 1381 fraude
3103 1326 3364 1393 sinistra,

390 1418 637 1487 Insuper
667 1413 998 1487 Opprobriis
1031 1417 1335 1484 opponunt
1365 1430 1596 1484 semper
1628 1411 1864 1477 amaris,
2155 1413 2238 1466 Ad
2273 1429 2448 1484 quem
2484 1414 2753 1482 Basilius,
2790 1413 2921 1469 forti
2957 1414 3333 1469 mandamine
3365 1414 3606 1469 functus
3641 1431 3655 1469 :

388 1505 553 1572 Quod
587 1521 703 1559 non
737 1503 956 1558 invitus
990 1503 1238 1574 pridem,
1275 1502 1375 1555 sed
1406 1501 1612 1573 gratis,
1645 1501 1866 1555 adirem
2230 1501 2496 1574 Improbe
2528 1503 2640 1570 fur,
2676 1504 2850 1575 Regis
2882 1505 3167 1558 facturam
3202 1503 3377 1558 redde
3409 1502 3706 1575 perennis,

389 1592 550 1661 Illos,
585 1593 847 1665 ipsorum
883 1591 1008 1645 sine
1038 1591 1090 1645 vi
1126 1608 1218 1645 me
1249 1592 1396 1645 dans
1429 1589 1656 1645 ditioni.
2154 1591 2225 1645 Et
2256 1590 2411 1645 t'urto
2444 1597 2674 1663 captam
2706 1592 2897 1647 victus
2929 1593 3040 1647 cito
3074 1593 3274 1647 desere
3304 1592 3587 1664 praadam.

387 1684 553 1739 Tunc
584 1680 792 1736 animae
830 1681 1093 1735 medicus
1124 1679 1579 1750 languescentis,
1616 1679 1763 1733 bene
1814 1677 2041 1743 doctus,
2154 1678 2259 1732 Cui
2292 1696 2426 1733 mox
2457 1680 2793 1735 communis
2823 1686 3171 1736 cunctorum
3208 1680 3430 1736 dixerat
3459 1680 3672 1748 hostis,

390 1771 700 1826 Lassatum
728 1768 885 1823 refici
908 1768 1110 1839 jussit,
1145 1768 1465 1839 statimque
1497 1766 1756 1821 recessit.
2155 1767 2444 1822 Perversis
2474 1785 2689 1825 vacuas
2722 1768 2974 1841 impleas
3007 1769 3318 1824 latratibus
3345 1784 3559 1824 auras:

388 1859 523 1914 Post
551 1863 789 1930 tempus
822 1874 1066 1928 parvum
1098 1857 1368 1911 veniebat
1399 1857 1651 1927 denique
1675 1872 1933 1921 rursum,
2073 1893 2121 1957 Β
2154 1855 2270 1910 Cur
2300 1856 2520 1928 satagis
2571 1859 2874 1929 proprium
2936 1857 3206 1913 mihimet
3233 1858 3287 1912 vi
3318 1856 3523 1913 tollere
3554 1873 3791 1923 servum,

388 1951 664 2016 Quierens
695 1948 944 2002 obscuro
980 1945 1121 2018 quid
1154 1950 1295 2001 tunc
1328 1949 1626 2017 pateretur
1658 1945 1711 1998 in
1746 1944 1961 1999 antro?
2074 1944 2120 1957 "
2156 1945 2261 2012 Qui
2297 1963 2405 1999 sua
2436 1951 2641 2016 sponte
2673 1948 2821 2002 meis
2853 1947 3133 2002 submisit
3163 1945 3313 2001 colla
3345 1946 3623 2002 catenis?
3671 1969 3681 1975 -

387 2036 539 2105 Quid
572 2035 718 2091 dixit
748 2054 760 2091 :
796 2036 961 2091 Certe
992 2034 1204 2090 melius
1235 2033 1416 2102 valeo,
1448 2034 1614 2089 Pater
1642 2033 1813 2099 alme,
2155 2034 2428 2088 Chartam
2462 2041 2744 2107 percerte,
2778 2035 3048 2091 mihimet
3080 2053 3256 2108 quam
3289 2035 3551 2091 reddidit
3580 2034 3719 2107 ipse,

388 2125 648 2198 Longius
680 2124 992 2180 horribiles
1022 2129 1250 2179 tantum
1284 2124 1423 2195 quia
1454 2124 1644 2178 sentio
1674 2140 1862 2178 voces.
2155 2123 2439 2194 Tempore
2463 2123 2673 2194 judicii
2706 2123 2937 2178 Christo
2970 2124 3310 2179 monstrabo
3342 2123 3551 2178 futuri.

385 2215 532 2270 Hinc
559 2212 793 2286 praesul,
826 2212 995 2269 laetus
1026 2217 1245 2268 secreto
1278 2217 1507 2284 pectore
1538 2213 1746 2280 factus,
2226 2211 2330 2266 Cui
2362 2216 2603 2267 sanctus
2634 2230 2870 2268 rursum
2905 2214 3184 2268 reddebat
3215 2212 3329 2268 tale
3363 2229 3736 2285 responsum,

385 2303 716 2376 Egreditur,
743 2304 913 2374 juxta
942 2319 1165 2357 morem
1200 2302 1463 2356 faciendo
1494 2301 1769 2373 priorem.
2155 2302 2347 2373 Ipsius
2378 2301 2595 2356 Christi
2628 2307 2936 2375 praecepto,
2965 2303 3184 2375 judicis
3216 2302 3386 2375 aequi,

387 2392 647 2448 Tandem
669 2395 801 2463 post
825 2391 1082 2462 spatium
1105 2391 1345 2446 veniens
1377 2390 1769 2462 quadraginta
1789 2389 2040 2458 dierum,
2156 2391 2417 2445 Reddere
2445 2390 2756 2458 litterulas,
2788 2408 2980 2463 spero,
3012 2395 3067 2447 te
3100 2392 3370 2465 protinus
3402 2392 3585 2464 ipsas.

389 2480 452 2535 In
483 2478 650 2551 queis
682 2483 988 2551 peccatum
1020 2479 1222 2551 lapsus
1249 2478 1479 2534 deflevit
1511 2496 1799 2546 amarum,
2156 2480 2257 2535 llis
2288 2479 2466 2551 igitur
2495 2480 2689 2547 dictis,
2724 2482 2910 2536 oravit
2941 2481 3117 2535 turba
3148 2481 3337 2537 fidelis

388 2566 613 2623 Invenit
642 2566 862 2634 laetum,
892 2584 1068 2639 quem
1099 2568 1373 2622 credebat
1406 2568 1523 2622 fore
1553 2571 1850 2622 moestum.
2151 2567 2551 2623 Altithronum
2584 2568 2859 2641 preculis,
2893 2570 3096 2625 devoto
3130 2574 3361 2640 pectore
3393 2568 3567 2635 fusis,

385 2657 475 2724 Et,
510 2672 646 2710 cum
677 2655 936 2710 laetitiam
971 2656 1285 2711 miraretur
1314 2656 1423 2710 sibi
1458 2656 1717 2722 charum,
2156 2656 2363 2712 Fidum
2393 2662 2685 2728 pastorem
2721 2676 2835 2730 quo
2866 2659 3220 2714 confortaret
3252 2659 3309 2713 in
3343 2658 3602 2714 hostem.

386 2746 678 2812 Peccator,
714 2745 991 2817 lacrymis
1014 2747 1137 2816 jam
1173 2747 1496 2801 mundatus
1526 2746 1671 2800 bene
1702 2744 1882 2817 largis
2154 2746 2269 2800 Nec
2301 2763 2484 2814 mora,
2519 2747 2590 2802 de
2622 2764 2855 2803 summo
2886 2747 3094 2801 cecidit
3125 2745 3418 2819 scriptura
3446 2746 3673 2802 dolosa.

385 2833 458 2889 Ut
491 2837 684 2889 certus
715 2833 917 2901 venue,
945 2839 1146 2889 sancto
1179 2834 1427 2901 dicebat,
1460 2835 1723 2889 amanda:
1760 2852 1771 2890 :
2153 2834 2307 2889 153
2338 2836 2485 2891 Ante
2518 2837 2695 2906 pedes
2727 2834 2915 2890 sancti
2949 2853 3053 2892 nec
3085 2853 3199 2891 non
3252 2835 3509 2908 pastoris
3557 2830 3789 2890 amandi.

389 2922 544 2979 I52
572 2923 751 2995 Spero
781 2923 1039 2995 quidem,
1075 2940 1176 2994 per
1200 2928 1255 2978 te
1280 2941 1372 2978 me
1404 2923 1638 2989 salvari,
1672 2924 1838 2979 Pater
1867 2922 2039 2991 alme,
2225 2923 2389 2978 Tunc
2407 2923 2771 2994 plebs,eorde
2792 2924 2885 2995 pio
2906 2925 3173 2996 gaudens
3187 2942 3320 2980 cum
3335 2924 3590 2997 praesule
3613 2923 3785 2995 digno,

388 3011 451 3066 In
484 3011 707 3066 somnis
739 3010 882 3083 quia
908 3014 966 3066 te
986 3011 1102 3066 vidi
1137 3011 1434 3066 luctamen
1467 3011 1615 3066 inire
2153 3011 2382 3082 Sparsit
2403 3013 2667 3083 adusque
2685 3012 2885 3084 polum
2907 3030 3077 3067 voces
3099 3030 3232 3067 cum
3257 3013 3524 3068 carmine
3547 3012 3783 3075 laudum,

387 3100 494 3154 Pro
524 3116 617 3155 me
648 3117 783 3154 cum
815 3117 964 3154 szevo
997 3117 1103 3155 nec
1132 3118 1245 3155 non
1277 3105 1544 3172 serpente
1577 3099 1862 3172 maligno,
2151 3099 2501 3154 Collaudans
2533 3099 2849 3166 Christum,
2884 3099 3057 3154 solita
3086 3100 3298 3170 pietate
3326 3102 3674 3174 benignum,

387 3192 571 3255 Quem
603 3193 666 3243 tu
695 3188 887 3243 vicisti
920 3189 1116 3244 subito
1148 3190 1363 3245 virtute
1395 3206 1670 3261 superna.
2088 3260 2095 3261 ί
2151 3187 2258 3253 Qui
2291 3191 2529 3259 captum
2560 3187 2774 3242 veteris
2806 3188 3048 3242 retraxit
3078 3189 3149 3243 ab
3182 3206 3279 3243 ore
3312 3189 3529 3245 leonis.

454 3277 709 3331 Auribus
740 3277 979 3332 intentis
1011 3282 1075 3332 ut
1104 3279 1291 3333 sensit
1320 3260 1497 3334 verba
1526 3276 1820 3348 loquentis
2068 3260 2111 3325 C
2148 3276 2264 3331 Nos
2286 3291 2517 3346 quoque
2536 3274 2900 3347 plaudentes,
2916 3293 3268 3348 spargemus
3286 3278 3357 3331 ad
3379 3279 3605 3335 mthera
3621 3292 3782 3339 voces,

380 3366 663 3433 Antistes,
695 3365 927 3422 laudem
959 3367 1173 3422 Christi
1206 3368 1415 3423 cecinit
1446 3367 1667 3439 pietati,
2145 3364 2479 3420 Laudantes
2510 3364 2823 3419 Dominum
2858 3365 3071 3419 ridenti
3102 3371 3339 3437 pectore
3369 3366 3690 3433 Christum,

382 3454 756 3527 Extraxitque
787 3454 911 3510 loco
938 3456 1150 3528 captivi
1185 3458 1448 3512 membra
1472 3454 1706 3526 nigello,
2145 3457 2269 3521 Quo
2299 3452 2467 3508 nobis
2496 3452 2671 3508 talem
2704 3452 2962 3509 clemens
2994 3454 3173 3509 venias
3204 3455 3430 3511 tribuat
3462 3473 3648 3530 spem.

382 3545 453 3599 Et
483 3542 608 3599 loca
639 3543 696 3598 in
730 3544 962 3616 propria
996 3546 1186 3601 noctis
1220 3546 1329 3600 sub
1362 3550 1618 3614 tempore
1652 3541 1815 3608 cella,
2143 3541 2259 3613 Ipsi
2291 3559 2547 3614 namque
2579 3543 2756 3598 decus
2786 3542 2917 3611 soli,
2950 3544 3214 3613 victoria,
3244 3544 3458 3614 virtus,

383 3635 517 3700 Quae
550 3633 659 3688 fuit
682 3633 937 3689 ecclesia:
970 3633 1134 3689 lateri
1166 3636 1477 3704 conjuncta
1511 3634 1769 3696 sacrata),
2145 3632 2411 3687 Laudum
2444 3636 2753 3687 cantamen
2801 3638 3156 3705 maneatque
3206 3634 3563 3706 perenniter.
3596 3635 3772 3689 Amen.

384 3721 508 3778 Illic
539 3726 596 3778 et
621 3721 851 3794 plebem
869 3723 1054 3794 jussit
1082 3724 1234 3797 coire
1262 3720 1514 3785 ﬁdelem,

1667 4038 2537 4176 HISTORIA

624 4292 1221 4385 PASSIONIS
1285 4293 1698 4384 SANCTI
1764 4290 2293 4383 DIONYSII
2364 4296 2841 4387 EGBEGII
2912 4298 3541 4394 MABTYRIS.

1772 4655 2413 4729 ARGUMENTUM.

452 4857 770 4981 Diom/asins,
803 4855 1145 4910 Atheniensis
1171 4853 1549 4925 philosophus,
1584 4856 1862 4927 /Egyptios
1892 4866 2056 4928 vates,
2089 4862 2330 4915 scientia:
2376 4868 2650 4916 astrorum
2707 4862 2905 4931 gratia,
2935 4862 3092 4932 mliit,
3120 4880 3154 4918 a
3181 4864 3380 4935 quibus
3439 4882 3560 4920 cum
3589 4862 3769 4919 edoctus

452 4934 537 4981 set.
638 4929 935 4981 fectumaae
960 4927 1093 4981 solis
1123 4926 1243 4981 sine
1264 4926 1416 4981 (una:
1447 4928 1858 4981 inter-positione
1887 4929 2023 4981 hora
2051 4934 2322 4981 nassimzis
2353 4934 2657 4981 Dominim:
2689 4932 3035 4981 nbsernnsset-
3078 4935 3315 4981 Animum
3356 4937 3587 4981 rmlinns
3622 4936 3769 4981 innato

383 4934 537 5053 sset,
569 4926 935 5053 ιξεὶεειωηιιαθ
960 4927 1093 5052 stolis
1123 4926 1243 4981 sine
1264 4926 1416 4982 (unm
1447 4926 1858 4999 interpositione
1887 4929 2023 4986 hora
2044 4926 2322 5003 passionis
2351 4934 2657 4989 Dominica:
2689 4926 3037 5001 observasset,
3070 4926 3315 4991 maenas
3356 4937 3589 5004 rediens,
3622 4936 3769 5005 ignoto

437 5014 517 5053 eo.
545 5015 583 5052 u
678 5014 887 5053 ucanus
916 5014 973 5052 az
1002 5039 1015 5053 .

501 5040 517 5063 ’
549 5039 607 5053 κ’
633 5039 884 5053 ³⁴¹¹⁹ν⁸⁴⁷¹⁷⁸⁹ν
916 5039 1015 5064 ’ν”ἳ

1827 5125 1840 5139 .
1874 5126 1885 5137 .
1927 5128 1939 5141 .
1974 5092 2038 5141 Et
2066 5091 2249 5143 dedita
2277 5092 2437 5143 sacris

1197 5166 1367 5230 Ignoti
1396 5167 1582 5217 Iudaea
1610 5170 1721 5218 Dei.
1756 5207 1768 5218 .
1809 5205 1823 5218 .

384 5263 547 5327 arani
574 5246 716 5327 inter
742 5247 1042 5327 simulacra
1063 5248 1473 5327 Atheniensium
1502 5251 1691 5305 orarit.
1730 5257 1921 5323 Quam
1949 5270 2074 5307 cum
2102 5254 2373 5327 apostolus
2403 5254 2611 5308 Paul-us
2667 5254 2907 5321 vidisset,
2940 5264 3320 5327 auctoremque
3369 5257 3626 5313 dedicata?
3648 5263 3766 5327 an?

386 5320 722 5398 inquisisset,
758 5319 1105 5398 Dionysium,
1138 5321 1540 5398 philOs‘()])/t_llﬂ_t,
1573 5319 1855 5398 comperit,
1891 5342 2051 5398 quem
2074 5319 2148 5380 ad
2173 5326 2334 5396 ﬁdem
2365 5327 2643 5393 convertit,
2668 5334 2719 5398 et
2750 5328 2808 5381 in
2837 5319 3125 5398 praesulem
3170 5319 3549 5385 Atheniensem.
3574 5324 3763 5382 ordina-

390 5392 483 5472 υίις
519 5391 652 5461 (λεί,
686 5389 943 5472 άαῖηὴρςεν
972 5389 1237 5448 visionem
1278 5389 1424 5472 apud.
1483 5389 1852 5472 Peli/carpunt
1900 5389 2285 5472 presbyterum
2344 5389 2727 5472 animatusad
2748 5389 3083 5472 martyrium
3109 5401 3322 5472 fuisset,
3358 5401 3429 5455 ad
3463 5402 3760 5472 ειωῃεηρίιη,

387 5463 775 5541 ρτίίηιιζηρορςι
805 5463 1026 5541 Petrum
1051 5481 1272 5541 papam,
1308 5465 1528 5541 Romam
1562 5463 1731 5541 venit;
1758 5469 1795 5521 A
1830 5463 1933 5539 quo
1961 5463 2089 5522 cuni
2116 5470 2437 5539 legationem
2494 5469 2779 5538 Evangelii
2822 5463 3167 5541 prfl’dicandi
3224 5463 3427 5541 gratia,
3470 5471 3539 5527 ad
3568 5467 3761 5541 Gallia!»

386 5540 437 5588 et
464 5534 710 5588 Parisios
737 5537 1048 5614 accepisset,
1073 5553 1106 5588 a
1125 5534 1410 5614 ﬁt’sz’nnz'o,
1439 5538 1673 5614 pra'side
1704 5534 2031 5614 Galliarum,
2063 5534 2298 5612 tempore
2330 5534 2661 5605 Domitiani,
2683 5534 2997 5614 cum—sociis
3025 5534 3293 5614 martyin
3331 5534 3636 5614 coronatur,
3657 5534 3759 5608 ofﬁ-

387 5620 596 5731 carqdue
622 5620 742 5731 sui?
769 5606 1480 5731 sensilia/Lsilocumcnlum
1512 5610 1752 5681 reliquit,
1786 5610 1938 5681 dum,
1969 5614 2142 5682 capite
2166 5606 2385 5685 plexus,
2417 5619 2640 5666 truncus
2671 5620 2830 5684 caput
2857 5613 2927 5667 ad
2957 5606 3281 5670 destinatum
3313 5632 3370 5670 se
3394 5617 3594 5671 ultura’
3621 5606 3759 5665 locu!»

387 5691 485 5731 nar
550 5693 646 5731 uas
698 5694 855 5731 curus
890 5694 984 5731 nor
1006 5695 1136 5731 um.

385 5691 485 5748 per
510 5686 646 5732 (luas
678 5686 855 5732 [curus
882 5686 1136 5749 portauit.
