3904 6376
107 395 262 456 111³7

1051 399 1156 462 DE
1200 401 1579 463 PASSIONE
1623 402 1686 461 S.
1735 404 2079 465 DIONYSII
2127 404 2566 469 MARTYRIS.

3365 413 3520 475 IIIS

1264 599 1710 690 INCIPIT
1774 599 2364 691 HISTORIA.

178 800 325 854 Cum
362 800 545 855 factor
574 818 841 870 summae,
878 802 1081 857 medim
1106 804 1347 857 rationis
1380 810 1435 858 et
1470 804 1620 875 imm,

108 888 173 943 In
206 905 381 943 cruce
413 889 767 962 supplicium
805 893 1009 945 mortis
1043 898 1339 964 pateretur
1368 912 1658 961 amarum,

110 977 323 1032 Orbem
360 983 661 1033 nocturna:
693 980 1133 1035 circnnuluxcre
1160 984 1428 1047 tenelme,

110 1068 263 1123 154
300 1069 369 1121 Et
402 1066 510 1134 sol,
546 1069 810 1138 deposito
845 1070 988 1123 radii
1026 1070 1336 1140 splendore
1370 1072 1584 1135 sereni,

110 1156 434 1227 Exsequias
466 1156 696 1210 Domini
732 1157 985 1211 celebrat
1018 1159 1400 1213 t'amulamine
1434 1159 1646 1212 Christi

112 1247 234 1310 Quo
263 1262 399 1299 mox
430 1246 762 1317 astrologus
794 1246 938 1301 visio
967 1247 1279 1319 Dionysius
1310 1248 1522 1315 almus,

111 1333 219 1400 Qui
253 1337 397 1389 tunc
431 1334 827 1405 Memphiticis
860 1341 1044 1389 artem
1078 1337 1341 1391 discebat
1373 1338 1429 1391 in
1460 1338 1601 1403 oris,

112 1425 246 1489 Quae
280 1424 452 1478 docet
482 1427 775 1477 astrorum
810 1428 1024 1492 motus,
1063 1425 1202 1480 solis
1229 1444 1462 1498 quoque
1502 1443 1763 1495 cursum,

113 1512 456 1584 Obstupuit,
493 1511 659 1567 libris
691 1514 977 1584 cmpitque
1012 1515 1304 1585 requirere
1337 1515 1525 1583 lectis,

112 1601 169 1656 Si
203 1604 345 1656 tunc
370 1599 641 1672 ecclipsis
675 1607 871 1672 posset
902 1603 1222 1657 consistere
1254 1604 1414 1659 solis.

112 1692 216 1745 Ast
247 1689 348 1745 ubi
379 1706 496 1744 non
528 1689 729 1744 solitas
762 1691 945 1745 sensit
977 1692 1165 1763 magis
1197 1709 1324 1747 csse
1357 1693 1646 1760 tenebras,

113 1778 508 1851 Descripsisse
540 1780 694 1833 diem
728 1780 971 1851 dignum
1005 1782 1254 1835 ducebat
1283 1787 1337 1836 et
1368 1799 1611 1849 annum,

109 1867 234 1923 Non
265 1868 549 1923 dubitans
578 1868 869 1939 designari
903 1870 1042 1941 quid
1077 1872 1220 1924 forte
1252 1870 1549 1941 stupendi,

106 1958 266 2023 Quod
299 1961 436 2030 post
468 1958 815 2029 mysterium
851 1958 1209 2013 declarasset
1244 1961 1639 2027 tenebrarum,

107 2048 499 2120 Conjectaque
533 2048 715 2102 Deum
750 2046 935 2118 signis
968 2049 1325 2103 testantibus
1356 2049 1600 2115 almum,

109 2134 400 2193 IIactenus
434 2138 725 2208 ignotum,
760 2138 980 2192 mundo
1014 2154 1145 2191 mox
1178 2154 1304 2192 esse
1338 2138 1726 2209 probandum.

110 2229 212 2281 Ast
238 2226 339 2281 ubi
374 2227 449 2281 de
480 2224 617 2280 rivis
654 2226 900 2297 praefata:
935 2224 1171 2279 debrius
1204 2227 1366 2292 artis,

112 2316 367 2371 Athenas
395 2313 584 2387 petiit,
619 2315 814 2369 sedem
846 2315 1217 2385 patriamque
1250 2314 1467 2382 revisit,

111 2408 264 2459 Inter
293 2403 617 2460 stultorum
650 2402 967 2458 simulacra
999 2406 1241 2474 profana
1273 2404 1536 2471 deorum,

112 2492 271 2548 Culte
304 2496 706 2548 constructam
742 2493 877 2563 poni
912 2497 1261 2563 praeccliierat
1292 2510 1475 2558 aram,

113 2582 265 2637 Ilanc
297 2581 491 2655 ipsam
526 2580 711 2634 titulis
744 2581 1060 2634 decernens
1093 2598 1347 2651 congrue
1381 2582 1573 2652 pictis,

117 2669 297 2742 Ignoti
326 2670 442 2724 sub
476 2669 696 2723 honore
729 2668 826 2723 Dei
861 2670 1068 2723 debere
1101 2670 1340 2725 sacrari.

112 2762 289 2825 Quam
318 2759 527 2813 doctor
559 2756 771 2813 Paulus
802 2774 935 2812 eum
970 2757 1384 2828 conspexisset,
1419 2758 1653 2829 opimis,

115 2847 218 2913 Qui
250 2848 327 2902 sit
357 2847 412 2903 is
446 2846 702 2919 ignotus,
732 2846 922 2901 verbis
956 2847 1242 2917 rogitabat
1274 2847 1500 2902 amicis.

113 2936 279 2991 Urbis
312 2934 409 2991 cui
441 2935 671 3007 primus
694 2934 1007 3006 Dionysius
1038 2934 1162 3005 ipse
1198 2936 1404 2989 beatus

115 3024 390 3096 Exposuit
415 3040 677 3089 causam,
714 3040 813 3094 pro
845 3042 962 3094 qua
993 3029 1397 3079 construxerat
1431 3042 1613 3092 aram,

113 3113 182 3167 Et
212 3113 313 3180 sic,
348 3111 595 3168 alternis
628 3112 989 3167 certantibus
1022 3129 1127 3183 ego
1157 3112 1425 3184 loquelis,

112 3201 213 3267 Qui
245 3202 352 3257 fuit
384 3198 747 3267 incredulus,
783 3199 914 3255 fidei
949 3200 1123 3255 cessit
1157 3201 1302 3255 bene
1333 3202 1542 3256 victus.

181 3290 313 3346 Post
338 3290 464 3345 haec
496 3305 790 3360 egressus,
825 3306 973 3343 caeco
1005 3290 1107 3343 dat
1133 3290 1360 3343 lumina
1396 3290 1629 3358 Paulus,

114 3379 290 3443 Quem
318 3394 634 3451 properare
668 3394 841 3449 quem
874 3378 1051 3434 citius
1085 3379 1359 3449 praecepit
1384 3378 1442 3432 in
1476 3381 1703 3435 urbem.

114 3467 269 3522 Hunc
296 3468 567 3523 functum
603 3482 848 3519 cernens
880 3465 1193 3537 praedictus
1217 3466 1437 3521 lumine
1460 3468 1753 3540 princeps,

111 3555 177 3610 Et
199 3556 442 3611 credens
474 3554 666 3629 signo,
699 3554 894 3609 divino
928 3555 1170 3609 numine
1203 3556 1373 3623 facto,

114 3643 366 3699 Festinat
394 3634 595 3698 subito
626 3642 877 3714 cupidus
908 3659 1042 3697 eum
1076 3644 1323 3715 conjuge
1355 3644 1532 3699 chara

113 3732 345 3806 Pergere
374 3749 494 3805 quo
527 3730 773 3786 Paulum
808 3738 1157 3803 cognoverat
1189 3748 1317 3788 esse
1349 3733 1607 3803 beatum,

112 3820 293 3893 Ipsius
323 3820 515 3877 multa
536 3820 692 3892 juris
723 3821 1041 3875 comitante
1072 3825 1324 3887 caterva,

110 3910 211 3975 Qui
242 3910 461 3983 pariter
490 3909 725 3963 fuerant
756 3925 921 3964 sacro
951 3908 1306 3980 baptismate
1338 3910 1527 3979 tincti,

109 3998 344 4056 Prorsus
373 3998 571 4054 delicti
604 3998 967 4053 mundantur
998 3999 1167 4054 sorde
1198 4001 1436 4067 veterni,

106 4086 193 4153 Et,
219 4087 319 4159 qui
349 4088 472 4143 dux
502 4086 690 4159 plebis
722 4087 911 4141 fuerat
943 4086 1259 4142 simulacra
1288 4087 1551 4142 colentis.

170 4175 382 4232 Praasul
413 4175 704 4231 catholico
738 4177 1099 4248 praeponitur
1129 4192 1265 4248 ergo
1297 4176 1551 4248 popello.

104 4264 249 4321 155
278 4266 378 4321 Hic
410 4264 627 4338 praesul
662 4265 870 4331 factus,
904 4264 1053 4319 mira
1085 4264 1344 4319 bonitate
1374 4266 1641 4334 decorus,

104 4353 347 4411 Sedulus
374 4354 639 4411 officium
670 4355 818 4410 bene
848 4353 1161 4426 complevit
1190 4353 1305 4409 sibi
1328 4355 1632 4425 junctum,

101 4441 378 4499 Absentes
409 4441 669 4514 scriptis,
706 4446 1025 4515 praesentes
1054 4442 1307 4514 denique
1339 4443 1533 4512 dictis,

103 4530 182 4586 Ad
210 4548 353 4587 verae
384 4530 613 4588 cultum
646 4530 781 4586 fidei
812 4532 1079 4586 ducendo
1112 4533 1477 4602 sequendum

104 4615 262 4688 Nam,
285 4621 587 4693 quondam
618 4636 888 4691 pergens,
910 4636 1111 4675 semen
1128 4621 1288 4675 verbi
1319 4637 1551 4693 quoque
1586 4639 1749 4694 spar-

108 4706 337 4781 Hospes,
356 4710 486 4781 jam
514 4713 788 4781 vergente
817 4708 933 4776 die,
965 4709 1150 4763 fertur
1178 4708 1414 4781 petiisse
1560 4710 1748 4783 lgens,

106 4794 378 4853 Sanctum
406 4798 812 4871 presbyterum
843 4798 1451 4866 Cretensem,nomine
1473 4798 1747 4872 Carpum,

106 4883 205 4948 Qui
236 4885 387 4942 male
417 4886 663 4942 tristitia
690 4886 1157 4941 conturbabatur
1186 4904 1407 4955 amara,

104 4970 212 5028 Nec
241 4992 355 5031 non
387 4975 521 5048 plus
551 4974 710 5030 licito
744 4992 1029 5030 succensa
1058 4976 1276 5030 ferbuit
1307 4974 1412 5044 ira,

103 5060 345 5125 Quidam
377 5063 619 5136 gentilis
650 5064 791 5135 quia
821 5064 1110 5135 perversis
1144 5064 1400 5119 suadelis

104 5147 252 5204 Fecit
278 5152 687 5208 Christicolam
722 5153 855 5207 fidei
891 5171 1054 5208 sacra
1087 5171 1360 5225 spernere
1404 5155 1741 5225 quemdam.

101 5235 254 5293 Hunc
283 5246 339 5295 et
371 5243 777 5314 presbyterum
808 5242 1021 5313 prarsul
1055 5242 1241 5297 sensit
1274 5244 1392 5297 fore
1443 5248 1740 5310 moestum,

99 5323 338 5383 Causam
374 5330 626 5385 tristitiae
658 5331 852 5385 verbis
884 5331 1182 5402 (Ιιιωνοὺξιῐ
1212 5331 1440 5398 amicis,

101 5410 185 5480 Et,
215 5415 441 5473 tristem
474 5419 715 5475 menitis
748 5419 964 5475 blande
997 5417 1307 5474 mulcenda
1339 5420 1634 5492 benignis,

100 5498 381 5574 Suaserat,
416 5512 482 5562 ut
511 5508 756 5563 nimiam
790 5507 983 5564 cordis
1013 5508 1328 5579 deponeret
1358 5508 1523 5575 iram,

100 5586 166 5642 Et
196 5607 295 5662 pro
318 5595 676 5652 damnandis
706 5601 973 5651 exoraret
1005 5595 1333 5666 scelerosis,

102 5675 236 5747 Quo,
270 5681 383 5739 cito
415 5685 676 5740 conversi
704 5684 1054 5756 Christoque
1084 5685 1465 5753 reconciliati,

1796 2183 1843 2247 B

1793 807 1840 873 Α
1877 806 2016 876 Ejus
2046 806 2403 878 perciperent
2436 809 2595 862 mitis
2629 828 2843 865 munus
2878 812 3126 883 pietatis.

1875 895 2306 967 Admonuitque
2341 900 2541 951 crebro
2578 900 2719 953 nulli
2754 902 2961 955 debere
2994 903 3187 972 negari

1876 986 2049 1054 Spem
2084 986 2280 1051 \'t.‘lllil‘,
2315 989 2613 1058 proprium
2649 989 2817 1043 vellet.
2848 991 2893 1043 si
2932 992 3064 1045 llere
3097 996 3343 1047 reatum.

1877 1073 2009 1137 Sed,
2045 1073 2141 1143 qui
2174 1074 2421 1127 tristitiae
2455 1076 2704 1143 studuit,
2740 1084 2931 1149 spreta
2968 1081 3197 1151 pietate,

1876 1160 1916 1213 Ε
1948 1167 2151 1215 contra
2186 1164 2475 1225 frendens,
2512 1166 2818 1236 cordisque
2852 1168 3040 1222 furore
3076 1172 3404 1241 tabescens,

1874 1250 2161 1319 Apposuit
2194 1251 2423 1305 miseris
2448 1253 2611 1305 duris
2647 1254 2988 1310 maledicere
3018 1258 3228 1328 verbis,

1876 1338 2234 1406 l’rotcstans,
2270 1338 2399 1393 illos
2433 1346 2641 1395 neutra
2674 1344 2882 1413 dignos
2918 1345 3033 1399 fore
3064 1346 3201 1411 vita,

1875 1427 1981 1491 Qui
2014 1427 2226 1482 vixisse
2259 1428 2373 1482 Deo
2408 1430 2921 1501 praesnmpsissent
2955 1434 3080 1487 sine
3112 1451 3263 1488 vero.

1876 1515 1992 1569 Ilac
2030 1520 2147 1569 tam
2178 1516 2448 1571 tristifica
2483 1520 2717 1573 tandem
2753 1521 2972 1575 ratione
3006 1527 3259 1593 peracta,

1876 1602 2065 1657 Mente
2094 1604 2238 1658 satis
2270 1605 2419 1659 tristi
2451 1607 2746 1678 componit
2778 1610 3041 1664 membra
3075 1611 3274 1681 quieti.

1875 1691 1989 1745 Nec
2022 1708 2205 1761 mora,
2240 1698 2626 1762 monstratur,
2659 1696 2823 1749 cellis
2855 1698 2981 1751 εωΙὶ
3017 1700 3343 1770 patefactis,

1873 1779 2056 1848 Visio,
2090 1799 2215 1853 qua)
2248 1783 2461 1838 fluctus
2493 1784 2672 1838 animi
2704 1788 3064 1857 compescuit
3090 1788 3238 1858 ejus.

1876 1868 2129 1939 Scilicet,
2162 1870 2557 1927 Altithronum
2593 1874 2739 1929 miro
2772 1875 3081 1946 splendore
3115 1894 3449 1947 coruscum,

1875 1957 2131 2025 Viderat,
2167 1959 2445 2031 angelicis
2478 1966 2707 2033 septum
2740 1964 2994 2019 residere
3025 1965 3332 2033 ministris,

1875 2046 1954 2102 De
1986 2046 2244 2118 cmloque
2274 2066 2481 2121 rogum
2515 2052 2726 2122 raptim
2760 2055 3110 2110 descendere
3142 2072 3448 2128 magnum,

1875 2136 1990 2190 Ceu
2020 2136 2165 2190 foret
2194 2138 2448 2193 emissus
2482 2140 2765 2194 scelerum
2798 2142 3007 2197 vindex
3036 2144 3387 2215 aliquorum.

1874 2225 1935 2278 In
1971 2229 2155 2279 terras
2188 2226 2371 2280 oculis
2407 2246 2641 2282 rursum
2675 2228 2982 2286 lustrando
3016 2233 3262 2300 reflexis,

1872 2312 2236 2365 IIorrendum
2273 2314 2613 2368 barathrum
2649 2318 2950 2387 conspexit
2978 2318 3139 2373 hiare
3172 2320 3473 2390 deorsum,

1868 2401 2174 2471 Anguibus
2206 2401 2513 2472 impletum
2543 2404 2714 2457 variis
2749 2406 3050 2477 poenisque
3084 2408 3381 2475 refectum,
3498 2390 3503 2397 i

1871 2489 2025 2544 I56
2058 2490 2247 2560 Supra
2278 2492 2433 2561 quod
2468 2491 2663 2546 miseri
2699 2493 2916 2564 plantis
2948 2494 3319 2566 lapsantibus
3354 2496 3437 2552 illi

1872 2578 2179 2632 Hrcrehant
2208 2595 2365 2649 ergo,
2402 2581 2605 2633 flentes
2639 2581 2695 2634 in
2733 2582 2922 2636 littore
2954 2601 3209 2649 summo,

1871 2666 2101 2737 Egressi
2137 2684 2367 2738 quoque
2400 2674 2719 2739 serpentes,
2748 2670 2875 2724 illos
2910 2672 3257 2740 cruciantes,

1870 2756 2167 2827 Cogebant
2198 2773 2397 2809 secum
2432 2757 2775 2812 barathrum
2808 2764 3111 2832 penetrare
3133 2762 3513 2831 profundum.

1871 2846 1993 2908 Quo
2023 2843 2167 2910 viso,
2198 2844 2441 2915 Carpus,
2477 2846 2697 2915 majore
2729 2848 2920 2901 furore
2955 2848 3235 2919 repletus,

1869 2932 2053 2986 Deflet
2076 2932 2230 3003 quod
2266 2932 2467 2986 miseri
2500 2950 2614 2987 non
2648 2939 2843 2988 essent
2876 2920 3239 3007 przeeipitati,

1867 3020 2135 3091 Voceque
2167 3022 2414 3075 confusa
2446 3026 2711 3092 repetens
2736 3041 2971 3078 rursum
3006 3024 3337 3093 maledicta,

1869 3110 2031 3174 Quod
2063 3109 2261 3164 divina
2293 3127 2439 3176 reos,
2474 3116 2601 3165 orat
2633 3130 2785 3179 mox,
2821 3112 2963 3167 ultio
2998 3115 3221 3185 predat.

1869 3199 2124 3266 Dixerat,
2160 3202 2216 3251 et
2245 3200 2409 3263 Jesu,
2444 3199 2615 3254 solita
2648 3201 2863 3272 pietate
2894 3202 3161 3275 benigus,

1869 3287 1949 3342 De
1984 3304 2217 3341 summo
2250 3288 2376 3341 οωΙὶ
2414 3288 2558 3343 solio
2590 3294 2897 3361 promqtus
2930 3291 3215 3360 misereri,

1869 3376 2021 3443 Infit,
2060 3393 2174 3430 non
2210 3377 2411 3430 mitem
2445 3378 2628 3448 Carpe
2656 3381 2953 3434 causando
2986 3380 3243 3435 dolorem
3279 3399 3291 3435 :

1869 3465 2129 3531 Percute,
2167 3464 2214 3517 si
2250 3466 2441 3535 possis
2468 3471 2669 3520 contra
2700 3484 2812 3534 me,
2837 3468 3018 3539 Carpe
3051 3469 3302 3536 rebellis,

1789 3549 1832 3615 C
1870 3552 1976 3617 Qui
2009 3552 2177 3623 cupis
2209 3552 2512 3606 interitum
2540 3554 2807 3609 sitienter
2836 3556 3042 3610 adesse
3074 3573 3326 3611 reorum.

1861 3642 1969 3708 En,
2000 3658 2104 3712 ego
2135 3657 2268 3695 cum
2302 3640 2428 3694 (εωΙὶ
2464 3646 2652 3695 rector
2685 3643 3007 3714 mortisque
3042 3649 3394 3715 peremptor,

1864 3731 2131 3784 Ilumana
2163 3748 2367 3783 rursus
2398 3747 2500 3800 pro
2528 3735 2698 3801 gente
2730 3732 2849 3802 pati
2886 3732 2976 3802 pie
3009 3737 3342 3804 promptus,

1862 3819 1921 3874 Si
1954 3836 2069 3873 non
2104 3817 2313 3873 salvari
2348 3822 2595 3889 possunt
2627 3819 2797 3874 aliter
2828 3821 3099 3876 scelerosi

1863 3907 1969 3974 Qui
2002 3911 2132 3978 post
2163 3908 2546 3962 commissum
2580 3908 2818 3963 discunt
2850 3910 3061 3965 deﬂere
3092 3914 3342 3966 reatum.

1861 3997 1977 4052 Nec
2017 3996 2136 4051 leve
2166 3997 2311 4051 duco
2346 4014 2486 4051 meae
2519 3998 2731 4052 dextrae
2756 3998 2881 4069 jam
2918 3998 3146 4071 plasma
3177 4000 3387 4072 perire,

1862 4086 2025 4151 Quod
2057 4084 2371 4157 pulchrum
2405 4086 2536 4153 feci,
2569 4087 2726 4158 quod
2754 4093 3093 4160 corruptum
3124 4089 3408 4162 reparavi,

1860 4174 2021 4246 Elige
2048 4192 2205 4229 nunc
2237 4174 2470 4229 dulcem
2501 4175 2589 4231 vel
2623 4177 2898 4233 sectando
2930 4178 3231 4249 pietatem,

1862 4264 1926 4319 Ia
1958 4263 2102 4318 ccelo
2135 4280 2367 4318 mecum
2401 4281 2632 4336 semper
2663 4283 2906 4338 regnare
2939 4284 3042 4338 per
3071 4285 3280 4338 azvum,

1859 4351 1982 4419 Vel,
2016 4369 2120 4423 per
2151 4352 2431 4407 saevitiam
2464 4353 2603 4407 dirae
2637 4354 2851 4409 mentis
2885 4355 3038 4411 male
3071 4357 3299 4425 duram,

1861 4441 2159 4514 Supplicio
2190 4440 2452 4495 barathri
2484 4441 2634 4496 tradi
2670 4442 2797 4497 sine
2828 4445 2942 4498 fine
2973 4445 3269 4516 profundi.

1862 4530 1961 4585 Ilis
1994 4530 2246 4585 nimium
2272 4530 2476 4599 justus
2502 4530 2745 4587 monitis
2776 4531 2863 4586 vir
2889 4533 3353 4599 mansuefactus,

1860 4618 2206 4691 Exemplum
2240 4617 2466 4673 cunctis
2499 4618 2797 4674 imitandae
2830 4621 2896 4674 ﬁt
2923 4619 3177 4691 pietatis.

1861 4708 1997 4763 Post
2028 4708 2169 4774 haec,
2203 4723 2575 4762 summorum
2606 4707 2763 4763 fama
2793 4707 2986 4763 clarus
3020 4709 3384 4779 meritorum,

1860 4796 2097 4865 Przesul,
2133 4794 2427 4867 disposuit
2462 4797 2706 4851 Romam
2738 4797 2980 4870 petiisse
3012 4798 3352 4869 superbam,

1780 4918 1827 4983 D
1859 4885 2080 4957 Optans
2108 4901 2242 4939 cum
2276 4885 2441 4940 Petro
2475 4886 2652 4940 Paulo
2682 4887 3016 4958 pariterque
3046 4887 3350 4959 magistro,

1858 4976 2104 5031 Nomine
2136 4992 2236 5046 pro
2269 4973 2480 5030 Christi
2514 4992 2575 5030 se
2608 4993 2742 5030 mox
2772 4976 3107 5047 impendere
3141 4977 3336 5032 morti.

1856 5063 2118 5119 Palmam
2153 5062 2415 5134 martyrii
2449 5063 2549 5117 sed
2583 5068 2968 5134 sumpserunt
2996 5063 3159 5136 prius
3190 5064 3273 5119 illi

1855 5156 2039 5219 Quam
2070 5155 2266 5223 portas
2298 5153 2491 5206 Roma:
2523 5153 2761 5209 veniens
2794 5154 3107 5209 intraverat
3139 5155 3282 5225 ipse,

1854 5240 2309 5313 Discipulusque
2341 5241 2517 5308 Petri,
2545 5242 2833 5307 Clemens,
2868 5243 3217 5298 venerabilis
3249 5245 3398 5311 orbi,

1855 5332 2023 5387 Sedis
2056 5329 2385 5402 apostolicae
2418 5330 2651 5385 culmen
2683 5332 2825 5386 rexit
2856 5332 3003 5388 satis
3036 5338 3189 5405 apte.

1852 5421 1957 5485 Qui
1993 5436 2127 5473 nam
2160 5417 2493 5489 pontificem
2530 5420 2620 5489 pie
2652 5422 2913 5492 suscepit
2942 5423 3294 5489 venientem,

1852 5508 2022 5564 Illum
2056 5506 2340 5577 condigne
2365 5524 2718 5581 summoque
2751 5510 2977 5566 colebat
3008 5528 3240 5577 amore;

1850 5598 2109 5667 Denique
2142 5600 2270 5666 post
2301 5596 2561 5665 spatium
2594 5600 2827 5654 decursi
2858 5600 3137 5672 temporis
3168 5597 3455 5668 amplum,

1850 5685 1996 5740 I57
2034 5687 2154 5751 Quo
2186 5682 2333 5736 servi
2370 5684 2605 5741 Domini
2633 5691 3107 5745 commanserunt
3129 5685 3462 5757 venerandi,
