3904 6386
424 413 487 475 Η
503 414 578 475 ‘19

420 555 566 613 Cum
590 551 718 622 jam
751 546 1005 603 ccelestis
1038 545 1225 617 pietas
1247 544 1564 601 mitissima
1586 545 1760 619 Regis

418 648 661 703 Eterna:
683 642 832 698 lucis
865 638 1025 695 radio
1055 636 1334 693 voluisset
1365 637 1559 709 opimo

415 738 692 793 Errorum
722 733 993 789 tenebras
1022 733 1281 783 veterum
1315 727 1641 782 discindere
1670 726 1888 798 nigras,

416 827 589 893 Queis
622 830 760 880 tunc
791 822 1044 878 occiduae
1076 823 1270 892 partes
1304 821 1534 874 fuerant
1564 819 1716 874 male
1748 819 1972 886 cinctus,

414 916 591 988 Papa.
624 913 782 986 prior
805 911 1063 967 monitus
1095 909 1288 964 divino
1324 908 1603 975 Flamine,
1640 915 1899 977 sanctus,

415 1004 677 1061 Pontifici
707 1002 899 1059 verbis
931 1001 1107 1073 digno
1141 1001 1425 1055 suadebat
1456 1000 1662 1054 amicis

412 1096 649 1150 Semina
678 1080 995 1163 divini‘per
1021 1095 1222 1163 gentes
1254 1108 1526 1162 spargere
1557 1090 1735 1145 verbi.

410 1189 515 1253 En,
549 1186 650 1251 ait,
685 1202 717 1240 0
749 1183 919 1239 miles
945 1181 1184 1248 Christi,
1213 1182 1389 1235 frater
1421 1180 1679 1252 Dionysi,

410 1277 625 1349 Magna
652 1291 819 1345 seges
850 1271 1081 1327 Domini
1116 1270 1326 1326 crescit
1357 1288 1458 1342 per
1486 1270 1723 1325 climata
1757 1270 1985 1338 mundi,

408 1365 678 1420 Przebens
710 1364 1051 1417 innumeras
1080 1364 1320 1414 matura)
1354 1359 1567 1415 messis
1598 1359 1832 1427 aristas,

408 1455 702 1510 Instantes
732 1451 911 1507 messi
944 1452 1044 1506 sed
1075 1454 1346 1505 constant
1377 1449 1589 1521 oppido
1624 1449 1815 1520 pauci.

406 1543 549 1599 llinc
582 1548 668 1610 tu,
700 1559 1000 1597 sacrorum
1032 1539 1270 1594 bibulus
1303 1539 1403 1610 qui
1438 1540 1595 1594 fonte
1628 1538 1909 1593 librorum

404 1634 713 1697 Constans,
750 1630 929 1685 divini
964 1628 1181 1683 sciolus
1212 1645 1390 1699 quam
1424 1627 1677 1681 maxime
1709 1626 1926 1694 cultus,

401 1721 677 1794 Exemplo
710 1719 892 1785 Pauli,
929 1735 1171 1774 securus
1204 1733 1397 1788 perge,
1429 1716 1693 1785 magistri

401 1812 652 1884 Imperio
683 1808 930 1882 populos
961 1806 1174 1862 Christi
1207 1806 1565 1877 subjungere
1593 1804 1831 1861 multos.

397 1903 468 1958 Et
496 1900 599 1957 tibi
626 1900 796 1955 credo
828 1900 1174 1970 potestatem
1200 1895 1440 1951 ditionis
1460 1896 1727 1950 eamdem

396 1995 582 2059 Quam
614 1990 913 2046 Christum
948 1987 1112 2042 Petro
1143 1986 1368 2041 scimus
1396 1984 1710 2039 tradidisse
1742 1986 2045 2058 magistro,

396 2083 487 2145 Et.
519 2097 697 2154 quam
721 2077 955 2149 suscepi
987 2092 1294 2131 successor
1315 2076 1449 2146 jure
1482 2074 1772 2146 magistri.

395 2172 716 2228 Conversus
741 2168 835 2240 pie
868 2165 1150 2230 solvendi,
1185 2169 1500 2236 sontesque
1530 2163 1774 2235 ligandi.

392 2261 603 2334 Accipe
631 2276 789 2315 nunc
820 2256 1041 2317 Gallos.
1072 2254 1176 2310 tibi
1210 2271 1303 2308 me
1336 2255 1618 2319 tradente,
1654 2255 1968 2323 docendos,

393 2349 798 2421 Doctrinaaque
830 2346 913 2401 tui
937 2346 1203 2415 signetur
1234 2342 1422 2398 Gallia
1455 2342 1608 2408 forti,

392 2443 516 2507 Quo
543 2438 632 2493 vir
662 2434 1018 2510 apostolicus
1051 2433 1229 2503 digna
1259 2431 1569 2487 eelebreris
1602 2432 1862 2489 alumna.

391 2530 508 2585 Nec
535 2542 769 2583 vereare
803 2524 1039 2596 quidem
1074 2527 1278 2595 gentes
1307 2520 1525 2575 intrare
1557 2520 1821 2589 rebelles,

391 2620 526 2685 Qua:
558 2618 784 2672 restant
811 2630 967 2677 vero,
1002 2612 1338 2666 frendentes
1370 2626 1531 2664 more
1562 2610 1767 2676 ferino,

389 2709 522 2775 Sed,
558 2706 662 2762 tibi
692 2702 979 2759 mercedis
1009 2705 1263 2766 tantum,
1300 2700 1547 2766 confide,
1581 2700 1874 2771 perennis,

386 2799 453 2854 In
486 2795 673 2852 Patris
706 2793 993 2865 astrigera
1023 2790 1243 2845 summi
1276 2787 1559 2843 servarier
1585 2789 1738 2853 aula,

386 2889 685 2953 Quantum
718 2900 822 2955 pro
853 2881 1084 2937 Christo
1114 2878 1319 2934 tuleris
1353 2878 1581 2949 patiedo
1615 2876 1852 2932 doloris.

385 2972 485 3029 llis
516 2989 678 3044 papa:
708 2970 943 3026 blandis
972 2968 1184 3040 praesul
1211 2967 1470 3021 monitus
1501 2965 1778 3032 suadelis,

383 3062 651 3118 Occidam
687 3060 833 3114 fines
865 3057 1048 3130 partis
1080 3057 1329 3111 festinus
1363 3056 1562 3120 adivit,

380 3149 668 3205 anibus
698 3152 872 3220 atque
905 3146 1088 3201 Patris
1120 3162 1388 3217 gressum
1417 3162 1549 3199 mox
1580 3144 1778 3199 intulit
1808 3146 1992 3215 urbis,

380 3241 446 3295 In
479 3256 597 3310 qua
626 3238 827 3292 crebro
860 3235 969 3290 loci
1004 3252 1105 3306 pro
1138 3234 1437 3289 fertilitate
1468 3233 1682 3300 decori,

379 3327 680 3384 Gallorum
711 3340 977 3397 proceres
1009 3326 1364 3377 concurrunt
1394 3323 1608 3394 saepius
1639 3340 1863 3379 omnes.

380 3417 481 3473 Hic
512 3415 611 3471 ubi
644 3413 822 3469 diviui
856 3413 1029 3484 cmpit
1060 3429 1227 3467 sacra
1258 3411 1486 3466 semina
1513 3412 1672 3466 verbi

377 3507 681 3577 Spargere,
715 3503 1018 3575 signorum
1054 3517 1189 3556 mox
1219 3516 1483 3555 exercere
1516 3517 1617 3572 per
1644 3499 1812 3556 illum

374 3594 646 3650 Christus
677 3591 920 3645 virtutes
951 3590 1304 3662 dignebatur
1335 3589 1676 3661 pieiplures,

374 3680 530 3739 158
562 3683 684 3749 Quo
716 3683 877 3735 tanto
900 3677 1087 3751 plebis
1118 3677 1457 3733 mollescere
1479 3679 1654 3733 corda
1686 3678 1920 3734 rebellis

370 3772 460 3829 Ad
490 3772 720 3826 veniam
753 3773 1016 3842 possent,
1049 3772 1269 3840 quanto
1302 3768 1504 3822 crebro
1537 3767 1708 3839 signa
1740 3767 2021 3826 viderent.

372 3862 477 3916 Ast
508 3859 608 3915 ubi
639 3858 931 3913 credentis
965 3874 1248 3912 numerus
1280 3856 1483 3928 populi
1516 3857 1706 3927 magis
1738 3860 1968 3923 auctus,

372 3949 703 4021 Inspirante
735 3948 861 4002 dies
894 3945 1121 4001 Christo
1155 3945 1434 4001 crevisset
1462 3946 1519 3999 in
1554 3962 1779 4013 omnes,

372 4038 682 4094 Infremuit
712 4054 890 4108 super
917 4035 1027 4090 hoc
1056 4036 1269 4113 veteris
1301 4036 1460 4090 fraus
1493 4051 1643 4089 sreva
1674 4034 1964 4103 draconis,

369 4126 705 4199 Dedignans
734 4125 964 4180 animas
996 4140 1123 4179 sese
1141 4125 1269 4195 jam
1302 4124 1543 4195 perdere
1578 4127 1791 4191 tantas,

370 4220 527 4283 Quas
559 4215 723 4287 prius
753 4230 1017 4268 errorum
1049 4213 1278 4285 laqueis
1308 4211 1574 4283 capiebat
1606 4209 1845 4278 amaris,

370 4304 514 4360 llinc
545 4306 711 4375 pater
739 4302 862 4374 ipse
893 4302 1032 4369 doli,
1066 4301 1303 4357 sceleris
1333 4301 1653 4371 doctorque
1680 4298 1942 4370 maligni,

368 4393 645 4449 Provocat
674 4393 961 4464 injustam
995 4407 1191 4463 regem
1222 4406 1377 4460 mox,
1410 4388 1836 4455 Domitianum,

365 4480 731 4538 Christicolis
759 4481 948 4536 edicta
978 4479 1138 4535 necis
1169 4479 1388 4533 dictare
1421 4477 1647 4531 ferocis.

366 4571 739 4640 Qui,decreta
763 4587 868 4642 per
887 4585 1060 4625 omne
1085 4582 1260 4623 suum
1292 4566 1533 4621 mittens
1556 4563 1714 4620 mala
1744 4582 2012 4639 regnum,

367 4658 578 4714 Christi
612 4658 865 4713 cultores
899 4656 1072 4711 morti
1099 4654 1435 4709 damnarier
1464 4670 1688 4709 omnes.

366 4748 548 4819 Cujus
579 4749 864 4818 prmcepto
895 4743 1191 4799 Sisinnius
1215 4759 1350 4814 ergo
1383 4742 1654 4811 nefando,

368 4835 605 4903 Praeses,
639 4850 990 4889 consensum
1022 4833 1286 4904 praebens
1310 4834 1597 4904 extemplo
1630 4834 1976 4907 malignum,

367 4922 705 4978 Pontiﬁcem
739 4922 1077 4993 praesentari
1108 4922 1393 4989 vinctum,
1419 4922 1608 4993 jubet,
1643 4923 1752 4992 illi,

364 5014 549 5075 Quem
582 5010 676 5065 fox
707 5010 1006 5067 Gallarum
1038 5009 1307 5083 cognovit
1332 5012 1441 5066 rite
1468 5014 1839 5085 magistrum,

362 5102 443 5155 Ae
475 5099 732 5172 primum
764 5101 963 5173 ﬂagris
997 5104 1316 5156 mactatum
1350 5101 1601 5172 denique
1635 5104 1819 5169 duris,

364 5189 480 5244 Nec
511 5206 625 5242 non
657 5190 963 5262 suppliciis
994 5191 1267 5246 affectum
1298 5190 1500 5246 crebro
1533 5192 1812 5260 cruentis,

364 5278 624 5333 Carceris
650 5278 704 5332 in
741 5282 1010 5335 tenebras
1036 5281 1219 5352 jussit
1247 5280 1585 5335 concludier
1613 5286 1795 5349 atras,

365 5367 557 5439 Ipsius
589 5368 1022 5439 condiscipulos
1055 5371 1273 5441 pariter
1298 5386 1529 5440 quoque
1562 5370 1755 5437 binos,

363 5460 519 5524 Quos
552 5473 855 5528 nunquam
887 5458 1063 5513 charo
1095 5476 1222 5513 sors
1254 5463 1420 5531 coget
1450 5459 1655 5513 abesse
1707 5460 2009 5531 magistro.

363 5547 474 5602 Sed
507 5563 612 5601 nec
642 5546 925 5601 carcereis
956 5546 1165 5617 praesul
1198 5548 1511 5619 praeclarus
1549 5547 1609 5602 in
1640 5548 1824 5603 antris

361 5634 587 5689 Desinit
617 5634 965 5706 obsequium
998 5634 1244 5689 Domino
1278 5638 1601 5707 persolvere
1633 5638 1903 5709 dignum,

362 5724 474 5778 Sed
506 5724 706 5779 docuit
736 5724 992 5796 plenam,
1028 5725 1287 5781 studiose
1320 5727 1780 5797 convenientem,

1232 411 1768 473 IIltOTSUlTHzE
1813 412 1913 472 MC

2146 413 2187 476 S
2237 415 3027 485 GANDERSHEIMENSIS

3714 430 3863 490 “20

2096 548 2151 615 Α
2179 552 2258 607 Ac
2289 551 2542 609 celebrat
2573 572 2748 611 sacrm
2781 555 2950 613 solito
2981 556 3266 616 solemnia
3290 558 3511 617 missze.

2178 643 2300 709 Ast,
2336 642 2436 699 ubi
2469 644 2762 699 cmlestem
2792 647 3041 701 debebat
3072 648 3339 721 frangere
3371 668 3623 723 panem,

2180 731 2302 784 Lux
2334 750 2478 787 nova
2510 734 2781 789 tristifico
2814 736 3009 789 subito
3040 736 3299 810 fulgebat
3335 739 3389 793 in
3424 744 3629 807 antro,

2178 822 2241 875 In
2275 838 2390 892 qua
2422 823 2658 878 sidereae
2694 825 2989 896 Regnator
3018 826 3366 898 splendidus
3398 830 3550 884 aula)

2176 910 2428 979 Scilicet,
2464 913 2729 983 angelica
2761 915 2977 985 pariter
2998 916 3314 972 comitante
3347 924 3581 974 caterva
3611 938 3625 988 ;

2172 1002 2493 1071 Apparens,
2528 1002 2771 1056 charum
2803 1003 3216 1059 consolabatur
3246 1006 3581 1075 alumnum,

2172 1091 2503 1161 Sanctaque
2535 1092 2684 1146 dans
2716 1090 2820 1159 illi,
2857 1092 3149 1148 mulcebat
3184 1094 3397 1149 famine
3430 1095 3532 1150 tali
3572 1113 3588 1150 :

2169 1180 2399 1250 Accipe,
2430 1179 2603 1235 charc
2635 1199 2825 1247 meus,
2860 1182 2972 1237 mis
2994 1183 3121 1253 jam
3153 1184 3486 1239 venerabile
3518 1202 3780 1258 corpus,

2169 1271 2348 1339 Cujus
2381 1270 2729 1340 mysterium
2761 1270 2865 1324 tibi
2899 1288 3033 1325 mox
3064 1272 3367 1344 complebo
3400 1280 3735 1332 secretum.

2168 1358 2433 1430 Namque
2466 1359 2550 1413 tui
2586 1377 2808 1415 merces
2841 1378 3073 1416 mecum
3105 1367 3301 1417 manet
3334 1364 3563 1434 optima
3598 1382 3843 1438 perpes,

2171 1448 2384 1520 (lisque
2418 1449 2577 1504 salus
2616 1467 2852 1504 summa
2884 1450 3071 1505 Patris
3104 1455 3415 1522 prccstatur
3440 1452 3499 1506 in
3532 1454 3709 1521 aula,

2165 1538 2504 1593 Consentire
2538 1538 2655 1593 tuis
2688 1539 2787 1610 qui
2821 1540 2964 1593 dant
2995 1556 3231 1610 operam
3263 1540 3354 1612 pic
3385 1541 3594 1611 jussis,

2164 1626 2317 1681 159
2350 1628 2515 1681 Certa
2546 1630 2881 1681 constanter
2912 1644 3193 1699 servaque
3225 1629 3399 1683 fidem
3433 1630 3769 1701 patienter,

2164 1718 2286 1783 Quo
2312 1719 2579 1770 crescant
2609 1715 2855 1771 celebris
2886 1716 2988 1770 tibi
3013 1718 3139 1787 jam
3174 1719 3463 1788 prmeonia
3492 1719 3730 1791 laudis,

2161 1804 2248 1872 Et,
2284 1806 2676 1877 quodcunque
2702 1805 2884 1860 sacris
2910 1823 2943 1860 a
2972 1822 3064 1860 me
3095 1807 3368 1878 precibus
3401 1810 3727 1882 rogitabis,

2077 1923 2126 1988 B
2163 1896 2480 1965 [mpetrare
2514 1894 2625 1948 mei
2658 1894 2877 1965 poteris
2908 1895 3059 1950 dono
3091 1894 3350 1967 pietatis.

2158 1982 2283 2038 Tali
2318 1982 2548 2037 laetatus
2582 1982 2750 2037 fortis
2783 1982 3089 2051 solamine,
3123 1985 3314 2053 testis,

2157 2072 2329 2127 Nulla
2360 2073 2529 2127 timet
2563 2076 2854 2127 tormenta
2886 2073 3005 2143 pati
3036 2090 3141 2145 pro
3174 2075 3412 2131 nomine
3445 2076 3699 2134 Christi.

2156 2164 2292 2218 Post
2322 2164 2442 2217 hcce
2470 2161 2749 2217 abstracti
2781 2166 2960 2217 testes
2991 2163 3061 2217 de
3088 2180 3315 2219 carcere
3346 2167 3523 2235 terni,

2157 2253 2447 2323 Przeccpto
2474 2269 2607 2306 mox
2638 2251 2892 2322 praefecti
2927 2257 3168 2323 cogente
3200 2255 3460 2325 superbi,

2150 2344 2238 2397 An
2269 2340 2481 2396 vellent
2511 2340 2695 2405 duris,
2734 2341 3082 2413 rogitantur,
3117 2343 3350 2397 credere
3380 2347 3573 2415 pmnis
3597 2347 3631 2401 7

2152 2431 2259 2498 Qui
2294 2431 2441 2485 bene
2473 2430 2810 2497 concordes,
2843 2428 2999 2484 clara
3031 2446 3262 2502 quoque
3293 2449 3428 2488 voce
3459 2434 3750 2505 fatentes,

2153 2522 2381 2575 Patrem
2415 2536 2549 2574 cum
2582 2519 2747 2584 Nato,
2784 2536 2887 2573 nec
2919 2535 3032 2574 non
3065 2536 3198 2574 cum
3235 2520 3497 2579 Flamine
3530 2543 3731 2596 sacro,

2150 2612 2291 2664 Esse
2321 2609 2505 2664 Deum
2536 2625 2758 2675 verum,
2795 2606 3104 2679 solumque
3137 2611 3470 2680 perenniter
3500 2630 3722 2683 unum,

2149 2700 2484 2765 Tcstantur,
2512 2714 2645 2751 mox
2678 2697 2851 2752 malle
2883 2697 3031 2752 mori
3064 2715 3165 2770 pro
3198 2701 3437 2756 nomine
3468 2702 3719 2773 Christi,

2150 2788 2521 2844 Membratim
2557 2805 2786 2859 quoque
2817 2787 3123 2859 suppliciis
3153 2789 3341 2845 scindi
3376 2792 3680 2862 redivivis,

2147 2881 2332 2945 Quam
2366 2895 2473 2932 sua
2502 2876 2652 2931 colla
2683 2876 2795 2931 diis
2828 2894 3089 2949 unquam
3122 2879 3467 2936 submittere
3501 2882 3694 2939 falsis.

2148 2969 2262 3021 llac
2294 2966 2482 3037 magis
2513 2966 2770 3019 oﬂ‘ensus
2801 2983 3014 3035 przescs
3047 2967 3271 3021 ratione
3301 2970 3609 3041 profanus,

2142 3058 2255 3111 Ceu
2286 3055 2393 3121 leo,
2432 3072 2542 3108 non
2576 3052 2806 3108 modica
2838 3054 3074 3125 rugiens
3104 3063 3462 3129 praeceperat
3491 3059 3598 3128 ira,

2138 3144 2391 3200 Athletis
2422 3142 2633 3198 Christi
2657 3141 2908 3196 cervices
2939 3159 3073 3197 mox
3104 3148 3375 3215 resecari,

2137 3234 2207 3288 Et
2236 3231 2447 3305 gladiis
2479 3236 2721 3286 cunctos
2752 3231 2959 3301 perimi
2982 3231 3336 3303 baptismate
3367 3236 3539 3294 lotos.

2057 3294 2099 3361 C
2141 3323 2406 3379 Czedibus
2434 3320 2778 3387 innumeris,
2815 3325 2879 3374 ut
2901 3321 3106 3391 jussit,
3139 3320 3398 3396 namque
3429 3332 3703 3401 peractis,

2141 3411 2357 3468 Praesul
2391 3427 2525 3465 cum
2557 3409 2732 3464 sociis
2756 3410 3002 3480 junctus
3034 3411 3291 3467 trahitur
3318 3419 3670 3476 venerandis

2138 3502 2223 3557 Ad
2255 3501 2383 3555 loca
2414 3498 2700 3570 martyrii,
2726 3498 2941 3553 damno
2974 3500 3233 3572 capitum
3260 3508 3603 3577 peragendi.

2140 3591 2249 3657 Qui
2283 3606 2418 3644 nam
2451 3588 2795 3659 gaudentes,
2830 3588 3077 3644 Domino
3110 3588 3433 3663 laudesque
3463 3602 3681 3653 canent

2139 3680 2460 3752 Pergebant
2491 3678 2744 3750 prompti
2779 3682 2964 3731 semet
2994 3695 3127 3733 mox
3157 3680 3367 3737 dedere
3398 3686 3599 3740 morti.

2138 3767 2352 3824 Prassul
2384 3771 2524 3822 tunc
2554 3766 2739 3821 oculis
2771 3784 3008 3821 sursum
3032 3770 3424 3843 manibusque
3453 3772 3683 3844 levatis,

2134 3856 2493 3912 Alrithtrono
2524 3855 2671 3910 tales
2703 3855 2985 3911 fundebat
3014 3873 3268 3930 congrue
3299 3864 3516 3931 grates,

2137 3947 2213 4001 Mi
2247 3947 2381 4016 Dee,
2415 3947 2497 4001 mi
2532 3947 2757 4010 Factor,
2790 3946 2869 3999 mi
2901 3946 3361 4005 clementissime
3394 3952 3626 4022 Itector,

2134 4034 2243 4101 Qui
2266 4051 2359 4089 me
2386 4033 2545 4088 vitali
2577 4038 2861 4105 prazstans
2886 4053 3026 4091 aura
3058 4037 3147 4109 pie
3171 4039 3343 4106 vesci,

2132 4123 2367 4178 Scilicet
2397 4122 2614 4195 ingenii
2647 4124 2877 4179 donasti
2912 4124 3040 4181 luce
3072 4127 3346 4198 profundi

2132 4215 2254 4278 Quo
2287 4213 2363 4268 tis
2397 4215 2686 4267 secretum
2716 4216 3011 4268 scrutarer
3040 4216 3477 4286 mysteriorum.

2130 4303 2211 4357 Te
2239 4300 2431 4356 solum
2463 4299 2659 4368 laudo,
2694 4304 2749 4355 te
2781 4302 3127 4358 eordctenus
3156 4304 3457 4373 benedice,

2126 4392 2197 4446 Et
2224 4389 2331 4444 tibi
2362 4390 2598 4444 devotas
2630 4390 2859 4445 cunctis
2890 4396 3086 4463 grates
3118 4410 3225 4465 ago
3251 4394 3557 4463 membris,

2129 4480 2235 4535 Pro
2268 4477 2496 4533 cunctis
2529 4477 2697 4533 donis
2728 4477 2873 4533 mihi
2902 4478 3122 4535 collatae
3153 4481 3409 4553 pietatis.

2127 4570 2323 4641 Teque
2351 4584 2575 4640 precor,
2601 4567 2930 4639 majestatis
2958 4569 3076 4625 Rex
3101 4587 3313 4643 magne
3338 4575 3618 4645 perennis

2044 4668 2091 4732 D
2128 4659 2197 4714 Ut
2226 4660 2364 4713 dare
2392 4660 2731 4729 perpetuam
2766 4657 3038 4714 mihimet
3067 4660 3307 4732 dignere
3336 4679 3638 4731 coronam,

2124 4751 2313 4820 Atque
2339 4745 2484 4800 meis
2518 4745 2712 4814 sociis,
2745 4763 2849 4818 pro
2883 4752 2936 4802 te
2961 4765 3115 4802 nunc
3136 4750 3263 4819 jam
3296 4751 3623 4825 morituris,

2126 4839 2281 4894 160
2310 4837 2515 4906 Tuque
2545 4838 2715 4890 tuum
2743 4835 3027 4907 populum
3061 4854 3227 4893 serva
3256 4840 3473 4911 pietate
3512 4846 3777 4914 paterna,

2124 4930 2304 4991 Quem
2338 4940 2585 4997 pascens
2617 4924 2751 4979 fidei
2781 4925 3014 4980 tibimet
3044 4944 3314 4983 sermone
3345 4930 3588 4984 nutrivi.

2126 5016 2226 5072 llis
2259 5014 2339 5069 ita
2370 5014 2667 5085 poscentis
2692 5014 2965 5085 precibus
2987 5016 3113 5087 jam
3149 5015 3258 5071 rite
3285 5018 3563 5089 peractis,

2123 5104 2250 5160 Una
2280 5101 2557 5173 discipuli
2589 5107 2792 5157 sancto
2825 5120 2961 5158 cum
2992 5103 3239 5175 prwsule
3270 5105 3416 5176 bini,

2125 5191 2448 5265 Peplitibus
2481 5190 2709 5262 positis,
2744 5191 3067 5247 cervicibus
3096 5198 3268 5266 atque
3298 5196 3551 5251 reﬂexis.

2122 5284 2282 5337 lctus
2310 5279 2530 5335 lictoris
2562 5285 2949 5350 susceperunt
2981 5281 3258 5337 ferientis.

2123 5375 2382 5439 Quorum
2414 5370 2739 5441 permansit
2768 5370 3013 5427 celebris
3044 5372 3334 5427 confessio
3363 5373 3524 5442 talis,

2123 5461 2215 5526 Ut,
2250 5461 2391 5515 dum
2426 5458 2669 5530 precisis
2701 5459 2993 5515 siluerunt
3025 5478 3265 5532 corpora
3296 5461 3485 5533 collis,

2123 5548 2436 5619 Palpantes
2464 5547 2674 5618 lingua)
2702 5547 2909 5604 laudes
2938 5550 3185 5605 Domino
3218 5550 3501 5607 cecinere.

2122 5641 2484 5694 Truncatum
2518 5654 2749 5709 quoque
2773 5638 3069 5710 pontificis
3101 5657 3312 5711 corpus
3344 5642 3659 5699 morientis

2122 5728 2376 5798 Erigitur
2406 5724 2620 5791 subito,
2658 5727 2910 5785 nitidum
2942 5729 3251 5801 splendore
3281 5747 3518 5799 sereno,
