3904 6384
402 397 559 457 1123

1215 393 1748 456 HROTSUITHIE
1793 391 2170 452 MONIALIS
2217 392 3019 458 GANDERSHEIMENSIS

3707 401 3860 462 1121

401 530 554 586 168
583 529 803 601 Inclyta
835 527 1112 583 nobilitas
1142 544 1288 600 quos
1319 525 1472 582 vexit
1501 531 1559 581 et
1588 525 1744 580 alma
1776 529 2057 598 potestas,
2089 528 2143 594 Α
2172 523 2331 581 Talis
2361 543 2616 600 namque
2642 544 2829 597 meus,
2865 547 3039 602 quem
3073 530 3274 606 diligo,
3307 536 3547 590 constat
3591 534 3853 602 amicus,

399 619 574 674 Ortus
605 622 782 689 atque
815 617 904 671 sui
938 617 1300 688 respondens
1333 614 1650 682 nobilitati,

399 707 648 764 Pulchra
678 707 789 761 fuit
822 705 986 774 facie,
1021 705 1274 777 fideique
1307 705 1518 760 decora
1547 703 1754 771 nitore,

398 795 712 867 Prazcipuis
744 794 994 849 nimium
1029 793 1253 850 meritis
1285 795 1623 864 mundoque
1655 791 1924 846 celebris.

395 887 550 952 Quae,
577 885 703 956 jam
737 884 920 938 tincta
949 883 1099 938 sacri
1133 901 1280 954 pura
1310 882 1684 953 baptismatis
1717 882 1876 936 unda

395 976 463 1029 Et
495 975 563 1030 dc
595 972 788 1028 delicti
821 971 1072 1028 maculis
1100 973 1385 1026 mundata
1415 970 1654 1037 veterni,

393 1065 466 1120 Se
501 1068 680 1118 totam
713 1061 942 1118 Christo
976 1062 1203 1116 devovit
1234 1065 1428 1116 mente
1459 1059 1734 1131 benigna,

392 1155 620 1222 Nitens,
653 1155 880 1209 servata
911 1152 1058 1206 bene
1087 1149 1423 1220 virginitate
1455 1150 1644 1214 beata,

391 1245 676 1316 Spernere
707 1241 972 1296 carnales
1004 1241 1246 1294 affectus
1279 1239 1505 1292 fortiter
1534 1254 1760 1305 omnes,

391 1333 626 1388 Gaelibis
656 1336 713 1386 et
743 1331 870 1386 vitae
903 1329 1120 1383 durum
1151 1327 1448 1383 luctamen
1483 1326 1649 1394 inire,

389 1425 534 1490 Quo,
565 1419 772 1476 victrix
802 1418 991 1474 hostis
1020 1415 1406 1489 corruptelam
1441 1415 1766 1483 suadentis,

387 1511 566 1584 Jungi
597 1508 876 1566 coelicolis
908 1506 1224 1562 meruisset
1252 1505 1312 1560 in
1343 1505 1554 1560 aethere
1585 1503 1826 1560 sanctis.

457 1604 580 1668 Ast,
615 1599 712 1654 ubi
745 1597 934 1652 lustra
963 1597 1099 1662 duo,
1130 1594 1302 1650 celeri
1333 1611 1510 1650 cursu
1543 1593 1824 1661 revoluta,

389 1692 636 1762 Insuper
666 1690 722 1742 et
751 1690 945 1741 ternos
979 1683 1164 1739 aetatis
1196 1681 1433 1738 transiit
1465 1699 1670 1749 annos,

388 1774 718 1850 Sempronii
749 1773 1004 1841 comitis,
1038 1771 1292 1844 praefecti
1327 1770 1550 1826 scilicet
1582 1771 1752 1826 Urbis

388 1867 593 1936 Filius,
626 1863 878 1938 insignis
901 1861 1181 1934 juvenilis
1212 1864 1524 1917 stemmate
1556 1859 1736 1925 ﬂoris,

386 1956 550 2013 Illius
582 1956 780 2010 formae
811 1953 991 2008 decus
1023 1955 1088 2006 ut
1115 1949 1260 2005 vidit
1290 1950 1586 2022 speciosae,

383 2047 608 2102 Affectu
644 2043 826 2098 nimio
859 2041 1052 2097 cordis
1084 2055 1412 2111 suspensus
1442 2039 1500 2094 in
1535 2038 1654 2106 illa,

385 2135 544 2191 Hanc
571 2133 682 2189 sibi
715 2150 831 2206 pra:
861 2129 1090 2186 cunctis
1126 2145 1304 2183 unam
1331 2127 1547 2200 delegit
1575 2127 1912 2198 amandam,

385 2226 458 2280 Sc
487 2226 872 2287 fortunatum,
903 2219 1166 2285 credens,
1203 2221 1261 2273 et
1291 2217 1614 2272 honoribus
1645 2221 1847 2288 aptum

384 2313 444 2370 Si
478 2319 599 2368 tam
633 2310 1009 2384 przepulchrm
1043 2307 1357 2362 meruisset
1388 2307 1602 2362 habere
1641 2306 1812 2378 pulla:

383 2402 588 2458 Dulcia
620 2419 720 2472 per
750 2397 997 2471 propria:
1029 2403 1264 2469 tempus
1296 2395 1590 2452 consortia
1619 2395 1767 2450 vitae.

383 2492 529 2547 Hinc
558 2489 718 2544 illam
753 2488 918 2555 adiit,
953 2485 1156 2541 multis
1187 2485 1501 2540 comitatus
1532 2484 1759 2552 amicis,

383 2581 750 2652 Desponsare
775 2575 975 2630 volens
1003 2591 1282 2647 sponsam
1317 2573 1526 2628 Christi
1559 2573 1974 2642 venerandam,

384 2670 674 2741 Pluraque
705 2669 777 2722 de
810 2665 1016 2738 patriis
1046 2668 1422 2736 eomportans
1457 2680 1702 2717 munera
1731 2663 1910 2734 gazis,

381 2759 611 2815 Stultus
643 2755 915 2828 speravit,
951 2754 1105 2825 quod
1139 2757 1474 2825 perpetrare
1507 2751 1786 2824 nequivit,

380 2847 640 2920 Virginis
673 2851 740 2900 ut
770 2842 1044 2899 stabilem
1077 2841 1248 2897 donis
1279 2857 1653 2912 corrumpere
1685 2846 1966 2910 mentem,

383 2937 546 2994 lllius
575 2940 632 2991 et
667 2934 820 3006 turpi
854 2933 1210 3004 conjungere
1241 2930 1427 3003 possit
1457 2929 1664 2985 amori.

381 3027 494 3084 Sed
521 3023 735 3081 Christi
766 3023 946 3095 virgo,
983 3038 1286 3092 spernens,
1320 3036 1424 3074 ceu
1459 3025 1735 3087 stercora,
1769 3020 1941 3088 dona,

383 3115 619 3172 Pondus
650 3117 706 3168 et
727 3111 908 3168 oblati
939 3111 1268 3182 dedignaris
1299 3108 1569 3180 protinus
1601 3109 1749 3176 auri,

381 3203 765 3276 Splendorem
797 3215 1028 3272 quoque
1059 3214 1428 3270 gemmarum
1453 3196 1695 3252 rutilum
1717 3197 2034 3267 variarum,

381 3293 485 3348 His
515 3290 708 3346 verbis
729 3291 1006 3362 juvenem
1039 3286 1270 3341 causari
1304 3287 1487 3340 fertur
1517 3291 1810 3341 amentem
1837 3303 1850 3340 :

380 3381 426 3438 Ο
459 3381 562 3448 ﬁli,
598 3378 804 3434 mortis
837 3375 1045 3432 merito
1077 3375 1412 3430 damnando
1447 3375 1741 3447 perennis,

379 3469 425 3526 Ο
457 3470 642 3526 fames
672 3466 984 3533 scelerum,
1015 3469 1385 3536 contemptor
1413 3468 1472 3520 ct
1509 3465 1960 3537 Omnipotentis,

380 3559 700 3616 Discedens
731 3575 766 3612 a
799 3573 892 3612 me
922 3555 1097 3611 citius
1129 3552 1404 3626 fugiendo
1435 3554 1659 3624 recede,

379 3649 496 3706 Nec
525 3648 728 3704 credas
762 3651 818 3702 te
849 3661 1020 3718 posse
1051 3660 1248 3699 meum
1279 3649 1604 3714 pervertere
1641 3660 1856 3714 purum

379 3739 537 3795 164
562 3739 688 3805 Cor,
724 3735 879 3808 quod
913 3732 1192 3790 amatoris
1217 3732 1496 3804 przevenit
1526 3731 1832 3788 nobilioris

380 3826 582 3884 Dulcis
611 3842 794 3894 amor,
829 3823 1143 3897 pulchrum
1177 3823 1348 3893 cujus
1382 3821 1516 3876 ﬁdei
1551 3821 1668 3876 fero
1691 3820 1928 3894 signum

381 3919 446 3974 In
483 3915 628 3973 facie
659 3931 914 3982 summa,
951 3929 1054 3968 nec
1086 3929 1201 3966 non
1233 3910 1292 3966 in
1324 3927 1565 3982 corpore
1594 3915 1734 3978 toto,

380 4008 504 4074 Quo
535 4021 628 4061 me
657 4002 930 4076 signavit,
963 4000 1332 4072 strictimque
1363 3999 1474 4054 sibi
1507 3997 1792 4072 religavit,

379 4095 464 4152 Ne
495 4111 626 4150 mea
655 4109 822 4148 mens
853 4090 1035 4146 alium
1050 4091 1178 4162 jam
1215 4088 1692 4162 prmsumpsisset
1721 4089 1977 4146 amicum

381 4187 668 4251 Quaarere,
702 4181 804 4236 sed
836 4179 1026 4236 solum
1059 4177 1365 4250 complecti
1396 4177 1647 4233 disceret
1673 4176 1863 4246 illum,

381 4272 514 4342 Qui,
545 4271 757 4327 virtute
782 4273 1012 4342 potens,
1044 4267 1321 4339 omnique
1347 4267 1553 4322 decore
1582 4267 1898 4340 refulgens,

381 4361 656 4419 leestcs
685 4365 744 4415 et
775 4357 1052 4415 mortales
1085 4356 1484 4430 supereminet
1515 4373 1740 4412 omnes.

381 4453 550 4509 Hunc
578 4451 705 4507 sine
737 4453 923 4505 matre
954 4448 1144 4514 Pater,
1179 4447 1307 4502 cani
1343 4451 1496 4502 retro
1520 4451 1785 4519 tempora
1805 4445 2034 4515 mundi,

382 4543 446 4600 1n
477 4542 692 4599 deitate
722 4555 944 4613 parem,
979 4555 1086 4594 nec
1119 4537 1427 4608 majestate
1457 4535 1768 4603 minorem,

381 4630 766 4702 Omnipotens
794 4627 1014 4701 genuit,
1040 4643 1142 4698 per
1173 4641 1346 4698 quem
1381 4623 1493 4679 sibi
1527 4623 1742 4680 saecula
1770 4625 1928 4680 fecit.

379 4721 452 4775 Et
481 4719 609 4775 sine
641 4718 806 4772 Patre
837 4716 1076 4788 quidem
1107 4718 1297 4770 mater
1327 4711 1592 4784 pariebat
1631 4715 1927 4782 eumdem,

383 4809 682 4864 Factorem
713 4805 1017 4878 proprium
1050 4801 1296 4870 lactans,
1332 4801 1441 4856 sub
1472 4805 1733 4872 tempore
1774 4806 1999 4872 natum,

381 4897 563 4968 Cujus
594 4892 1020 4966 przepulebram
1053 4891 1346 4945 mirantur
1375 4889 1626 4961 denique
1656 4890 1928 4960 formam,

383 4984 604 5040 Solaris
635 4982 929 5054 splendor,
956 4979 1108 5033 lume
1144 4979 1398 5033 renitens
1430 4995 1662 5050 quoque
1692 4980 1930 5047 candor,

387 5073 721 5128 Laudantes
752 5068 932 5123 radiis
962 5067 1276 5122 Dominum
1307 5066 1674 5140 fulgentibus
1715 5069 1894 5136 orbis,

384 5162 567 5232 Cujus
593 5163 650 5215 et
681 5157 925 5228 imperio
955 5156 1299 5212 famulantia
1329 5157 1522 5213 sidera
1551 5161 1765 5213 cuncta

386 5249 510 5306 Illis
543 5245 824 5318 injunctis
855 5245 1152 5318 complent
1185 5263 1286 5318 per
1315 5249 1579 5317 tempora
1608 5263 1870 5302 cursum.

387 5337 514 5405 Cui,
541 5335 976 5392 conclamantes
1007 5335 1320 5408 condignis
1365 5334 1663 5403 laudibus,
1698 5351 1902 5392 omnes

387 5429 584 5484 Cmtus
615 5421 861 5495 angelici
895 5441 1012 5478 non
1043 5425 1340 5480 desistunt
1372 5423 1664 5480 famulari.

389 5517 537 5572 Mira
564 5511 650 5569 tui
675 5511 908 5568 bonitas
938 5517 1045 5580 est,
1081 5517 1138 5567 et
1167 5511 1442 5584 praecelsa
1470 5517 1754 5584 potestas,

389 5603 585 5662 Gloria
617 5599 910 5665 sublimis,
946 5618 1154 5672 perpes
1185 5601 1498 5671 concordia
1527 5602 1710 5674 pacis,

389 5689 729 5752 Laudabilis
756 5689 966 5767 pietas,
1000 5688 1368 5766 nimiumque
1389 5689 1644 5766 benigna
1672 5689 1964 5750 voluntas.

2166 615 2369 683 Quem,
2406 615 2605 684 fateor,
2639 617 2832 674 solum
2863 636 2980 690 prae
3009 621 3240 677 cunctis
3271 639 3402 678 esse
3433 621 3809 680 colendum.

2164 701 2265 759 Ille
2296 703 2534 776 quidem
2564 705 2700 760 talis
2727 723 2822 763 me
2853 708 3234 782 desponsavit
3263 711 3488 768 amoris

2164 791 2431 864 Pignore,
2463 809 2568 849 ceu
2599 811 2900 866 sponsam,
2935 797 3094 854 clara
3125 800 3382 856 dotando
3415 817 3676 870 corona,

2160 882 2350 952 Atque
2382 899 2579 938 meum
2610 885 2863 956 gemmis
2895 885 3112 943 collum
3139 888 3322 945 cinxit
3353 889 3674 962 pretiosis,

2159 970 2414 1026 Auribus
2443 976 2499 1026 ct
2530 973 2968 1044 resplendentes
3001 979 3312 1050 suspendit
3343 979 3620 1046 inaures,

2161 1060 2434 1116 Praebens
2463 1067 2706 1118 ornatus
2737 1064 2882 1119 varii
2914 1065 3102 1122 claros
3135 1067 3277 1122 mihi
3311 1066 3534 1124 cultus.

2161 1149 2354 1220 Ipsius
2385 1155 2540 1206 certe
2571 1151 2818 1206 dulcedo
2854 1153 3022 1209 fluxit
3050 1155 3123 1210 ab
3156 1173 3276 1223 ore,

2157 1241 2291 1304 Qum
2326 1256 2418 1293 me
2446 1239 2702 1306 lactavit,
2737 1241 2890 1296 dulci
2926 1248 3217 1316 pastuque
3244 1245 3482 1312 cibavit,

2157 1326 2270 1382 Ceu
2305 1333 2506 1382 nectar
2536 1328 2748 1397 mellis,
2783 1332 2980 1387 suavis
3010 1331 3096 1388 vel
3120 1335 3289 1406 copia
3319 1332 3512 1390 lactis.

2156 1415 2401 1488 Insuper
2427 1423 2484 1472 et
2505 1416 2832 1473 thalamum
2861 1419 3132 1476 mihimet
3160 1422 3490 1478 construxit
3521 1422 3587 1477 in
3612 1440 3845 1493 aevum,

2154 1504 2468 1560 Lucentem
2497 1506 2751 1578 gemmis
2779 1509 2978 1577 variis,
3013 1510 3262 1583 aurique
3292 1511 3580 1582 metallis,

2151 1592 2384 1666 Organa
2413 1593 2682 1650 melodiis
2713 1596 2773 1651 in
2805 1613 2922 1669 quo
2954 1599 3283 1656 resonando
3313 1600 3556 1657 canoris

2149 1682 2302 1738 165
2336 1682 2583 1738 Carmen
2617 1684 2786 1740 dulce
2809 1685 2953 1741 mihi
2975 1691 3212 1744 cantant
3233 1705 3338 1761 per
3359 1693 3644 1762 tempora
3668 1691 3842 1759 secli,

2147 1772 2218 1828 Et
2251 1771 2468 1844 pariter
2497 1773 2699 1844 sponsi
2730 1773 2935 1831 laudes
2967 1776 3336 1834 modulantia
3361 1778 3552 1847 chari,

2067 1903 2117 1968 Β
2154 1861 2316 1918 111108
2345 1862 2620 1918 atfectum
2646 1880 2885 1938 semper
2913 1866 3166 1922 suadent
3196 1866 3343 1922 mihi
3375 1873 3648 1940 castum,

2150 1951 2397 2018 Allectu,
2427 1967 2606 2031 quem
2633 1957 2858 2009 secreto
2889 1971 3025 2010 cum
3058 1955 3251 2011 cordis
3283 1957 3517 2026 amabo,

2151 2038 2324 2094 Nulla
2349 2039 2628 2111 puellaris
2658 2041 2848 2112 patior
2877 2042 3234 2099 detrimenta
3263 2046 3532 2118 pudoris.

2149 2129 2274 2196 Ast,
2308 2129 2406 2183 ubi
2441 2130 2586 2184 forte
2616 2129 2710 2185 sui
2741 2147 2968 2188 merear
2995 2131 3400 2206 complexibus
3431 2135 3545 2204 uti,

2150 2217 2292 2288 Ejus
2323 2222 2379 2272 et
2406 2217 2466 2272 in
2498 2218 2852 2288 thalamum,
2887 2238 3242 2294 sponsarum
3283 2239 3467 2292 more,
3501 2241 3839 2284 coruscum

2151 2305 2319 2373 Duci,
2349 2323 2664 2377 permaneo
2696 2307 2882 2380 virgo,
2915 2309 3040 2365 sine
3073 2311 3264 2380 sorde,
3297 2312 3539 2384 pudica.

2149 2393 2253 2449 Cui
2285 2395 2507 2450 debebo
2539 2397 2716 2451 ﬁdem
2747 2396 2856 2452 soli
2885 2415 3114 2454 servare
3145 2416 3479 2474 perennem,

2152 2483 2269 2555 Ipsi
2302 2500 2395 2540 me
2432 2488 2550 2540 toto
2579 2486 2774 2542 cordis
2804 2489 3112 2543 conamine
3135 2489 3328 2546 credo.

2219 2572 2322 2628 llis
2354 2573 2536 2628 miser
2564 2574 2806 2645 auditis,
2839 2575 3082 2647 spiculis
3114 2578 3415 2650 perfossus
3455 2580 3720 2650 amoris,

2149 2662 2464 2735 Ingemuit,
2495 2664 2696 2719 crebro
2728 2665 2950 2720 ducens
2982 2666 3240 2738 suspiria
3269 2666 3465 2741 longa,

2149 2751 2267 2806 Hoc
2299 2752 2440 2824 quia
2471 2769 2588 2808 non
2620 2753 2858 2822 meruit,
2893 2771 3042 2810 caeco
3075 2756 3232 2827 quod
3261 2757 3435 2812 corde
3472 2759 3716 2830 petivit,

2146 2840 2239 2906 Et,
2269 2857 2446 2913 super
2469 2841 2578 2897 hoc
2610 2859 2884 2910 mozrens,
2918 2843 3217 2916 nimioque
3250 2843 3449 2912 dolore
3475 2847 3818 2913 tabescens,

2147 2929 2374 2984 Decidit
2404 2929 2463 2984 in
2491 2929 2710 2986 lectum
2741 2931 3134 2988 stultissimus
3168 2932 3264 2989 ille
3293 2933 3584 3004 virorum,

2146 3019 2239 3086 Et,
2271 3017 2562 3075 simulans
2593 3019 2744 3076 male
2775 3019 3140 3094 languorem,
3173 3021 3382 3078 celavit
3415 3040 3710 3094 amorem,

2147 3107 2255 3174 Qui
2288 3107 2400 3162 sibi
2433 3125 2614 3164 causa
2641 3109 2837 3181 gravis
2869 3110 3058 3166 fuerat
3089 3127 3204 3166 non
3240 3128 3421 3184 parva
3460 3111 3709 3170 doloris.

2146 3196 2264 3252 Nec
2294 3213 2480 3264 mora,
2517 3197 2583 3252 ﬁt
2611 3201 2841 3266 notum,
2875 3199 3034 3254 fama
3055 3199 3336 3271 prodente
3367 3200 3634 3271 sinistra,

2062 3274 2105 3340 C
2145 3285 2362 3342 Natum
2393 3287 2646 3358 praefecti
2682 3287 2862 3343 nimio
2893 3287 3177 3362 languore
3207 3287 3400 3362 ligari.

2147 3374 2510 3430 Conveniunt
2539 3376 2732 3432 subito
2764 3376 2998 3445 medici,
3031 3377 3191 3433 velut
3220 3378 3456 3452 agmine
3489 3379 3666 3449 facta,

2144 3465 2462 3536 Apponunt
2489 3464 2666 3520 variis
2697 3470 2866 3538 aptas
2897 3467 3120 3522 morbis
3152 3466 3497 3524 medicinas.

2146 3553 2368 3609 Harum
2399 3554 2499 3610 sed
2525 3555 2727 3626 juveni
2761 3553 2844 3611 nil
2875 3555 3218 3628 proficiebat
3248 3556 3488 3612 amenti.

2145 3643 2410 3699 Tandem
2441 3648 2772 3713 senserunt,
2807 3645 2962 3716 quod
2995 3663 3130 3702 mox
3159 3644 3310 3718 patri
3342 3646 3697 3704 retulerunt.

2145 3731 2272 3786 Non
2304 3731 2412 3788 hoc
2440 3731 2742 3806 languoris
2774 3733 3034 3806 signum,
3068 3735 3169 3790 sed
3205 3734 3373 3791 fortis
3403 3737 3646 3806 amoris,

2147 3822 2310 3887 Quod
2339 3822 2725 3878 contristatus
2755 3827 3053 3894 pateretur
3082 3822 3242 3880 filius
3271 3825 3421 3896 ejus.

2147 3911 2269 3976 Quo
2299 3914 2468 3983 pater
2497 3910 2718 3977 audito,
2751 3928 2931 3968 causa
2955 3912 3262 3985 morbique
3291 3917 3543 3986 reperta,

2147 3999 2221 4055 Ut
2248 3999 2336 4055 leo
2369 3999 2766 4069 frendescens,
2800 4001 3066 4074 rapidam
3097 4017 3414 4059 conversus
3444 4002 3506 4058 in
3532 4001 3707 4073 iram,

2147 4088 2392 4162 Incmpit
2420 4088 2751 4161 percontari
2779 4088 2940 4145 rabie
2971 4088 3231 4158 ferienti,

2148 4177 2292 4245 Quis
2321 4179 2471 4234 foret
2502 4177 2598 4234 ille
2629 4179 2938 4251 potestatis
2969 4179 3054 4236 sic
3082 4179 3429 4253 imperialis,

2149 4267 2212 4324 In
2248 4283 2362 4340 quo
2391 4283 2496 4340 spe
2525 4283 2676 4324 vana
2701 4267 2864 4342 virgo
2895 4270 3119 4334 confisa
3143 4270 3416 4342 superba,

2147 4356 2420 4412 Crederet
2451 4373 2580 4413 esse
2612 4356 2726 4412 sibi
2749 4358 3027 4429 junctum
3063 4361 3435 4414 contemnere
3464 4362 3676 4414 natum

2147 4446 2310 4516 Ejus,
2347 4445 2469 4518 qui,
2504 4443 2662 4518 plebi
2688 4445 2905 4502 merito
2939 4446 3357 4503 celeberrimus
3387 4445 3572 4516 omni,

2147 4535 2317 4592 Esset
2347 4535 2636 4607 condigne
2667 4551 2902 4591 summo
2933 4540 3243 4608 provectus
3270 4534 3510 4592 honore.

2069 4645 2116 4711 D
2147 4623 2279 4680 11010
2311 4623 2413 4678 0111
2440 4623 2724 4680 disseruit
2755 4624 3054 4696 nimioque
3087 4625 3280 4681 furore
3309 4623 3568 4693 latravit,

2149 4711 2464 4784 Comperit,
2493 4711 2646 4768 hanc
2675 4712 2892 4784 ipsam,
2915 4730 3081 4768 sacro
3112 4713 3466 4786 baptismate
3493 4711 3698 4783 lotam,

2147 4803 2392 4875 Agnem,
2425 4800 3074 4874 Christicolam,primis
3107 4801 3226 4859 fore
3256 4818 3492 4874 semper
3511 4802 3589 4858 ab
3609 4804 3798 4873 annis,

2149 4891 2304 4947 166
2335 4891 2424 4960 Et,
2458 4891 2867 4946 conservanda:
2897 4908 3001 4964 pro
3031 4890 3387 4963 virginitatis
3416 4907 3639 4961 amore,

2149 4971 2290 5036 Esse
2323 4997 2498 5035 suum
2529 4996 2840 5051 sponsum,
2873 4985 3152 5036 consueto
3198 4979 3413 5048 dicere,
3445 4978 3764 5038 Christum.

2149 5071 2274 5135 Quo
2306 5086 2443 5124 nam
2472 5071 2792 5140 comperto,
2817 5068 3051 5124 laetatur
3071 5069 3246 5124 corde
3277 5067 3560 5141 maligno,

2151 5159 2405 5230 Sperans
2439 5174 2572 5213 mox
2603 5160 2865 5213 teneram
2894 5156 3102 5213 merito
3133 5156 3343 5212 debere
3375 5155 3635 5229 puellam

2153 5246 2330 5302 Saevis
2361 5246 2433 5301 ad
2467 5243 2696 5300 cultum
2728 5245 2918 5318 pomis
2951 5263 3159 5319 urgere
3198 5245 3470 5316 deorum,

2156 5336 2226 5390 Et
2255 5335 2338 5391 sic
2366 5351 2538 5407 posse
2571 5351 2747 5389 suum
2781 5335 3018 5390 tandem
3050 5332 3342 5408 complere
3375 5335 3656 5406 furorem,

2155 5427 2278 5491 Quo
2311 5442 2414 5497 pro
2447 5427 2786 5494 contemptu
2819 5425 2938 5479 nati
2968 5423 3222 5480 furiabat
3251 5423 3474 5496 (egroti.

2154 5513 2320 5580 Hinc,
2355 5511 2515 5567 illam
2547 5511 2722 5567 citius
2748 5511 2879 5568 sisti
2912 5512 3327 5586 conspectibus
3355 5512 3509 5584 ejus,

2153 5602 2360 5670 Jussit,
2395 5605 2454 5657 et
2484 5603 2796 5668 astantem,
2833 5601 2995 5657 nullo
3027 5605 3187 5658 metu
3220 5599 3635 5677 trepidantem,

2155 5691 2347 5751 Primo
2380 5688 2640 5748 suadelis
2673 5687 2926 5749 nimium
2959 5689 3254 5750 mulcebat
3281 5689 3514 5769 amicis,
