3904 6396
53 453 211 512 1125

47 588 217 643 Tunc
248 587 429 641 ctiam
462 584 689 657 probris
721 586 865 639 dure
895 586 1138 655 cogebat
1170 586 1407 652 amaris,

49 676 120 730 Ut
151 692 214 729 se
247 680 456 746 sponte
488 674 577 729 sui
611 674 733 729 nati
766 674 1063 745 copularet
1092 675 1298 741 amori,

46 765 112 817 Et
144 763 471 818 simulacra
502 764 675 817 deum
709 764 938 829 coleret,
967 764 1384 835 Christumque
1419 768 1671 835 negaret.

62 856 131 907 ed
160 852 326 923 virgo
362 852 575 907 Chrisli
614 870 717 906 nec
752 852 1063 924 suppliciis
1100 854 1396 924 superari,

46 943 163 995 Nec
196 942 625 997 blandimentis
660 943 847 1013 potuit
876 944 1171 997 dcviueirr
1199 944 1352 1010 ullis,

47 1033 197 1097 Quin
233 1036 493 1085 servaret
524 1033 769 1085 amatori
805 1032 930 1085 sine
964 1034 1164 1085 fraude
1200 1032 1398 1102 priori,

46 1122 209 1186 Quod
241 1121 469 1192 pepigit
499 1126 755 1190 pactum,
790 1120 956 1189 signo
992 1121 1118 1173 fidei
1147 1121 1494 1175 Sltllllllllllll.

45 1210 144 1263 Cui
177 1227 419 1280 prorsus,
454 1226 689 1279 pravam
727 1227 959 1263 rursum
998 1228 1279 1264 rexmvaus
1312 1208 1635 1274 suz'ulvluui,

48 1299 200 1351 Dixit
233 1314 246 1351 ζ
284 1298 343 1351 Si
376 1314 504 1351 vere
526 1298 729 1368 cupias
762 1298 983 1352 intacta
1016 1316 1247 1351 manere

46 1387 241 1456 Virgo,
277 1387 399 1439 (leze
435 1403 658 1457 magum
692 1386 866 1440 citius
898 1388 1254 1457 subjungerc
1286 1387 1493 1453 Vestae,

44 1477 184 1545 Ejus
217 1475 521 1529 sacricolis
555 1480 609 1530 et
640 1476 975 1530 consociare
1009 1476 1244 1546 puellis,

44 1566 166 1628 Quo
199 1563 497 1635 condigna
528 1564 635 1619 ﬁas
668 1563 752 1618 illi
791 1581 1024 1635 semper
1055 1562 1351 1619 famulari.

112 1653 248 1707 Haec
280 1652 477 1723 inquit
507 1669 741 1723 praeses,
776 1658 980 1707 contra
1011 1654 1109 1707 sed
1138 1654 1219 1706 sic
1253 1653 1332 1706 ait
1362 1655 1555 1724 Agnes
1585 1668 1597 1705 :

46 1741 102 1798 Si
138 1740 287 1796 mihi
311 1742 451 1813 jure
481 1746 650 1796 tuum
682 1741 904 1813 placuit
936 1748 1314 1797 contemnere
1348 1749 1572 1807 natum,

48 1831 151 1897 Qui
186 1830 415 1885 ratione
448 1830 673 1901 vigens,
706 1831 935 1884 cunctis
968 1848 1199 1900 quoque
1232 1831 1505 1885 sensibus
1539 1835 1709 1884 utens

48 1919 373 1991 Corporeis,
410 1919 609 1973 anima
640 1919 863 1989 regitur
894 1937 1197 1990 nunquam
1235 1920 1535 1985 moritura,

52 2008 329 2073 Quamvis
361 2007 441 2062 sit
473 2008 684 2063 merito
718 2008 994 2061 barathro
1027 2006 1390 2061 claudendus
1424 2008 1481 2061 in
1517 2008 1655 2074 imo,

54 2095 275 2150 Multtis
303 2112 574 2150 errorum
608 2112 710 2166 pro
741 2096 1075 2150 commissis
1108 2097 1425 2163 variorum,

54 2186 138 2253 Ni,
173 2203 387 2240 sanum
413 2185 669 2257 sapiens,
704 2189 761 2239 et
791 2186 1268 2257 quandoquidem
1298 2187 1638 2258 rCSpiciens,

52 2275 121 2329 Se
150 2274 297 2347 tingi
330 2274 511 2329 faciat
538 2292 684 2346 pura
714 2274 1089 2345 baptismatis
1123 2275 1301 2342 unda,

54 2365 223 2429 Queis
251 2369 307 2420 te
334 2381 511 2435 posse
540 2363 745 2433 minis,
768 2363 856 2419 vel
890 2364 1056 2435 queis
1091 2366 1328 2418 tandem
1361 2364 1638 2433 suadelis,

55 2453 135 2506 Ad
167 2452 625 2508 simulacrorum
659 2452 806 2508 reris
838 2469 932 2507 me
963 2469 1166 2524 cogere
1198 2452 1419 2507 cultum
1440 2454 1469 2507 ?

54 2542 353 2597 Artiﬁcum
389 2558 554 2609 cura,
590 2559 740 2613 qum,
767 2542 1131 2597 conformata
1161 2541 1418 2609 metallo,

63 2631 459 2687 Membrorum
493 2631 699 2686 falsam
733 2635 971 2702 portant
1004 2631 1374 2685 solummodo
1410 2632 1678 2700 formam,

72 2719 297 2775 Mobilis
328 2720 594 2775 ofﬁcium
628 2719 922 2790 complent
951 2738 1055 2774 nec
1088 2721 1349 2792 corporis
1381 2720 1593 2784 ullum,

64 2809 131 2862 Et
161 2822 348 2880 neque
378 2808 633 2863 viventis
664 2809 989 2880 quidquam
1014 2814 1342 2863 monstrant
1375 2810 1647 2864 animalis

65 2898 203 2952 167
229 2899 299 2952 Et
312 2898 474 2971 quod
497 2898 568 2953 ab
582 2898 672 2953 bis
694 2898 1011 2953 insensatis
1043 2899 1437 2970 monstrisque
1460 2899 1720 2971 profanis

70 2985 334 3041 Solamen
363 2986 498 3041 vitze
531 2986 801 3041 mihimet
824 3004 1055 3058 sperare
1085 2989 1349 3059 gerenda:

81 3074 336 3143 Possum,
370 3093 526 3148 qua},
557 3076 673 3129 vita
694 3092 988 3146 sensuque
1020 3076 1275 3131 carentia
1300 3081 1531 3143 cuncto,

81 3162 187 3217 Nec
217 3164 325 3220 sibi
356 3164 693 3236 proﬁciunt,
728 3165 871 3218 mihi
906 3182 1010 3219 nec
1042 3182 1379 3220 succurrere
1426 3166 1723 3236 possunt?

82 3250 201 3307 Haec
231 3253 328 3307 ubi
360 3254 522 3308 dicta
553 3253 733 3319 dedit,
765 3270 977 3323 prmses
1008 3254 1388 3325 Sempronius
1420 3256 1647 3327 inquit:

83 3338 394 3395 Florentem
430 3340 638 3413 primis
667 3345 722 3395 te
754 3358 889 3395 nam
923 3359 1208 3413 cognosco
1232 3344 1341 3398 sub
1373 3344 1566 3412 annis,

83 3425 309 3498 Ingenio
337 3445 599 3501 parvam,
636 3446 741 3483 nec
775 3447 888 3483 non
924 3435 1086 3484 mtate
1120 3430 1414 3485 tenellam.

82 3514 239 3583 IIinc,
268 3517 525 3572 infantili
558 3519 848 3589 parcendo
882 3518 1266 3590 simplicitati,

83 3602 386 3661 Prudenter
409 3610 466 3660 te
497 3611 798 3677 supporto,
828 3605 1044 3661 lasciva
1079 3607 1291 3678 puella,

22 3706 23 3709 ‘
82 3692 194 3757 Quo
226 3695 516 3765 parcendo
546 3700 714 3749 tuum
749 3695 923 3749 citius
947 3699 1001 3749 te
1034 3696 1262 3750 flectere
1294 3696 1508 3751 collum

83 3778 191 3835 Sub
221 3783 401 3838 sacris
433 3782 620 3837 Vestze
652 3782 870 3854 plantis
902 3783 1111 3838 faciam
1135 3785 1496 3840 veneranda).

80 3867 323 3942 Jureque
352 3877 687 3926 nostrorum
721 3889 939 3927 numen
972 3873 1201 3943 placare
1240 3875 1504 3929 deorum.

83 3956 206 4022 Sed,
237 3960 305 4026 si,
340 3964 462 4015 tam
495 3961 698 4016 mitem
730 3963 1056 4031 spernendo
1089 3962 1201 4017 mei
1231 3962 1527 4033 pietatem,

84 4044 553 4117 Contraluctaris,
586 4067 717 4105 mea
746 4067 849 4105 nec
882 4055 1155 4123 precepta
1185 4052 1469 4122 sequeris,

83 4131 232 4190 Ultra
261 4154 374 4193 non
408 4154 604 4209 parco,
640 4138 763 4206 sed,
797 4138 914 4193 vim
939 4139 1168 4210 justam
1202 4140 1487 4205 faciendo,

83 4221 280 4280 Mando
312 4228 422 4282 sub
454 4227 718 4281 obscena:
748 4227 987 4282 latebris
1022 4233 1075 4282 te
1101 4229 1361 4284 claudier
1392 4229 1554 4301 mdis,

87 4309 141 4364 In
169 4329 280 4384 qua
310 4315 660 4371 criminibus
682 4320 882 4387 turper
906 4318 1165 4389 gaudent
1198 4317 1494 4385 mulieres,

85 4398 146 4452 Et
173 4402 375 4459 faciam
407 4404 767 4477 pollutarum
791 4405 1013 4460 sociam
1047 4407 1442 4475 meretricum,

86 4489 197 4553 Quo
226 4495 308 4560 tu,
337 4510 463 4565 quae
497 4492 650 4549 clare
682 4493 865 4565 polles
896 4494 966 4549 de
998 4494 1180 4566 stirpe
1210 4500 1420 4564 creata,

86 4574 330 4635 Dedecus
359 4599 534 4637 omne
564 4581 681 4636 tuis
715 4582 795 4637 sis
826 4587 883 4639 et
913 4583 1177 4638 confusio
1209 4585 1417 4655 turpis.

84 4664 149 4718 At
175 4684 335 4726 sacra
360 4671 545 4743 virgo,
570 4671 748 4726 minis
770 4671 1022 4726 nimium
1055 4673 1353 4744 trepidans
1376 4691 1553 4745 super
1570 4675 1722 4745 istis,
1752 4694 1800 4759 D

86 4752 356 4813 Audacter
383 4778 519 4815 mox
549 4760 821 4832 prmfacto
853 4761 1005 4815 cedit
1035 4761 1148 4816 ista
1177 4778 1462 4833 responsa
1489 4779 1502 4817 :

90 4839 141 4893 Si
171 4846 231 4898 tu
251 4863 505 4920 namque
525 4848 708 4903 Deum
733 4848 913 4904 scires
942 4848 1119 4915 hunc,
1136 4867 1311 4921 quem
1334 4850 1718 4922 colo,verum,

90 4925 351 5006 Illiusquc
381 4941 730 5009 potestatem
763 4938 888 4992 sine
919 4939 1034 4993 ﬁne
1060 4938 1370 5011 vigentem,

89 5016 202 5083 Qua
229 5040 474 5097 semper,
506 5027 772 5099 proprios
803 5027 895 5099 pie
942 5028 1321 5083 confortando
1362 5028 1686 5095 ministros,

89 5104 309 5180 Antiqui
339 5113 577 5170 fraudes
608 5114 794 5170 hostis
818 5115 1133 5187 confringit
1160 5121 1215 5171 et
1245 5134 1473 5187 omnes,

91 5191 242 5252 Talia
269 5202 441 5257 verba
462 5207 562 5258 tuo
593 5203 777 5259 nolles
809 5205 1160 5275 profundere
1192 5209 1401 5274 rostro,

91 5278 192 5337 Nec
220 5287 361 5344 mihi
392 5294 639 5348 terrores
668 5293 879 5350 totiens
910 5310 1245 5364 praeponere
1274 5294 1494 5349 tristes.

92 5366 221 5427 Hinc
249 5392 371 5449 ego,
405 5396 555 5451 qua},
588 5383 863 5438 sectando
894 5383 1070 5437 ﬁnem
1098 5382 1309 5437 Christi
1362 5382 1684 5449 meliorem,

94 5454 247 5543 Illum
272 5481 576 5540 cognosco,
610 5487 716 5525 nec
747 5487 862 5526 non
895 5488 1215 5542 cognoscor
1246 5472 1317 5526 ab
1348 5471 1467 5543 illo,

94 5542 267 5631 Ipsius
296 5553 493 5612 dextra
521 5574 614 5613 me
637 5559 985 5615 defendente
1017 5576 1291 5631 superna,

95 5630 256 5720 Spero
275 5640 467 5699 delicti
498 5664 802 5720 nunquam
834 5630 1336 5717 maculisiviolari,

94 5716 277 5785 Carnis
304 5735 613 5807 spurcitiae
634 5716 859 5817 fragilis
892 5739 995 5795 sed
1014 5737 1242 5796 vincere
1265 5716 1527 5799 cunctas.

1103 451 1470 513 HISTORIA
1520 450 1922 514 I’ASSIONlS
1968 454 2033 513 S.
2081 454 2437 515 AGNE'I‘IS.

1741 1959 1788 2022 B

3318 462 3471 521 “26

1742 589 1797 653 Α
1829 586 1929 640 llis
1962 587 2159 654 dictis,
2197 606 2345 643 szeva
2380 607 2593 661 praeses
2624 591 2972 646 commotior
3002 592 3110 660 ira,

1825 675 2085 729 Caelestis
2118 694 2392 747 sponsam
2421 679 2835 751 Regis,jussit,
2867 682 3280 749 venerandam,

1822 763 2093 818 Vestibus
2125 772 2378 831 exutam,
2412 771 2528 820 toto
2561 786 2791 839 quoque
2824 786 3061 842 corpore
3084 772 3325 839 nudam,

1822 854 1972 905 163
2006 854 2393 908 Cynicum-cute
2426 856 2575 909 trahi
2607 858 3005 913 conventiculo
3039 859 3327 931 populari,

1822 941 1998 1011 Inque
2034 942 2331 1011 lupanaris
2356 944 2537 1011 jussit
2570 944 2907 1000 coneludicr
2938 949 3148 1017 antris,

1824 1029 1881 1082 lu
1918 1049 2031 1100 quo
2066 1031 2259 1085 lascivi
2286 1034 2552 1100 juvenes,
2591 1034 2831 1088 rationis
2863 1037 3050 1105 egeni,

1819 1118 2119 1188 Colloquio
2154 1120 2572 1174 serit-rosarum
2596 1125 2853 1191 gaudent
2885 1125 3218 1180 mulierum.

1820 1201 1927 1259 Sed
1962 1208 2250 1273 Christus,
2286 1211 2526 1279 propria:
2562 1213 2822 1281 ριοειιιμιηδ
2870 1214 3156 1269 solamina
3186 1234 3432 1288 sponsze,

1820 1296 1979 1348 illam
2013 1297 2289 1349 conviciis
2318 1299 2470 1367 tangi
2500 1316 2611 1351 non
2649 1302 2901 1355 sustinet
2930 1303 3081 1359 ullis.

1817 1386 1942 1449 Ast,
1972 1386 2068 1437 ubi
2099 1385 2375 1440 distracto
2411 1387 2669 1440 nudatur
2694 1390 2946 1459 tegmine
2980 1396 3117 1459 toto,

1817 1472 2105 1526 Continuo
2133 1473 2276 1527 bene
2307 1474 2532 1528 densati
2570 1493 2795 1531 crevere
2829 1480 3046 1550 capilli,

1819 1562 1925 1627 Qui
1955 1563 2130 1616 ductu
2158 1562 2329 1633 longe
2362 1562 2509 1633 lapsi
2542 1565 2611 1619 de
2640 1567 2851 1622 vertice
2883 1586 3140 1639 summo,

1818 1650 2233 1705 Descendendo
2267 1652 2482 1721 pedum
2515 1653 2747 1724 plantas
2779 1657 3017 1727 tetigere
3050 1659 3313 1728 tenellas,

1818 1738 2039 1809 Corpus
2070 1744 2126 1793 et
2156 1756 2326 1793 omne
2358 1742 2591 1795 comitis
2624 1744 2841 1813 tegitur
2869 1762 2973 1800 ceu
2995 1749 3252 1819 tegmine
3274 1750 3471 1807 vestis.

1819 1826 2005 1898 thue
2038 1827 2337 1898 lupanaris
2371 1829 2613 1885 calcavit
2637 1830 2842 1887 limina
2862 1835 3071 1906 tristis,

1818 1916 2119 1987 Extemplo
2141 1916 2334 1971 suavis
2358 1919 2542 1972 sensit
2571 1919 2877 1976 dulcamen
2909 1924 3125 1993 odoris,

1820 2006 2006 2075 Atque
2038 2004 2228 2059 locum
2262 2010 2491 2077 turpem
2516 2007 2663 2062 miro
2682 2009 2991 2080 splendore
3016 2013 3331 2071 micantem

1821 2094 2077 2164 Aspexit,
2110 2094 2367 2149 tenebris
2400 2095 2498 2167 qui
2534 2098 2806 2152 sordebat
2832 2100 2995 2171 prius
3026 2102 3190 2161 atris.

1823 2184 1912 2250 Et,
1930 2200 2059 2237 cum
2095 2183 2462 2239 sordidulum
2483 2186 2789 2257 compulsa
2810 2190 3105 2247 subintrat
3125 2192 3182 2246 in
3217 2198 3477 2260 antrum,

1820 2270 2075 2342 Angelus
2105 2271 2415 2327 Altithroni
2449 2272 2661 2330 blande
2691 2276 2851 2332 stetit
2881 2278 3089 2337 obvius
3119 2281 3227 2350 illi,

1825 2360 2029 2415 Custos
2063 2360 2344 2416 indubius
2371 2362 2559 2418 fuerat
2588 2364 2687 2434 qui
2720 2369 2982 2438 corporis
3012 2371 3164 2441 ejus,

1826 2447 2051 2502 Obtulit
2081 2452 2135 2502 et
2164 2454 2385 2503 vestem
2420 2450 2584 2506 niveo
2616 2452 2927 2524 splendore
2954 2457 3299 2532 micantem,

1824 2537 1966 2606 Ejus
1998 2554 2285 2592 mensurae
2320 2539 2745 2597 conformatam
2777 2544 2921 2599 satis
2952 2550 3106 2618 apte,

1827 2625 1944 2679 lIae
1978 2626 2184 2680 induta
2206 2627 2443 2698 quidem
2476 2627 2686 2684 direxit
2717 2632 2789 2686 ad
2820 2633 3036 2690 aethera
3064 2654 3282 2708 vocem,

1826 2714 2073 2769 Assidue
2103 2720 2297 2785 grates
2328 2716 2558 2772 Christo
2589 2722 2916 2776 resonando
2949 2741 3177 2792 suaves,

1828 2803 2010 2874 Cujus
2041 2821 2210 2874 opem
2239 2804 2385 2858 tanti
2419 2806 2603 2861 sensit
2633 2808 2743 2861 sub
2774 2810 2928 2865 fasce
2957 2813 3180 2884 pericli,

1829 2891 2011 2962 Cujus
2042 2896 2097 2946 et
2127 2892 2343 2948 auxilio
2375 2894 2563 2949 fuerat
2593 2900 2851 2966 protecta
2876 2905 3139 2970 paterno,

1830 2981 1911 3035 Ne
1944 2985 2140 3052 posset
2169 2982 2377 3037 veteris
2408 2984 2701 3055 corrumpi
2728 2985 3036 3045 fraudibus
3062 2990 3273 3049 hostis.

1834 3069 2058 3124 Interea
2080 3071 2349 3140 juvenes,
2381 3077 2589 3126 caecato
2618 3075 2790 3129 corde
2821 3076 3104 3147 furentes,

1833 3157 2099 3230 Undique
2129 3159 2405 3226 collectis,
2432 3161 2649 3216 cursim
2678 3180 2907 3233 venere,
2939 3171 3206 3243 catervis,

1833 3249 2132 3302 Certantes
2156 3249 2349 3302 studio
2381 3267 2659 3321 perversa)
2694 3253 2906 3309 mentis
2938 3255 3164 3328 iniquo,

1754 3328 1797 3398 C
1837 3336 1979 3401 Quis
2009 3337 2168 3408 prior
2198 3336 2462 3406 intraret,
2487 3339 2572 3393 vel
2605 3341 2741 3411 quis
2766 3344 3093 3413 perdiscere
3124 3356 3346 3420 posset,

1831 3428 1917 3479 An
1940 3426 2121 3498 virgo,
2157 3427 2399 3482 suffulta
2427 3429 2517 3483 sui
2541 3430 2869 3486 munimine
2900 3434 3136 3504 Christi,

1833 3514 1984 3581 Hcce,
2021 3532 2146 3585 qua:
2180 3516 2442 3570 carnales
2473 3533 2705 3588 semper
2733 3524 3085 3594 contempsit
3114 3543 3365 3597 amores,

1831 3602 1964 3656 Jam
1995 3620 2152 3656 nunc
2182 3603 2414 3674 incepto
2445 3610 2646 3675 posset
2677 3607 2991 3677 persistere
3024 3614 3200 3668 voto?

1832 3692 1947 3746 Nec
1980 3708 2163 3759 mora,
2196 3697 2578 3762 cognoscunt,
2603 3710 2708 3748 nec
2747 3698 3142 3755 contradicere
3172 3711 3443 3773 possunt.

1832 3780 1996 3846 Quod
2028 3798 2330 3851 nunquam
2360 3778 2602 3852 longum
2626 3782 2757 3853 quis
2780 3785 3172 3843 confundetur
3194 3791 3250 3844 in
3275 3810 3485 3866 aevum,

1832 3867 1960 3935 Qui,
1987 3871 2230 3924 credens
2262 3869 2707 3926 domino.ﬁrma
2736 3889 2836 3943 spe
2858 3876 3072 3944 pendet
3102 3877 3163 3932 in
3194 3879 3294 3936 illo

1832 3958 2007 4026 Nava,
2042 3958 2377 4030 quicunque
2403 3976 2512 4015 sua
2543 3961 2882 4032 compulsus
2914 3969 3109 4021 mente
3135 3970 3410 4041 superba,

1832 4049 1986 4103 169
2020 4047 2351 4119 Ingreditur
2377 4049 2569 4120 turpis
2599 4048 2852 4107 latebras
2877 4055 3223 4113 temerarius
3252 4060 3412 4129 aedis,

1833 4135 1907 4190 Ut
1938 4136 2131 4191 radios
2154 4135 2304 4190 lucis
2334 4137 2479 4191 vidit
2508 4138 2653 4194 mire
2686 4139 3007 4211 rutilantis,

1831 4223 2118 4295 Angelicee
2150 4225 2593 4298 praefulgentem
2615 4229 2911 4303 vestisque
2942 4236 3218 4307 tutorem,

1834 4314 2149 4385 Correptus
2181 4314 2336 4384 signi
2371 4314 2552 4370 nimio
2576 4320 2793 4372 terrore
2825 4323 3122 4391 stupendi,

1834 4401 2165 4457 Prostratus
2198 4418 2376 4456 sacrae
2408 4401 2630 4473 plantis
2661 4404 2949 4477 extemplo
2972 4408 3199 4480 puellm,

1834 4490 2119 4558 Postulat,
2150 4506 2414 4545 errorum
2445 4490 2629 4546 laxari
2652 4491 2841 4547 vincla
2871 4511 3136 4563 suorum,

1835 4580 2227 4650 Testaturque
2257 4580 2441 4634 Deum
2472 4596 2675 4635 verum
2707 4582 2828 4635 fore
2849 4582 2983 4651 jure
3014 4583 3346 4655 colendum,

1832 4668 1973 4739 Ejus
2006 4668 2258 4723 cultores
2289 4668 2389 4739 qui
2421 4668 2821 4724 consolabitur
2849 4686 3074 4727 omnes.

1831 4757 2042 4829 Sicque
2071 4757 2235 4812 locus
2266 4756 2553 4812 scelerum
2585 4759 2795 4814 domus
2816 4760 3067 4816 efﬁcitur
3087 4764 3481 4834 precularum.

1831 4847 2093 4902 Tandem
2127 4846 2379 4917 prtefecti
2403 4851 2577 4902 natus
2605 4847 2761 4903 venit
2793 4848 2944 4904 male
2965 4867 3167 4917 sanus,

1832 4937 2011 5007 Cujus
2043 4935 2329 4990 sustinuit
2358 4953 2537 4991 causa
2560 4936 2679 4990 vim
2698 4935 2858 5009 virgo
2880 4938 3069 4994 beata.

1833 5025 1961 5092 Qui,
1998 5042 2131 5079 mox
2163 5025 2464 5095 ingressus
2495 5024 2708 5079 ridenti
2738 5026 2930 5094 corde,
2966 5027 3232 5086 misellus

1833 5114 1947 5168 Nec
1980 5112 2373 5167 dixitlaudem
2406 5113 2672 5182 Domino,
2698 5131 2802 5170 nec
2834 5117 3024 5171 reddit
3054 5118 3356 5192 honorem,

1834 5202 2032 5258 Gratia
2061 5200 2328 5257 tristiﬁco
2353 5202 2523 5273 cujus
2546 5202 2811 5258 radiabat
2844 5205 2901 5259 in
2934 5210 3127 5277 antro,

1831 5290 1943 5345 Sed
1965 5290 2036 5344 de
2068 5306 2129 5343 se
2159 5289 2429 5345 stabilem
2460 5289 2627 5346 laetus
2658 5292 2932 5349 tendebat
2962 5294 3021 5349 in
3044 5298 3249 5369 aedem,

1829 5379 2111 5450 Amplexu
2146 5378 2300 5433 dulci
2329 5396 2572 5450 sperans
2604 5397 2665 5435 se
2687 5381 2932 5454 virginis
2953 5385 3061 5454 uti,

1830 5469 1961 5525 Jam
1985 5468 2143 5523 licito
2167 5484 2342 5522 sacra:
2373 5469 2543 5538 cujus
2573 5468 2890 5543 languebat
2918 5490 3136 5530 amore.

1833 5558 1944 5614 Sed
1975 5556 2185 5613 Christi
2218 5556 2403 5628 pietas
2434 5574 2539 5612 nec
2568 5575 2686 5613 non
2708 5561 2985 5631 przecelsa
3008 5568 3285 5635 potestas,

1835 5647 2080 5703 Fortiter
2109 5645 2402 5701 obsistens
2424 5644 2487 5699 ili
2519 5663 2793 5718 perversa
2817 5650 3048 5720 volenti,

1831 5739 1878 5796 A
1898 5734 2226 5811 corruptela
2245 5735 2542 5811 propriam
2563 5737 2813 5816 protexit
2841 5738 3163 5818 alumnam,
