  <div class='ocr_page' id='page_1' title='image "/cluster/home/n/w/nwhite01/storage/ocr_20150623/136-137/uc1.31175019686917/1245.png"; bbox 0 0 3904 6386; ppageno 0'>
   <div class='ocr_carea' id='block_1_1' title="bbox 321 409 474 470">
    <p class='ocr_par' dir='ltr' id='par_1_1' title="bbox 321 409 474 470">
     <span class='ocr_line' id='line_1_1' title="bbox 321 409 474 470; baseline 0 -2"><span class='ocrx_word' id='word_1_1' title='bbox 321 409 474 470; x_wconf 74' lang='grc'>1127</span> 
     </span>
    </p>
   </div>
   <div class='ocr_carea' id='block_1_2' title="bbox 1131 407 2928 472">
    <p class='ocr_par' dir='ltr' id='par_1_2' title="bbox 1131 407 2928 472">
     <span class='ocr_line' id='line_1_2' title="bbox 1131 407 2928 472; baseline 0.001 -2"><span class='ocrx_word' id='word_1_2' title='bbox 1131 411 1670 472; x_wconf 81' lang='lat' dir='ltr'>HROTSUITH/E</span> <span class='ocrx_word' id='word_1_3' title='bbox 1715 407 2085 471; x_wconf 87' lang='lat' dir='ltr'>MONIALIS</span> <span class='ocrx_word' id='word_1_4' title='bbox 2132 407 2928 472; x_wconf 80' lang='lat' dir='ltr'>GANDEltSHElMENSIS</span> 
     </span>
    </p>
   </div>
   <div class='ocr_carea' id='block_1_3' title="bbox 3605 413 3794 474">
    <p class='ocr_par' dir='ltr' id='par_1_3' title="bbox 3605 413 3794 474">
     <span class='ocr_line' id='line_1_3' title="bbox 3605 413 3794 474; baseline 0.016 -2"><span class='ocrx_word' id='word_1_5' title='bbox 3605 413 3794 474; x_wconf 73' lang='grc'>1128</span> 
     </span>
    </p>
   </div>
   <div class='ocr_carea' id='block_1_4' title="bbox 320 541 3709 616">
    <p class='ocr_par' dir='ltr' id='par_1_4' title="bbox 320 541 3709 616">
     <span class='ocr_line' id='line_1_4' title="bbox 320 541 3709 616; baseline 0 -18"><span class='ocrx_word' id='word_1_6' title='bbox 320 542 383 598; x_wconf 91' lang='lat' dir='ltr'>In</span> <span class='ocrx_word' id='word_1_7' title='bbox 415 543 721 616; x_wconf 90' lang='lat' dir='ltr'>reprobam</span> <span class='ocrx_word' id='word_1_8' title='bbox 753 542 1035 598; x_wconf 89' lang='lat' dir='ltr'>miserum</span> <span class='ocrx_word' id='word_1_9' title='bbox 1062 547 1310 599; x_wconf 90' lang='lat' dir='ltr'>mortem</span> <span class='ocrx_word' id='word_1_10' title='bbox 1345 543 1612 598; x_wconf 89' lang='lat' dir='ltr'>tradebat</span> <span class='ocrx_word' id='word_1_11' title='bbox 1647 547 1705 598; x_wconf 90' lang='lat' dir='ltr'>et</span> <span class='ocrx_word' id='word_1_12' title='bbox 1735 541 1926 598; x_wconf 89' lang='lat' dir='ltr'>illum.</span> <span class='ocrx_word' id='word_1_13' title='bbox 1993 543 2054 610; x_wconf 69' lang='grc' dir='ltr'><strong>Α</strong></span> <span class='ocrx_word' id='word_1_14' title='bbox 2081 541 2189 607; x_wconf 89' lang='lat' dir='ltr'>Qui</span> <span class='ocrx_word' id='word_1_15' title='bbox 2220 541 2385 614; x_wconf 88' lang='lat' dir='ltr'>prius</span> <span class='ocrx_word' id='word_1_16' title='bbox 2415 547 2728 610; x_wconf 82' lang='lat' dir='ltr'>errantem,</span> <span class='ocrx_word' id='word_1_17' title='bbox 2763 555 2870 598; x_wconf 88' lang='lat' dir='ltr'>nec</span> <span class='ocrx_word' id='word_1_18' title='bbox 2901 551 3325 616; x_wconf 79' lang='lat' dir='ltr'>non-perversa</span> <span class='ocrx_word' id='word_1_19' title='bbox 3349 542 3709 610; x_wconf 68' lang='lat' dir='ltr'>volentem,</span> 
     </span>
    </p>
   </div>
   <div class='ocr_carea' id='block_1_5' title="bbox 319 629 1726 704">
    <p class='ocr_par' dir='ltr' id='par_1_5' title="bbox 319 629 1726 704">
     <span class='ocr_line' id='line_1_5' title="bbox 319 629 1726 704; baseline 0 -18"><span class='ocrx_word' id='word_1_20' title='bbox 319 631 468 686; x_wconf 91' lang='lat' dir='ltr'>Nam</span> <span class='ocrx_word' id='word_1_21' title='bbox 500 648 652 696; x_wconf 83' lang='lat' dir='ltr'>mox,</span> <span class='ocrx_word' id='word_1_22' title='bbox 689 635 751 686; x_wconf 90' lang='lat' dir='ltr'>ut</span> <span class='ocrx_word' id='word_1_23' title='bbox 783 631 986 703; x_wconf 89' lang='lat' dir='ltr'>rapido</span> <span class='ocrx_word' id='word_1_24' title='bbox 1018 648 1194 687; x_wconf 82' lang='lat' dir='ltr'>cursu</span> <span class='ocrx_word' id='word_1_25' title='bbox 1227 636 1573 704; x_wconf 88' lang='lat' dir='ltr'>propaverat</span> <span class='ocrx_word' id='word_1_26' title='bbox 1605 629 1726 699; x_wconf 92' lang='lat' dir='ltr'>illo,</span> 
     </span>
    </p>
   </div>
   <div class='ocr_carea' id='block_1_6' title="bbox 318 719 1860 793">
    <p class='ocr_par' dir='ltr' id='par_1_6' title="bbox 318 719 1860 793">
     <span class='ocr_line' id='line_1_6' title="bbox 318 719 1860 793; baseline 0.001 -19"><span class='ocrx_word' id='word_1_27' title='bbox 318 721 440 786; x_wconf 89' lang='lat' dir='ltr'>Quo</span> <span class='ocrx_word' id='word_1_28' title='bbox 463 719 709 792; x_wconf 97' lang='lat' dir='ltr'>supplex</span> <span class='ocrx_word' id='word_1_29' title='bbox 739 719 945 774; x_wconf 89' lang='lat' dir='ltr'>laudes</span> <span class='ocrx_word' id='word_1_30' title='bbox 973 721 1220 776; x_wconf 92' lang='lat' dir='ltr'>Domino</span> <span class='ocrx_word' id='word_1_31' title='bbox 1251 725 1620 776; x_wconf 88' lang='lat' dir='ltr'>resonaverat</span> <span class='ocrx_word' id='word_1_32' title='bbox 1649 722 1860 793; x_wconf 84' lang='lat' dir='ltr'>Agnes,</span> 
     </span>
    </p>
   </div>
   <div class='ocr_carea' id='block_1_7' title="bbox 319 807 1474 880">
    <p class='ocr_par' dir='ltr' id='par_1_7' title="bbox 319 807 1474 880">
     <span class='ocr_line' id='line_1_7' title="bbox 319 807 1474 880; baseline 0.002 -18"><span class='ocrx_word' id='word_1_33' title='bbox 319 807 521 863; x_wconf 81' lang='lat' dir='ltr'>Infelix</span> <span class='ocrx_word' id='word_1_34' title='bbox 555 809 836 864; x_wconf 81' lang='lat' dir='ltr'>membris</span> <span class='ocrx_word' id='word_1_35' title='bbox 858 809 1176 880; x_wconf 86' lang='lat' dir='ltr'>improvisa</span> <span class='ocrx_word' id='word_1_36' title='bbox 1200 809 1474 866; x_wconf 90' lang='lat' dir='ltr'>resolutis</span> 
     </span>
    </p>
   </div>
   <div class='ocr_carea' id='block_1_8' title="bbox 315 897 1818 970">
    <p class='ocr_par' dir='ltr' id='par_1_8' title="bbox 315 897 1818 970">
     <span class='ocr_line' id='line_1_8' title="bbox 315 897 1818 970; baseline 0.001 -20"><span class='ocrx_word' id='word_1_37' title='bbox 315 901 517 960; x_wconf 79' lang='lat' dir='ltr'>Morte,</span> <span class='ocrx_word' id='word_1_38' title='bbox 551 897 668 952; x_wconf 84' lang='lat' dir='ltr'>ruit</span> <span class='ocrx_word' id='word_1_39' title='bbox 697 915 940 969; x_wconf 90' lang='lat' dir='ltr'>pronus,</span> <span class='ocrx_word' id='word_1_40' title='bbox 967 897 1178 953; x_wconf 79' lang='lat' dir='ltr'>Christi</span> <span class='ocrx_word' id='word_1_41' title='bbox 1213 898 1424 952; x_wconf 87' lang='lat' dir='ltr'>virtute</span> <span class='ocrx_word' id='word_1_42' title='bbox 1458 901 1818 970; x_wconf 88' lang='lat' dir='ltr'>peremptus.</span> 
     </span>
    </p>
   </div>
   <div class='ocr_carea' id='block_1_9' title="bbox 315 987 1790 1060">
    <p class='ocr_par' dir='ltr' id='par_1_9' title="bbox 315 987 1790 1060">
     <span class='ocr_line' id='line_1_9' title="bbox 315 987 1790 1060; baseline -0.001 -18"><span class='ocrx_word' id='word_1_43' title='bbox 315 989 438 1052; x_wconf 90' lang='lat' dir='ltr'>Quo</span> <span class='ocrx_word' id='word_1_44' title='bbox 470 990 633 1058; x_wconf 88' lang='lat' dir='ltr'>pater</span> <span class='ocrx_word' id='word_1_45' title='bbox 661 987 881 1052; x_wconf 86' lang='lat' dir='ltr'>audito,</span> <span class='ocrx_word' id='word_1_46' title='bbox 917 987 1100 1042; x_wconf 89' lang='lat' dir='ltr'>miser</span> <span class='ocrx_word' id='word_1_47' title='bbox 1129 987 1364 1042; x_wconf 81' lang='lat' dir='ltr'>advenit</span> <span class='ocrx_word' id='word_1_48' title='bbox 1394 987 1790 1060; x_wconf 73' lang='lat' dir='ltr'>lacrymando,</span> 
     </span>
    </p>
   </div>
   <div class='ocr_carea' id='block_1_10' title="bbox 317 1074 1740 1148">
    <p class='ocr_par' dir='ltr' id='par_1_10' title="bbox 317 1074 1740 1148">
     <span class='ocr_line' id='line_1_10' title="bbox 317 1074 1740 1148; baseline -0.001 -18"><span class='ocrx_word' id='word_1_49' title='bbox 317 1075 581 1147; x_wconf 89' lang='lat' dir='ltr'>Stipatus</span> <span class='ocrx_word' id='word_1_50' title='bbox 611 1074 801 1130; x_wconf 90' lang='lat' dir='ltr'>multa</span> <span class='ocrx_word' id='word_1_51' title='bbox 831 1075 1182 1147; x_wconf 88' lang='lat' dir='ltr'>populorum</span> <span class='ocrx_word' id='word_1_52' title='bbox 1216 1093 1471 1148; x_wconf 86' lang='lat' dir='ltr'>namque</span> <span class='ocrx_word' id='word_1_53' title='bbox 1493 1082 1740 1143; x_wconf 76' lang='lat' dir='ltr'>caterva,</span> 
     </span>
    </p>
   </div>
   <div class='ocr_carea' id='block_1_11' title="bbox 314 1164 1828 1236">
    <p class='ocr_par' dir='ltr' id='par_1_11' title="bbox 314 1164 1828 1236">
     <span class='ocr_line' id='line_1_11' title="bbox 314 1164 1828 1236; baseline -0.001 -16"><span class='ocrx_word' id='word_1_54' title='bbox 314 1165 403 1232; x_wconf 89' lang='lat' dir='ltr'>Et,</span> <span class='ocrx_word' id='word_1_55' title='bbox 437 1182 562 1220; x_wconf 89' lang='lat' dir='ltr'>sese</span> <span class='ocrx_word' id='word_1_56' title='bbox 586 1165 870 1220; x_wconf 88' lang='lat' dir='ltr'>miserum</span> <span class='ocrx_word' id='word_1_57' title='bbox 903 1164 1186 1232; x_wconf 79' lang='lat' dir='ltr'>clamans,</span> <span class='ocrx_word' id='word_1_58' title='bbox 1212 1166 1524 1236; x_wconf 83' lang='lat' dir='ltr'>spargebat</span> <span class='ocrx_word' id='word_1_59' title='bbox 1555 1165 1612 1218; x_wconf 91' lang='lat' dir='ltr'>in</span> <span class='ocrx_word' id='word_1_60' title='bbox 1646 1165 1828 1219; x_wconf 87' lang='lat' dir='ltr'>altum</span> 
     </span>
    </p>
   </div>
   <div class='ocr_carea' id='block_1_12' title="bbox 312 1253 1827 1325">
    <p class='ocr_par' dir='ltr' id='par_1_12' title="bbox 312 1253 1827 1325">
     <span class='ocr_line' id='line_1_12' title="bbox 312 1253 1827 1325; baseline -0.001 -17"><span class='ocrx_word' id='word_1_61' title='bbox 312 1253 518 1321; x_wconf 89' lang='lat' dir='ltr'>Voces,</span> <span class='ocrx_word' id='word_1_62' title='bbox 554 1253 647 1308; x_wconf 90' lang='lat' dir='ltr'>his</span> <span class='ocrx_word' id='word_1_63' title='bbox 678 1258 945 1308; x_wconf 88' lang='lat' dir='ltr'>sanctam</span> <span class='ocrx_word' id='word_1_64' title='bbox 975 1253 1170 1309; x_wconf 83' lang='lat' dir='ltr'>verbis</span> <span class='ocrx_word' id='word_1_65' title='bbox 1201 1255 1501 1308; x_wconf 79' lang='lat' dir='ltr'>causando</span> <span class='ocrx_word' id='word_1_66' title='bbox 1524 1253 1778 1325; x_wconf 80' lang='lat' dir='ltr'>puellam</span> <span class='ocrx_word' id='word_1_67' title='bbox 1813 1268 1827 1306; x_wconf 92' lang='lat'>:</span> 
     </span>
    </p>
   </div>
   <div class='ocr_carea' id='block_1_13' title="bbox 314 1341 1732 1410">
    <p class='ocr_par' dir='ltr' id='par_1_13' title="bbox 314 1341 1732 1410">
     <span class='ocr_line' id='line_1_13' title="bbox 314 1341 1732 1410; baseline -0.003 -11"><span class='ocrx_word' id='word_1_68' title='bbox 314 1343 358 1399; x_wconf 94' lang='grc' dir='ltr'><strong>Ο</strong></span> <span class='ocrx_word' id='word_1_69' title='bbox 389 1342 602 1398; x_wconf 84' lang='lat' dir='ltr'>mulier</span> <span class='ocrx_word' id='word_1_70' title='bbox 630 1341 807 1408; x_wconf 88' lang='lat' dir='ltr'>mala,</span> <span class='ocrx_word' id='word_1_71' title='bbox 842 1341 1119 1410; x_wconf 86' lang='lat' dir='ltr'>crudelis,</span> <span class='ocrx_word' id='word_1_72' title='bbox 1151 1343 1242 1397; x_wconf 93' lang='lat' dir='ltr'>cui</span> <span class='ocrx_word' id='word_1_73' title='bbox 1277 1359 1390 1397; x_wconf 90' lang='lat' dir='ltr'>non</span> <span class='ocrx_word' id='word_1_74' title='bbox 1425 1341 1732 1398; x_wconf 85' lang='lat' dir='ltr'>muliebris</span> 
     </span>
    </p>
   </div>
   <div class='ocr_carea' id='block_1_14' title="bbox 314 1431 1972 1503">
    <p class='ocr_par' dir='ltr' id='par_1_14' title="bbox 314 1431 1972 1503">
     <span class='ocr_line' id='line_1_14' title="bbox 314 1431 1972 1503; baseline -0.001 -15"><span class='ocrx_word' id='word_1_75' title='bbox 314 1431 519 1488; x_wconf 92' lang='lat' dir='ltr'>Cordis</span> <span class='ocrx_word' id='word_1_76' title='bbox 551 1431 725 1497; x_wconf 85' lang='lat' dir='ltr'>inest,</span> <span class='ocrx_word' id='word_1_77' title='bbox 755 1431 975 1498; x_wconf 79' lang='lat' dir='ltr'>feritas,</span> <span class='ocrx_word' id='word_1_78' title='bbox 1011 1431 1384 1503; x_wconf 89' lang='lat' dir='ltr'>nimiumque</span> <span class='ocrx_word' id='word_1_79' title='bbox 1406 1436 1648 1487; x_wconf 89' lang='lat' dir='ltr'>cruento</span> <span class='ocrx_word' id='word_1_80' title='bbox 1679 1431 1972 1500; x_wconf 79' lang='lat' dir='ltr'>voluntas,</span> 
     </span>
    </p>
   </div>
   <div class='ocr_carea' id='block_1_15' title="bbox 315 1519 1796 1592">
    <p class='ocr_par' dir='ltr' id='par_1_15' title="bbox 315 1519 1796 1592">
     <span class='ocr_line' id='line_1_15' title="bbox 315 1519 1796 1592; baseline -0.001 -15"><span class='ocrx_word' id='word_1_81' title='bbox 315 1522 564 1592; x_wconf 90' lang='lat' dir='ltr'>Corpore</span> <span class='ocrx_word' id='word_1_82' title='bbox 596 1520 708 1575; x_wconf 91' lang='lat' dir='ltr'>sub</span> <span class='ocrx_word' id='word_1_83' title='bbox 737 1525 958 1586; x_wconf 91' lang='lat' dir='ltr'>tenero,</span> <span class='ocrx_word' id='word_1_84' title='bbox 993 1520 1371 1575; x_wconf 89' lang='lat' dir='ltr'>frendescens</span> <span class='ocrx_word' id='word_1_85' title='bbox 1397 1537 1557 1576; x_wconf 88' lang='lat' dir='ltr'>more</span> <span class='ocrx_word' id='word_1_86' title='bbox 1588 1519 1796 1587; x_wconf 86' lang='lat' dir='ltr'>ferino,</span> 
     </span>
    </p>
   </div>
   <div class='ocr_carea' id='block_1_16' title="bbox 315 1608 1830 1680">
    <p class='ocr_par' dir='ltr' id='par_1_16' title="bbox 315 1608 1830 1680">
     <span class='ocr_line' id='line_1_16' title="bbox 315 1608 1830 1680; baseline 0 -16"><span class='ocrx_word' id='word_1_87' title='bbox 315 1609 440 1677; x_wconf 91' lang='lat' dir='ltr'>Dic,</span> <span class='ocrx_word' id='word_1_88' title='bbox 465 1625 594 1680; x_wconf 84' lang='lat' dir='ltr'>quae</span> <span class='ocrx_word' id='word_1_89' title='bbox 627 1625 806 1664; x_wconf 91' lang='lat' dir='ltr'>causa</span> <span class='ocrx_word' id='word_1_90' title='bbox 836 1625 1034 1664; x_wconf 90' lang='lat' dir='ltr'>meum</span> <span class='ocrx_word' id='word_1_91' title='bbox 1067 1608 1223 1679; x_wconf 84' lang='lat' dir='ltr'>cogit</span> <span class='ocrx_word' id='word_1_92' title='bbox 1253 1614 1309 1663; x_wconf 92' lang='lat' dir='ltr'>te</span> <span class='ocrx_word' id='word_1_93' title='bbox 1331 1609 1572 1680; x_wconf 90' lang='lat' dir='ltr'>perdere</span> <span class='ocrx_word' id='word_1_94' title='bbox 1600 1613 1830 1676; x_wconf 89' lang='lat' dir='ltr'>natum,</span> 
     </span>
    </p>
   </div>
   <div class='ocr_carea' id='block_1_17' title="bbox 315 1697 1824 1769">
    <p class='ocr_par' dir='ltr' id='par_1_17' title="bbox 315 1697 1824 1769">
     <span class='ocr_line' id='line_1_17' title="bbox 315 1697 1824 1769; baseline 0 -17"><span class='ocrx_word' id='word_1_95' title='bbox 315 1697 420 1752; x_wconf 88' lang='lat' dir='ltr'>Cui</span> <span class='ocrx_word' id='word_1_96' title='bbox 455 1698 634 1759; x_wconf 85' lang='lat' dir='ltr'>decus</span> <span class='ocrx_word' id='word_1_97' title='bbox 668 1713 841 1752; x_wconf 91' lang='lat' dir='ltr'>omne</span> <span class='ocrx_word' id='word_1_98' title='bbox 873 1697 1018 1762; x_wconf 88' lang='lat' dir='ltr'>suis,</span> <span class='ocrx_word' id='word_1_99' title='bbox 1053 1701 1109 1752; x_wconf 91' lang='lat' dir='ltr'>et</span> <span class='ocrx_word' id='word_1_100' title='bbox 1141 1713 1278 1768; x_wconf 87' lang='lat' dir='ltr'>spes</span> <span class='ocrx_word' id='word_1_101' title='bbox 1309 1697 1497 1753; x_wconf 81' lang='lat' dir='ltr'>fuerat</span> <span class='ocrx_word' id='word_1_102' title='bbox 1519 1697 1824 1769; x_wconf 83' lang='lat' dir='ltr'>genitoris,</span> 
     </span>
    </p>
   </div>
   <div class='ocr_carea' id='block_1_18' title="bbox 314 1784 1620 1858">
    <p class='ocr_par' dir='ltr' id='par_1_18' title="bbox 314 1784 1620 1858">
     <span class='ocr_line' id='line_1_18' title="bbox 314 1784 1620 1858; baseline 0.002 -18"><span class='ocrx_word' id='word_1_103' title='bbox 314 1787 623 1854; x_wconf 85' lang='lat' dir='ltr'>Quondam</span> <span class='ocrx_word' id='word_1_104' title='bbox 643 1785 830 1841; x_wconf 81' lang='lat' dir='ltr'>felicis</span> <span class='ocrx_word' id='word_1_105' title='bbox 862 1784 997 1840; x_wconf 89' lang='lat' dir='ltr'>talis</span> <span class='ocrx_word' id='word_1_106' title='bbox 1028 1786 1100 1841; x_wconf 91' lang='lat' dir='ltr'>de</span> <span class='ocrx_word' id='word_1_107' title='bbox 1122 1785 1390 1858; x_wconf 89' lang='lat' dir='ltr'>germine</span> <span class='ocrx_word' id='word_1_108' title='bbox 1417 1785 1620 1858; x_wconf 88' lang='lat' dir='ltr'>prolis,</span> 
     </span>
    </p>
   </div>
   <div class='ocr_carea' id='block_1_19' title="bbox 315 1873 1648 1947">
    <p class='ocr_par' dir='ltr' id='par_1_19' title="bbox 315 1873 1648 1947">
     <span class='ocr_line' id='line_1_19' title="bbox 315 1873 1648 1947; baseline 0 -17"><span class='ocrx_word' id='word_1_109' title='bbox 315 1875 427 1930; x_wconf 89' lang='lat' dir='ltr'>Sed</span> <span class='ocrx_word' id='word_1_110' title='bbox 460 1891 618 1930; x_wconf 91' lang='lat' dir='ltr'>nunc</span> <span class='ocrx_word' id='word_1_111' title='bbox 647 1873 837 1930; x_wconf 81' lang='lat' dir='ltr'>orbati</span> <span class='ocrx_word' id='word_1_112' title='bbox 868 1875 1082 1930; x_wconf 88' lang='lat' dir='ltr'>misere</span> <span class='ocrx_word' id='word_1_113' title='bbox 1114 1891 1217 1947; x_wconf 90' lang='lat' dir='ltr'>pro</span> <span class='ocrx_word' id='word_1_114' title='bbox 1250 1876 1452 1930; x_wconf 87' lang='lat' dir='ltr'>funere</span> <span class='ocrx_word' id='word_1_115' title='bbox 1485 1875 1648 1930; x_wconf 85' lang='lat' dir='ltr'>nati?</span> 
     </span>
    </p>
   </div>
   <div class='ocr_carea' id='block_1_20' title="bbox 312 1963 1976 2036">
    <p class='ocr_par' dir='ltr' id='par_1_20' title="bbox 312 1963 1976 2036">
     <span class='ocr_line' id='line_1_20' title="bbox 312 1963 1976 2036; baseline 0 -16"><span class='ocrx_word' id='word_1_116' title='bbox 312 1965 470 2020; x_wconf 72' lang='lat'>110</span> <span class='ocrx_word' id='word_1_117' title='bbox 492 1963 637 2018; x_wconf 89' lang='lat' dir='ltr'>Hinc</span> <span class='ocrx_word' id='word_1_118' title='bbox 668 1966 826 2036; x_wconf 89' lang='lat' dir='ltr'>patet</span> <span class='ocrx_word' id='word_1_119' title='bbox 851 1980 1010 2036; x_wconf 88' lang='lat' dir='ltr'>ergo,</span> <span class='ocrx_word' id='word_1_120' title='bbox 1031 1967 1196 2018; x_wconf 90' lang='lat' dir='ltr'>tuam</span> <span class='ocrx_word' id='word_1_121' title='bbox 1229 1968 1509 2031; x_wconf 89' lang='lat' dir='ltr'>mentem,</span> <span class='ocrx_word' id='word_1_122' title='bbox 1528 1965 1779 2020; x_wconf 87' lang='lat' dir='ltr'>nimium</span> <span class='ocrx_word' id='word_1_123' title='bbox 1809 1965 1976 2020; x_wconf 90' lang='lat' dir='ltr'>vitio-</span> 
     </span>
    </p>
   </div>
   <div class='ocr_carea' id='block_1_21' title="bbox 313 2051 1977 2124">
    <p class='ocr_par' dir='ltr' id='par_1_21' title="bbox 313 2051 1977 2124">
     <span class='ocr_line' id='line_1_21' title="bbox 313 2051 1977 2124; baseline 0 -16"><span class='ocrx_word' id='word_1_124' title='bbox 313 2053 394 2108; x_wconf 92' lang='lat' dir='ltr'>De</span> <span class='ocrx_word' id='word_1_125' title='bbox 415 2051 622 2108; x_wconf 89' lang='lat' dir='ltr'>rivults</span> <span class='ocrx_word' id='word_1_126' title='bbox 638 2052 878 2124; x_wconf 65' lang='lat' dir='ltr'>magica:</span> <span class='ocrx_word' id='word_1_127' title='bbox 904 2052 1132 2108; x_wconf 81' lang='lat' dir='ltr'>fraudis</span> <span class='ocrx_word' id='word_1_128' title='bbox 1155 2053 1418 2109; x_wconf 89' lang='lat' dir='ltr'>bibulam</span> <span class='ocrx_word' id='word_1_129' title='bbox 1443 2053 1588 2109; x_wconf 84' lang='lat' dir='ltr'>satis</span> <span class='ocrx_word' id='word_1_130' title='bbox 1609 2070 1758 2119; x_wconf 90' lang='lat' dir='ltr'>esse,</span> <span class='ocrx_word' id='word_1_131' title='bbox 1802 2053 1977 2124; x_wconf 87' lang='lat' dir='ltr'>[sam,</span> 
     </span>
    </p>
   </div>
   <div class='ocr_carea' id='block_1_22' title="bbox 315 2141 1814 2212">
    <p class='ocr_par' dir='ltr' id='par_1_22' title="bbox 315 2141 1814 2212">
     <span class='ocr_line' id='line_1_22' title="bbox 315 2141 1814 2212; baseline -0.001 -15"><span class='ocrx_word' id='word_1_132' title='bbox 315 2141 643 2198; x_wconf 86' lang='lat' dir='ltr'>Florentem</span> <span class='ocrx_word' id='word_1_133' title='bbox 676 2141 885 2212; x_wconf 83' lang='lat' dir='ltr'>primis</span> <span class='ocrx_word' id='word_1_134' title='bbox 917 2141 1057 2212; x_wconf 87' lang='lat' dir='ltr'>quia</span> <span class='ocrx_word' id='word_1_135' title='bbox 1081 2142 1229 2198; x_wconf 86' lang='lat' dir='ltr'>forte</span> <span class='ocrx_word' id='word_1_136' title='bbox 1260 2158 1468 2198; x_wconf 88' lang='lat' dir='ltr'>necare</span> <span class='ocrx_word' id='word_1_137' title='bbox 1501 2143 1611 2197; x_wconf 89' lang='lat' dir='ltr'>sub</span> <span class='ocrx_word' id='word_1_138' title='bbox 1643 2143 1814 2198; x_wconf 90' lang='lat' dir='ltr'>annis</span> 
     </span>
    </p>
   </div>
   <div class='ocr_carea' id='block_1_23' title="bbox 314 2228 1556 2300">
    <p class='ocr_par' dir='ltr' id='par_1_23' title="bbox 314 2228 1556 2300">
     <span class='ocr_line' id='line_1_23' title="bbox 314 2228 1556 2300; baseline 0 -14"><span class='ocrx_word' id='word_1_139' title='bbox 314 2230 629 2286; x_wconf 89' lang='lat' dir='ltr'>Subtracta</span> <span class='ocrx_word' id='word_1_140' title='bbox 659 2228 814 2284; x_wconf 92' lang='lat' dir='ltr'>dulci</span> <span class='ocrx_word' id='word_1_141' title='bbox 841 2230 1120 2300; x_wconf 89' lang='lat' dir='ltr'>juvenem</span> <span class='ocrx_word' id='word_1_142' title='bbox 1151 2230 1272 2286; x_wconf 88' lang='lat' dir='ltr'>vita</span> <span class='ocrx_word' id='word_1_143' title='bbox 1299 2230 1556 2286; x_wconf 88' lang='lat' dir='ltr'>valuisti.</span> 
     </span>
    </p>
   </div>
   <div class='ocr_carea' id='block_1_24' title="bbox 310 2317 1738 2392">
    <p class='ocr_par' dir='ltr' id='par_1_24' title="bbox 310 2317 1738 2392">
     <span class='ocr_line' id='line_1_24' title="bbox 310 2317 1738 2392; baseline 0.001 -18"><span class='ocrx_word' id='word_1_144' title='bbox 310 2321 387 2374; x_wconf 88' lang='lat' dir='ltr'>At</span> <span class='ocrx_word' id='word_1_145' title='bbox 415 2336 582 2374; x_wconf 91' lang='lat' dir='ltr'>sacra</span> <span class='ocrx_word' id='word_1_146' title='bbox 612 2317 890 2374; x_wconf 89' lang='lat' dir='ltr'>conviciis</span> <span class='ocrx_word' id='word_1_147' title='bbox 920 2318 1082 2392; x_wconf 88' lang='lat' dir='ltr'>virgo</span> <span class='ocrx_word' id='word_1_148' title='bbox 1116 2337 1230 2374; x_wconf 91' lang='lat' dir='ltr'>non</span> <span class='ocrx_word' id='word_1_149' title='bbox 1267 2319 1558 2392; x_wconf 84' lang='lat' dir='ltr'>frangitur</span> <span class='ocrx_word' id='word_1_150' title='bbox 1587 2320 1738 2388; x_wconf 83' lang='lat' dir='ltr'>istis,</span> 
     </span>
    </p>
   </div>
   <div class='ocr_carea' id='block_1_25' title="bbox 314 2407 1720 2478">
    <p class='ocr_par' dir='ltr' id='par_1_25' title="bbox 314 2407 1720 2478">
     <span class='ocr_line' id='line_1_25' title="bbox 314 2407 1720 2478; baseline 0.001 -16"><span class='ocrx_word' id='word_1_151' title='bbox 314 2407 575 2463; x_wconf 85' lang='lat' dir='ltr'>Profecto</span> <span class='ocrx_word' id='word_1_152' title='bbox 600 2423 704 2462; x_wconf 89' lang='lat' dir='ltr'>nec</span> <span class='ocrx_word' id='word_1_153' title='bbox 737 2423 1088 2478; x_wconf 90' lang='lat' dir='ltr'>responsum</span> <span class='ocrx_word' id='word_1_154' title='bbox 1121 2408 1402 2464; x_wconf 88' lang='lat' dir='ltr'>reddebat</span> <span class='ocrx_word' id='word_1_155' title='bbox 1423 2409 1720 2477; x_wconf 89' lang='lat' dir='ltr'>acerbum,</span> 
     </span>
    </p>
   </div>
   <div class='ocr_carea' id='block_1_26' title="bbox 313 2495 1783 2569">
    <p class='ocr_par' dir='ltr' id='par_1_26' title="bbox 313 2495 1783 2569">
     <span class='ocr_line' id='line_1_26' title="bbox 313 2495 1783 2569; baseline -0.001 -16"><span class='ocrx_word' id='word_1_156' title='bbox 313 2495 541 2561; x_wconf 90' lang='lat' dir='ltr'>Dulcia,</span> <span class='ocrx_word' id='word_1_157' title='bbox 577 2513 698 2562; x_wconf 85' lang='lat' dir='ltr'>sex,</span> <span class='ocrx_word' id='word_1_158' title='bbox 728 2512 937 2551; x_wconf 88' lang='lat' dir='ltr'>resono</span> <span class='ocrx_word' id='word_1_159' title='bbox 967 2497 1331 2568; x_wconf 85' lang='lat' dir='ltr'>profundens</span> <span class='ocrx_word' id='word_1_160' title='bbox 1361 2497 1537 2566; x_wconf 82' lang='lat' dir='ltr'>verba</span> <span class='ocrx_word' id='word_1_161' title='bbox 1569 2497 1783 2569; x_wconf 89' lang='lat' dir='ltr'>palato,</span> 
     </span>
    </p>
   </div>
   <div class='ocr_carea' id='block_1_27' title="bbox 313 2583 1576 2656">
    <p class='ocr_par' dir='ltr' id='par_1_27' title="bbox 313 2583 1576 2656">
     <span class='ocr_line' id='line_1_27' title="bbox 313 2583 1576 2656; baseline -0.002 -15"><span class='ocrx_word' id='word_1_162' title='bbox 313 2585 466 2641; x_wconf 87' lang='lat' dir='ltr'>Dixii</span> <span class='ocrx_word' id='word_1_163' title='bbox 489 2583 760 2650; x_wconf 85' lang='lat' dir='ltr'>facunde,</span> <span class='ocrx_word' id='word_1_164' title='bbox 785 2584 931 2640; x_wconf 88' lang='lat' dir='ltr'>bene</span> <span class='ocrx_word' id='word_1_165' title='bbox 961 2584 1288 2656; x_wconf 86' lang='lat' dir='ltr'>composita</span> <span class='ocrx_word' id='word_1_166' title='bbox 1309 2584 1530 2640; x_wconf 88' lang='lat' dir='ltr'>ratione</span> <span class='ocrx_word' id='word_1_167' title='bbox 1564 2601 1576 2639; x_wconf 90' lang='lat'>:</span> 
     </span>
    </p>
   </div>
   <div class='ocr_carea' id='block_1_28' title="bbox 313 2673 1774 2745">
    <p class='ocr_par' dir='ltr' id='par_1_28' title="bbox 313 2673 1774 2745">
     <span class='ocr_line' id='line_1_28' title="bbox 313 2673 1774 2745; baseline -0.001 -16"><span class='ocrx_word' id='word_1_168' title='bbox 313 2675 441 2730; x_wconf 91' lang='lat' dir='ltr'>Non</span> <span class='ocrx_word' id='word_1_169' title='bbox 473 2689 578 2744; x_wconf 87' lang='lat' dir='ltr'>ego</span> <span class='ocrx_word' id='word_1_170' title='bbox 609 2689 788 2728; x_wconf 87' lang='lat' dir='ltr'>causa</span> <span class='ocrx_word' id='word_1_171' title='bbox 809 2673 968 2728; x_wconf 88' lang='lat' dir='ltr'>necis</span> <span class='ocrx_word' id='word_1_172' title='bbox 1001 2673 1226 2728; x_wconf 87' lang='lat' dir='ltr'>fueram</span> <span class='ocrx_word' id='word_1_173' title='bbox 1249 2673 1450 2744; x_wconf 84' lang='lat' dir='ltr'>juveni</span> <span class='ocrx_word' id='word_1_174' title='bbox 1486 2675 1774 2745; x_wconf 89' lang='lat' dir='ltr'>pereunti,</span> 
     </span>
    </p>
   </div>
   <div class='ocr_carea' id='block_1_29' title="bbox 313 2761 1724 2835">
    <p class='ocr_par' dir='ltr' id='par_1_29' title="bbox 313 2761 1724 2835">
     <span class='ocr_line' id='line_1_29' title="bbox 313 2761 1724 2835; baseline -0.001 -16"><span class='ocrx_word' id='word_1_175' title='bbox 313 2763 428 2820; x_wconf 87' lang='lat' dir='ltr'>Sed</span> <span class='ocrx_word' id='word_1_176' title='bbox 459 2761 648 2835; x_wconf 88' lang='lat' dir='ltr'>magis</span> <span class='ocrx_word' id='word_1_177' title='bbox 678 2763 803 2834; x_wconf 88' lang='lat' dir='ltr'>ipse</span> <span class='ocrx_word' id='word_1_178' title='bbox 834 2761 945 2817; x_wconf 89' lang='lat' dir='ltr'>sibi</span> <span class='ocrx_word' id='word_1_179' title='bbox 970 2761 1080 2816; x_wconf 86' lang='lat' dir='ltr'>fuit</span> <span class='ocrx_word' id='word_1_180' title='bbox 1111 2761 1383 2818; x_wconf 90' lang='lat' dir='ltr'>incensor</span> <span class='ocrx_word' id='word_1_181' title='bbox 1411 2763 1724 2831; x_wconf 88' lang='lat' dir='ltr'>moriendi,</span> 
     </span>
    </p>
   </div>
   <div class='ocr_carea' id='block_1_30' title="bbox 313 2849 1826 2923">
    <p class='ocr_par' dir='ltr' id='par_1_30' title="bbox 313 2849 1826 2923">
     <span class='ocr_line' id='line_1_30' title="bbox 313 2849 1826 2923; baseline -0.001 -15"><span class='ocrx_word' id='word_1_182' title='bbox 313 2852 650 2908; x_wconf 83' lang='lat' dir='ltr'>Gloriﬁeare</span> <span class='ocrx_word' id='word_1_183' title='bbox 683 2851 866 2906; x_wconf 89' lang='lat' dir='ltr'>Deum</span> <span class='ocrx_word' id='word_1_184' title='bbox 899 2849 1116 2906; x_wconf 82' lang='lat' dir='ltr'>stultus</span> <span class='ocrx_word' id='word_1_185' title='bbox 1143 2851 1282 2923; x_wconf 90' lang='lat' dir='ltr'>quia</span> <span class='ocrx_word' id='word_1_186' title='bbox 1309 2856 1606 2922; x_wconf 86' lang='lat' dir='ltr'>spreverat</span> <span class='ocrx_word' id='word_1_187' title='bbox 1634 2851 1826 2921; x_wconf 91' lang='lat' dir='ltr'>illum,</span> 
     </span>
    </p>
   </div>
   <div class='ocr_carea' id='block_1_31' title="bbox 311 2939 1630 3012">
    <p class='ocr_par' dir='ltr' id='par_1_31' title="bbox 311 2939 1630 3012">
     <span class='ocr_line' id='line_1_31' title="bbox 311 2939 1630 3012; baseline -0.001 -15"><span class='ocrx_word' id='word_1_188' title='bbox 311 2941 511 2998; x_wconf 88' lang='lat' dir='ltr'>Gloria</span> <span class='ocrx_word' id='word_1_189' title='bbox 539 2941 788 2996; x_wconf 85' lang='lat' dir='ltr'>testiﬁeo</span> <span class='ocrx_word' id='word_1_190' title='bbox 820 2941 990 3012; x_wconf 87' lang='lat' dir='ltr'>cujus</span> <span class='ocrx_word' id='word_1_191' title='bbox 1023 2939 1328 3012; x_wconf 70' lang='lat' dir='ltr'>praefulget</span> <span class='ocrx_word' id='word_1_192' title='bbox 1358 2939 1418 2995; x_wconf 89' lang='lat' dir='ltr'>in</span> <span class='ocrx_word' id='word_1_193' title='bbox 1440 2946 1630 2996; x_wconf 88' lang='lat' dir='ltr'>antro.</span> 
     </span>
    </p>
   </div>
   <div class='ocr_carea' id='block_1_32' title="bbox 313 3029 1640 3102">
    <p class='ocr_par' dir='ltr' id='par_1_32' title="bbox 313 3029 1640 3102">
     <span class='ocr_line' id='line_1_32' title="bbox 313 3029 1640 3102; baseline 0 -16"><span class='ocrx_word' id='word_1_194' title='bbox 313 3030 424 3087; x_wconf 91' lang='lat' dir='ltr'>Sed</span> <span class='ocrx_word' id='word_1_195' title='bbox 451 3047 627 3098; x_wconf 90' lang='lat' dir='ltr'>nunc,</span> <span class='ocrx_word' id='word_1_196' title='bbox 664 3034 729 3084; x_wconf 89' lang='lat' dir='ltr'>ut</span> <span class='ocrx_word' id='word_1_197' title='bbox 752 3029 922 3102; x_wconf 89' lang='lat' dir='ltr'>plane</span> <span class='ocrx_word' id='word_1_198' title='bbox 945 3033 1063 3084; x_wconf 89' lang='lat' dir='ltr'>toto</span> <span class='ocrx_word' id='word_1_199' title='bbox 1094 3029 1378 3085; x_wconf 88' lang='lat' dir='ltr'>clarescat</span> <span class='ocrx_word' id='word_1_200' title='bbox 1409 3030 1466 3084; x_wconf 91' lang='lat' dir='ltr'>in</span> <span class='ocrx_word' id='word_1_201' title='bbox 1501 3031 1640 3086; x_wconf 89' lang='lat' dir='ltr'>orbe</span> 
     </span>
    </p>
   </div>
   <div class='ocr_carea' id='block_1_33' title="bbox 311 3118 1690 3191">
    <p class='ocr_par' dir='ltr' id='par_1_33' title="bbox 311 3118 1690 3191">
     <span class='ocr_line' id='line_1_33' title="bbox 311 3118 1690 3191; baseline 0.001 -17"><span class='ocrx_word' id='word_1_202' title='bbox 311 3121 454 3191; x_wconf 91' lang='lat' dir='ltr'>Ejus</span> <span class='ocrx_word' id='word_1_203' title='bbox 486 3121 786 3191; x_wconf 86' lang='lat' dir='ltr'>majestas,</span> <span class='ocrx_word' id='word_1_204' title='bbox 821 3135 926 3174; x_wconf 87' lang='lat' dir='ltr'>nec</span> <span class='ocrx_word' id='word_1_205' title='bbox 957 3136 1072 3174; x_wconf 89' lang='lat' dir='ltr'>non</span> <span class='ocrx_word' id='word_1_206' title='bbox 1105 3118 1382 3190; x_wconf 72' lang='lat' dir='ltr'>prmcelsa</span> <span class='ocrx_word' id='word_1_207' title='bbox 1411 3124 1690 3190; x_wconf 86' lang='lat' dir='ltr'>potestas,</span> 
     </span>
    </p>
   </div>
   <div class='ocr_carea' id='block_1_34' title="bbox 311 3193 1516 3279">
    <p class='ocr_par' dir='ltr' id='par_1_34' title="bbox 311 3193 1516 3279">
     <span class='ocr_line' id='line_1_34' title="bbox 311 3193 1516 3279; baseline -0.002 -16"><span class='ocrx_word' id='word_1_208' title='bbox 311 3207 508 3279; x_wconf 85' lang='lat' dir='ltr'>Ipsius</span> <span class='ocrx_word' id='word_1_209' title='bbox 539 3193 776 3262; x_wconf 83' lang='lat' dir='ltr'>suavem</span> <span class='ocrx_word' id='word_1_210' title='bbox 808 3207 1054 3278; x_wconf 80' lang='lat' dir='ltr'>supplex</span> <span class='ocrx_word' id='word_1_211' title='bbox 1083 3224 1185 3262; x_wconf 92' lang='lat' dir='ltr'>oro</span> <span class='ocrx_word' id='word_1_212' title='bbox 1215 3207 1516 3278; x_wconf 84' lang='lat' dir='ltr'>pietatem,</span> 
     </span>
    </p>
   </div>
   <div class='ocr_carea' id='block_1_35' title="bbox 311 3293 1795 3366">
    <p class='ocr_par' dir='ltr' id='par_1_35' title="bbox 311 3293 1795 3366">
     <span class='ocr_line' id='line_1_35' title="bbox 311 3293 1795 3366; baseline -0.001 -15"><span class='ocrx_word' id='word_1_213' title='bbox 311 3296 386 3352; x_wconf 87' lang='lat' dir='ltr'>Ut</span> <span class='ocrx_word' id='word_1_214' title='bbox 406 3313 618 3366; x_wconf 88' lang='lat' dir='ltr'>corpus</span> <span class='ocrx_word' id='word_1_215' title='bbox 642 3295 896 3366; x_wconf 88' lang='lat' dir='ltr'>rigidum</span> <span class='ocrx_word' id='word_1_216' title='bbox 920 3295 1128 3365; x_wconf 85' lang='lat' dir='ltr'>jubeat</span> <span class='ocrx_word' id='word_1_217' title='bbox 1155 3293 1506 3350; x_wconf 88' lang='lat' dir='ltr'>recalescere</span> <span class='ocrx_word' id='word_1_218' title='bbox 1537 3313 1795 3363; x_wconf 88' lang='lat' dir='ltr'>rursum,</span> 
     </span>
    </p>
   </div>
   <div class='ocr_carea' id='block_1_36' title="bbox 310 3383 1966 3457">
    <p class='ocr_par' dir='ltr' id='par_1_36' title="bbox 310 3383 1966 3457">
     <span class='ocr_line' id='line_1_36' title="bbox 310 3383 1966 3457; baseline 0 -17"><span class='ocrx_word' id='word_1_219' title='bbox 310 3387 500 3457; x_wconf 87' lang='lat' dir='ltr'>Atque</span> <span class='ocrx_word' id='word_1_220' title='bbox 526 3401 737 3440; x_wconf 90' lang='lat' dir='ltr'>novum</span> <span class='ocrx_word' id='word_1_221' title='bbox 771 3383 1053 3439; x_wconf 86' lang='lat' dir='ltr'>membris</span> <span class='ocrx_word' id='word_1_222' title='bbox 1074 3383 1372 3438; x_wconf 88' lang='lat' dir='ltr'>hominem</span> <span class='ocrx_word' id='word_1_223' title='bbox 1408 3389 1636 3456; x_wconf 87' lang='lat' dir='ltr'>reparet</span> <span class='ocrx_word' id='word_1_224' title='bbox 1674 3384 1966 3440; x_wconf 83' lang='lat' dir='ltr'>redivivis.</span> 
     </span>
    </p>
   </div>
   <div class='ocr_carea' id='block_1_37' title="bbox 311 3473 1801 3546">
    <p class='ocr_par' dir='ltr' id='par_1_37' title="bbox 311 3473 1801 3546">
     <span class='ocr_line' id='line_1_37' title="bbox 311 3473 1801 3546; baseline -0.001 -16"><span class='ocrx_word' id='word_1_225' title='bbox 311 3473 488 3540; x_wconf 89' lang='lat' dir='ltr'>Dixit,</span> <span class='ocrx_word' id='word_1_226' title='bbox 519 3479 575 3530; x_wconf 91' lang='lat' dir='ltr'>et</span> <span class='ocrx_word' id='word_1_227' title='bbox 605 3477 866 3528; x_wconf 86' lang='lat' dir='ltr'>astantes</span> <span class='ocrx_word' id='word_1_228' title='bbox 889 3473 1113 3545; x_wconf 88' lang='lat' dir='ltr'>regredi</span> <span class='ocrx_word' id='word_1_229' title='bbox 1145 3478 1498 3546; x_wconf 83' lang='lat' dir='ltr'>praeceperat</span> <span class='ocrx_word' id='word_1_230' title='bbox 1527 3490 1752 3542; x_wconf 89' lang='lat' dir='ltr'>omnes,</span> <span class='ocrx_word' id='word_1_231' title='bbox 1786 3475 1801 3490; x_wconf 84' lang='grc'><strong>⁸</strong></span> 
     </span>
    </p>
   </div>
   <div class='ocr_carea' id='block_1_38' title="bbox 311 3561 1967 3636">
    <p class='ocr_par' dir='ltr' id='par_1_38' title="bbox 311 3561 1967 3636">
     <span class='ocr_line' id='line_1_38' title="bbox 311 3561 1967 3636; baseline 0.001 -18"><span class='ocrx_word' id='word_1_232' title='bbox 311 3563 380 3618; x_wconf 87' lang='lat' dir='ltr'>Et</span> <span class='ocrx_word' id='word_1_233' title='bbox 410 3566 705 3634; x_wconf 89' lang='lat' dir='ltr'>prostrata</span> <span class='ocrx_word' id='word_1_234' title='bbox 733 3561 878 3630; x_wconf 89' lang='lat' dir='ltr'>solo,</span> <span class='ocrx_word' id='word_1_235' title='bbox 905 3561 1273 3633; x_wconf 88' lang='lat' dir='ltr'>fundensque</span> <span class='ocrx_word' id='word_1_236' title='bbox 1318 3579 1520 3633; x_wconf 90' lang='lat' dir='ltr'>preces</span> <span class='ocrx_word' id='word_1_237' title='bbox 1569 3561 1967 3636; x_wconf 76' lang='lat' dir='ltr'>lacrymando,</span> 
     </span>
    </p>
   </div>
   <div class='ocr_carea' id='block_1_39' title="bbox 311 3649 1716 3724">
    <p class='ocr_par' dir='ltr' id='par_1_39' title="bbox 311 3649 1716 3724">
     <span class='ocr_line' id='line_1_39' title="bbox 311 3649 1716 3724; baseline 0.001 -17"><span class='ocrx_word' id='word_1_238' title='bbox 311 3651 598 3719; x_wconf 83' lang='lat' dir='ltr'>Praestari,</span> <span class='ocrx_word' id='word_1_239' title='bbox 634 3651 777 3724; x_wconf 87' lang='lat' dir='ltr'>petit</span> <span class='ocrx_word' id='word_1_240' title='bbox 803 3669 837 3706; x_wconf 72' lang='grc' dir='ltr'>ο.</span> <span class='ocrx_word' id='word_1_241' title='bbox 867 3649 1113 3706; x_wconf 87' lang='lat' dir='ltr'>Domino</span> <span class='ocrx_word' id='word_1_242' title='bbox 1143 3651 1372 3706; x_wconf 87' lang='lat' dir='ltr'>veniam</span> <span class='ocrx_word' id='word_1_243' title='bbox 1406 3649 1716 3708; x_wconf 90' lang='lat' dir='ltr'>sceleroso.</span> 
     </span>
    </p>
   </div>
   <div class='ocr_carea' id='block_1_40' title="bbox 309 3739 1713 3811">
    <p class='ocr_par' dir='ltr' id='par_1_40' title="bbox 309 3739 1713 3811">
     <span class='ocr_line' id='line_1_40' title="bbox 309 3739 1713 3811; baseline -0.001 -15"><span class='ocrx_word' id='word_1_244' title='bbox 309 3740 416 3796; x_wconf 90' lang='lat' dir='ltr'>Cui</span> <span class='ocrx_word' id='word_1_245' title='bbox 449 3757 583 3796; x_wconf 88' lang='lat' dir='ltr'>mox</span> <span class='ocrx_word' id='word_1_246' title='bbox 613 3739 827 3808; x_wconf 90' lang='lat' dir='ltr'>oranti,</span> <span class='ocrx_word' id='word_1_247' title='bbox 860 3739 1074 3794; x_wconf 88' lang='lat' dir='ltr'>misero</span> <span class='ocrx_word' id='word_1_248' title='bbox 1104 3739 1402 3811; x_wconf 89' lang='lat' dir='ltr'>vitamque</span> <span class='ocrx_word' id='word_1_249' title='bbox 1429 3740 1713 3811; x_wconf 87' lang='lat' dir='ltr'>precanti,</span> 
     </span>
    </p>
   </div>
   <div class='ocr_carea' id='block_1_41' title="bbox 306 3828 1795 3902">
    <p class='ocr_par' dir='ltr' id='par_1_41' title="bbox 306 3828 1795 3902">
     <span class='ocr_line' id='line_1_41' title="bbox 306 3828 1795 3902; baseline 0.001 -19"><span class='ocrx_word' id='word_1_250' title='bbox 306 3828 564 3902; x_wconf 88' lang='lat' dir='ltr'>Angelus</span> <span class='ocrx_word' id='word_1_251' title='bbox 596 3829 882 3893; x_wconf 85' lang='lat' dir='ltr'>astiterat,</span> <span class='ocrx_word' id='word_1_252' title='bbox 916 3829 1516 3901; x_wconf 83' lang='lat' dir='ltr'>procumbentemque</span> <span class='ocrx_word' id='word_1_253' title='bbox 1545 3828 1795 3897; x_wconf 88' lang='lat' dir='ltr'>levabat,</span> 
     </span>
    </p>
   </div>
   <div class='ocr_carea' id='block_1_42' title="bbox 309 3917 1596 3990">
    <p class='ocr_par' dir='ltr' id='par_1_42' title="bbox 309 3917 1596 3990">
     <span class='ocr_line' id='line_1_42' title="bbox 309 3917 1596 3990; baseline -0.002 -16"><span class='ocrx_word' id='word_1_254' title='bbox 309 3919 579 3974; x_wconf 67' lang='lat' dir='ltr'>Praebens</span> <span class='ocrx_word' id='word_1_255' title='bbox 609 3917 918 3990; x_wconf 89' lang='lat' dir='ltr'>colloquiis</span> <span class='ocrx_word' id='word_1_256' title='bbox 952 3917 1034 3972; x_wconf 90' lang='lat' dir='ltr'>illi</span> <span class='ocrx_word' id='word_1_257' title='bbox 1069 3917 1331 3974; x_wconf 89' lang='lat' dir='ltr'>solamen</span> <span class='ocrx_word' id='word_1_258' title='bbox 1365 3917 1596 3985; x_wconf 87' lang='lat' dir='ltr'>amicis,</span> 
     </span>
    </p>
   </div>
   <div class='ocr_carea' id='block_1_43' title="bbox 309 4006 1548 4080">
    <p class='ocr_par' dir='ltr' id='par_1_43' title="bbox 309 4006 1548 4080">
     <span class='ocr_line' id='line_1_43' title="bbox 309 4006 1548 4080; baseline -0.002 -17"><span class='ocrx_word' id='word_1_259' title='bbox 309 4008 372 4064; x_wconf 90' lang='lat' dir='ltr'>In</span> <span class='ocrx_word' id='word_1_260' title='bbox 401 4008 692 4080; x_wconf 88' lang='lat' dir='ltr'>verboque</span> <span class='ocrx_word' id='word_1_261' title='bbox 722 4007 822 4062; x_wconf 91' lang='lat' dir='ltr'>Dei</span> <span class='ocrx_word' id='word_1_262' title='bbox 845 4007 1032 4078; x_wconf 84' lang='lat' dir='ltr'>jussit</span> <span class='ocrx_word' id='word_1_263' title='bbox 1061 4008 1272 4062; x_wconf 87' lang='lat' dir='ltr'>virtute</span> <span class='ocrx_word' id='word_1_264' title='bbox 1301 4006 1548 4078; x_wconf 85' lang='lat' dir='ltr'>potenti,</span> 
     </span>
    </p>
   </div>
   <div class='ocr_carea' id='block_1_44' title="bbox 304 4082 1660 4167">
    <p class='ocr_par' dir='ltr' id='par_1_44' title="bbox 304 4082 1660 4167">
     <span class='ocr_line' id='line_1_44' title="bbox 304 4082 1660 4167; baseline -0.001 -17"><span class='ocrx_word' id='word_1_265' title='bbox 304 4095 670 4150; x_wconf 85' lang='lat' dir='ltr'>Exstinctum</span> <span class='ocrx_word' id='word_1_266' title='bbox 697 4095 894 4150; x_wconf 85' lang='lat' dir='ltr'>subito</span> <span class='ocrx_word' id='word_1_267' title='bbox 918 4095 1062 4150; x_wconf 82' lang='lat' dir='ltr'>ﬂatu</span> <span class='ocrx_word' id='word_1_268' title='bbox 1090 4095 1305 4151; x_wconf 80' lang='lat' dir='ltr'>vixisse</span> <span class='ocrx_word' id='word_1_269' title='bbox 1333 4082 1660 4167; x_wconf 52' lang='lat' dir='ltr'>resumpto:</span> 
     </span>
    </p>
   </div>
   <div class='ocr_carea' id='block_1_45' title="bbox 305 4181 1710 4252">
    <p class='ocr_par' dir='ltr' id='par_1_45' title="bbox 305 4181 1710 4252">
     <span class='ocr_line' id='line_1_45' title="bbox 305 4181 1710 4252; baseline 0.001 -15"><span class='ocrx_word' id='word_1_270' title='bbox 305 4183 440 4250; x_wconf 88' lang='lat' dir='ltr'>Qui,</span> <span class='ocrx_word' id='word_1_271' title='bbox 469 4182 646 4238; x_wconf 89' lang='lat' dir='ltr'>citius</span> <span class='ocrx_word' id='word_1_272' title='bbox 679 4181 858 4248; x_wconf 90' lang='lat' dir='ltr'>dicto,</span> <span class='ocrx_word' id='word_1_273' title='bbox 885 4183 1098 4252; x_wconf 87' lang='lat' dir='ltr'>jussus</span> <span class='ocrx_word' id='word_1_274' title='bbox 1130 4182 1383 4238; x_wconf 85' lang='lat' dir='ltr'>surrexit</span> <span class='ocrx_word' id='word_1_275' title='bbox 1403 4183 1475 4238; x_wconf 91' lang='lat' dir='ltr'>ab</span> <span class='ocrx_word' id='word_1_276' title='bbox 1507 4182 1710 4249; x_wconf 87' lang='lat' dir='ltr'>humo,</span> 
     </span>
    </p>
   </div>
   <div class='ocr_carea' id='block_1_46' title="bbox 302 4267 1746 4342">
    <p class='ocr_par' dir='ltr' id='par_1_46' title="bbox 302 4267 1746 4342">
     <span class='ocr_line' id='line_1_46' title="bbox 302 4267 1746 4342; baseline 0.003 -19"><span class='ocrx_word' id='word_1_277' title='bbox 302 4267 540 4324; x_wconf 85' lang='lat' dir='ltr'>Viribus</span> <span class='ocrx_word' id='word_1_278' title='bbox 571 4271 629 4324; x_wconf 89' lang='lat' dir='ltr'>et</span> <span class='ocrx_word' id='word_1_279' title='bbox 659 4268 890 4323; x_wconf 89' lang='lat' dir='ltr'>cunctis</span> <span class='ocrx_word' id='word_1_280' title='bbox 921 4267 1090 4341; x_wconf 92' lang='lat' dir='ltr'>plene</span> <span class='ocrx_word' id='word_1_281' title='bbox 1121 4268 1406 4324; x_wconf 89' lang='lat' dir='ltr'>membris</span> <span class='ocrx_word' id='word_1_282' title='bbox 1435 4269 1746 4342; x_wconf 87' lang='lat' dir='ltr'>restitutis,</span> 
     </span>
    </p>
   </div>
   <div class='ocr_carea' id='block_1_47' title="bbox 301 4355 1873 4432">
    <p class='ocr_par' dir='ltr' id='par_1_47' title="bbox 301 4355 1873 4432">
     <span class='ocr_line' id='line_1_47' title="bbox 301 4355 1873 4432; baseline 0.003 -18"><span class='ocrx_word' id='word_1_283' title='bbox 301 4361 383 4414; x_wconf 88' lang='lat' dir='ltr'>Ac</span> <span class='ocrx_word' id='word_1_284' title='bbox 411 4358 655 4414; x_wconf 89' lang='lat' dir='ltr'>laudum</span> <span class='ocrx_word' id='word_1_285' title='bbox 687 4355 890 4414; x_wconf 89' lang='lat' dir='ltr'>dulces</span> <span class='ocrx_word' id='word_1_286' title='bbox 921 4375 1206 4432; x_wconf 72' lang='lat' dir='ltr'>spargens</span> <span class='ocrx_word' id='word_1_287' title='bbox 1231 4375 1410 4431; x_wconf 90' lang='lat' dir='ltr'>super</span> <span class='ocrx_word' id='word_1_288' title='bbox 1439 4359 1655 4416; x_wconf 74' lang='lat' dir='ltr'>tethera</span> <span class='ocrx_word' id='word_1_289' title='bbox 1683 4377 1873 4430; x_wconf 90' lang='lat' dir='ltr'>voces,</span> 
     </span>
    </p>
   </div>
   <div class='ocr_carea' id='block_1_48' title="bbox 302 4447 1606 4519">
    <p class='ocr_par' dir='ltr' id='par_1_48' title="bbox 302 4447 1606 4519">
     <span class='ocr_line' id='line_1_48' title="bbox 302 4447 1606 4519; baseline 0 -14"><span class='ocrx_word' id='word_1_290' title='bbox 302 4447 508 4505; x_wconf 86' lang='lat' dir='ltr'>Grates</span> <span class='ocrx_word' id='word_1_291' title='bbox 539 4448 817 4504; x_wconf 90' lang='lat' dir='ltr'>continuo</span> <span class='ocrx_word' id='word_1_292' title='bbox 839 4447 1098 4504; x_wconf 86' lang='lat' dir='ltr'>solvebat</span> <span class='ocrx_word' id='word_1_293' title='bbox 1129 4452 1326 4504; x_wconf 88' lang='lat' dir='ltr'>mente</span> <span class='ocrx_word' id='word_1_294' title='bbox 1339 4449 1606 4519; x_wconf 90' lang='lat' dir='ltr'>jucunda</span> 
     </span>
    </p>
   </div>
   <div class='ocr_carea' id='block_1_49' title="bbox 301 4535 1546 4610">
    <p class='ocr_par' dir='ltr' id='par_1_49' title="bbox 301 4535 1546 4610">
     <span class='ocr_line' id='line_1_49' title="bbox 301 4535 1546 4610; baseline 0.001 -17"><span class='ocrx_word' id='word_1_295' title='bbox 301 4535 538 4594; x_wconf 85' lang='lat' dir='ltr'>Christo</span> <span class='ocrx_word' id='word_1_296' title='bbox 568 4537 792 4596; x_wconf 89' lang='lat' dir='ltr'>victori.</span> <span class='ocrx_word' id='word_1_297' title='bbox 819 4537 1027 4594; x_wconf 90' lang='lat' dir='ltr'>mortis</span> <span class='ocrx_word' id='word_1_298' title='bbox 1055 4537 1304 4610; x_wconf 63' lang='lat' dir='ltr'>vitaeque</span> <span class='ocrx_word' id='word_1_299' title='bbox 1336 4538 1546 4594; x_wconf 88' lang='lat' dir='ltr'>datori.</span> 
     </span>
    </p>
   </div>
   <div class='ocr_carea' id='block_1_50' title="bbox 300 4627 1746 4699">
    <p class='ocr_par' dir='ltr' id='par_1_50' title="bbox 300 4627 1746 4699">
     <span class='ocr_line' id='line_1_50' title="bbox 300 4627 1746 4699; baseline 0.002 -17"><span class='ocrx_word' id='word_1_300' title='bbox 300 4627 441 4682; x_wconf 89' lang='lat' dir='ltr'>Inde</span> <span class='ocrx_word' id='word_1_301' title='bbox 463 4628 722 4699; x_wconf 90' lang='lat' dir='ltr'>quidem,</span> <span class='ocrx_word' id='word_1_302' title='bbox 751 4627 944 4699; x_wconf 89' lang='lat' dir='ltr'>prima</span> <span class='ocrx_word' id='word_1_303' title='bbox 969 4643 1212 4698; x_wconf 88' lang='lat' dir='ltr'>prorsus</span> <span class='ocrx_word' id='word_1_304' title='bbox 1245 4627 1434 4683; x_wconf 92' lang='lat' dir='ltr'>forma</span> <span class='ocrx_word' id='word_1_305' title='bbox 1464 4633 1746 4685; x_wconf 85' lang='lat' dir='ltr'>revocata.</span> 
     </span>
    </p>
   </div>
   <div class='ocr_carea' id='block_1_51' title="bbox 298 4715 1626 4790">
    <p class='ocr_par' dir='ltr' id='par_1_51' title="bbox 298 4715 1626 4790">
     <span class='ocr_line' id='line_1_51' title="bbox 298 4715 1626 4790; baseline 0.002 -20"><span class='ocrx_word' id='word_1_306' title='bbox 298 4716 586 4773; x_wconf 87' lang='lat' dir='ltr'>Processit</span> <span class='ocrx_word' id='word_1_307' title='bbox 607 4717 792 4784; x_wconf 87' lang='lat' dir='ltr'>vivus,</span> <span class='ocrx_word' id='word_1_308' title='bbox 830 4716 931 4788; x_wconf 89' lang='lat' dir='ltr'>qui</span> <span class='ocrx_word' id='word_1_309' title='bbox 965 4721 1152 4771; x_wconf 90' lang='lat' dir='ltr'>morte</span> <span class='ocrx_word' id='word_1_310' title='bbox 1184 4716 1292 4771; x_wconf 89' lang='lat' dir='ltr'>fuit</span> <span class='ocrx_word' id='word_1_311' title='bbox 1324 4715 1626 4790; x_wconf 86' lang='lat' dir='ltr'>religatus,</span> 
     </span>
    </p>
   </div>
   <div class='ocr_carea' id='block_1_52' title="bbox 294 4805 1631 4878">
    <p class='ocr_par' dir='ltr' id='par_1_52' title="bbox 294 4805 1631 4878">
     <span class='ocr_line' id='line_1_52' title="bbox 294 4805 1631 4878; baseline 0 -18"><span class='ocrx_word' id='word_1_312' title='bbox 294 4806 503 4877; x_wconf 89' lang='lat' dir='ltr'>Atque,</span> <span class='ocrx_word' id='word_1_313' title='bbox 536 4823 642 4861; x_wconf 91' lang='lat' dir='ltr'>suo</span> <span class='ocrx_word' id='word_1_314' title='bbox 671 4806 824 4861; x_wconf 85' lang='lat' dir='ltr'>tristi</span> <span class='ocrx_word' id='word_1_315' title='bbox 859 4823 919 4861; x_wconf 91' lang='lat' dir='ltr'>se</span> <span class='ocrx_word' id='word_1_316' title='bbox 949 4805 1353 4877; x_wconf 68' lang='lat' dir='ltr'>prarsentando</span> <span class='ocrx_word' id='word_1_317' title='bbox 1385 4805 1631 4878; x_wconf 90' lang='lat' dir='ltr'>parenti,</span> 
     </span>
    </p>
   </div>
   <div class='ocr_carea' id='block_1_53' title="bbox 295 4893 1687 4968">
    <p class='ocr_par' dir='ltr' id='par_1_53' title="bbox 295 4893 1687 4968">
     <span class='ocr_line' id='line_1_53' title="bbox 295 4893 1687 4968; baseline 0.003 -21"><span class='ocrx_word' id='word_1_318' title='bbox 295 4893 388 4948; x_wconf 88' lang='lat' dir='ltr'>Fit</span> <span class='ocrx_word' id='word_1_319' title='bbox 409 4912 499 4950; x_wconf 88' lang='lat' dir='ltr'>res</span> <span class='ocrx_word' id='word_1_320' title='bbox 528 4895 846 4966; x_wconf 84' lang='lat' dir='ltr'>gaudendi,</span> <span class='ocrx_word' id='word_1_321' title='bbox 883 4895 1072 4949; x_wconf 87' lang='lat' dir='ltr'>fuerat</span> <span class='ocrx_word' id='word_1_322' title='bbox 1101 4894 1194 4968; x_wconf 82' lang='lat' dir='ltr'>cui</span> <span class='ocrx_word' id='word_1_323' title='bbox 1229 4911 1409 4950; x_wconf 87' lang='lat' dir='ltr'>causa</span> <span class='ocrx_word' id='word_1_324' title='bbox 1429 4893 1687 4951; x_wconf 90' lang='lat' dir='ltr'>dolendi.</span> 
     </span>
    </p>
   </div>
   <div class='ocr_carea' id='block_1_54' title="bbox 295 4981 1918 5056">
    <p class='ocr_par' dir='ltr' id='par_1_54' title="bbox 295 4981 1918 5056">
     <span class='ocr_line' id='line_1_54' title="bbox 295 4981 1918 5056; baseline 0.003 -20"><span class='ocrx_word' id='word_1_325' title='bbox 295 4981 462 5049; x_wconf 89' lang='lat' dir='ltr'>Hinc,</span> <span class='ocrx_word' id='word_1_326' title='bbox 495 4984 698 5038; x_wconf 90' lang='lat' dir='ltr'>crebro</span> <span class='ocrx_word' id='word_1_327' title='bbox 731 4983 938 5037; x_wconf 72' lang='lat' dir='ltr'>emtum</span> <span class='ocrx_word' id='word_1_328' title='bbox 973 4983 1218 5054; x_wconf 83' lang='lat' dir='ltr'>pulsans</span> <span class='ocrx_word' id='word_1_329' title='bbox 1251 4982 1504 5040; x_wconf 89' lang='lat' dir='ltr'>clamore</span> <span class='ocrx_word' id='word_1_330' title='bbox 1536 4985 1918 5056; x_wconf 90' lang='lat' dir='ltr'>profundum,</span> 
     </span>
    </p>
   </div>
   <div class='ocr_carea' id='block_1_55' title="bbox 297 5070 1626 5130">
    <p class='ocr_par' dir='ltr' id='par_1_55' title="bbox 297 5070 1626 5130">
     <span class='ocr_line' id='line_1_55' title="bbox 297 5070 1626 5130; baseline 0.002 -4"><span class='ocrx_word' id='word_1_331' title='bbox 297 5070 490 5126; x_wconf 90' lang='lat' dir='ltr'>Utitur</span> <span class='ocrx_word' id='word_1_332' title='bbox 513 5075 570 5125; x_wconf 90' lang='lat' dir='ltr'>et</span> <span class='ocrx_word' id='word_1_333' title='bbox 598 5073 790 5126; x_wconf 89' lang='lat' dir='ltr'>verbis</span> <span class='ocrx_word' id='word_1_334' title='bbox 811 5073 1066 5128; x_wconf 83' lang='lat' dir='ltr'>suadens</span> <span class='ocrx_word' id='word_1_335' title='bbox 1099 5073 1424 5128; x_wconf 86' lang='lat' dir='ltr'>studiosius</span> <span class='ocrx_word' id='word_1_336' title='bbox 1456 5073 1626 5130; x_wconf 88' lang='lat' dir='ltr'>istis:</span> 
     </span>
    </p>
   </div>
   <div class='ocr_carea' id='block_1_56' title="bbox 293 5159 1881 5234">
    <p class='ocr_par' dir='ltr' id='par_1_56' title="bbox 293 5159 1881 5234">
     <span class='ocr_line' id='line_1_56' title="bbox 293 5159 1881 5234; baseline 0.001 -18"><span class='ocrx_word' id='word_1_337' title='bbox 293 5161 442 5216; x_wconf 73' lang='grc'>171</span> <span class='ocrx_word' id='word_1_338' title='bbox 480 5159 724 5226; x_wconf 88' lang='lat' dir='ltr'>Credite,</span> <span class='ocrx_word' id='word_1_339' title='bbox 749 5161 994 5215; x_wconf 81' lang='lat' dir='ltr'>Romani</span> <span class='ocrx_word' id='word_1_340' title='bbox 1026 5162 1202 5228; x_wconf 88' lang='lat' dir='ltr'>cives,</span> <span class='ocrx_word' id='word_1_341' title='bbox 1235 5179 1396 5234; x_wconf 86' lang='lat' dir='ltr'>rogo,</span> <span class='ocrx_word' id='word_1_342' title='bbox 1416 5163 1632 5218; x_wconf 88' lang='lat' dir='ltr'>credite</span> <span class='ocrx_word' id='word_1_343' title='bbox 1662 5165 1881 5231; x_wconf 90' lang='lat' dir='ltr'>cuncti,</span> 
     </span>
    </p>
   </div>
   <div class='ocr_carea' id='block_1_57' title="bbox 293 5247 1950 5324">
    <p class='ocr_par' dir='ltr' id='par_1_57' title="bbox 293 5247 1950 5324">
     <span class='ocr_line' id='line_1_57' title="bbox 293 5247 1950 5324; baseline 0.003 -20"><span class='ocrx_word' id='word_1_344' title='bbox 293 5250 434 5304; x_wconf 89' lang='lat' dir='ltr'>Esse</span> <span class='ocrx_word' id='word_1_345' title='bbox 469 5249 653 5302; x_wconf 89' lang='lat' dir='ltr'>Deum</span> <span class='ocrx_word' id='word_1_346' title='bbox 683 5247 982 5302; x_wconf 87' lang='lat' dir='ltr'>Christum</span> <span class='ocrx_word' id='word_1_347' title='bbox 1013 5268 1335 5322; x_wconf 89' lang='lat' dir='ltr'>verumque</span> <span class='ocrx_word' id='word_1_348' title='bbox 1365 5251 1698 5324; x_wconf 89' lang='lat' dir='ltr'>perenniter</span> <span class='ocrx_word' id='word_1_349' title='bbox 1740 5270 1950 5322; x_wconf 85' lang='lat' dir='ltr'>unum,</span> 
     </span>
    </p>
   </div>
   <div class='ocr_carea' id='block_1_58' title="bbox 293 5335 1954 5404">
    <p class='ocr_par' dir='ltr' id='par_1_58' title="bbox 293 5335 1954 5404">
     <span class='ocr_line' id='line_1_58' title="bbox 293 5335 1954 5404; baseline 0.002 -10"><span class='ocrx_word' id='word_1_350' title='bbox 293 5338 440 5394; x_wconf 88' lang='lat' dir='ltr'>Cum</span> <span class='ocrx_word' id='word_1_351' title='bbox 475 5337 642 5390; x_wconf 89' lang='lat' dir='ltr'>Patre</span> <span class='ocrx_word' id='word_1_352' title='bbox 675 5335 1046 5404; x_wconf 82' lang='lat' dir='ltr'>celsitbrono,</span> <span class='ocrx_word' id='word_1_353' title='bbox 1066 5356 1168 5394; x_wconf 90' lang='lat' dir='ltr'>nec</span> <span class='ocrx_word' id='word_1_354' title='bbox 1195 5357 1310 5394; x_wconf 88' lang='lat' dir='ltr'>non</span> <span class='ocrx_word' id='word_1_355' title='bbox 1333 5357 1468 5396; x_wconf 91' lang='lat' dir='ltr'>cum</span> <span class='ocrx_word' id='word_1_356' title='bbox 1493 5340 1755 5397; x_wconf 89' lang='lat' dir='ltr'>Flamine</span> <span class='ocrx_word' id='word_1_357' title='bbox 1787 5359 1954 5398; x_wconf 87' lang='lat' dir='ltr'>sacro</span> 
     </span>
    </p>
   </div>
   <div class='ocr_carea' id='block_1_59' title="bbox 293 5427 1880 5500">
    <p class='ocr_par' dir='ltr' id='par_1_59' title="bbox 293 5427 1880 5500">
     <span class='ocr_line' id='line_1_59' title="bbox 293 5427 1880 5500; baseline 0.003 -18"><span class='ocrx_word' id='word_1_358' title='bbox 293 5428 536 5498; x_wconf 89' lang='lat' dir='ltr'>Semper</span> <span class='ocrx_word' id='word_1_359' title='bbox 566 5427 930 5496; x_wconf 86' lang='lat' dir='ltr'>regnantem,</span> <span class='ocrx_word' id='word_1_360' title='bbox 963 5431 1259 5496; x_wconf 84' lang='lat' dir='ltr'>sceptrum</span> <span class='ocrx_word' id='word_1_361' title='bbox 1288 5428 1534 5500; x_wconf 66' lang='lat' dir='ltr'>cozlique</span> <span class='ocrx_word' id='word_1_362' title='bbox 1563 5433 1880 5500; x_wconf 88' lang='lat' dir='ltr'>tenentem,</span> 
     </span>
    </p>
   </div>
   <div class='ocr_carea' id='block_1_60' title="bbox 293 5512 1736 5591">
    <p class='ocr_par' dir='ltr' id='par_1_60' title="bbox 293 5512 1736 5591">
     <span class='ocr_line' id='line_1_60' title="bbox 293 5512 1736 5591; baseline 0.002 -20"><span class='ocrx_word' id='word_1_363' title='bbox 293 5516 414 5571; x_wconf 88' lang='lat' dir='ltr'>Sub</span> <span class='ocrx_word' id='word_1_364' title='bbox 448 5513 667 5570; x_wconf 89' lang='lat' dir='ltr'>ditione</span> <span class='ocrx_word' id='word_1_365' title='bbox 699 5528 830 5579; x_wconf 86' lang='lat' dir='ltr'>sua,</span> <span class='ocrx_word' id='word_1_366' title='bbox 859 5512 984 5583; x_wconf 89' lang='lat' dir='ltr'>qui,</span> <span class='ocrx_word' id='word_1_367' title='bbox 1017 5516 1412 5587; x_wconf 86' lang='lat' dir='ltr'>complectens</span> <span class='ocrx_word' id='word_1_368' title='bbox 1442 5517 1736 5591; x_wconf 88' lang='lat' dir='ltr'>universa,</span> 
     </span>
    </p>
   </div>
   <div class='ocr_carea' id='block_1_61' title="bbox 293 5598 1770 5678">
    <p class='ocr_par' dir='ltr' id='par_1_61' title="bbox 293 5598 1770 5678">
     <span class='ocr_line' id='line_1_61' title="bbox 293 5598 1770 5678; baseline 0.003 -20"><span class='ocrx_word' id='word_1_369' title='bbox 293 5605 513 5658; x_wconf 88' lang='lat' dir='ltr'>Cuncta</span> <span class='ocrx_word' id='word_1_370' title='bbox 541 5598 914 5673; x_wconf 88' lang='lat' dir='ltr'>gubernaclis</span> <span class='ocrx_word' id='word_1_371' title='bbox 948 5602 1096 5673; x_wconf 90' lang='lat' dir='ltr'>regit</span> <span class='ocrx_word' id='word_1_372' title='bbox 1129 5603 1432 5661; x_wconf 82' lang='lat' dir='ltr'>immensae</span> <span class='ocrx_word' id='word_1_373' title='bbox 1466 5606 1770 5678; x_wconf 88' lang='lat' dir='ltr'>bonitatis,</span> 
     </span>
    </p>
   </div>
   <div class='ocr_carea' id='block_1_62' title="bbox 293 5686 1812 5776">
    <p class='ocr_par' dir='ltr' id='par_1_62' title="bbox 293 5686 1812 5776">
     <span class='ocr_line' id='line_1_62' title="bbox 293 5686 1812 5776; baseline 0.002 -25"><span class='ocrx_word' id='word_1_374' title='bbox 293 5691 397 5751; x_wconf 87' lang='lat' dir='ltr'>Hic</span> <span class='ocrx_word' id='word_1_375' title='bbox 427 5694 515 5748; x_wconf 85' lang='lat' dir='ltr'>est</span> <span class='ocrx_word' id='word_1_376' title='bbox 543 5688 822 5761; x_wconf 86' lang='lat' dir='ltr'>orandus,</span> <span class='ocrx_word' id='word_1_377' title='bbox 853 5686 1133 5764; x_wconf 85' lang='lat' dir='ltr'>solusque</span> <span class='ocrx_word' id='word_1_378' title='bbox 1163 5689 1464 5769; x_wconf 82' lang='lat' dir='ltr'>colendus,</span> <span class='ocrx_word' id='word_1_379' title='bbox 1499 5697 1812 5776; x_wconf 78' lang='lat' dir='ltr'>amandus,</span> 
     </span>
    </p>
   </div>
   <div class='ocr_carea' id='block_1_63' title="bbox 2082 629 3420 704">
    <p class='ocr_par' dir='ltr' id='par_1_63' title="bbox 2082 629 3420 704">
     <span class='ocr_line' id='line_1_63' title="bbox 2082 629 3420 704; baseline 0.002 -19"><span class='ocrx_word' id='word_1_380' title='bbox 2082 629 2266 686; x_wconf 88' lang='lat' dir='ltr'>Morte</span> <span class='ocrx_word' id='word_1_381' title='bbox 2297 631 2620 703; x_wconf 90' lang='lat' dir='ltr'>repentina,</span> <span class='ocrx_word' id='word_1_382' title='bbox 2655 630 2830 687; x_wconf 88' lang='lat' dir='ltr'>citius</span> <span class='ocrx_word' id='word_1_383' title='bbox 2861 647 2956 688; x_wconf 89' lang='lat' dir='ltr'>me</span> <span class='ocrx_word' id='word_1_384' title='bbox 2988 632 3420 704; x_wconf 64' lang='lat' dir='ltr'>praeveniendo,</span> 
     </span>
    </p>
   </div>
   <div class='ocr_carea' id='block_1_64' title="bbox 2083 717 3362 793">
    <p class='ocr_par' dir='ltr' id='par_1_64' title="bbox 2083 717 3362 793">
     <span class='ocr_line' id='line_1_64' title="bbox 2083 717 3362 793; baseline 0.002 -19"><span class='ocrx_word' id='word_1_385' title='bbox 2083 717 2282 774; x_wconf 88' lang='lat' dir='ltr'>Finem</span> <span class='ocrx_word' id='word_1_386' title='bbox 2315 718 2578 774; x_wconf 69' lang='lat' dir='ltr'>stultitiae</span> <span class='ocrx_word' id='word_1_387' title='bbox 2609 719 2969 793; x_wconf 89' lang='lat' dir='ltr'>dignabatur</span> <span class='ocrx_word' id='word_1_388' title='bbox 2995 721 3134 776; x_wconf 89' lang='lat' dir='ltr'>dare</span> <span class='ocrx_word' id='word_1_389' title='bbox 3163 725 3362 790; x_wconf 73' lang='lat' dir='ltr'>tantae,</span> 
     </span>
    </p>
   </div>
   <div class='ocr_carea' id='block_1_65' title="bbox 2079 808 3447 882">
    <p class='ocr_par' dir='ltr' id='par_1_65' title="bbox 2079 808 3447 882">
     <span class='ocr_line' id='line_1_65' title="bbox 2079 808 3447 882; baseline 0.001 -20"><span class='ocrx_word' id='word_1_390' title='bbox 2079 808 2150 862; x_wconf 87' lang='lat' dir='ltr'>Et</span> <span class='ocrx_word' id='word_1_391' title='bbox 2179 811 2311 880; x_wconf 90' lang='lat' dir='ltr'>post</span> <span class='ocrx_word' id='word_1_392' title='bbox 2339 809 2578 874; x_wconf 89' lang='lat' dir='ltr'>erranti,</span> <span class='ocrx_word' id='word_1_393' title='bbox 2604 812 2914 882; x_wconf 91' lang='lat' dir='ltr'>promptus</span> <span class='ocrx_word' id='word_1_394' title='bbox 2946 808 3118 865; x_wconf 88' lang='lat' dir='ltr'>solito</span> <span class='ocrx_word' id='word_1_395' title='bbox 3151 808 3447 878; x_wconf 89' lang='lat' dir='ltr'>misereri,</span> 
     </span>
    </p>
   </div>
   <div class='ocr_carea' id='block_1_66' title="bbox 2080 895 3386 970">
    <p class='ocr_par' dir='ltr' id='par_1_66' title="bbox 2080 895 3386 970">
     <span class='ocr_line' id='line_1_66' title="bbox 2080 895 3386 970; baseline 0.005 -22"><span class='ocrx_word' id='word_1_396' title='bbox 2080 895 2340 968; x_wconf 81' lang='lat' dir='ltr'>Virginis</span> <span class='ocrx_word' id='word_1_397' title='bbox 2371 897 2608 970; x_wconf 86' lang='lat' dir='ltr'>Agnetis</span> <span class='ocrx_word' id='word_1_398' title='bbox 2641 898 2918 970; x_wconf 88' lang='lat' dir='ltr'>precibus</span> <span class='ocrx_word' id='word_1_399' title='bbox 2950 899 3067 954; x_wconf 88' lang='lat' dir='ltr'>fere</span> <span class='ocrx_word' id='word_1_400' title='bbox 3101 899 3386 954; x_wconf 89' lang='lat' dir='ltr'>studiosis</span> 
     </span>
    </p>
   </div>
   <div class='ocr_carea' id='block_1_67' title="bbox 2083 983 3419 1055">
    <p class='ocr_par' dir='ltr' id='par_1_67' title="bbox 2083 983 3419 1055">
     <span class='ocr_line' id='line_1_67' title="bbox 2083 983 3419 1055; baseline 0.004 -18"><span class='ocrx_word' id='word_1_401' title='bbox 2083 983 2361 1055; x_wconf 86' lang='lat' dir='ltr'>Mellitus,</span> <span class='ocrx_word' id='word_1_402' title='bbox 2397 1003 2635 1041; x_wconf 87' lang='lat' dir='ltr'>rursum</span> <span class='ocrx_word' id='word_1_403' title='bbox 2663 987 2793 1042; x_wconf 72' lang='lat' dir='ltr'>vitm</span> <span class='ocrx_word' id='word_1_404' title='bbox 2826 987 3017 1043; x_wconf 89' lang='lat' dir='ltr'>reddit</span> <span class='ocrx_word' id='word_1_405' title='bbox 3049 993 3419 1044; x_wconf 89' lang='lat' dir='ltr'>renovatum.</span> 
     </span>
    </p>
   </div>
   <div class='ocr_carea' id='block_1_68' title="bbox 2081 1076 3458 1148">
    <p class='ocr_par' dir='ltr' id='par_1_68' title="bbox 2081 1076 3458 1148">
     <span class='ocr_line' id='line_1_68' title="bbox 2081 1076 3458 1148; baseline 0.004 -21"><span class='ocrx_word' id='word_1_406' title='bbox 2081 1076 2152 1128; x_wconf 89' lang='lat' dir='ltr'>At</span> <span class='ocrx_word' id='word_1_407' title='bbox 2184 1079 2366 1145; x_wconf 88' lang='lat' dir='ltr'>pater,</span> <span class='ocrx_word' id='word_1_408' title='bbox 2401 1079 2464 1130; x_wconf 90' lang='lat' dir='ltr'>ut</span> <span class='ocrx_word' id='word_1_409' title='bbox 2493 1081 2698 1131; x_wconf 89' lang='lat' dir='ltr'>natum</span> <span class='ocrx_word' id='word_1_410' title='bbox 2734 1077 2964 1148; x_wconf 88' lang='lat' dir='ltr'>prodire</span> <span class='ocrx_word' id='word_1_411' title='bbox 2992 1077 3086 1132; x_wconf 90' lang='lat' dir='ltr'>sui</span> <span class='ocrx_word' id='word_1_412' title='bbox 3108 1077 3458 1144; x_wconf 87' lang='lat' dir='ltr'>redivivum,</span> 
     </span>
    </p>
   </div>
   <div class='ocr_carea' id='block_1_69' title="bbox 2082 1163 3474 1238">
    <p class='ocr_par' dir='ltr' id='par_1_69' title="bbox 2082 1163 3474 1238">
     <span class='ocr_line' id='line_1_69' title="bbox 2082 1163 3474 1238; baseline 0.003 -20"><span class='ocrx_word' id='word_1_413' title='bbox 2082 1163 2408 1218; x_wconf 88' lang='lat' dir='ltr'>Perfectum</span> <span class='ocrx_word' id='word_1_414' title='bbox 2442 1164 2652 1236; x_wconf 91' lang='lat' dir='ltr'>specie,</span> <span class='ocrx_word' id='word_1_415' title='bbox 2679 1165 2823 1220; x_wconf 90' lang='lat' dir='ltr'>vidit</span> <span class='ocrx_word' id='word_1_416' title='bbox 2852 1165 3212 1238; x_wconf 89' lang='lat' dir='ltr'>plenumque</span> <span class='ocrx_word' id='word_1_417' title='bbox 3243 1167 3474 1234; x_wconf 86' lang='lat' dir='ltr'>decore,</span> 
     </span>
    </p>
   </div>
   <div class='ocr_carea' id='block_1_70' title="bbox 2083 1251 3430 1326">
    <p class='ocr_par' dir='ltr' id='par_1_70' title="bbox 2083 1251 3430 1326">
     <span class='ocr_line' id='line_1_70' title="bbox 2083 1251 3430 1326; baseline 0.003 -20"><span class='ocrx_word' id='word_1_418' title='bbox 2083 1251 2389 1307; x_wconf 90' lang='lat' dir='ltr'>Interitum</span> <span class='ocrx_word' id='word_1_419' title='bbox 2418 1253 2694 1326; x_wconf 77' lang='lat' dir='ltr'>lacrymis</span> <span class='ocrx_word' id='word_1_420' title='bbox 2723 1254 2895 1325; x_wconf 90' lang='lat' dir='ltr'>cujus</span> <span class='ocrx_word' id='word_1_421' title='bbox 2927 1255 3160 1310; x_wconf 83' lang='lat' dir='ltr'>deﬂevit</span> <span class='ocrx_word' id='word_1_422' title='bbox 3187 1255 3430 1320; x_wconf 88' lang='lat' dir='ltr'>amaris,</span> 
     </span>
    </p>
   </div>
   <div class='ocr_carea' id='block_1_71' title="bbox 2085 1339 3459 1416">
    <p class='ocr_par' dir='ltr' id='par_1_71' title="bbox 2085 1339 3459 1416">
     <span class='ocr_line' id='line_1_71' title="bbox 2085 1339 3459 1416; baseline 0.004 -22"><span class='ocrx_word' id='word_1_423' title='bbox 2085 1339 2216 1395; x_wconf 91' lang='lat' dir='ltr'>Mox</span> <span class='ocrx_word' id='word_1_424' title='bbox 2245 1358 2422 1413; x_wconf 91' lang='lat' dir='ltr'>super</span> <span class='ocrx_word' id='word_1_425' title='bbox 2451 1341 2690 1398; x_wconf 88' lang='lat' dir='ltr'>insolita</span> <span class='ocrx_word' id='word_1_426' title='bbox 2718 1343 2872 1416; x_wconf 88' lang='lat' dir='ltr'>signi</span> <span class='ocrx_word' id='word_1_427' title='bbox 2895 1343 3150 1400; x_wconf 86' lang='lat' dir='ltr'>novitate</span> <span class='ocrx_word' id='word_1_428' title='bbox 3180 1345 3459 1416; x_wconf 89' lang='lat' dir='ltr'>stupendi</span> 
     </span>
    </p>
   </div>
   <div class='ocr_carea' id='block_1_72' title="bbox 2081 1426 3502 1505">
    <p class='ocr_par' dir='ltr' id='par_1_72' title="bbox 2081 1426 3502 1505">
     <span class='ocr_line' id='line_1_72' title="bbox 2081 1426 3502 1505; baseline 0.004 -23"><span class='ocrx_word' id='word_1_429' title='bbox 2081 1426 2442 1482; x_wconf 89' lang='lat' dir='ltr'>Admirando</span> <span class='ocrx_word' id='word_1_430' title='bbox 2475 1433 2663 1500; x_wconf 88' lang='lat' dir='ltr'>pavet,</span> <span class='ocrx_word' id='word_1_431' title='bbox 2697 1429 2829 1485; x_wconf 66' lang='lat' dir='ltr'>laeto</span> <span class='ocrx_word' id='word_1_432' title='bbox 2861 1431 2965 1486; x_wconf 90' lang='lat' dir='ltr'>sed</span> <span class='ocrx_word' id='word_1_433' title='bbox 2996 1435 3228 1503; x_wconf 88' lang='lat' dir='ltr'>pectore</span> <span class='ocrx_word' id='word_1_434' title='bbox 3259 1433 3502 1505; x_wconf 86' lang='lat' dir='ltr'>gaudet.</span> 
     </span>
    </p>
   </div>
   <div class='ocr_carea' id='block_1_73' title="bbox 2084 1517 3479 1594">
    <p class='ocr_par' dir='ltr' id='par_1_73' title="bbox 2084 1517 3479 1594">
     <span class='ocr_line' id='line_1_73' title="bbox 2084 1517 3479 1594; baseline 0.006 -24"><span class='ocrx_word' id='word_1_435' title='bbox 2084 1517 2250 1572; x_wconf 90' lang='lat' dir='ltr'>Tunc</span> <span class='ocrx_word' id='word_1_436' title='bbox 2279 1517 2684 1588; x_wconf 89' lang='lat' dir='ltr'>amplectende</span> <span class='ocrx_word' id='word_1_437' title='bbox 2717 1518 2934 1574; x_wconf 89' lang='lat' dir='ltr'>collum</span> <span class='ocrx_word' id='word_1_438' title='bbox 2965 1520 3181 1592; x_wconf 88' lang='lat' dir='ltr'>pietate</span> <span class='ocrx_word' id='word_1_439' title='bbox 3213 1527 3479 1594; x_wconf 86' lang='lat' dir='ltr'>paterna,</span> 
     </span>
    </p>
   </div>
   <div class='ocr_carea' id='block_1_74' title="bbox 2087 1604 3314 1681">
    <p class='ocr_par' dir='ltr' id='par_1_74' title="bbox 2087 1604 3314 1681">
     <span class='ocr_line' id='line_1_74' title="bbox 2087 1604 3314 1681; baseline 0.003 -21"><span class='ocrx_word' id='word_1_440' title='bbox 2087 1604 2256 1660; x_wconf 88' lang='lat' dir='ltr'>Mitia</span> <span class='ocrx_word' id='word_1_441' title='bbox 2285 1605 2564 1678; x_wconf 66' lang='lat' dir='ltr'>praedulci</span> <span class='ocrx_word' id='word_1_442' title='bbox 2599 1605 2883 1663; x_wconf 87' lang='lat' dir='ltr'>libaverat</span> <span class='ocrx_word' id='word_1_443' title='bbox 2909 1607 3115 1664; x_wconf 88' lang='lat' dir='ltr'>oseula</span> <span class='ocrx_word' id='word_1_444' title='bbox 3143 1609 3314 1681; x_wconf 91' lang='lat' dir='ltr'>proli,</span> 
     </span>
    </p>
   </div>
   <div class='ocr_carea' id='block_1_75' title="bbox 2085 1695 3756 1770">
    <p class='ocr_par' dir='ltr' id='par_1_75' title="bbox 2085 1695 3756 1770">
     <span class='ocr_line' id='line_1_75' title="bbox 2085 1695 3756 1770; baseline 0.004 -22"><span class='ocrx_word' id='word_1_445' title='bbox 2085 1695 2276 1766; x_wconf 88' lang='lat' dir='ltr'>Atque</span> <span class='ocrx_word' id='word_1_446' title='bbox 2302 1695 2488 1750; x_wconf 87' lang='lat' dir='ltr'>Deum</span> <span class='ocrx_word' id='word_1_447' title='bbox 2519 1712 2719 1750; x_wconf 89' lang='lat' dir='ltr'>verum</span> <span class='ocrx_word' id='word_1_448' title='bbox 2753 1695 3020 1752; x_wconf 88' lang='lat' dir='ltr'>clamans</span> <span class='ocrx_word' id='word_1_449' title='bbox 3050 1697 3197 1753; x_wconf 87' lang='lat' dir='ltr'>dixit</span> <span class='ocrx_word' id='word_1_450' title='bbox 3225 1698 3348 1754; x_wconf 88' lang='lat' dir='ltr'>fore</span> <span class='ocrx_word' id='word_1_451' title='bbox 3387 1697 3756 1770; x_wconf 85' lang='lat' dir='ltr'>Christum,</span> 
     </span>
    </p>
   </div>
   <div class='ocr_carea' id='block_1_76' title="bbox 2087 1784 3458 1860">
    <p class='ocr_par' dir='ltr' id='par_1_76' title="bbox 2087 1784 3458 1860">
     <span class='ocr_line' id='line_1_76' title="bbox 2087 1784 3458 1860; baseline 0.004 -21"><span class='ocrx_word' id='word_1_452' title='bbox 2087 1784 2267 1855; x_wconf 90' lang='lat' dir='ltr'>Cujus</span> <span class='ocrx_word' id='word_1_453' title='bbox 2302 1788 2420 1840; x_wconf 89' lang='lat' dir='ltr'>tam</span> <span class='ocrx_word' id='word_1_454' title='bbox 2460 1784 2706 1841; x_wconf 89' lang='lat' dir='ltr'>celerem</span> <span class='ocrx_word' id='word_1_455' title='bbox 2739 1787 3128 1858; x_wconf 83' lang='lat' dir='ltr'>cognoscebat</span> <span class='ocrx_word' id='word_1_456' title='bbox 3157 1787 3458 1860; x_wconf 82' lang='lat' dir='ltr'>pietatem,</span> 
     </span>
    </p>
   </div>
   <div class='ocr_carea' id='block_1_77' title="bbox 2087 1872 3548 1946">
    <p class='ocr_par' dir='ltr' id='par_1_77' title="bbox 2087 1872 3548 1946">
     <span class='ocr_line' id='line_1_77' title="bbox 2087 1872 3548 1946; baseline 0.003 -18"><span class='ocrx_word' id='word_1_457' title='bbox 2087 1872 2270 1945; x_wconf 86' lang='lat' dir='ltr'>Cujus</span> <span class='ocrx_word' id='word_1_458' title='bbox 2301 1879 2360 1930; x_wconf 89' lang='lat' dir='ltr'>et</span> <span class='ocrx_word' id='word_1_459' title='bbox 2388 1873 2636 1946; x_wconf 89' lang='lat' dir='ltr'>imperio</span> <span class='ocrx_word' id='word_1_460' title='bbox 2667 1893 2828 1932; x_wconf 91' lang='lat' dir='ltr'>mors</span> <span class='ocrx_word' id='word_1_461' title='bbox 2857 1876 3284 1932; x_wconf 87' lang='lat' dir='ltr'>succumbebat</span> <span class='ocrx_word' id='word_1_462' title='bbox 3315 1890 3548 1945; x_wconf 84' lang='lat' dir='ltr'>amara,</span> 
     </span>
    </p>
   </div>
   <div class='ocr_carea' id='block_1_78' title="bbox 2089 1963 3617 2037">
    <p class='ocr_par' dir='ltr' id='par_1_78' title="bbox 2089 1963 3617 2037">
     <span class='ocr_line' id='line_1_78' title="bbox 2089 1963 3617 2037; baseline 0.001 -19"><span class='ocrx_word' id='word_1_463' title='bbox 2089 1963 2358 2018; x_wconf 80' lang='lat' dir='ltr'>Reddens</span> <span class='ocrx_word' id='word_1_464' title='bbox 2387 1965 2696 2031; x_wconf 84' lang='lat' dir='ltr'>viventem,</span> <span class='ocrx_word' id='word_1_465' title='bbox 2723 1980 2900 2037; x_wconf 89' lang='lat' dir='ltr'>quem</span> <span class='ocrx_word' id='word_1_466' title='bbox 2932 1965 3208 2021; x_wconf 88' lang='lat' dir='ltr'>sorbebat</span> <span class='ocrx_word' id='word_1_467' title='bbox 3230 1966 3617 2022; x_wconf 84' lang='lat' dir='ltr'>morientem.</span> 
     </span>
    </p>
   </div>
   <div class='ocr_carea' id='block_1_79' title="bbox 2087 2051 3506 2124">
    <p class='ocr_par' dir='ltr' id='par_1_79' title="bbox 2087 2051 3506 2124">
     <span class='ocr_line' id='line_1_79' title="bbox 2087 2051 3506 2124; baseline 0.004 -17"><span class='ocrx_word' id='word_1_468' title='bbox 2087 2051 2322 2107; x_wconf 88' lang='lat' dir='ltr'>Scilicet</span> <span class='ocrx_word' id='word_1_469' title='bbox 2351 2055 2610 2108; x_wconf 89' lang='lat' dir='ltr'>astantes</span> <span class='ocrx_word' id='word_1_470' title='bbox 2640 2053 2856 2109; x_wconf 89' lang='lat' dir='ltr'>animis</span> <span class='ocrx_word' id='word_1_471' title='bbox 2887 2053 3244 2110; x_wconf 88' lang='lat' dir='ltr'>mirantibus</span> <span class='ocrx_word' id='word_1_472' title='bbox 3273 2071 3506 2124; x_wconf 87' lang='lat' dir='ltr'>omnes,</span> 
     </span>
    </p>
   </div>
   <div class='ocr_carea' id='block_1_80' title="bbox 2085 2139 3419 2216">
    <p class='ocr_par' dir='ltr' id='par_1_80' title="bbox 2085 2139 3419 2216">
     <span class='ocr_line' id='line_1_80' title="bbox 2085 2139 3419 2216; baseline 0.003 -20"><span class='ocrx_word' id='word_1_473' title='bbox 2085 2139 2327 2196; x_wconf 88' lang='lat' dir='ltr'>Tollunt</span> <span class='ocrx_word' id='word_1_474' title='bbox 2356 2139 2415 2196; x_wconf 88' lang='lat' dir='ltr'>in</span> <span class='ocrx_word' id='word_1_475' title='bbox 2443 2140 2653 2196; x_wconf 69' lang='lat' dir='ltr'>cmlum</span> <span class='ocrx_word' id='word_1_476' title='bbox 2682 2141 2798 2196; x_wconf 73' lang='lat' dir='ltr'>laeti</span> <span class='ocrx_word' id='word_1_477' title='bbox 2830 2142 3120 2215; x_wconf 62' lang='lat' dir='ltr'>praeconia</span> <span class='ocrx_word' id='word_1_478' title='bbox 3149 2142 3419 2216; x_wconf 88' lang='lat' dir='ltr'>laudum,</span> 
     </span>
    </p>
   </div>
   <div class='ocr_carea' id='block_1_81' title="bbox 2086 2229 3696 2290">
    <p class='ocr_par' dir='ltr' id='par_1_81' title="bbox 2086 2229 3696 2290">
     <span class='ocr_line' id='line_1_81' title="bbox 2086 2229 3696 2290; baseline 0.002 -6"><span class='ocrx_word' id='word_1_479' title='bbox 2086 2229 2417 2286; x_wconf 90' lang='lat' dir='ltr'>Laudantes</span> <span class='ocrx_word' id='word_1_480' title='bbox 2449 2235 2721 2286; x_wconf 90' lang='lat' dir='ltr'>sanctum</span> <span class='ocrx_word' id='word_1_481' title='bbox 2752 2231 2987 2288; x_wconf 90' lang='lat' dir='ltr'>Domini</span> <span class='ocrx_word' id='word_1_482' title='bbox 3019 2247 3234 2289; x_wconf 88' lang='lat' dir='ltr'>nomen</span> <span class='ocrx_word' id='word_1_483' title='bbox 3266 2233 3696 2290; x_wconf 81' lang='lat' dir='ltr'>benedictum.</span> 
     </span>
    </p>
   </div>
   <div class='ocr_carea' id='block_1_82' title="bbox 2084 2317 3458 2390">
    <p class='ocr_par' dir='ltr' id='par_1_82' title="bbox 2084 2317 3458 2390">
     <span class='ocr_line' id='line_1_82' title="bbox 2084 2317 3458 2390; baseline 0.004 -18"><span class='ocrx_word' id='word_1_484' title='bbox 2084 2317 2204 2373; x_wconf 89' lang='lat' dir='ltr'>Hoc</span> <span class='ocrx_word' id='word_1_485' title='bbox 2233 2317 2328 2374; x_wconf 86' lang='lat' dir='ltr'>vix</span> <span class='ocrx_word' id='word_1_486' title='bbox 2357 2319 2666 2390; x_wconf 85' lang='lat' dir='ltr'>pontiﬁces</span> <span class='ocrx_word' id='word_1_487' title='bbox 2697 2319 2917 2376; x_wconf 89' lang='lat' dir='ltr'>crudeli</span> <span class='ocrx_word' id='word_1_488' title='bbox 2951 2321 3144 2390; x_wconf 91' lang='lat' dir='ltr'>corde,</span> <span class='ocrx_word' id='word_1_489' title='bbox 3180 2321 3458 2390; x_wconf 85' lang='lat' dir='ltr'>ferentes,</span> 
     </span>
    </p>
   </div>
   <div class='ocr_carea' id='block_1_83' title="bbox 2083 2407 3559 2482">
    <p class='ocr_par' dir='ltr' id='par_1_83' title="bbox 2083 2407 3559 2482">
     <span class='ocr_line' id='line_1_83' title="bbox 2083 2407 3559 2482; baseline 0.003 -20"><span class='ocrx_word' id='word_1_490' title='bbox 2083 2407 2458 2464; x_wconf 89' lang='lat' dir='ltr'>Commovere</span> <span class='ocrx_word' id='word_1_491' title='bbox 2489 2407 2730 2480; x_wconf 90' lang='lat' dir='ltr'>quidem</span> <span class='ocrx_word' id='word_1_492' title='bbox 2762 2425 2880 2465; x_wconf 90' lang='lat' dir='ltr'>non</span> <span class='ocrx_word' id='word_1_493' title='bbox 2910 2424 3152 2482; x_wconf 89' lang='lat' dir='ltr'>parvam</span> <span class='ocrx_word' id='word_1_494' title='bbox 3185 2410 3559 2479; x_wconf 86' lang='lat' dir='ltr'>seditionem,</span> 
     </span>
    </p>
   </div>
   <div class='ocr_carea' id='block_1_84' title="bbox 2082 2496 3562 2570">
    <p class='ocr_par' dir='ltr' id='par_1_84' title="bbox 2082 2496 3562 2570">
     <span class='ocr_line' id='line_1_84' title="bbox 2082 2496 3562 2570; baseline 0.003 -20"><span class='ocrx_word' id='word_1_495' title='bbox 2082 2497 2306 2568; x_wconf 85' lang='lat' dir='ltr'>Agnem</span> <span class='ocrx_word' id='word_1_496' title='bbox 2338 2496 2707 2570; x_wconf 90' lang='lat' dir='ltr'>sacrilegam,</span> <span class='ocrx_word' id='word_1_497' title='bbox 2742 2497 3026 2563; x_wconf 88' lang='lat' dir='ltr'>dicentes,</span> <span class='ocrx_word' id='word_1_498' title='bbox 3061 2503 3120 2554; x_wconf 86' lang='lat' dir='ltr'>et</span> <span class='ocrx_word' id='word_1_499' title='bbox 3149 2497 3528 2556; x_wconf 77' lang='lat' dir='ltr'>scelerosum.</span> <span class='ocrx_word' id='word_1_500' title='bbox 3555 2535 3562 2540; x_wconf 93' lang='lat'><strong><em>-</em></strong></span> 
     </span>
    </p>
   </div>
   <div class='ocr_carea' id='block_1_85' title="bbox 2081 2583 3256 2658">
    <p class='ocr_par' dir='ltr' id='par_1_85' title="bbox 2081 2583 3256 2658">
     <span class='ocr_line' id='line_1_85' title="bbox 2081 2583 3256 2658; baseline 0.003 -18"><span class='ocrx_word' id='word_1_501' title='bbox 2081 2583 2278 2640; x_wconf 91' lang='lat' dir='ltr'>Occidi</span> <span class='ocrx_word' id='word_1_502' title='bbox 2311 2586 2501 2658; x_wconf 78' lang='lat' dir='ltr'>pmnis</span> <span class='ocrx_word' id='word_1_503' title='bbox 2532 2586 2708 2642; x_wconf 92' lang='lat' dir='ltr'>citius</span> <span class='ocrx_word' id='word_1_504' title='bbox 2730 2587 2941 2643; x_wconf 87' lang='lat' dir='ltr'>debere</span> <span class='ocrx_word' id='word_1_505' title='bbox 2973 2588 3256 2657; x_wconf 89' lang='lat' dir='ltr'>eruentis,</span> 
     </span>
    </p>
   </div>
   <div class='ocr_carea' id='block_1_86' title="bbox 2083 2672 3421 2748">
    <p class='ocr_par' dir='ltr' id='par_1_86' title="bbox 2083 2672 3421 2748">
     <span class='ocr_line' id='line_1_86' title="bbox 2083 2672 3421 2748; baseline 0.002 -19"><span class='ocrx_word' id='word_1_506' title='bbox 2083 2672 2250 2729; x_wconf 88' lang='lat' dir='ltr'>Illius</span> <span class='ocrx_word' id='word_1_507' title='bbox 2281 2691 2461 2731; x_wconf 91' lang='lat' dir='ltr'>causa</span> <span class='ocrx_word' id='word_1_508' title='bbox 2491 2675 2632 2747; x_wconf 87' lang='lat' dir='ltr'>quia</span> <span class='ocrx_word' id='word_1_509' title='bbox 2661 2679 3066 2748; x_wconf 88' lang='lat' dir='ltr'>contemptum</span> <span class='ocrx_word' id='word_1_510' title='bbox 3097 2675 3421 2733; x_wconf 88' lang='lat' dir='ltr'>simulacra</span> 
     </span>
    </p>
   </div>
   <div class='ocr_carea' id='block_1_87' title="bbox 2081 2762 3605 2837">
    <p class='ocr_par' dir='ltr' id='par_1_87' title="bbox 2081 2762 3605 2837">
     <span class='ocr_line' id='line_1_87' title="bbox 2081 2762 3605 2837; baseline 0.003 -19"><span class='ocrx_word' id='word_1_511' title='bbox 2081 2762 2423 2836; x_wconf 90' lang='lat' dir='ltr'>Cunctaque</span> <span class='ocrx_word' id='word_1_512' title='bbox 2455 2779 2758 2820; x_wconf 89' lang='lat' dir='ltr'>sacrorum</span> <span class='ocrx_word' id='word_1_513' title='bbox 2790 2769 3134 2836; x_wconf 88' lang='lat' dir='ltr'>paterentur</span> <span class='ocrx_word' id='word_1_514' title='bbox 3157 2766 3299 2837; x_wconf 90' lang='lat' dir='ltr'>jura</span> <span class='ocrx_word' id='word_1_515' title='bbox 3326 2781 3605 2822; x_wconf 87' lang='lat' dir='ltr'>suorum.</span> 
     </span>
    </p>
   </div>
   <div class='ocr_carea' id='block_1_88' title="bbox 2081 2850 3544 2926">
    <p class='ocr_par' dir='ltr' id='par_1_88' title="bbox 2081 2850 3544 2926">
     <span class='ocr_line' id='line_1_88' title="bbox 2081 2850 3544 2926; baseline 0.004 -20"><span class='ocrx_word' id='word_1_516' title='bbox 2081 2850 2230 2907; x_wconf 84' lang='lat' dir='ltr'>Hinc</span> <span class='ocrx_word' id='word_1_517' title='bbox 2259 2869 2495 2924; x_wconf 72' lang='lat' dir='ltr'>prmses,</span> <span class='ocrx_word' id='word_1_518' title='bbox 2528 2857 2774 2909; x_wconf 87' lang='lat' dir='ltr'>moestus</span> <span class='ocrx_word' id='word_1_519' title='bbox 2799 2854 3035 2910; x_wconf 89' lang='lat' dir='ltr'>turbato</span> <span class='ocrx_word' id='word_1_520' title='bbox 3066 2859 3297 2926; x_wconf 88' lang='lat' dir='ltr'>pectore</span> <span class='ocrx_word' id='word_1_521' title='bbox 3329 2854 3544 2923; x_wconf 85' lang='lat' dir='ltr'>factus,</span> 
     </span>
    </p>
   </div>
   <div class='ocr_carea' id='block_1_89' title="bbox 2081 2939 3378 3016">
    <p class='ocr_par' dir='ltr' id='par_1_89' title="bbox 2081 2939 3378 3016">
     <span class='ocr_line' id='line_1_89' title="bbox 2081 2939 3378 3016; baseline 0.002 -21"><span class='ocrx_word' id='word_1_522' title='bbox 2081 2939 2394 2996; x_wconf 90' lang='lat' dir='ltr'>Condoluit</span> <span class='ocrx_word' id='word_1_523' title='bbox 2415 2958 2592 2996; x_wconf 64' lang='lat' dir='ltr'>sacra:</span> <span class='ocrx_word' id='word_1_524' title='bbox 2624 2943 2894 2998; x_wconf 89' lang='lat' dir='ltr'>subtristi</span> <span class='ocrx_word' id='word_1_525' title='bbox 2922 2947 3119 2998; x_wconf 90' lang='lat' dir='ltr'>mente</span> <span class='ocrx_word' id='word_1_526' title='bbox 3150 2943 3378 3016; x_wconf 64' lang='lat' dir='ltr'>puellae,</span> 
     </span>
    </p>
   </div>
   <div class='ocr_carea' id='block_1_90' title="bbox 2082 3027 3427 3104">
    <p class='ocr_par' dir='ltr' id='par_1_90' title="bbox 2082 3027 3427 3104">
     <span class='ocr_line' id='line_1_90' title="bbox 2082 3027 3427 3104; baseline 0.003 -21"><span class='ocrx_word' id='word_1_527' title='bbox 2082 3027 2318 3100; x_wconf 88' lang='lat' dir='ltr'>Ignorat</span> <span class='ocrx_word' id='word_1_528' title='bbox 2345 3033 2564 3098; x_wconf 90' lang='lat' dir='ltr'>tamen,</span> <span class='ocrx_word' id='word_1_529' title='bbox 2586 3031 2828 3087; x_wconf 88' lang='lat' dir='ltr'>omnino</span> <span class='ocrx_word' id='word_1_530' title='bbox 2849 3031 3068 3087; x_wconf 88' lang='lat' dir='ltr'>dubius</span> <span class='ocrx_word' id='word_1_531' title='bbox 3099 3049 3278 3104; x_wconf 90' lang='lat' dir='ltr'>super</span> <span class='ocrx_word' id='word_1_532' title='bbox 3301 3036 3427 3100; x_wconf 91' lang='lat' dir='ltr'>tua,</span> 
     </span>
    </p>
   </div>
   <div class='ocr_carea' id='block_1_91' title="bbox 2079 3109 3746 3195">
    <p class='ocr_par' dir='ltr' id='par_1_91' title="bbox 2079 3109 3746 3195">
     <span class='ocr_line' id='line_1_91' title="bbox 2079 3109 3746 3195; baseline 0.004 -23"><span class='ocrx_word' id='word_1_533' title='bbox 2079 3119 2120 3172; x_wconf 82' lang='grc'><strong>1</strong></span> <span class='ocrx_word' id='word_1_534' title='bbox 2137 3120 2174 3172; x_wconf 77' lang='grc'>7</span> <span class='ocrx_word' id='word_1_535' title='bbox 2185 3119 2233 3174; x_wconf 75' lang='lat'><strong>2</strong></span> <span class='ocrx_word' id='word_1_536' title='bbox 2248 3117 2395 3184; x_wconf 89' lang='lat' dir='ltr'>Quid</span> <span class='ocrx_word' id='word_1_537' title='bbox 2413 3119 2526 3176; x_wconf 92' lang='lat' dir='ltr'>sibi</span> <span class='ocrx_word' id='word_1_538' title='bbox 2539 3109 2884 3176; x_wconf 84' lang='lat' dir='ltr'>sectandum</span> <span class='ocrx_word' id='word_1_539' title='bbox 2895 3119 2983 3176; x_wconf 90' lang='lat' dir='ltr'>vel</span> <span class='ocrx_word' id='word_1_540' title='bbox 2999 3121 3139 3192; x_wconf 89' lang='lat' dir='ltr'>quid</span> <span class='ocrx_word' id='word_1_541' title='bbox 3157 3125 3401 3176; x_wconf 88' lang='lat' dir='ltr'>restaret</span> <span class='ocrx_word' id='word_1_542' title='bbox 3410 3123 3746 3195; x_wconf 85' lang='lat' dir='ltr'>agendum,</span> 
     </span>
    </p>
   </div>
   <div class='ocr_carea' id='block_1_92' title="bbox 2079 3205 3590 3283">
    <p class='ocr_par' dir='ltr' id='par_1_92' title="bbox 2079 3205 3590 3283">
     <span class='ocr_line' id='line_1_92' title="bbox 2079 3205 3590 3283; baseline 0.004 -23"><span class='ocrx_word' id='word_1_543' title='bbox 2079 3205 2324 3262; x_wconf 88' lang='lat' dir='ltr'>Perdere</span> <span class='ocrx_word' id='word_1_544' title='bbox 2355 3225 2471 3263; x_wconf 92' lang='lat' dir='ltr'>non</span> <span class='ocrx_word' id='word_1_545' title='bbox 2503 3207 2744 3280; x_wconf 89' lang='lat' dir='ltr'>placuit,</span> <span class='ocrx_word' id='word_1_546' title='bbox 2768 3209 2870 3265; x_wconf 90' lang='lat' dir='ltr'>sed</span> <span class='ocrx_word' id='word_1_547' title='bbox 2902 3227 3008 3266; x_wconf 87' lang='lat' dir='ltr'>nec</span> <span class='ocrx_word' id='word_1_548' title='bbox 3039 3211 3346 3267; x_wconf 87' lang='lat' dir='ltr'>detendere</span> <span class='ocrx_word' id='word_1_549' title='bbox 3378 3210 3590 3283; x_wconf 85' lang='lat' dir='ltr'>quivit.</span> 
     </span>
    </p>
   </div>
   <div class='ocr_carea' id='block_1_93' title="bbox 1997 3285 3581 3372">
    <p class='ocr_par' dir='ltr' id='par_1_93' title="bbox 1997 3285 3581 3372">
     <span class='ocr_line' id='line_1_93' title="bbox 1997 3285 3581 3372; baseline 0.002 -21"><span class='ocrx_word' id='word_1_550' title='bbox 1997 3285 2041 3351; x_wconf 87' lang='lat' dir='ltr'>C</span> <span class='ocrx_word' id='word_1_551' title='bbox 2081 3296 2344 3350; x_wconf 88' lang='lat' dir='ltr'>Tandem</span> <span class='ocrx_word' id='word_1_552' title='bbox 2376 3297 2652 3353; x_wconf 90' lang='lat' dir='ltr'>discessis</span> <span class='ocrx_word' id='word_1_553' title='bbox 2681 3314 2955 3366; x_wconf 71' lang='lat' dir='ltr'>mwrens,</span> <span class='ocrx_word' id='word_1_554' title='bbox 2989 3297 3294 3371; x_wconf 86' lang='lat' dir='ltr'>aliumque</span> <span class='ocrx_word' id='word_1_555' title='bbox 3325 3299 3581 3372; x_wconf 87' lang='lat' dir='ltr'>reliquit,</span> 
     </span>
    </p>
   </div>
   <div class='ocr_carea' id='block_1_94' title="bbox 2077 3383 3343 3460">
    <p class='ocr_par' dir='ltr' id='par_1_94' title="bbox 2077 3383 3343 3460">
     <span class='ocr_line' id='line_1_94' title="bbox 2077 3383 3343 3460; baseline 0.003 -20"><span class='ocrx_word' id='word_1_556' title='bbox 2077 3383 2304 3440; x_wconf 86' lang='lat' dir='ltr'>Judicis</span> <span class='ocrx_word' id='word_1_557' title='bbox 2335 3385 2526 3441; x_wconf 78' lang='lat' dir='ltr'>officio</span> <span class='ocrx_word' id='word_1_558' title='bbox 2559 3387 2828 3442; x_wconf 81' lang='lat' dir='ltr'>iunctum</span> <span class='ocrx_word' id='word_1_559' title='bbox 2859 3387 3090 3444; x_wconf 85' lang='lat' dir='ltr'>feritate</span> <span class='ocrx_word' id='word_1_560' title='bbox 3117 3387 3343 3460; x_wconf 88' lang='lat' dir='ltr'>lupina,</span> 
     </span>
    </p>
   </div>
   <div class='ocr_carea' id='block_1_95' title="bbox 2078 3473 3482 3550">
    <p class='ocr_par' dir='ltr' id='par_1_95' title="bbox 2078 3473 3482 3550">
     <span class='ocr_line' id='line_1_95' title="bbox 2078 3473 3482 3550; baseline 0.004 -22"><span class='ocrx_word' id='word_1_561' title='bbox 2078 3473 2186 3540; x_wconf 91' lang='lat' dir='ltr'>Qui</span> <span class='ocrx_word' id='word_1_562' title='bbox 2217 3473 2328 3530; x_wconf 89' lang='lat' dir='ltr'>fuit</span> <span class='ocrx_word' id='word_1_563' title='bbox 2354 3475 2638 3546; x_wconf 89' lang='lat' dir='ltr'>Aspasius</span> <span class='ocrx_word' id='word_1_564' title='bbox 2666 3475 2880 3533; x_wconf 87' lang='lat' dir='ltr'>dictus.</span> <span class='ocrx_word' id='word_1_565' title='bbox 2915 3476 3150 3550; x_wconf 89' lang='lat' dir='ltr'>rituque</span> <span class='ocrx_word' id='word_1_566' title='bbox 3177 3481 3482 3550; x_wconf 79' lang='lat' dir='ltr'>profanus,</span> 
     </span>
    </p>
   </div>
   <div class='ocr_carea' id='block_1_96' title="bbox 2078 3562 3551 3642">
    <p class='ocr_par' dir='ltr' id='par_1_96' title="bbox 2078 3562 3551 3642">
     <span class='ocr_line' id='line_1_96' title="bbox 2078 3562 3551 3642; baseline 0.004 -24"><span class='ocrx_word' id='word_1_567' title='bbox 2078 3562 2187 3629; x_wconf 92' lang='lat' dir='ltr'>Qui</span> <span class='ocrx_word' id='word_1_568' title='bbox 2219 3563 2370 3618; x_wconf 88' lang='lat' dir='ltr'>citus</span> <span class='ocrx_word' id='word_1_569' title='bbox 2390 3565 2673 3636; x_wconf 89' lang='lat' dir='ltr'>Agnctem</span> <span class='ocrx_word' id='word_1_570' title='bbox 2701 3565 2908 3638; x_wconf 86' lang='lat' dir='ltr'>projici</span> <span class='ocrx_word' id='word_1_571' title='bbox 2941 3567 3216 3639; x_wconf 74' lang='lat' dir='ltr'>praecepit.</span> <span class='ocrx_word' id='word_1_572' title='bbox 3243 3568 3302 3622; x_wconf 89' lang='lat' dir='ltr'>in</span> <span class='ocrx_word' id='word_1_573' title='bbox 3332 3567 3551 3642; x_wconf 89' lang='lat' dir='ltr'>ignem,</span> 
     </span>
    </p>
   </div>
   <div class='ocr_carea' id='block_1_97' title="bbox 2079 3651 3550 3730">
    <p class='ocr_par' dir='ltr' id='par_1_97' title="bbox 2079 3651 3550 3730">
     <span class='ocr_line' id='line_1_97' title="bbox 2079 3651 3550 3730; baseline 0.004 -24"><span class='ocrx_word' id='word_1_574' title='bbox 2079 3651 2428 3708; x_wconf 83' lang='lat' dir='ltr'>Pontiﬁcum</span> <span class='ocrx_word' id='word_1_575' title='bbox 2457 3653 2608 3708; x_wconf 89' lang='lat' dir='ltr'>votis</span> <span class='ocrx_word' id='word_1_576' title='bbox 2638 3653 2793 3710; x_wconf 89' lang='lat' dir='ltr'>male</span> <span class='ocrx_word' id='word_1_577' title='bbox 2813 3655 3220 3712; x_wconf 89' lang='lat' dir='ltr'>concordando</span> <span class='ocrx_word' id='word_1_578' title='bbox 3250 3655 3550 3730; x_wconf 74' lang='lat' dir='ltr'>malignis.</span> 
     </span>
    </p>
   </div>
   <div class='ocr_carea' id='block_1_98' title="bbox 2078 3741 3552 3819">
    <p class='ocr_par' dir='ltr' id='par_1_98' title="bbox 2078 3741 3552 3819">
     <span class='ocr_line' id='line_1_98' title="bbox 2078 3741 3552 3819; baseline 0.003 -21"><span class='ocrx_word' id='word_1_579' title='bbox 2078 3741 2190 3798; x_wconf 91' lang='lat' dir='ltr'>Sed</span> <span class='ocrx_word' id='word_1_580' title='bbox 2216 3758 2430 3814; x_wconf 90' lang='lat' dir='ltr'>corpus</span> <span class='ocrx_word' id='word_1_581' title='bbox 2458 3747 2712 3814; x_wconf 87' lang='lat' dir='ltr'>castum,</span> <span class='ocrx_word' id='word_1_582' title='bbox 2743 3743 2909 3800; x_wconf 90' lang='lat' dir='ltr'>nulla</span> <span class='ocrx_word' id='word_1_583' title='bbox 2937 3745 3008 3800; x_wconf 91' lang='lat' dir='ltr'>de</span> <span class='ocrx_word' id='word_1_584' title='bbox 3037 3746 3209 3801; x_wconf 87' lang='lat' dir='ltr'>sorde</span> <span class='ocrx_word' id='word_1_585' title='bbox 3239 3745 3552 3819; x_wconf 78' lang='lat' dir='ltr'>piandum,</span> 
     </span>
    </p>
   </div>
   <div class='ocr_carea' id='block_1_99' title="bbox 2075 3830 3476 3904">
    <p class='ocr_par' dir='ltr' id='par_1_99' title="bbox 2075 3830 3476 3904">
     <span class='ocr_line' id='line_1_99' title="bbox 2075 3830 3476 3904; baseline 0.003 -18"><span class='ocrx_word' id='word_1_586' title='bbox 2075 3830 2262 3887; x_wconf 87' lang='lat' dir='ltr'>Ardor</span> <span class='ocrx_word' id='word_1_587' title='bbox 2286 3831 2540 3887; x_wconf 88' lang='lat' dir='ltr'>carnalis</span> <span class='ocrx_word' id='word_1_588' title='bbox 2568 3833 2725 3904; x_wconf 90' lang='lat' dir='ltr'>quod</span> <span class='ocrx_word' id='word_1_589' title='bbox 2758 3850 2874 3889; x_wconf 90' lang='lat' dir='ltr'>non</span> <span class='ocrx_word' id='word_1_590' title='bbox 2904 3834 3210 3890; x_wconf 88' lang='lat' dir='ltr'>succendit</span> <span class='ocrx_word' id='word_1_591' title='bbox 3237 3834 3476 3903; x_wconf 89' lang='lat' dir='ltr'>amoris,</span> 
     </span>
    </p>
   </div>
   <div class='ocr_carea' id='block_1_100' title="bbox 2077 3919 3510 3996">
    <p class='ocr_par' dir='ltr' id='par_1_100' title="bbox 2077 3919 3510 3996">
     <span class='ocr_line' id='line_1_100' title="bbox 2077 3919 3510 3996; baseline 0.003 -20"><span class='ocrx_word' id='word_1_592' title='bbox 2077 3919 2235 3992; x_wconf 86' lang='lat' dir='ltr'>Ignis</span> <span class='ocrx_word' id='word_1_593' title='bbox 2266 3937 2382 3976; x_wconf 88' lang='lat' dir='ltr'>non</span> <span class='ocrx_word' id='word_1_594' title='bbox 2414 3919 2563 3977; x_wconf 64' lang='lat' dir='ltr'>laasit</span> <span class='ocrx_word' id='word_1_595' title='bbox 2593 3939 2870 3994; x_wconf 62' lang='lat' dir='ltr'>prasens,</span> <span class='ocrx_word' id='word_1_596' title='bbox 2905 3939 3011 3979; x_wconf 90' lang='lat' dir='ltr'>nec</span> <span class='ocrx_word' id='word_1_597' title='bbox 3041 3927 3278 3996; x_wconf 88' lang='lat' dir='ltr'>tangere</span> <span class='ocrx_word' id='word_1_598' title='bbox 3307 3923 3510 3996; x_wconf 87' lang='lat' dir='ltr'>quivit.</span> 
     </span>
    </p>
   </div>
   <div class='ocr_carea' id='block_1_101' title="bbox 2075 4009 3390 4083">
    <p class='ocr_par' dir='ltr' id='par_1_101' title="bbox 2075 4009 3390 4083">
     <span class='ocr_line' id='line_1_101' title="bbox 2075 4009 3390 4083; baseline 0.003 -18"><span class='ocrx_word' id='word_1_599' title='bbox 2075 4009 2358 4082; x_wconf 88' lang='lat' dir='ltr'>Denique,</span> <span class='ocrx_word' id='word_1_600' title='bbox 2392 4010 2590 4066; x_wconf 72' lang='lat' dir='ltr'>divisa:</span> <span class='ocrx_word' id='word_1_601' title='bbox 2611 4011 2807 4068; x_wconf 90' lang='lat' dir='ltr'>divino</span> <span class='ocrx_word' id='word_1_602' title='bbox 2832 4013 3106 4083; x_wconf 89' lang='lat' dir='ltr'>Numine,</span> <span class='ocrx_word' id='word_1_603' title='bbox 3137 4013 3390 4069; x_wconf 68' lang='lat' dir='ltr'>ﬂammas</span> 
     </span>
    </p>
   </div>
   <div class='ocr_carea' id='block_1_102' title="bbox 2071 4097 3544 4175">
    <p class='ocr_par' dir='ltr' id='par_1_102' title="bbox 2071 4097 3544 4175">
     <span class='ocr_line' id='line_1_102' title="bbox 2071 4097 3544 4175; baseline 0.005 -23"><span class='ocrx_word' id='word_1_604' title='bbox 2071 4097 2364 4171; x_wconf 88' lang='lat' dir='ltr'>Virgineis</span> <span class='ocrx_word' id='word_1_605' title='bbox 2386 4099 2645 4157; x_wconf 89' lang='lat' dir='ltr'>tribuere</span> <span class='ocrx_word' id='word_1_606' title='bbox 2663 4100 2860 4158; x_wconf 90' lang='lat' dir='ltr'>locum</span> <span class='ocrx_word' id='word_1_607' title='bbox 2879 4102 3157 4174; x_wconf 90' lang='lat' dir='ltr'>precibus</span> <span class='ocrx_word' id='word_1_608' title='bbox 3189 4103 3544 4175; x_wconf 88' lang='lat' dir='ltr'>spatiosum,</span> 
     </span>
    </p>
   </div>
   <div class='ocr_carea' id='block_1_103' title="bbox 2072 4190 3474 4264">
    <p class='ocr_par' dir='ltr' id='par_1_103' title="bbox 2072 4190 3474 4264">
     <span class='ocr_line' id='line_1_103' title="bbox 2072 4190 3474 4264; baseline 0.005 -21"><span class='ocrx_word' id='word_1_609' title='bbox 2072 4190 2152 4243; x_wconf 87' lang='lat' dir='ltr'>Ac</span> <span class='ocrx_word' id='word_1_610' title='bbox 2182 4195 2653 4261; x_wconf 87' lang='lat' dir='ltr'>prorumpentes,</span> <span class='ocrx_word' id='word_1_611' title='bbox 2687 4195 2832 4248; x_wconf 68' lang='lat' dir='ltr'>aestu</span> <span class='ocrx_word' id='word_1_612' title='bbox 2859 4191 3162 4264; x_wconf 88' lang='lat' dir='ltr'>nimioque</span> <span class='ocrx_word' id='word_1_613' title='bbox 3193 4190 3474 4260; x_wconf 83' lang='lat' dir='ltr'>furentes,</span> 
     </span>
    </p>
   </div>
   <div class='ocr_carea' id='block_1_104' title="bbox 2075 4277 3508 4352">
    <p class='ocr_par' dir='ltr' id='par_1_104' title="bbox 2075 4277 3508 4352">
     <span class='ocr_line' id='line_1_104' title="bbox 2075 4277 3508 4352; baseline 0.004 -20"><span class='ocrx_word' id='word_1_614' title='bbox 2075 4277 2334 4334; x_wconf 88' lang='lat' dir='ltr'>Perdunt</span> <span class='ocrx_word' id='word_1_615' title='bbox 2361 4279 2688 4348; x_wconf 84' lang='lat' dir='ltr'>carniﬁces,</span> <span class='ocrx_word' id='word_1_616' title='bbox 2722 4281 2946 4337; x_wconf 88' lang='lat' dir='ltr'>urendo</span> <span class='ocrx_word' id='word_1_617' title='bbox 2977 4280 3254 4352; x_wconf 88' lang='lat' dir='ltr'>primitus</span> <span class='ocrx_word' id='word_1_618' title='bbox 3281 4293 3508 4349; x_wconf 87' lang='lat' dir='ltr'>omnes,</span> 
     </span>
    </p>
   </div>
   <div class='ocr_carea' id='block_1_105' title="bbox 2071 4365 3728 4443">
    <p class='ocr_par' dir='ltr' id='par_1_105' title="bbox 2071 4365 3728 4443">
     <span class='ocr_line' id='line_1_105' title="bbox 2071 4365 3728 4443; baseline 0.005 -22"><span class='ocrx_word' id='word_1_619' title='bbox 2071 4365 2238 4435; x_wconf 91' lang='lat' dir='ltr'>Hinc,</span> <span class='ocrx_word' id='word_1_620' title='bbox 2271 4367 2754 4424; x_wconf 89' lang='lat' dir='ltr'>circumstantem</span> <span class='ocrx_word' id='word_1_621' title='bbox 2786 4369 3116 4426; x_wconf 89' lang='lat' dir='ltr'>lambentes</span> <span class='ocrx_word' id='word_1_622' title='bbox 3148 4370 3408 4442; x_wconf 87' lang='lat' dir='ltr'>undique</span> <span class='ocrx_word' id='word_1_623' title='bbox 3435 4369 3689 4443; x_wconf 85' lang='lat' dir='ltr'>plebem,</span> <span class='ocrx_word' id='word_1_624' title='bbox 3721 4381 3728 4390; x_wconf 91' lang='lat'><strong>&#39;</strong></span> 
     </span>
    </p>
   </div>
   <div class='ocr_carea' id='block_1_106' title="bbox 2072 4453 3581 4533">
    <p class='ocr_par' dir='ltr' id='par_1_106' title="bbox 2072 4453 3581 4533">
     <span class='ocr_line' id='line_1_106' title="bbox 2072 4453 3581 4533; baseline 0.004 -23"><span class='ocrx_word' id='word_1_625' title='bbox 2072 4453 2460 4525; x_wconf 89' lang='lat' dir='ltr'>Incredulam,</span> <span class='ocrx_word' id='word_1_626' title='bbox 2495 4455 2694 4530; x_wconf 88' lang='lat' dir='ltr'>plures</span> <span class='ocrx_word' id='word_1_627' title='bbox 2723 4456 2939 4530; x_wconf 88' lang='lat' dir='ltr'>raptim</span> <span class='ocrx_word' id='word_1_628' title='bbox 2967 4465 3220 4515; x_wconf 88' lang='lat' dir='ltr'>stravere</span> <span class='ocrx_word' id='word_1_629' title='bbox 3258 4457 3581 4533; x_wconf 87' lang='lat' dir='ltr'>plalanges.</span> 
     </span>
    </p>
   </div>
   <div class='ocr_carea' id='block_1_107' title="bbox 2071 4542 3460 4620">
    <p class='ocr_par' dir='ltr' id='par_1_107' title="bbox 2071 4542 3460 4620">
     <span class='ocr_line' id='line_1_107' title="bbox 2071 4542 3460 4620; baseline 0.003 -21"><span class='ocrx_word' id='word_1_630' title='bbox 2071 4542 2208 4600; x_wconf 90' lang='lat' dir='ltr'>Sola</span> <span class='ocrx_word' id='word_1_631' title='bbox 2235 4545 2336 4600; x_wconf 89' lang='lat' dir='ltr'>sed</span> <span class='ocrx_word' id='word_1_632' title='bbox 2367 4545 2654 4602; x_wconf 86' lang='lat' dir='ltr'>immunis</span> <span class='ocrx_word' id='word_1_633' title='bbox 2684 4547 2880 4602; x_wconf 87' lang='lat' dir='ltr'>stabat</span> <span class='ocrx_word' id='word_1_634' title='bbox 2910 4547 3010 4620; x_wconf 90' lang='lat' dir='ltr'>pia</span> <span class='ocrx_word' id='word_1_635' title='bbox 3037 4547 3199 4620; x_wconf 89' lang='lat' dir='ltr'>virgo</span> <span class='ocrx_word' id='word_1_636' title='bbox 3227 4547 3460 4616; x_wconf 89' lang='lat' dir='ltr'>caloris,</span> 
     </span>
    </p>
   </div>
   <div class='ocr_carea' id='block_1_108' title="bbox 1987 4633 3499 4724">
    <p class='ocr_par' dir='ltr' id='par_1_108' title="bbox 1987 4633 3499 4724">
     <span class='ocr_line' id='line_1_108' title="bbox 1987 4633 3499 4724; baseline 0.004 -36"><span class='ocrx_word' id='word_1_637' title='bbox 1987 4659 2036 4724; x_wconf 83' lang='lat' dir='ltr'><strong>D</strong></span> <span class='ocrx_word' id='word_1_638' title='bbox 2070 4633 2234 4724; x_wconf 86' lang='lat' dir='ltr'>Inter</span> <span class='ocrx_word' id='word_1_639' title='bbox 2255 4635 2631 4724; x_wconf 83' lang='lat' dir='ltr'>ﬂammarum</span> <span class='ocrx_word' id='word_1_640' title='bbox 2664 4635 2856 4692; x_wconf 88' lang='lat' dir='ltr'>crines</span> <span class='ocrx_word' id='word_1_641' title='bbox 2885 4635 3096 4692; x_wconf 90' lang='lat' dir='ltr'>ludens</span> <span class='ocrx_word' id='word_1_642' title='bbox 3127 4637 3499 4710; x_wconf 85' lang='lat' dir='ltr'>crepitantes,</span> 
     </span>
    </p>
   </div>
   <div class='ocr_carea' id='block_1_109' title="bbox 2071 4722 3400 4798">
    <p class='ocr_par' dir='ltr' id='par_1_109' title="bbox 2071 4722 3400 4798">
     <span class='ocr_line' id='line_1_109' title="bbox 2071 4722 3400 4798; baseline 0.003 -21"><span class='ocrx_word' id='word_1_643' title='bbox 2071 4722 2382 4794; x_wconf 86' lang='lat' dir='ltr'>Oravitque</span> <span class='ocrx_word' id='word_1_644' title='bbox 2414 4723 2599 4779; x_wconf 91' lang='lat' dir='ltr'>Deum</span> <span class='ocrx_word' id='word_1_645' title='bbox 2631 4724 2814 4780; x_wconf 89' lang='lat' dir='ltr'>versis</span> <span class='ocrx_word' id='word_1_646' title='bbox 2844 4724 2915 4782; x_wconf 89' lang='lat' dir='ltr'>ad</span> <span class='ocrx_word' id='word_1_647' title='bbox 2941 4725 3135 4780; x_wconf 89' lang='lat' dir='ltr'>sidera</span> <span class='ocrx_word' id='word_1_648' title='bbox 3165 4725 3400 4798; x_wconf 89' lang='lat' dir='ltr'>palmis,</span> 
     </span>
    </p>
   </div>
   <div class='ocr_carea' id='block_1_110' title="bbox 2065 4811 3568 4885">
    <p class='ocr_par' dir='ltr' id='par_1_110' title="bbox 2065 4811 3568 4885">
     <span class='ocr_line' id='line_1_110' title="bbox 2065 4811 3568 4885; baseline 0.003 -20"><span class='ocrx_word' id='word_1_649' title='bbox 2065 4811 2184 4867; x_wconf 89' lang='lat' dir='ltr'>Hac</span> <span class='ocrx_word' id='word_1_650' title='bbox 2206 4817 2380 4868; x_wconf 88' lang='lat' dir='ltr'>utens</span> <span class='ocrx_word' id='word_1_651' title='bbox 2408 4812 2467 4867; x_wconf 90' lang='lat' dir='ltr'>in</span> <span class='ocrx_word' id='word_1_652' title='bbox 2499 4812 2686 4868; x_wconf 88' lang='lat' dir='ltr'>fronte</span> <span class='ocrx_word' id='word_1_653' title='bbox 2717 4830 2906 4885; x_wconf 87' lang='lat' dir='ltr'>prece,</span> <span class='ocrx_word' id='word_1_654' title='bbox 2941 4813 3344 4870; x_wconf 81' lang='lat' dir='ltr'>modulamine</span> <span class='ocrx_word' id='word_1_655' title='bbox 3373 4813 3568 4870; x_wconf 87' lang='lat' dir='ltr'>laudis</span> 
     </span>
    </p>
   </div>
   <div class='ocr_carea' id='block_1_111' title="bbox 2065 4899 3562 4974">
    <p class='ocr_par' dir='ltr' id='par_1_111' title="bbox 2065 4899 3562 4974">
     <span class='ocr_line' id='line_1_111' title="bbox 2065 4899 3562 4974; baseline 0.003 -20"><span class='ocrx_word' id='word_1_656' title='bbox 2065 4899 2453 4973; x_wconf 89' lang='lat' dir='ltr'>Omniparens</span> <span class='ocrx_word' id='word_1_657' title='bbox 2475 4900 2649 4956; x_wconf 87' lang='lat' dir='ltr'>Verbi</span> <span class='ocrx_word' id='word_1_658' title='bbox 2680 4901 2926 4974; x_wconf 90' lang='lat' dir='ltr'>genitor,</span> <span class='ocrx_word' id='word_1_659' title='bbox 2961 4901 3286 4974; x_wconf 86' lang='lat' dir='ltr'>mundique</span> <span class='ocrx_word' id='word_1_660' title='bbox 3315 4908 3562 4973; x_wconf 87' lang='lat' dir='ltr'>creator,</span> 
     </span>
    </p>
   </div>
   <div class='ocr_carea' id='block_1_112' title="bbox 2065 4987 3564 5063">
    <p class='ocr_par' dir='ltr' id='par_1_112' title="bbox 2065 4987 3564 5063">
     <span class='ocr_line' id='line_1_112' title="bbox 2065 4987 3564 5063; baseline 0.004 -21"><span class='ocrx_word' id='word_1_661' title='bbox 2065 4987 2194 5055; x_wconf 89' lang='lat' dir='ltr'>Qui,</span> <span class='ocrx_word' id='word_1_662' title='bbox 2229 5005 2364 5044; x_wconf 90' lang='lat' dir='ltr'>cum</span> <span class='ocrx_word' id='word_1_663' title='bbox 2395 4987 2606 5045; x_wconf 90' lang='lat' dir='ltr'>dilecto</span> <span class='ocrx_word' id='word_1_664' title='bbox 2639 5005 2893 5063; x_wconf 88' lang='lat' dir='ltr'>regnans</span> <span class='ocrx_word' id='word_1_665' title='bbox 2915 4994 3067 5046; x_wconf 89' lang='lat' dir='ltr'>retro</span> <span class='ocrx_word' id='word_1_666' title='bbox 3090 4995 3359 5063; x_wconf 86' lang='lat' dir='ltr'>tempora</span> <span class='ocrx_word' id='word_1_667' title='bbox 3392 4992 3564 5061; x_wconf 90' lang='lat' dir='ltr'>Nato,</span> 
     </span>
    </p>
   </div>
   <div class='ocr_carea' id='block_1_113' title="bbox 2062 5077 3506 5149">
    <p class='ocr_par' dir='ltr' id='par_1_113' title="bbox 2062 5077 3506 5149">
     <span class='ocr_line' id='line_1_113' title="bbox 2062 5077 3506 5149; baseline 0.005 -19"><span class='ocrx_word' id='word_1_668' title='bbox 2062 5077 2504 5149; x_wconf 90' lang='lat' dir='ltr'>Amborumquc</span> <span class='ocrx_word' id='word_1_669' title='bbox 2535 5083 2819 5134; x_wconf 66' lang='lat' dir='ltr'>coaeterno</span> <span class='ocrx_word' id='word_1_670' title='bbox 2849 5096 2986 5134; x_wconf 89' lang='lat' dir='ltr'>cum</span> <span class='ocrx_word' id='word_1_671' title='bbox 3022 5079 3283 5137; x_wconf 88' lang='lat' dir='ltr'>Flamine</span> <span class='ocrx_word' id='word_1_672' title='bbox 3313 5097 3506 5148; x_wconf 86' lang='lat' dir='ltr'>sacro,</span> 
     </span>
    </p>
   </div>
   <div class='ocr_carea' id='block_1_114' title="bbox 2063 5165 3433 5238">
    <p class='ocr_par' dir='ltr' id='par_1_114' title="bbox 2063 5165 3433 5238">
     <span class='ocr_line' id='line_1_114' title="bbox 2063 5165 3433 5238; baseline 0.002 -17"><span class='ocrx_word' id='word_1_673' title='bbox 2063 5165 2248 5238; x_wconf 90' lang='lat' dir='ltr'>Digne</span> <span class='ocrx_word' id='word_1_674' title='bbox 2279 5165 2561 5234; x_wconf 88' lang='lat' dir='ltr'>laudaris,</span> <span class='ocrx_word' id='word_1_675' title='bbox 2584 5167 2812 5237; x_wconf 88' lang='lat' dir='ltr'>coleris,</span> <span class='ocrx_word' id='word_1_676' title='bbox 2844 5169 3163 5237; x_wconf 89' lang='lat' dir='ltr'>veneraris,</span> <span class='ocrx_word' id='word_1_677' title='bbox 3193 5169 3433 5236; x_wconf 87' lang='lat' dir='ltr'>amaris,</span> 
     </span>
    </p>
   </div>
   <div class='ocr_carea' id='block_1_115' title="bbox 2063 5255 3342 5325">
    <p class='ocr_par' dir='ltr' id='par_1_115' title="bbox 2063 5255 3342 5325">
     <span class='ocr_line' id='line_1_115' title="bbox 2063 5255 3342 5325; baseline 0.002 -15"><span class='ocrx_word' id='word_1_678' title='bbox 2063 5255 2146 5310; x_wconf 85' lang='lat' dir='ltr'>Te</span> <span class='ocrx_word' id='word_1_679' title='bbox 2176 5255 2368 5312; x_wconf 88' lang='lat' dir='ltr'>solum</span> <span class='ocrx_word' id='word_1_680' title='bbox 2401 5255 2597 5324; x_wconf 90' lang='lat' dir='ltr'>laudo,</span> <span class='ocrx_word' id='word_1_681' title='bbox 2631 5259 2688 5312; x_wconf 90' lang='lat' dir='ltr'>te</span> <span class='ocrx_word' id='word_1_682' title='bbox 2717 5255 3012 5313; x_wconf 89' lang='lat' dir='ltr'>laudando</span> <span class='ocrx_word' id='word_1_683' title='bbox 3043 5257 3342 5325; x_wconf 89' lang='lat' dir='ltr'>benedice,</span> 
     </span>
    </p>
   </div>
   <div class='ocr_carea' id='block_1_116' title="bbox 2063 5344 3344 5418">
    <p class='ocr_par' dir='ltr' id='par_1_116' title="bbox 2063 5344 3344 5418">
     <span class='ocr_line' id='line_1_116' title="bbox 2063 5344 3344 5418; baseline 0.005 -20"><span class='ocrx_word' id='word_1_684' title='bbox 2063 5344 2134 5399; x_wconf 89' lang='lat' dir='ltr'>Et</span> <span class='ocrx_word' id='word_1_685' title='bbox 2153 5344 2257 5399; x_wconf 90' lang='lat' dir='ltr'>tibi</span> <span class='ocrx_word' id='word_1_686' title='bbox 2282 5345 2486 5400; x_wconf 89' lang='lat' dir='ltr'>devote</span> <span class='ocrx_word' id='word_1_687' title='bbox 2518 5349 2713 5418; x_wconf 89' lang='lat' dir='ltr'>grates</span> <span class='ocrx_word' id='word_1_688' title='bbox 2745 5345 3008 5418; x_wconf 89' lang='lat' dir='ltr'>persolvo</span> <span class='ocrx_word' id='word_1_689' title='bbox 3039 5363 3344 5418; x_wconf 83' lang='lat' dir='ltr'>perennes,</span> 
     </span>
    </p>
   </div>
   <div class='ocr_carea' id='block_1_117' title="bbox 2063 5433 3402 5506">
    <p class='ocr_par' dir='ltr' id='par_1_117' title="bbox 2063 5433 3402 5506">
     <span class='ocr_line' id='line_1_117' title="bbox 2063 5433 3402 5506; baseline 0.001 -17"><span class='ocrx_word' id='word_1_690' title='bbox 2063 5434 2366 5506; x_wconf 88' lang='lat' dir='ltr'>Ejusdem,</span> <span class='ocrx_word' id='word_1_691' title='bbox 2401 5433 2558 5506; x_wconf 89' lang='lat' dir='ltr'>quia,</span> <span class='ocrx_word' id='word_1_692' title='bbox 2593 5433 2742 5491; x_wconf 86' lang='lat' dir='ltr'>fulta</span> <span class='ocrx_word' id='word_1_693' title='bbox 2771 5435 2856 5490; x_wconf 93' lang='lat' dir='ltr'>tui</span> <span class='ocrx_word' id='word_1_694' title='bbox 2889 5435 3218 5493; x_wconf 89' lang='lat' dir='ltr'>munimine</span> <span class='ocrx_word' id='word_1_695' title='bbox 3247 5437 3402 5503; x_wconf 89' lang='lat' dir='ltr'>Nati,</span> 
     </span>
    </p>
   </div>
   <div class='ocr_carea' id='block_1_118' title="bbox 2062 5522 3507 5597">
    <p class='ocr_par' dir='ltr' id='par_1_118' title="bbox 2062 5522 3507 5597">
     <span class='ocr_line' id='line_1_118' title="bbox 2062 5522 3507 5597; baseline 0.004 -19"><span class='ocrx_word' id='word_1_696' title='bbox 2062 5522 2377 5594; x_wconf 88' lang='lat' dir='ltr'>Nunquam</span> <span class='ocrx_word' id='word_1_697' title='bbox 2409 5522 2696 5579; x_wconf 89' lang='lat' dir='ltr'>succubui</span> <span class='ocrx_word' id='word_1_698' title='bbox 2718 5524 3008 5596; x_wconf 90' lang='lat' dir='ltr'>serpentis</span> <span class='ocrx_word' id='word_1_699' title='bbox 3036 5525 3240 5581; x_wconf 87' lang='lat' dir='ltr'>fraude</span> <span class='ocrx_word' id='word_1_700' title='bbox 3265 5527 3507 5597; x_wconf 85' lang='lat' dir='ltr'>vetusti,</span> 
     </span>
    </p>
   </div>
   <div class='ocr_carea' id='block_1_119' title="bbox 2061 5611 3458 5686">
    <p class='ocr_par' dir='ltr' id='par_1_119' title="bbox 2061 5611 3458 5686">
     <span class='ocr_line' id='line_1_119' title="bbox 2061 5611 3458 5686; baseline 0.004 -20"><span class='ocrx_word' id='word_1_701' title='bbox 2061 5612 2311 5684; x_wconf 91' lang='lat' dir='ltr'>Corpore</span> <span class='ocrx_word' id='word_1_702' title='bbox 2340 5611 2441 5667; x_wconf 93' lang='lat' dir='ltr'>sed</span> <span class='ocrx_word' id='word_1_703' title='bbox 2474 5616 2660 5683; x_wconf 86' lang='lat' dir='ltr'>casto,</span> <span class='ocrx_word' id='word_1_704' title='bbox 2693 5629 2840 5685; x_wconf 89' lang='lat' dir='ltr'>puro</span> <span class='ocrx_word' id='word_1_705' title='bbox 2869 5613 3179 5686; x_wconf 87' lang='lat' dir='ltr'>cordisque</span> <span class='ocrx_word' id='word_1_706' title='bbox 3209 5620 3458 5685; x_wconf 82' lang='lat' dir='ltr'>secreto,</span> 
     </span>
    </p>
   </div>
   <div class='ocr_carea' id='block_1_120' title="bbox 2060 5698 3450 5784">
    <p class='ocr_par' dir='ltr' id='par_1_120' title="bbox 2060 5698 3450 5784">
     <span class='ocr_line' id='line_1_120' title="bbox 2060 5698 3450 5784; baseline 0 -22"><span class='ocrx_word' id='word_1_707' title='bbox 2060 5698 2265 5762; x_wconf 82' lang='lat' dir='ltr'>Carnis</span> <span class='ocrx_word' id='word_1_708' title='bbox 2294 5699 2610 5776; x_wconf 76' lang='lat' dir='ltr'>spurcitiae</span> <span class='ocrx_word' id='word_1_709' title='bbox 2639 5701 2987 5780; x_wconf 81' lang='lat' dir='ltr'>pertransivi</span> <span class='ocrx_word' id='word_1_710' title='bbox 3017 5703 3164 5762; x_wconf 89' lang='lat' dir='ltr'>bene</span> <span class='ocrx_word' id='word_1_711' title='bbox 3185 5707 3450 5784; x_wconf 75' lang='lat' dir='ltr'>cunctas,</span> 
     </span>
    </p>
   </div>
  </div>
