3904 6382
164 391 195 449 1
224 390 360 451 129
447 387 548 450 DE
590 388 970 451 PRIMORD.
992 388 1307 450 C(ENOB.
1329 390 1884 457 GANDEltSll.ET
1916 392 2014 451 DE
2048 394 2316 455 GESTIS
2350 398 2789 460 OTTON.I.——
2810 402 3382 471 D.PERTZ.MON.
3461 412 3617 473 H30

161 520 414 579 Poenas
434 522 705 595 sacrilegi
739 522 957 595 pariter
985 524 1320 595 superando
1355 524 1606 596 tyranni.
1886 526 1942 592 Α
1972 526 2086 581 Nec
2119 528 2317 584 minus
2349 546 2505 603 ergo,
2540 533 2629 588 sui
2663 534 2831 607 signo
2861 538 3135 597 donanda
3163 541 3473 616 triumphi,

164 609 366 703 ili-nc,
407 610 1136 703 gaudens-intenimium
1169 629 1345 703 super
1376 613 1482 667 hac
1514 612 1747 703 pietate,
1969 615 2226 689 Martyrii
2262 619 2520 690 palmam
2554 625 2827 695 sumpsit,
2853 625 2980 682 sine
3010 628 3124 684 ﬁne
3155 609 3497 703 gerendam,

156 699 264 753 Ad
308 704 378 755 te
411 716 567 754 nunc
598 698 814 754 animis
846 699 1062 754 festino
1093 700 1287 756 venire
1310 701 1617 770 jucundis,
1968 705 2090 769 Quo
2128 712 2347 779 martyr
2380 708 2532 776 felix,
2560 711 2779 783 duplici
2812 716 3129 772 certamine
3158 698 3390 789 ξτίοιιιίχ,

160 788 427 860 Optans
452 789 593 860 jura
621 787 740 860 pati
771 788 1003 855 mortis,
1035 788 1325 860 citiusque
1358 789 1585 856 resolvi,
1966 794 2121 849 174
2151 795 2439 866 Corporis,
2469 803 2523 853 et
2559 800 2791 869 mentis,
2824 803 2983 857 carni
3011 822 3243 878 semper
3282 787 3613 881 renitentia,

160 880 312 942 Quo
353 893 589 932 merear
615 894 741 931 vere
764 877 1146 947 contemplari
1182 876 1308 931 sine
1342 880 1457 931 fine
1967 880 2146 936 Utens
2178 886 2370 938 interni
2406 886 2602 941 bravio
2634 890 2794 960 regni
2829 876 3150 963 duplicato,

159 966 282 1034 Te,
324 983 509 1038 quem
542 965 803 1037 quiesivi,
839 983 1012 1036 quem
1053 966 1241 1020 solum
1271 984 1502 1037 semper
1531 966 1742 1020 amavi.
1967 970 2123 1025 lnter
2150 972 2439 1044 virgineas
2473 975 2720 1046 fulgeret
2751 979 2912 1035 clava
2932 986 3215 1052 catervas,

158 1056 209 1108 I
228 1056 346 1111 18
384 1056 471 1109 'I‘u
494 1054 751 1109 clemens
772 1053 1163 1124 aniuiam,pre
1188 1061 1239 1109 te
1258 1056 1327 1109 de
1344 1073 1582 1125 corpore
1596 1054 1849 1126 pulsam,
1964 1060 2110 1115 Lilia
2139 1080 2264 1128 ceu,
2301 1064 2542 1134 pulchro
2573 1083 2737 1121 roseo
2762 1070 3042 1138 permista
3069 1073 3299 1141 rubore,

156 1144 350 1199 Intra
386 1142 643 1199 claustra
672 1143 756 1197 tui
788 1143 1103 1213 dignanter
1133 1145 1367 1215 suscipe
1400 1143 1583 1215 regni,
1962 1151 2121 1204 lnter
2149 1150 2387 1206 delicias
2422 1153 2626 1208 [lorum
2663 1156 2908 1212 rutilant
2935 1160 3250 1216 variorum.

159 1236 308 1299 Quo
340 1238 435 1295 tu.
459 1234 605 1304 jure
626 1237 725 1287 tuo
759 1231 982 1303 pollens
1014 1233 1125 1287 sub
1158 1232 1391 1287 nomine
1426 1234 1597 1299 trino,
1962 1238 2191 1293 Interea
2216 1257 2448 1311 quoque
2479 1259 2852 1299 summorum
2887 1264 3054 1301 sacra
3081 1266 3223 1304 cura
3270 1257 3602 1323 parentum,

161 1324 306 1379 Rex
335 1340 499 1378 unus
529 1321 814 1375 machinae
845 1338 1039 1376 rerum
1074 1339 1175 1392 per
1202 1322 1413 1377 saecula
1444 1323 1513 1377 tri
1527 1341 1631 1389 [183,
1957 1327 2265 1381 Excultum
2299 1345 2516 1399 magna
2546 1329 2723 1386 funus
2752 1334 3077 1390 venerabile
3106 1354 3339 1409 pompa,

162 1414 400 1485 Itaque
429 1414 640 1468 cuncta
670 1410 823 1483 regis
854 1414 1085 1481 sceptro
1121 1428 1366 1466 summm
1398 1411 1664 1466 Deitatis.
1960 1414 2023 1470 In
2055 1416 2278 1487 gremio
2310 1420 2473 1472 terrai
2506 1422 2624 1473 toto
2658 1421 2910 1476 contexit
2938 1422 3177 1493 honoro,

159 1503 452 1569 Scilicet,
482 1500 706 1557 orantis
734 1500 1008 1571 precibus
1028 1500 1154 1570 jam
1185 1502 1290 1555 rite
1327 1500 1601 1573 peractis,
1955 1504 2072 1559 Nec
2104 1504 2301 1560 saltim
2333 1504 2577 1560 bustum
2606 1513 2847 1563 sacrata:
2878 1509 3122 1582 virginis
3154 1513 3373 1585 ipsum,

159 1592 439 1665 Ignibus
464 1588 786 1656 exstinctis,
824 1589 1077 1643 moritur
1108 1590 1309 1645 subito
1341 1606 1517 1660 rogus
1547 1590 1759 1656 omnis,
1954 1593 2117 1659 Quod
2150 1610 2252 1664 pro
2285 1594 2585 1649 servandis
2615 1596 2805 1651 fuerat
2832 1600 3160 1657 venerabile
3192 1603 3498 1673 membris,

155 1683 239 1738 Et
272 1680 443 1737 cinis
475 1679 621 1750 ipse,
655 1677 780 1733 suis
812 1677 1289 1747 confrigescendo
1322 1677 1554 1743 favillis,
1953 1680 2298 1736 Sollicitudo
2329 1683 2649 1754 parentalis
2682 1687 3040 1758 contempsit
3068 1690 3311 1759 amoris,

157 1771 267 1827 Sic
302 1785 520 1841 expers
552 1766 745 1823 omnis
767 1767 956 1820 factus
988 1766 1098 1820 fuit
1128 1766 1246 1821 imo
1278 1766 1509 1833 caloris,
1951 1770 2061 1824 Sed
2094 1770 2204 1824 sub
2236 1772 2540 1827 nocturnis
2570 1777 2760 1828 servat
2790 1774 3172 1846 vigilantibus
3202 1778 3381 1835 horis.

155 1860 240 1917 Ut
277 1874 401 1915 nec
432 1854 750 1912 scintillam
783 1855 895 1910 sibi
924 1859 1060 1958 post
1089 1856 1406 1910 servaverit
1436 1855 1639 1921 ullam,
1868 1892 1918 1958 Β
1948 1860 2042 1924 At,
2074 1859 2214 1914 dum
2244 1860 2572 1934 pervigiles,
2604 1868 2879 1919 consueto
2912 1881 3093 1932 more,
3128 1872 3418 1938 parentes.

157 1950 293 2005 Hoc
328 1946 518 2019 igitur
547 1944 713 2016 signo
730 1944 856 2014 jam
889 1942 1245 1999 clarescente
1279 1945 1586 2015 stupende,
1869 1942 1917 1958 ⁵’
1949 1948 2235 2003 Excubias
2265 1948 2411 2021 proli
2444 1950 2817 2006 celebrabant
2848 1957 3043 2009 mente
3076 1955 3255 2025 fideli,

156 2041 415 2105 Quanto
448 2052 511 2091 se
537 2034 699 2090 virus
725 2032 937 2088 Christi
967 2031 1097 2103 plus
1125 2033 1343 2105 detegit
1369 2034 1515 2101 orbi,
1947 2036 2185 2092 leitus
2214 2037 2307 2092 his
2338 2037 2483 2109 ipsis
2514 2044 2877 2095 monstratur
2902 2041 3047 2097 visio
3078 2042 3235 2099 talis.

159 2129 372 2184 Tanto
404 2123 652 2195 majoris
682 2121 843 2177 rabie
876 2120 1155 2193 spirando
1187 2122 1401 2178 furoris
1948 2125 2210 2197 Denique
2242 2126 2533 2197 virgineas
2567 2128 2762 2183 subito
2794 2130 3145 2187 descendere
3175 2136 3401 2190 turmas

158 2217 453 2288 Injustus
475 2213 658 2285 judex
689 2210 887 2266 animo
920 2210 1215 2266 cruciatur
1245 2228 1465 2280 amaro,
1946 2214 2250 2282 Viderunt,
2285 2213 2483 2286 lapsas
2514 2215 2683 2271 celeri
2708 2218 2779 2272 de
2802 2218 3038 2275 cardine
3069 2220 3221 2289 cmli,

158 2306 288 2361 Nec
322 2302 557 2376 patitur
584 2316 811 2355 sacram
844 2303 975 2370 post
997 2299 1118 2353 hazc
1149 2317 1457 2371 superesse
1485 2300 1761 2372 puellam,
1946 2302 2196 2357 Ornatas
2227 2302 2487 2374 pulchre,
2524 2303 2695 2374 plene
2726 2311 3110 2378 comptasque
3136 2309 3363 2378 decore,

162 2396 280 2451 Per
313 2408 504 2465 quam
535 2393 676 2445 sunt
706 2389 908 2444 crebro
935 2388 1219 2444 miracula
1249 2394 1411 2444 tanta
1440 2395 1689 2460 patrata,
1946 2392 2101 2445 Inter
2130 2408 2277 2462 quas
2306 2393 2549 2463 Agnem,
2585 2392 2763 2448 simili
2797 2394 3107 2465 splendore
3138 2399 3447 2470 nitentem,

160 2485 327 2540 Ense
358 2482 467 2538 sed
498 2479 788 2544 immisso,
816 2481 1080 2533 tenerum
1112 2480 1316 2549 gut'ur
1345 2480 1724 2551 penetrando,
1943 2479 2306 2551 Conspexere
2338 2497 2529 2545 suam,
2562 2498 2665 2553 pro
2696 2483 2923 2538 Christo
2954 2484 3411 2557 martyrisatam,

160 2571 456 2651 Martyris
486 2568 729 2641 egregia:
752 2566 1033 2639 jugulum
1062 2568 1311 2639 perfodit
1342 2585 1560 2635 amare,
1938 2571 1986 2624 A
2016 2569 2235 2623 dextris
2266 2570 2438 2639 cujus
2470 2570 2598 2625 nive
2629 2570 2934 2626 candidior
2964 2574 3127 2628 stetit
3156 2591 3364 2647 agnus.

158 2663 257 2730 Et,
287 2660 425 2716 vice
453 2674 750 2724 conversa,
786 2657 941 2729 quod
976 2673 1089 2711 non
1119 2657 1372 2728 speravit
1401 2658 1626 2728 agendo
1941 2660 2097 2725 Quos
2128 2658 2337 2712 merito
2372 2658 2502 2713 fidei
2537 2658 2706 2713 scivit
2738 2660 2946 2731 dignos
2976 2663 3257 2731 venerari,

162 2750 256 2807 Illi
293 2748 568 2823 profecit,
598 2746 689 2802 cui
720 2746 906 2817 gratis
936 2746 1142 2800 obesse
1175 2746 1415 2816 cupivit,
1940 2747 2157 2801 Blande
2188 2745 2500 2817 colloquiis
2536 2746 2666 2803 illos
2688 2748 2901 2803 aflatur
2928 2749 3156 2817 amicis,

159 2837 616 2896 Transmittcns
642 2834 807 2901 cmlo,
832 2852 1009 2906 quam
1042 2835 1333 2889 subtraxit
1365 2834 1516 2891 male
1548 2838 1788 2893 mundo.
1938 2834 2148 2889 Dicens
2182 2851 2337 2888 nunc
2358 2836 2608 2905 gaudete
2630 2836 3239 2908 mecum,gratulando
3256 2856 3360 2911 per
3373 2858 3581 2913 ievum,

156 2931 256 2996 At,
290 2926 426 2993 ubi,
454 2942 558 2998 pro
586 2923 816 2979 Christo
848 2922 1047 2978 lethali
1078 2922 1316 2979 vulnere
1346 2923 1501 2992 laesa,
1937 2924 2079 2978 Sum
2112 2923 2269 2994 quia,
2304 2922 2544 2979 luciflua
2574 2923 2747 2996 Regis
2770 2925 3021 2981 cmlestis
3052 2926 3110 2981 in
3142 2927 3296 2999 aula,

158 3018 518 3072 Extremum
550 3012 800 3069 Domino
831 3013 1038 3067 flatum
1072 3012 1262 3067 reddit
1287 3014 1609 3082 moriendo,
1932 3012 2275 3083 Virginibus
2307 3012 2489 3066 sacris
2521 3011 2738 3067 sociata
2768 3013 3099 3084 perenniter
3129 3015 3261 3072 istis

156 3108 379 3178 Atque,
417 3104 531 3159 fide
558 3101 736 3169 salva,
772 3102 1036 3174 gaudens
1067 3102 1363 3157 obdormit
1393 3103 1452 3157 in
1488 3103 1610 3171 illo,
1935 3102 2003 3155 Et
2032 3118 2189 3155 nunc
2220 3100 2278 3154 in
2312 3100 2473 3155 cmlis
2505 3100 2589 3155 illi
2621 3102 2946 3174 conjungor
2970 3104 3191 3160 amoris

158 3195 345 3251 Ocius
372 3192 626 3265 angelici
656 3196 863 3258 ccetus,
896 3191 968 3246 de
1000 3190 1188 3245 sidere
1210 3190 1381 3263 lapsi,
1862 3258 1895 3265 _
1932 3189 2218 3261 Amplexu
2252 3188 2431 3257 dulci,
2459 3206 2634 3261 quem
2669 3208 2900 3263 semper
2930 3196 3125 3248 mente
3157 3194 3311 3250 fideli

158 3286 470 3350 Astantes,
505 3280 765 3336 animam
795 3280 961 3334 niveo
992 3280 1242 3335 candore
1270 3297 1597 3347 coruscam,
1852 3258 1896 3325 C
1938 3281 2001 3334 In
2034 3278 2205 3333 torris
2230 3277 2404 3346 colui,
2440 3280 2685 3350 cupiens
2716 3280 2841 3336 sine
2873 3282 2986 3336 fine
3015 3282 3188 3337 tueri.

160 3372 281 3428 Nec
316 3389 437 3429 non
462 3369 714 3426 caelestis
744 3369 1043 3441 perfusam
1072 3368 1199 3423 luce
1231 3368 1459 3436 nitoris,
1933 3368 2035 3423 His
2064 3366 2244 3439 igitur
2273 3367 2445 3422 dictis
2477 3368 2670 3423 subito
2703 3368 2972 3425 discessit
3002 3370 3076 3425 ab
3106 3370 3256 3426 aliis.

163 3461 392 3517 Blande
423 3459 760 3531 suscipiunt
789 3457 1023 3529 laetique
1055 3475 1156 3529 per
1185 3476 1320 3513 aera
1352 3458 1587 3527 tollunt,
1931 3458 2062 3527 Qui,
2094 3457 2344 3512 nimium
2378 3456 2491 3511 lmti
2523 3462 2684 3513 tanto
2717 3458 2999 3515 solamine
3029 3460 3187 3530 facti,

159 3551 438 3623 Congrue
468 3548 676 3604 divinas
706 3546 899 3603 laudis
930 3546 1344 3602 resonantibus
1374 3547 1632 3619 hymnis,
1930 3546 2245 3601 Siccabant
2277 3544 2569 3616 lacrymas
2601 3563 2779 3618 super
2807 3548 2936 3617 ejus
2968 3552 3153 3603 morte
3183 3550 3433 3616 refusas,

162 3639 430 3712 Indeque
460 3641 849 3693 transvectam
882 3635 1087 3690 celeris
1120 3652 1295 3706 super
1323 3635 1554 3691 aetheris
1586 3637 1748 3708 ignes
1929 3636 2000 3691 Et
2028 3634 2233 3690 laudes
2264 3634 2511 3689 Domino
2544 3634 2875 3705 psallebant
2902 3652 3037 3690 voce
3068 3652 3301 3707 canora,

160 3726 407 3783 Ducunt
436 3726 782 3797 astrigeram
814 3723 1014 3796 sponsi
1043 3723 1297 3778 caelestis
1329 3724 1385 3777 in
1419 3723 1639 3795 aulam,
1932 3724 2040 3791 Qui
2072 3727 2205 3795 post
2235 3723 2383 3777 dura
2413 3721 2538 3777 suis
2569 3722 3117 3779 tribuitcertamina
3143 3726 3362 3782 sanctis

158 3817 207 3871 A
239 3834 359 3889 quo
393 3814 673 3872 continuo
707 3813 931 3869 clarum
965 3812 1246 3868 rutilante
1278 3830 1492 3869 corona
1916 3806 2226 3879 'Testibus,
2262 3815 2485 3866 aeternae
2518 3809 2836 3867 clementer
2865 3810 3103 3883 praemia
3124 3812 3274 3869 vitae.

159 3904 451 3975 Donatur,
484 3921 642 3977 purae
674 3920 777 3975 pro
801 3901 1157 3974 virginitatis
1189 3902 1427 3958 honore.

1283 4168 2469 4275 HRQTSUITHE

1654 4345 2120 4452 ﬂamina

948 4542 1041 4657 DE
1112 4540 1561 4657 PBIMURDIIS
1630 4542 1945 4660 BEMUBI
2016 4540 2801 4721 BANDERSHEIMENSIS

371 4873 574 5000 DE
669 4868 1246 5002 GESTIS
1340 4740 2084 5004 ODDOng
2174 4874 2223 4997 Ι
2324 4867 3373 5004 lMPRATORIS.

973 5176 1160 5248 (Apud
1194 5177 1261 5233 D.
1293 5176 1474 5245 Pertz,
1508 5175 1744 5235 Monum.
1782 5180 1971 5234 Germ.
2005 5176 2219 5244 histor.,
2254 5174 2463 5246 Seript.
2494 5177 2630 5231 tom.
2669 5172 2786 5243 IV.)

241 5400 689 5480 Septuagesimo
720 5407 952 5464 circiter
980 5426 1134 5465 anno
1157 5412 1469 5481 postquam
1493 5414 1662 5482 poeta
1676 5411 1824 5467 Saxo
1854 5412 1901 5477 D
1930 5409 2323 5466 Christianam
2356 5405 2793 5462 conversionem
2822 5407 3092 5465 versibus
3108 5408 3580 5482 expressit,Hrot-

174 5483 361 5547 Caroli
391 5495 589 5570 Magni
621 5513 711 5553 res
728 5501 927 5569 gestas
945 5502 1003 5553 et
1018 5499 1211 5570 gentis
1232 5498 1528 5554 Saxonica:
1551 5499 1621 5553 ad
1642 5500 1817 5555 fidem
1896 5558 1903 5562 ,
1928 5498 2126 5554 suitha
2155 5500 2252 5568 (li),
2288 5494 2585 5568 monialis,
2618 5496 2867 5551 cmnohii
2898 5496 2957 5552 in
2989 5515 3105 5571 quo
3134 5499 3382 5571 degebat
3421 5496 3577 5554 Gan-

244 5644 322 5716 (Ιι)
353 5645 437 5705 Ita
467 5648 527 5706 in
561 5650 786 5724 prafat.
816 5650 1083 5707 Historiae
1105 5649 1396 5719 Mariae,in
1415 5650 1529 5707 ﬁne
1551 5649 1814 5707 Historia:
1926 5647 2373 5707 resurrectionis
2405 5647 2659 5717 Domini,
2692 5648 2751 5704 in
2786 5648 3121 5723 praefatione
3150 5646 3415 5721 Gangolfi
3437 5649 3495 5704 ct
3514 5644 3575 5703 in

489 5784 763 5849 Ριτιοι..
808 5784 1149 5849 CXXXVII.

3179 5781 3258 5844 36
