3904 6384
340 403 498 467 1135

1145 400 1679 464 ΗΠΟΤΞΗΙΤΗᾹΞ
1722 400 1894 463 ΜΟΝ

2147 401 2247 462 GA
2258 398 2717 462 NDEBSHEIM
2728 401 2823 461 EN
2831 399 2948 463 SlS

3611 403 3756 466 H36

410 537 467 610 2)
489 537 678 593 Editio
708 535 884 593 Celtis
914 535 974 590 in
1009 535 1297 607 Operibus
1321 534 1632 590 [Irotsuitze
1665 533 1995 589 Norimber-
2020 539 2078 606 Α
2105 533 2493 606 scriptoribus
2524 533 2910 601 Germanicis,
2945 538 3089 590 tom.
3125 536 3196 601 ll,
3232 552 3288 607 p.
3320 535 3430 590 709
3469 551 3630 608 sqq..
3665 537 3757 591 sed

343 643 432 684 na:
461 625 521 680 in
553 624 691 680 folio
723 625 960 678 an.i501
1000 621 1469 695 prodiit.Textus
1487 621 1693 676 multis
1724 621 1784 676 in
1808 621 2008 676 locisa

343 713 540 772 codice
565 713 737 768 unico
762 713 1033 780 discedit,
1057 711 1272 784 partim
1296 729 1488 766 errore
1509 711 1770 778 editoris,
1788 711 2003 782 partim

345 801 446 858 ubi
490 819 618 873 qua:
664 800 873 856 vitiose
921 799 1034 874 legi
1085 800 1438 855 videbantur
1477 799 1848 855 emendanda
1877 813 2004 853 esse

345 889 590 946 censuit.
613 891 738 954 Qua
768 889 1008 960 quidem
1035 888 1092 942 in
1114 905 1174 943 re
1195 889 1351 943 haud
1377 889 1554 943 dubie
1579 903 2004 958 nonnunquam

346 981 494 1036 bene
523 979 596 1034 de
628 977 970 1034 llrotsuitha
1000 977 1309 1045 meruit,et
1330 982 1485 1032 certe
1519 977 1772 1049 reliques
1801 992 2006 1030 omnes

347 1067 599 1124 editores
631 1067 886 1122 multum
917 1065 1232 1133 antecellit,
1256 1083 1684 1137 nonnunquam
1718 1083 1848 1120 vero
1880 1064 2007 1120 sine

341 1157 509 1228 justa
533 1172 714 1211 causa
741 1155 1102 1210 textum'aut
1132 1172 1260 1209 vere
1292 1155 1510 1209 bonum
1543 1158 1643 1208 aut
1670 1153 1768 1224 qui
1805 1152 2004 1208 saltim

348 1243 581 1301 tolerari
613 1249 813 1316 posset
845 1243 1087 1299 arbitrio
1119 1261 1225 1298 suo
1247 1243 1577 1297 immutavit
1608 1242 1694 1297 vel
1717 1241 2009 1312 negligen-

349 1337 440 1390 ter
458 1333 705 1406 exprimi
728 1332 1038 1406 permisit;
1071 1336 1128 1387 et
1158 1331 1525 1404 argumentis
1557 1331 1815 1402 capitum
1847 1330 2004 1385 haud

347 1421 497 1478 bene
527 1420 834 1493 perpensis
867 1424 924 1475 et
953 1419 1115 1492 operi
1167 1419 1436 1487 intrusis,
1472 1424 1537 1474 ut
1585 1420 1657 1474 de
1692 1419 1804 1474 ﬁde
1838 1419 2006 1474 Hrot-
2036 1479 2044 1485 _

349 1508 582 1578 suithae,
611 1509 755 1564 dum
787 1514 990 1564 contra
1030 1507 1287 1563 historiae
1338 1508 1644 1562 veritatem
1697 1506 2008 1580 scripsisse

350 1598 722 1663 censebatur,
752 1596 859 1652 viri
891 1597 1048 1652 docti
1080 1597 1440 1664 dubitarent,
1477 1597 1682 1652 effecit.
1719 1598 1852 1662 Qua:
1877 1612 2007 1650 ma-

352 1685 487 1742 cula
511 1685 564 1742 ei
598 1686 868 1757 insprrsa
897 1689 1101 1740 nostra
1131 1685 1369 1740 demum
1402 1685 1655 1740 editione
1695 1683 2004 1740 delcbitur.

423 1773 600 1830 Celtis
631 1774 788 1829 edito
822 1791 856 1829 a
883 1773 1052 1829 Justo
1087 1773 1352 1829 Reubero
1383 1773 1588 1845 paucis
1621 1773 1680 1828 in
1729 1773 1874 1828 locis
1919 1790 2008 1828 se-

352 1863 613 1920 cundum
637 1861 870 1934 regulas
891 1863 1289 1934 grammatica:
1314 1863 1656 1917 notissimas
1674 1862 1987 1917 emendata

353 1905 613 1920 πηνα...
637 1905 869 1934 ,νομηω
891 1905 1288 1934 bunum-..”
1316 1905 1656 1917 ..υυυυηηηυ
1675 1905 2009 1930 ν...υ....ι,ν..,

353 1952 606 2009 an.1854
636 1951 696 2006 in
729 1951 827 2008 SS.
847 1951 1214 2007 Germanicis
1248 1951 1491 2023 repetita
1523 1956 1628 2020 est,
1655 1951 1899 2006 an.1621
1935 1951 2006 2007 ab
2037 1911 2085 1976 Β

355 2041 624 2097 Heinrico
657 2040 968 2096 Meibomio
992 2057 1110 2096 una
1132 2057 1265 2095 cum
1289 2040 1646 2096 Widukindo
1666 2039 1724 2094 in
1743 2039 2012 2107 fol.,Vita

353 2127 825 2186 sanctimonialis
858 2133 915 2184 et
945 2128 1426 2184 adnotationibus
1456 2129 1774 2199 historicis,
1794 2127 2011 2200 quibus

353 2217 602 2274 lectores
635 2217 821 2272 nostri
855 2217 1077 2289 absque
1110 2216 1230 2272 ulla
1249 2219 1486 2288 jactura
1515 2234 1709 2273 carere
1740 2221 2008 2290 possunt,

354 2311 548 2376 aucta,
565 2307 666 2363 scd
689 2310 850 2363 textu
873 2307 1186 2378 atiquoties
1207 2323 1508 2378 perperam
1525 2311 1749 2362 mutato
1771 2305 2008 2379 prodiit,

355 2399 566 2468 quarta
596 2395 716 2452 vice
747 2397 998 2450 an.1088
1027 2395 1099 2451 ab
1137 2395 1402 2451 lleinrico
1437 2395 1748 2451 Meibomio
1775 2394 2013 2466 juniore

427 2523 543 2590 (36)
574 2522 640 2577 In
673 2521 896 2592 prazfat.
931 2521 1004 2576 ad
1037 2521 1337 2576 Oddonem
1373 2523 1417 2592 Ι,
1451 2539 1503 2576 ν.
1536 2525 1644 2588 27;
1678 2521 1738 2576 in
1788 2521 2009 2593 praefat.

356 2593 428 2650 ad
463 2594 764 2649 Uddonem
801 2595 870 2660 ll,
904 2609 956 2646 ν.
993 2594 1080 2661 12,
1113 2601 1170 2648 et
1201 2593 1466 2649 versibus
1495 2595 1620 2662 321,
1655 2595 1779 2660 434,
1810 2595 1938 2648 752.

2111 626 2271 677 textu
2302 621 2388 677 vel
2425 622 2614 694 magis
2645 627 2940 694 corrupto,
2973 622 3195 679 inserta
3224 625 3600 680 est.Textum
3633 625 3757 680 Mei-

2113 710 2455 765 bomianum
2492 709 2760 782 repetivit
2790 711 2987 766 lleinr.
3011 711 3230 766 Leonh.
3250 711 3678 768 Schurzlleisch
3708 713 3757 766 in

2113 799 2290 854 editio
2321 815 2352 854 e
2383 800 2636 871 Operum
2674 799 3044 866 llrotsnitbze,
3080 819 3136 872 p.
3173 803 3275 856 175
3306 819 3460 874 sqq.,
3485 819 3585 857 an.
3613 804 3756 869 i707,

2115 889 2526 944 dissertatione
2558 889 2628 943 de
2673 889 2906 959 poetria:
2959 895 3171 946 nostra:
3220 891 3340 948 vita
3390 895 3448 946 et
3496 891 3759 963 operibus

2114 976 2801 1050 praemissa,adjectoque
2835 978 3026 1034 indice
3058 979 3528 1048 Latinitatis,sed
3564 981 3761 1036 Meibo—

2116 1065 2218 1120 niii
2250 1065 2558 1120 lectionem
2591 1065 2857 1121 adhibita
2886 1067 3141 1124 editione
3173 1068 3436 1140 principe
3457 1069 3761 1141 aliquoties

2115 1153 2384 1222 correxit,
2417 1159 2474 1208 et
2494 1155 2756 1226 quinque
2789 1156 2846 1210 in
2879 1155 3022 1211 locis
3055 1158 3166 1227 (36)
3201 1175 3235 1212 a
3267 1158 3564 1230 prioribus
3591 1159 3759 1214 edito-

2115 1243 2280 1298 ribus
2311 1243 2610 1310 rccodens,
2641 1259 2840 1299 veram
2868 1245 3087 1301 codicis
3115 1246 3424 1303 lectionem
3457 1247 3657 1315 habet,
3675 1265 3758 1320 pe-

2112 1330 2261 1386 tenti
2310 1329 2421 1386 sibi
2455 1329 2699 1387 fortasse
2730 1349 2765 1387 a
2790 1333 3094 1390 ccenobitis
3126 1335 3314 1391 sancti
3347 1336 3758 1391 Emmerammi

2114 1418 2550 1474 transmissam.
2605 1419 2839 1474 Sextam
2898 1421 3138 1478 demum
3197 1424 3515 1480 editionem
3565 1425 3758 1497 Georg.

2115 1507 2250 1562 Chr.
2281 1507 2523 1564 Joannis
2554 1525 2650 1562 an.
2689 1509 2828 1563 1726
2875 1510 2934 1564 in
2986 1511 3174 1568 altera
3219 1513 3474 1569 editione
3523 1513 3760 1570 Reuberi

2116 1596 2218 1652 SS.
2237 1597 2430 1652 Germ.
2447 1613 2516 1650 ex
2548 1596 2943 1653 Meibomiana
2965 1604 3022 1654 et
3051 1600 3626 1657 Schurzﬂeischiana
3645 1619 3765 1658 con-

2117 1684 2296 1753 ﬂavit,
2331 1689 2389 1740 et
2419 1684 2599 1742 semel
2630 1703 2828 1742 veram
2854 1686 3169 1744 lectionem
3202 1690 3274 1746 ab
3306 1689 3633 1746 editoribus
3671 1707 3761 1746 ne-

2117 1773 2366 1846 glectam
2401 1775 2736 1846 conjectura
2767 1781 3077 1833 assecutus
3107 1782 3215 1833 est.

2187 1864 2324 1929 Quae
2354 1880 2490 1918 cum
2519 1863 2600 1918 ita
2629 1881 2693 1920 se
2721 1865 2996 1933 habeant,
3015 1870 3237 1922 textum
3262 1867 3334 1922 ad
3360 1867 3538 1924 ﬁdem
3561 1869 3760 1924 codicis

2117 1951 2274 2007 unici
2311 1952 2566 2020 restitui,
2599 1958 2657 2008 et
2687 1953 2923 2009 nonnisi
2955 1953 3112 2011 locos
3143 1961 3339 2028 aperte
3369 1961 3676 2028 corruptos
3702 1973 3760 2013 ex

2119 2039 2296 2096 Celtis
2309 2042 2648 2112 conjectura
2659 2046 2761 2098 aut
2777 2048 2978 2098 nostra
2988 2045 3388 2100 emendandos
3402 2047 3757 2118 suscepi(3‘7).

2120 2129 2414 2186 Divisione
2445 2131 2624 2204 igitur
2653 2131 2914 2203 capitum
2956 2133 3190 2204 qualem
3237 2135 3418 2189 codex
3468 2135 3759 2190 exhibebat

2121 2220 2419 2292 adoptata,
2453 2236 2556 2291 pro
2586 2219 2838 2276 rubricis
2871 2236 2905 2274 a
2927 2221 3080 2276 Celto
3112 2221 3296 2276 textui
3327 2221 3578 2278 intrusis
3605 2227 3658 2278 et
3682 2238 3758 2277 er-

2122 2307 2272 2362 roris
2302 2306 2494 2380 plenis
2526 2325 2815 2362 annorum
2838 2325 3116 2365 numeros
3149 2310 3418 2382 ascripsi,
3454 2314 3514 2367 et
3541 2312 3620 2367 ita
3648 2327 3757 2366 me-

2121 2393 2325 2452 liorem
2350 2397 2476 2467 jam
2511 2397 2704 2468 operis
2734 2397 3052 2454 editionem
3083 2416 3364 2471 propono.

2195 2521 2306 2596 (37)
2334 2521 2693 2593 Diphthongi
2725 2537 2778 2578 ac
2806 2527 2864 2577 et
2891 2539 2956 2588 aa,
2997 2524 3057 2578 in
3098 2524 3295 2579 codice
3345 2541 3584 2596 perraro
3631 2527 3753 2580 sim-

2123 2591 2258 2665 plici
2288 2609 2318 2648 ε
2341 2591 2664 2664 expressa);
2683 2600 3022 2650 constanter
3051 2591 3528 2652 restitutae—sunt.

677 2892 1106 2984 CARMEN
1178 2894 1304 2983 DE
1373 2889 1963 2982 PRIMORDIIS
2030 2888 2462 2980 C(ENOBII
2533 2889 3300 2982 GARDERSEIMES
3359 2893 3443 2984 S.

429 3214 575 3270 Ecce
605 3229 744 3268 mea:
777 3212 1024 3284 supplex
1055 3215 1072 3248 ι
1103 3211 1346 3266 humilis
1376 3211 1604 3266 devotio
1638 3209 1850 3266 mentis

358 3300 586 3368 Gliscit,
618 3299 804 3354 felicis
835 3299 1157 3371 primordia
1187 3299 1720 3355 Gandeshemcnsis

358 3389 618 3445 Pandere
647 3387 917 3456 cmnobii,
953 3388 1108 3458 quod
1142 3405 1283 3443 cura
1313 3406 1427 3443 non
1458 3388 1752 3461 pigritana

358 3477 749 3534 Construxere
780 3477 957 3532 duces
987 3479 1281 3532 Saxonum
1306 3479 1441 3548 jure
1473 3483 1759 3550 potentes,

359 3563 673 3622 Liudulfus
702 3566 724 3599 ³
751 3583 1025 3638 magnus,
1055 3565 1248 3622 clarus
1281 3585 1514 3640 quoque
1548 3567 1708 3624 ﬁlius
1739 3569 1867 3639 ejus

359 3653 543 3726 Oddo,
578 3654 679 3726 qui
711 3658 968 3727 emptum
999 3656 1242 3728 perfecit
1269 3673 1417 3728 opus
1450 3661 1866 3712 memoratum.

429 3813 584 3872 Ordo
615 3833 773 3872 nunc
803 3835 1000 3873 rerum
1033 3819 1295 3890 deposcit
1323 3818 1556 3874 debitus
1589 3819 1822 3886 barum,

359 3902 435 3960 Ut
462 3903 627 3977 prius
657 3904 906 3962 illustris
936 3907 1298 3963 constructio
1326 3908 1860 3964 Gandeshemcnsis

355 3992 504 4064 Apto
535 3993 783 4049 coenobii
814 3993 1111 4050 recinatur
1141 3996 1398 4051 carmine
1431 3995 1652 4062 nostri;

357 4081 525 4148 Quod
556 4097 694 4137 nam
726 4084 1124 4139 construxisse
1157 4085 1367 4140 ducem
1401 4090 1729 4140 reverenter
1761 4086 2014 4142 eundem

357 4167 604 4225 Constat
633 4169 929 4226 Saxonum
964 4188 1139 4243 quem
1173 4172 1413 4244 praedixi
1443 4173 1484 4241 ³,
1522 4173 1890 4244 Liudull'um,

356 4256 459 4314 Hic
494 4257 908 4330 praenobilium
940 4261 961 4294 ‘
992 4266 1170 4317 natus
1204 4263 1274 4317 de
1309 4263 1488 4335 stirpe
1520 4268 1852 4334 parentum,

354 4345 532 4402 Ortus
565 4345 784 4418 quique
812 4347 903 4402 sui
937 4350 1296 4420 respondens
1328 4352 1644 4420 nobilitati,

355 4433 618 4490 Moribus
649 4435 901 4507 egregiis
934 4453 1121 4508 usque
1153 4455 1270 4492 sua:
1304 4440 1617 4510 probitatis

353 4522 511 4580 Inter
541 4523 800 4579 Saxones
826 4524 1005 4580 crevit
1037 4525 1352 4584 laudabilis
1384 4546 1610 4585 omnes.

350 4611 618 4684 Namque
649 4611 760 4666 fuit
789 4616 1088 4681 strenuus,
1123 4615 1311 4670 forma
1342 4615 1707 4688 nimiumque
1737 4619 2002 4688 decorus,

351 4698 616 4756 Prudens
646 4699 705 4754 in
736 4701 950 4769 verbis,
987 4702 1048 4756 in
1078 4703 1307 4758 cunctis
1335 4709 1545 4760 cautus
1577 4707 1840 4778 agendis,

348 4789 537 4860 Atque
567 4788 659 4844 sui
691 4789 922 4861 generis
955 4790 1118 4846 solus
1149 4809 1283 4862 spes
1312 4799 1369 4848 et
1401 4794 1579 4850 decus
1609 4795 1823 4851 omnis.

352 4874 500 4930 Hinc
531 4893 667 4931 nam
701 4876 1057 4933 Francorum
1093 4879 1290 4952 magni
1324 4881 1475 4953 regis
1512 4881 1836 4940 llludowici
1869 4885 1890 4917 "

353 4962 574 5020 Militia:
602 4965 808 5036 primis
838 4969 859 5001 ⁸
890 4968 1222 5040 adscriptus
1255 4987 1399 5042 pene
1429 4972 1540 5026 sub
1569 4973 1760 5041 annis,

351 5051 422 5108 Et
449 5051 578 5124 ipso
607 5052 781 5126 digne
812 5072 1046 5112 summo
1077 5057 1349 5114 sublatus
1379 5059 1619 5129 honore,

352 5138 556 5194 Gentis
585 5139 880 5198 Saxonum
915 5162 1050 5200 mox
1079 5147 1338 5220 suscepit
1368 5149 1711 5206 comitatum
1739 5169 1752 5218 ;

349 5228 430 5284 Ac
460 5226 576 5282 cito
605 5231 846 5300 majoris
875 5234 894 5267 ⁷
925 5234 1178 5292 donatus
1204 5253 1447 5294 munere
1467 5238 1646 5309 juris,

419 5314 587 5372 Vers.
624 5316 710 5372 17.

2036 3209 2080 3276 C
2121 3207 2490 3279 Principibus
2521 3208 2585 3263 fit
2616 3225 2721 3280 par
2738 3209 2780 3276 ⁸,
2814 3209 3067 3266 ducibus
3099 3211 3200 3266 sed
3232 3228 3341 3268 nec
3371 3213 3491 3269 fuit
3515 3213 3708 3285 impar:

2115 3295 2342 3367 Quique
2369 3297 2391 3331 θ
2421 3313 2560 3352 suos
2589 3313 2794 3353 omnes
2823 3297 2962 3352 vicit
2982 3299 3197 3370 pietate
3227 3301 3536 3372 parentes;

2118 3385 2244 3441 Non
2277 3385 2476 3439 minus
2509 3384 2758 3457 insignis
2782 3403 2996 3459 pompa
3023 3387 3296 3444 vincebat
3326 3389 3588 3447 honoris.

2119 3473 2226 3528 Cui
2257 3474 2474 3543 conjux
2502 3475 2544 3508 ¹⁰
2573 3491 2709 3545 ergo
2737 3477 2926 3531 fuerat
2957 3477 3294 3548 praenobilis
3316 3479 3465 3547 Oda,

2121 3562 2291 3617 Edita
2325 3563 2680 3618 Francorum
2714 3564 2870 3620 clara
2900 3565 2971 3620 de
3001 3566 3184 3638 stirpe
3217 3573 3550 3640 potentum,

2124 3649 2270 3707 Filia
2300 3650 2578 3724 Billungi,
2614 3652 2928 3722 cujusdam
2961 3654 3246 3728 principis
3272 3656 3436 3726 almi,

2121 3740 2309 3810 Atque
2337 3739 2501 3794 bona:
2534 3741 2702 3796 fama:
2731 3758 3027 3814 generosae
3059 3743 3284 3800 scilicet
3315 3747 3472 3801 xEdze
3504 3748 3540 3780 “

2127 3829 2256 3882 llaec
2287 3829 2467 3901 igitur
2495 3829 2698 3885 crebro
2731 3830 3005 3902 precibus
3036 3840 3420 3889 consueverat
3447 3835 3588 3889 {Ede

2127 3916 2200 3972 Se
2231 3921 2534 3989 totamque
2564 3936 2733 3974 suam
2765 3919 3014 3976 Domino
3048 3921 3418 3978 committere
3447 3923 3655 3984 vitam;

2126 4004 2351 4077 Saepius
2383 4009 2558 4078 atque
2581 4006 2693 4078 piis
2725 4007 3006 4064 insistens
3038 4010 3244 4066 sedula
3273 4011 3464 4080 factis,

2131 4094 2478 4163 Promeruit,
2513 4095 2659 4151 bene
2692 4097 3002 4169 promissis
3035 4099 3243 4156 edocta
3269 4099 3565 4172 supernis,

2128 4182 2382 4251 Discere,
2417 4183 2674 4256 baptista
2701 4184 2921 4242 Christi
2952 4187 3238 4242 referente
3267 4188 3461 4260 beato,

2129 4271 2290 4335 Quod
2321 4289 2430 4328 sua
2459 4273 2768 4344 progenies
2801 4273 2975 4330 seclis
3001 4276 3355 4348 quandoque
3387 4274 3596 4332 futuris

2131 4359 2485 4417 Possessura
2516 4362 2559 4396 ¹²
2587 4362 2734 4417 foret
2754 4363 2912 4434 juris
2942 4364 3121 4420 decus
3155 4364 3497 4436 imperialis.

2194 4449 2346 4505 Erho
2378 4455 2696 4506 nocturnas
2727 4453 3026 4523 quondam
3058 4453 3362 4510 scindente
3393 4453 3650 4512 tenebras

2038 4573 2084 4638 Β
2123 4539 2351 4594 Aurora
2381 4538 2533 4594 lucis
2564 4539 2874 4612 splendore
2905 4546 3024 4597 sua:
3056 4541 3377 4612 rutilantis,

2121 4627 2246 4682 llaac
2279 4632 2570 4698 prostrata
2601 4646 2831 4684 sacram
2862 4629 3031 4686 solito
3055 4630 3246 4702 jacuit
3275 4648 3450 4688 secus
3479 4645 3650 4693 aram,

2115 4715 2418 4770 Sac-ratam
2460 4717 2571 4772 sub
2605 4717 2874 4789 baptista:
2899 4718 3186 4774 Johannis
3213 4720 3454 4789 honore,

2115 4801 2295 4859 Oratu
2325 4803 2617 4876 pulsando
2643 4805 2777 4878 jugi
2805 4806 3128 4878 penetralia
3157 4807 3310 4864 caeli.

2114 4891 2378 4964 Cumque
2411 4892 2568 4965 piam
2597 4894 2810 4950 studiis
2842 4900 3099 4952 mentem
3132 4896 3357 4953 laxaret
3389 4898 3446 4953 in
3479 4893 3607 4960 illis,

2113 4978 2272 5034 Vidit
2301 4997 2485 5052 prona
2514 4982 2690 5054 pedes
2723 4982 3002 5054 hominis,
3038 4972 3310 5058 proprius
3342 4986 3453 5044 sibi
3485 4979 3691 5040 stantis.

2112 5069 2192 5123 Ac
2223 5074 2519 5126 commota
2551 5088 2784 5143 parum,
2818 5072 3084 5130 volvebat
3115 5079 3347 5147 pectore
3378 5073 3633 5136 multum,

2115 5156 2256 5299 Qu‘ils
2284 5158 2432 5214 foret
2463 5159 2580 5228 ille,
2616 5178 2792 5218 suum
2827 5162 2928 5236 qui
2961 5165 3312 5222 conturbare
3346 5167 3622 5223 secretum

2237 5263 2351 5299 ers.
2387 5248 2475 5299 40.

2237 5263 2351 5304 ers.
2387 5248 2475 5302 40.

1709 5427 1951 5486 νΑΒῐίΕ
1983 5431 2408 5494 LECTIONES.

419 5511 936 5609 igtjgpjcggmftg
960 5525 1270 5609 fonsfaggtgg-
1299 5523 1603 5609 emendavi:
1636 5525 2140 5609 Li_u_du1rus_ed_iig.
2217 5533 2243 5609 ξ
2271 5532 2413 5609 Plixi
2447 5536 2498 5603 1,
2575 5537 2954 5596 ‘Pnobilium
2989 5543 3038 5596 1.
3117 5543 3138 5575 ε
3171 5540 3486 5599 lilludovici
3519 5541 3564 5594 1.
3629 5533 3723 5609 fite

349 5585 1706 5685 gm'jffiff-lEﬁf‘lifm14A1‘majoriuli:“animos:
1734 5600 1757 5653 1
1795 5585 2145 5674 supplevitS.
2226 5607 2248 5641 ο
2271 5585 2546 5679 bin—inque
2579 5585 2645 5664 4.-
2669 5585 3076 5685 "7°"é'66j‘13x‘i.
3623 5585 3726 5674 uti“

346 5655 402 5734 ἓ.
451 5654 456 5655 “
482 5654 524 5688 ²²
549 5656 626 5710 ita
658 5654 746 5710 ibi
775 5656 826 5710 4.
864 5654 1254 5718 Promeritura
1283 5667 1510 5739 conjecit
1538 5668 1592 5724 3.
1643 5698 1648 5704 -
