3936 6374
405 421 526 481 235

1338 415 1714 479 ΒΑΤΗΕΗΙΙ
1756 412 1999 476 EPISC.
2044 412 2335 476 νΕηοΝ.
2381 408 2556 474 OPP.
2600 409 2799 472 PARS
2847 407 2894 470 Ι.

405 561 556 612 Deus
585 556 682 627 qui
707 554 835 626 fecit
863 569 987 609 eum
1007 552 1192 624 (Eceli.
1231 568 1308 619 Iv,
1332 551 1401 618 5;
1433 554 1526 606 et:
1555 550 1662 619 Qui
1706 549 1903 604 avertit
1948 563 2049 602 au-
2081 547 2134 614 Α
2162 548 2224 600 tu
2255 542 2403 599 forte
2431 541 2614 598 volvis
2643 541 2891 598 interius
2922 541 3094 613 (143),
3141 539 3283 612 quid
3313 539 3468 596 inter
3495 539 3622 595 haec
3645 555 3830 612 agen-

405 662 523 702 rem
551 661 708 700 suam
736 660 769 698 a
797 643 1032 698 clamore
1055 641 1339 714 pauperis,
1360 648 1411 695 et
1442 641 1555 711 ipse
1583 638 1842 694 clamabit
1870 645 1920 692 et
1948 652 2056 689 non.

409 733 755 805 exaudz'e:ur(
789 735 946 788 Prov.
980 749 1096 787 xxi.
1131 731 1260 799 l3);
1309 733 1400 784 et:
1442 729 1633 786 Videas
1664 728 1777 783 vidi
1807 727 2058 798 afﬂictio-

404 842 532 881 nem
551 825 747 897 populi
774 825 902 888 mei,
937 826 986 877 et
1015 822 1278 892 gemitum
1305 835 1494 875 eorum
1525 818 1717 872 audivi
1745 815 1935 886 (Exod.
1971 831 2055 877 ιιι,

403 913 502 983 7);
537 917 632 968 et:
681 911 918 980 Sanguis
966 909 1094 964 Abel
1123 909 1329 964 clamat
1375 907 1446 962 ad
1473 924 1560 962 me
1604 907 1670 963 de
1720 911 1870 961 terra
1900 903 2054 974 (Gen.

405 1017 481 1068 1v,
519 1001 605 1070 10)
631 1017 644 1068 ;
677 1002 734 1054 et
759 1015 772 1054 :
807 998 1156 1055 Desiderium
1181 1013 1490 1068 pauperum
1519 994 1802 1049 araudivit
1829 994 1926 1049 Ol
1953 993 2056 1046 Do.

406 1091 612 1155 minus,
635 1097 686 1144 et
713 1089 1092 1143 clamaverunt
1111 1087 1274 1158 justi,
1301 1094 1351 1141 et
1374 1087 1634 1140 Dominus
1659 1082 1944 1138 exaztdivit
1973 1096 2059 1135 eos

409 1176 581 1247 (Psal.
602 1193 657 1243 x,
693 1173 840 1245 16).;
875 1178 966 1230 et:
1001 1179 1175 1231 Juxta
1196 1177 1273 1228 est
1295 1174 1552 1228 Dominus
1578 1171 1662 1226 his
1679 1173 1772 1243 qui
1797 1170 2059 1226 tribulan

411 1273 539 1322 sunt
569 1263 744 1328 corde,
778 1272 828 1319 et
875 1263 1110 1319 humiles
1155 1263 1356 1334 spiritu
1384 1261 1617 1316 salvabit
1657 1259 1828 1332 (Psal,
1859 1274 2060 1328 xxxm,

413 1355 527 1425 19).
562 1353 672 1418 Qui
703 1355 898 1408 autem
930 1351 1065 1418 scis,
1103 1355 1300 1406 utrum
1334 1354 1389 1405 te
1421 1366 1716 1415 converso,
1742 1347 1885 1420 ipsis
1905 1347 2062 1402 vide-

413 1441 549 1498 licet
577 1459 682 1514 pro
719 1446 774 1497 te
822 1439 1340 1504 intercedentibus,
1373 1455 1444 1493 an
1480 1437 1702 1511 perdito
1743 1435 2060 1502 salventur,

413 1531 555 1588 dum
589 1529 774 1586 oratio
799 1529 899 1603 pia
927 1546 1042 1584 non
1077 1528 1146 1584 ad
1181 1533 1256 1594 te,
1309 1529 1409 1584 sed
1441 1527 1498 1582 in
1532 1527 1730 1582 sinum
1760 1525 2066 1581 revertitur

412 1635 615 1676 eorum
647 1637 680 1675 a
711 1619 930 1690 quibus
959 1621 1049 1672 est
1079 1617 1258 1672 fusa?
1291 1621 1351 1671 In
1383 1633 1499 1688 quo
1529 1633 1642 1670 non
1675 1615 1808 1688 plus
1840 1612 2060 1681 afflicti,

411 1726 588 1783 quam
619 1708 801 1764 totius
826 1706 1114 1774 Ecclesiae,
1135 1705 1290 1763 inter
1309 1723 1454 1778 quos
1475 1704 1650 1761 etiam
1684 1709 1748 1760 tu
1781 1707 1984 1759 contra
2007 1707 2062 1758 te

411 1798 634 1855 clamas
665 1813 768 1870 pro
800 1795 1038 1864 afflicto,
1089 1793 1472 1851 clamantium
1523 1810 1690 1850 voces
1719 1797 1773 1849 te
1795 1791 2066 1848 convenit

409 1887 725 1944 formidare
750 1883 1068 1940 dicentium
1098 1885 1244 1957 (140)
1265 1902 1283 1938 .·
1315 1884 1524 1955 Adjuva
1554 1899 1670 1947 nos,
1699 1883 1836 1937 Deus
1855 1882 2060 1936 saluta-

409 1981 492 2036 ris
521 1983 703 2032 noster
731 1975 904 2042 (Psal.
938 1974 1245 2041 Lxxviu,9)
1271 1991 1286 2038 ;
1319 1977 1411 2028 et:
1443 1976 1600 2038 Deus,
1636 1973 1692 2025 in
1724 1971 2064 2041 adjutorium

411 2083 596 2122 sucum
641 2063 864 2118 intende
892 2063 1064 2134 (Psal.
1118 2079 1265 2127 LXIX,
1308 2064 1402 2129 2);
1453 2066 1545 2115 et:
1593 2060 1837 2125 Domine,
1889 2059 2062 2114 libera

415 2157 662 2210 animam
690 2168 810 2208 mea
854 2168 888 2206 a
936 2149 1101 2204 labiis
1141 2150 1452 2221 iniquitatis
1482 2156 1532 2204 et
1579 2165 1612 2203 a
1657 2149 1851 2217 lingua
1880 2147 2062 2202 dolosa

415 2244 766 2313 (Psal.cx1x,
801 2241 869 2307 2;
902 2242 996 2294 et:
1047 2238 1468 2310 Confundantur
1511 2253 1696 2292 omnes
1742 2238 1838 2308 qui
1883 2245 2064 2292 osten-

416 2332 554 2388 dunt
568 2333 738 2386 servis
757 2331 866 2384 tuis
884 2327 1033 2383 mala
1055 2327 1230 2399 (Dan.
1253 2327 1430 2394 "1,44;
1447 2331 1534 2382 et:
1559 2327 1753 2381 Libera
1772 2342 1886 2392 nos,
1905 2327 2062 2392 Deus,

416 2423 478 2476 in.
523 2419 877 2475 mirabilibus
907 2419 1036 2487 tuis,
1067 2421 1120 2472 et
1147 2415 1216 2470 da
1245 2417 1482 2484 gloriam
1510 2417 1723 2470 nomini
1751 2423 1843 2470 tuo
1876 2414 2063 2484 (lbid.,

412 2526 570 2574 XLIII,
587 2510 660 2580 4),
679 2505 977 2564 Ηιεοθιιίιιι
1001 2505 1160 2562 ethis
1181 2503 1816 2560 similiainﬁnitissima
1835 2502 2064 2559 liberati

413 2600 554 2655 dum
581 2597 857 2662 clamant,
879 2595 1008 2651 sine
1037 2594 1214 2649 dubio
1236 2610 1339 2666 pro
1363 2593 1680 2648 liberandis
1703 2591 1986 2662 clamant;
2011 2597 2068 2648 et

412 2705 474 2744 re
505 2705 621 2743 non
655 2686 854 2741 minus
873 2688 1109 2756 experta
1130 2700 1306 2756 quam
1329 2699 1482 2739 vera.
1505 2681 1708 2737 Nonne
1733 2681 1902 2738 audis
1924 2697 2066 2754 quo-

414 2776 555 2832 tidie
575 2774 754 2840 istud,
785 2778 842 2828 et
864 2772 973 2828 hoc
995 2771 1200 2827 usitari
1228 2771 1283 2826 in
1309 2770 1544 2838 szeculo,
1569 2787 1762 2843 regem
1786 2789 1888 2844 pro
1911 2787 2065 2843 rege,

411 2864 550 2921 licet
579 2863 702 2918 sint.
751 2860 1170 2928 inimicissimi,
1194 2861 1335 2915 dum
1366 2860 1773 2932 unusquisqus
1804 2859 2071 2916 videlicet.

413 2950 697 3026 prospicit
726 2949 863 3018 sibi,
897 2948 1220 3022 saepissime
1242 2948 1424 3020 loqui,
1456 2948 1794 3020 episcopum
1820 2965 1923 3022 pro
1955 2947 2072 3020 epi-

413 3057 612 3114 scopo,
644 3037 920 3094 clericum
953 3053 1055 3110 pro
1087 3035 1318 3104 clerico,
1351 3035 1703 3092 monachum
1737 3054 1840 3110 pro
1874 3053 2071 3092 mona-

413 3127 766 3198 cho,laicum
782 3143 884 3199 pro
897 3125 1066 3192 laico,
1083 3124 1367 3197 juidicem
1383 3125 1516 3198 proj
1527 3125 1712 3192 udice,
1729 3125 2069 3198 pincernam

413 3234 520 3293 pro
552 3216 850 3290 pincerna,
883 3219 958 3282 et,
987 3217 1052 3268 ut
1073 3214 1143 3269 ad
1167 3211 1452 3268 vilissima
1473 3230 1774 3286 quanqum
1808 3231 2071 3270 necessa-

2169 633 2340 698 dum,
2367 633 2414 688 si
2439 636 2641 686 contra
2666 647 2862 686 meum
2885 629 3098 703 aliquis
3125 629 3359 684 illorum
3382 633 3704 702 consurgat
3722 629 3833 685 im-

2167 721 2391 794 perium
2405 720 2559 786 ‘lQuo
2591 724 2757 792 pacto
2789 719 2843 774 id
2878 719 3066 790 possit
3092 718 3694 791 contingere,nequeo
3727 734 3831 773 co-

2168 809 2372 883 gitare.
2407 810 2598 863 Tuum
2624 809 2780 863 enim
2830 809 3124 880 quomodo
3159 807 3378 864 ambiat
3409 805 3694 862 honorem
3727 807 3832 878 qui

2170 897 2396 952 obtinet
2414 897 2772 969 superiorem
2786 897 2968 951 ?Nam
2983 894 3084 968 qui
3102 895 3480 968 majoretiam
3503 899 3604 950 tuo
3625 911 3834 950 cense-

2169 990 2267 1040 tur
2286 985 2534 1056 judicio,
2557 985 2657 1056 qui
2680 985 3030 1049 instituitur,
3053 1001 3128 1040 an
3159 1001 3264 1056 per
3293 1000 3470 1056 quem
3493 983 3630 1058 quis
3660 984 3834 1040 insti—

2169 1073 2398 1129 tuitur?
2419 1073 2564 1128 Cum
2588 1090 2721 1128 vero
2761 1073 3105 1146 prmcepisse
3136 1072 3452 1128 Dominum
3485 1071 3703 1144 legeris
3723 1077 3834 1126 Sa-

2169 1162 2348 1218 mueli
2380 1161 2656 1218 dicendo:
2681 1164 2846 1218 Sume
2875 1178 3045 1217 cornu
3075 1163 3201 1227 olei,
3234 1165 3286 1217 et
3315 1161 3469 1226 vade,
3501 1177 3646 1232 unge
3668 1161 3838 1216 illum

2169 1254 2216 1324 (1
2245 1253 2368 1322 Reg.
2402 1269 2516 1307 xw.
2555 1251 2628 1321 1),
2661 1251 2746 1306 vel
2771 1251 2938 1306 illum
2967 1251 3025 1306 in
3067 1267 3298 1322 regem;
3331 1249 3562 1306 Nathan
3594 1267 3840 1324 quoque

2170 1345 2227 1396 et.
2267 1339 2492 1396 Sadoch
2524 1339 2764 1395 unxisse
2794 1338 3006 1412 legeris
3035 1337 3406 1395 Salomonem
3438 1339 3540 1396 92
3575 1340 3676 1410 (ΙΙΙ
3703 1341 3837 1411 Reg.

2170 1446 2209 1496 ι,
2245 1430 2368 1497 45);
2399 1445 2578 1500 quare
2609 1433 2810 1484 utrum
2835 1427 3048 1484 alicubi
3080 1427 3373 1483 inveneris
3395 1427 3726 1500 quemlibet
3753 1445 3842 1485 re-

2170 1533 2313 1590 gum
2330 1517 2590 1584 unxisse,
2616 1517 2747 1574 licet
2767 1516 3339 1590 lcgaturinstituisse
3355 1518 3734 1574 sacerdotum
3747 1518 3842 1574 vel

2173 1606 2593 1679 prophetarum
2625 1605 2914 1678 aliquem;
2947 1610 3005 1662 et
3041 1606 3268 1662 videbis
3299 1606 3431 1680 quis
3461 1623 3669 1664 eorum
3705 1614 3843 1682 post

2172 1695 2356 1751 Deum
2391 1694 2585 1752 locum
2617 1695 2877 1750 obtineat
2907 1695 3292 1768 superiorem.

2852 1793 2976 1848 Trr.
3027 1793 3146 1849 XII.

2243 1885 2332 1938 2‘2.
2359 1881 2576 1938 Omnes
2595 1886 2789 1938 autem
2806 1881 3070 1938 Ecclesiae
3089 1881 3212 1951 ﬁlii,
3237 1881 3388 1939 inter
3410 1900 3560 1956 quos
3577 1888 3640 1938 tu
3654 1884 3840 1940 etiam

2175 1971 2524 2039 numeraris,
2577 1970 2625 2026 si
2659 1976 2852 2026 tamen
2887 1988 3002 2027 non
3034 1971 3391 2044 dedignaris,
3419 1972 3469 2028 si
3510 1976 3742 2046 patrem
3779 1977 3845 2028 ut

2173 2058 2452 2126 Absalon,
2483 2060 2686 2115 arbore
2716 2060 2941 2115 vindice
2985 2059 3351 2130 multandus,
3395 2078 3670 2118 mucrore
3723 2079 3842 2118 non

2176 2149 2548 2221 persequeris
2597 2151 2670 2219 (ll
2716 2149 2844 2218 Reg.
2890 2166 3051 2217 xvm,
3100 2149 3196 2222 9);
3250 2149 3298 2206 si
3331 2149 3564 2222 vipereo
3625 2151 3839 2206 matris

2172 2237 2400 2293 viscera
2428 2253 2524 2293 ore
2555 2254 2669 2292 non
2695 2236 2872 2303 rodis,
2897 2241 3153 2294 attamen
3177 2238 3378 2304 facias,
3413 2239 3597 2294 facias
3615 2242 3843 2306 tamen,

2174 2325 2328 2381 inter
2359 2343 2458 2381 eos
2492 2325 2841 2393 numeraris,
2878 2327 2978 2381 sed
3011 2327 3143 2383 vide
3178 2343 3248 2382 ne
3279 2326 3620 2384 hareditate
3651 2333 3716 2383 et.
3743 2345 3840 2384 co—

2175 2414 2512 2470 haereditate
2550 2413 2786 2470 illorum
2819 2432 2853 2469 a
2903 2420 3080 2472 temet
3128 2415 3439 2484 frauderis,
3467 2433 3701 2484 omnes,
3753 2418 3843 2472 in-

2177 2520 2376 2576 quam,
2412 2502 2676 2560 Ecclesia:
2704 2504 2810 2559 filii
2832 2508 2933 2560 aut
2955 2504 3024 2560 de
3057 2509 3210 2560 sorte
3232 2509 3373 2560 sunt
3401 2504 3636 2561 Domini
3669 2510 3732 2562 et
3749 2523 3847 2579 ap.

2176 2591 2470 2664 pellantur
2497 2591 2690 2648 clerici
2713 2597 2769 2648 et
2802 2591 3108 2662 monachi;
3143 2597 3243 2648 aut
3271 2597 3412 2648 sunt
3451 2593 3729 2650 Ecclesiae
3764 2597 3845 2651 fa—

2182 2679 2615 2754 muli,episcopi
2639 2699 2772 2737 vero
2793 2681 3141 2750 confamuli;
3167 2686 3270 2738 aut
3291 2681 3653 2738 laboratores
3670 2685 3846 2756 (144),

2179 2770 2329 2826 servi
2364 2774 2420 2826 et
2448 2769 2640 2836 liberi,
2675 2775 2776 2825 aut
2827 2769 3044 2826 milites
3084 2771 3271 2844 regni.
3321 2771 3557 2827 Domini
3589 2789 3728 2829 vero
3761 2777 3851 2829 est

2179 2863 2331 2915 terra
2354 2859 2524 2932 (Psal.
2561 2877 2644 2925 ιιι,
2667 2859 2806 2927 t),et
2835 2864 2945 2915 tuae
2975 2860 3299 2916 defensioni
3333 2860 3690 2931 commissa;
3719 2863 3848 2918 red-

2182 2947 2340 3002 ditus
2372 2965 2505 3003 vero
2528 2949 2657 3020 ejus
2688 2953 2789 3003 aut
2819 2952 3022 3005 sancta
3041 2953 3379 3006 sanctorum
3408 2955 3553 3006 sunt
3584 2950 3847 3016 Domini,

2179 3040 2238 3090 et
2269 3036 2340 3091 ad
2363 3036 2469 3107 jus
2502 3037 2796 3108 pertinent
2825 3037 3219 3104 sacerdotum,
3254 3054 3359 3094 nec
3390 3056 3425 3094 a
3456 3037 3724 3111 quolibet
3747 3057 3846 3096 au-

2178 3124 2316 3181 ferri
2344 3130 2613 3198 possunt,
2639 3125 2752 3182 nisi
2771 3126 2870 3199 qui
2895 3125 3194 3198 publicum
3211 3127 3849 3187 committerenenbr-

2182 3214 2368 3269 midat
2392 3214 2766 3287 sacrilegium
2797 3233 2810 3283 ;
2845 3220 2948 3270 aut
2977 3214 3058 3271 tui
3089 3215 3414 3288 imperiali:
3439 3217 3575 3289 (leg.
3603 3219 3774 3288 sunt]
3799 3218 3847 3273 si

413 3287 504 3364 ria
531 3287 780 3372 veniam,
816 3303 1095 3376 pistorem
1128 3319 1232 3374 pro
1281 3301 1517 3375 pistore,
1551 3319 1802 3374 coquum
1845 3319 1949 3376 pro
1979 3319 2073 3358 co-
2106 3287 2148 3354 C
2178 3303 2358 3374 juris,
2391 3307 2468 3370 et,
2498 3309 2658 3376 puto,
2690 3321 2792 3361 nec
2814 3319 2948 3362 vero
2959 3303 3164 3376 judico
3179 3287 3350 3377 quod
3379 3287 3582 3361 nullus
3613 3287 3848 3362 auferre

415 3413 530 3470 quo
551 3395 579 3450 ‘l
609 3395 668 3451 Si
707 3410 843 3466 ergo
893 3409 1000 3448 nos
1048 3391 1294 3446 invicem
1325 3408 1429 3464 pro
1462 3391 1765 3464 participio
1789 3393 2072 3464 juvamus

414 3484 726 3549 ordinis,in
745 3483 961 3555 quibus
979 3486 1068 3536 est
1094 3481 1720 3554 maximaimperfcctio
1743 3481 2072 3548 charitatis;

421 3575 562 3648 quid
603 3573 732 3629 illos
765 3576 938 3644 putas
982 3587 1086 3643 pro
1117 3570 1241 3626 suis
1271 3570 1642 3626 consortibus
1674 3586 1845 3642 agere
1875 3570 1974 3643 qui
2003 3571 2071 3627 il-

419 3661 560 3730 lam,
593 3679 711 3734 qua
740 3661 929 3731 major
957 3657 1120 3714 nulla
1148 3664 1238 3714 est
1261 3660 1306 3731 (l
1337 3660 1595 3725 Cor.xm,
1624 3659 1732 3732 l3),
1765 3659 2073 3716 cbaritatis

423 3767 617 3809 arcem
661 3767 776 3804 non
825 3749 1017 3804 solum
1049 3748 1459 3814 conscendere,
1505 3749 1604 3804 sed
1637 3753 1836 3815 etiam,
1869 3750 1916 3806 si
1950 3749 2072 3806 fieri

421 3843 639 3913 posset,
671 3837 1082 3893 transcendere
1131 3837 1380 3892 nitentes
1409 3838 1580 3906 (141),
1625 3839 1766 3893 dum
1795 3843 2074 3910 ponerent

419 3928 650 3984 animas
668 3943 772 3999 pro
789 3925 1019 3992 amicis,
1038 3924 1210 3980 etiam
1233 3942 1336 3996 pro
1355 3925 1499 3996 ipsis
1515 3927 1760 3981 orabant
1775 3925 2072 3982 inimicis?

415 4020 504 4073 An
520 4034 634 4072 non
650 4015 982 4088 putandum
997 4031 1124 4082 nos,
1141 4012 1275 4068 licet
1288 4012 1679 4086 negligentius
1693 4013 1878 4069 multo
1894 4031 2069 4087 quam

415 4105 666 4179 expedit,
681 4104 945 4160 debitum
969 4103 1054 4158 eis
1068 4102 1348 4158 honorem
1369 4102 1711 4170 deferentes,
1735 4107 1793 4158 et
1813 4101 2071 4175 quotidie

417 4195 477 4251 in
510 4193 792 4250 auxilium
835 4191 1354 4264 defensionemque
1400 4190 1734 4248 invocantes
1782 4193 2069 4258 deserere,

417 4284 518 4358 qui
565 4283 725 4356 ipsos
772 4281 1042 4338 inimicos
1097 4281 1388 4336 timebant
1433 4281 1725 4354 negligere
1763 4281 1959 4353 (1112)?
1999 4284 2072 4338 At

416 4375 681 4440 forteais,
704 4372 907 4428 volunt
929 4371 1192 4443 quidem,
1212 4371 1312 4426 sed
1339 4371 1591 4442 peccatis
1604 4372 1819 4426 nostris
1842 4388 2068 4428 meren-

416 4461 912 4532 tlbus,nequeunt
939 4460 1096 4525 Quae,
1119 4475 1257 4532 rogo
1279 4458 1381 4514 illa
1410 4459 1732 4524 beatitudo,
1756 4477 1932 4532 quam
1964 4461 2068 4536 alia

418 4565 539 4619 qua
567 4547 833 4603 inefﬁcax
855 4547 1148 4602 excruciat
1165 4546 1378 4619 cupido
1393 4547 1422 4602 ‘l
1443 4565 1570 4620 quae
1593 4548 1860 4619 felicitas,
1891 4568 2066 4623 quam

2181 3393 2404 3465 absque
2437 3393 2773 3466 prejudicio
2819 3393 3008 3449 valeat
3051 3393 3293 3466 capitis;
3326 3399 3428 3450 aut
3448 3395 3715 3465 [subaudi
3749 3394 3848 3468 sit]

2179 3481 2504 3538 incolarum
2531 3482 2664 3555 pagi
2693 3500 2708 3551 ;
2741 3483 2896 3554 quod
2924 3482 3182 3554 [subaudi
3200 3483 3324 3554 jus]
3347 3484 3446 3556 qui
3479 3488 3734 3540 conatur
3765 3483 3850 3539 in—

2177 3571 2408 3635 vadere,
2433 3569 2603 3642 legati
2626 3576 2924 3627 coercetur
2944 3572 3263 3628 sanctione.
3279 3572 3682 3628 Sacerdotium
3710 3589 3848 3629 vero

2181 3675 2215 3714 a
2237 3660 2352 3714 Deo
2375 3658 2498 3714 solo
2517 3660 2762 3714 conferri
2779 3660 2930 3715 sicut
2952 3665 3007 3716 et
3029 3677 3298 3733 regnum,
3324 3661 3440 3716 imo
3464 3661 3848 3733 praestantius

2181 3747 2366 3803 multo
2395 3765 2572 3820 quam
2600 3763 2871 3820 regnum,
2921 3765 3053 3804 cum
3087 3747 3274 3804 millia
3321 3749 3649 3822 approbent
3680 3750 3847 3804 testi-

2183 3835 2513 3891 moniorum
2541 3852 2554 3890 :
2581 3841 2784 3892 tamun
2811 3835 2944 3902 ista,
2970 3853 3097 3908 quas
3115 3853 3272 3892 nunc
3294 3835 3535 3908 pulsant
3550 3835 3845 3903 animum,

2181 3942 2356 3980 suum
2399 3923 2496 3980 hic
2544 3929 2822 3997 expetunt
2847 3924 3059 3980 locum.
3094 3925 3326 3981 Dictum
3356 3931 3447 3981 est
3468 3925 3688 3998 Moysi:
3715 3927 3850 3982 Ecce

2179 4015 2446 4069 constitui
2475 4018 2526 4068 te
2549 4019 2722 4070 Deum
2742 4014 3052 4070 Pharaonis
3080 4015 3273 4083 (Exod.
3303 4032 3403 4078 vn,
3429 4015 3506 4082 1.)
3537 4014 3612 4070 Ut
3637 4015 3849 4088 utique

2178 4099 2239 4155 id
2281 4117 2394 4156 non
2428 4117 2525 4156 rex
2539 4106 2832 4175 terrenus,
2856 4117 2971 4156 non
2995 4101 3269 4172 quaelibet
3290 4105 3552 4173 potestas
3583 4104 3844 4167 terrena,

2181 4189 2281 4244 sed
2315 4190 2385 4246 de
2429 4191 2576 4247 rubo
2626 4194 2957 4263 protestans
2998 4207 3106 4246 vox
3135 4189 3266 4262 ipsa
3316 4189 3463 4245 dixit
3507 4188 3841 4257 Dominica,

2179 4294 2308 4350 qua:
2351 4278 2444 4334 dat
2493 4281 2787 4350 imperium
2837 4279 2955 4346 regi
2981 4295 3098 4346 suo,
3150 4287 3313 4350 atque
3353 4278 3619 4334 sublimat
3664 4294 3845 4334 cornu

2181 4367 2386 4422 Christi
2414 4369 2462 4440 (Ι
2487 4369 2614 4438 Reg.
2639 4385 2700 4434 ιι,
2731 4369 2840 4434 10),
2871 4373 2928 4422 et
2948 4368 3150 4439 utique
3172 4369 3300 4429 sui;
3331 4383 3459 4439 quae
3487 4366 3544 4422 in
3571 4366 3841 4422 Psalmo:

2178 4458 2308 4528 Ego,
2355 4457 2568 4528 inquit,
2598 4455 2740 4524 dixi,
2773 4456 2856 4511 dii
2881 4458 3011 4512 estis
3040 4456 3208 4526 (Psal.
3243 4470 3432 4522 LXXXI,
3462 4455 3540 4524 6).
3577 4456 3710 4526 Ego,
3747 4456 3843 4512 in-

2180 4553 2346 4626 quit;
2375 4569 2489 4625 ego,
2525 4571 2641 4609 non
2674 4552 2924 4626 quilibet
2953 4552 3150 4618 homo,
3183 4567 3288 4625 ego
3321 4553 3460 4623 dixi,
3494 4569 3602 4625 ego
3633 4556 3844 4620 statui,

419 4633 1801 4724 quaevisimpossibilitatisaddicitegestas!quod
1815 4641 2069 4711 cogitare
2103 4660 2152 4724 ι)
2179 4642 2278 4714 qui
2309 4647 2368 4697 et
2397 4659 2498 4697 vos
2527 4641 2798 4698 homines
2816 4641 3004 4696 creavi
3033 4658 3048 4710 ;
3073 4657 3179 4713 ego
3193 4641 3331 4708 dixi,
3359 4658 3477 4696 non
3508 4640 3758 4698 cuilibet
3783 4648 3848 4698 ut

419 4723 560 4794 quid
581 4722 904 4794 puerilius?
925 4722 1078 4793 quod
1103 4723 1292 4778 dicere
1313 4725 1452 4796 quid
1472 4732 1658 4798 potest
1675 4727 1917 4784 inveniri
1944 4747 2069 4802 per-

415 4811 644 4868 versius
659 4811 687 4865 ?
699 4813 770 4865 At
791 4810 958 4866 nobis
975 4810 1094 4865 hinc
1108 4810 1264 4866 haud
1278 4812 1496 4867 interru
1507 4815 1650 4886 ptim
1664 4814 2064 4888 loquentibus,

489 4953 639 5020 (140)
669 4951 984 5027 Construe:
1019 4952 1077 5006 In
1109 4967 1214 5022 quo
1233 4954 1482 5027 convenit
1501 4962 1562 5027 te
1587 4971 1698 5027 non
1722 4955 1850 5027 plus
1877 4958 2069 5027 formi-

415 5023 548 5078 dare
579 5038 726 5076 voces
755 5023 971 5092 afﬂicti,
1013 5038 1178 5092 quam
1202 5025 1369 5076 totius
1391 5025 1657 5091 Ecclesiae,
1693 5023 1910 5081 scilicet
1941 5045 2066 5084 nm-

414 5093 581 5148 nium
615 5091 896 5158 ﬁdelium,
929 5091 1310 5155 clamantium,
1344 5094 1500 5166 inter
1528 5111 1659 5166 quos
1687 5098 1852 5152 etiam
1880 5101 2066 5154 tuela-

413 5180 555 5240 mas,
587 5168 778 5240 contra
805 5167 859 5218 te
883 5179 981 5234 pro
1010 5166 1235 5234 afﬂicto,
1266 5172 1316 5218 et
1343 5165 1646 5220 dicentium
1666 5185 1685 5221 :
1707 5169 1916 5240 Adjuva
1947 5188 2062 5238 nos,

415 5237 580 5300 Deus,
609 5239 720 5289 etc.

487 5307 639 5376 (141)
678 5305 961 5361 Construe
989 5324 1002 5362 :
1027 5307 1132 5374 Qui
1162 5307 1396 5361 nitentes
1438 5324 1548 5362 non
1589 5310 1766 5365 solum
1806 5328 2064 5368 conscen-

415 5377 563 5443 dere,
607 5376 700 5430 sed
743 5378 976 5432 etiam...
1029 5378 1407 5433 transcendere
1445 5381 1600 5434 illam
1651 5399 1832 5437 arcem
1878 5385 2064 5440 chart-

416 5450 568 5522 tatis,
599 5463 708 5522 qua
733 5447 892 5502 nulla
922 5449 1096 5520 major
1123 5456 1221 5510 est,
1252 5449 1381 5504 dum
1403 5458 1685 5522 ponerent,
1720 5459 1828 5509 etc.

486 5520 636 5597 (142)
665 5521 947 5597 Construe
969 5536 986 5597 _:
1017 5524 1097 5574 An
1135 5535 1250 5597 non
1277 5520 1583 5597 putandum
1616 5525 1812 5596 (illos),
1841 5527 1962 5597 qui
1991 5527 2062 5582 ti-

411 5591 639 5668 mebant
653 5591 930 5668 negligere
957 5592 1098 5668 ipsos
1123 5592 1394 5668 inimicos,
1411 5591 1657 5668 deserere
1686 5613 1784 5650 nos
1813 5591 2061 5668 deferen-

411 5667 491 5718 tes
510 5661 873 5738 eishonorem
897 5661 1154 5738 debitum,
1183 5661 1304 5717 licet
1321 5664 1489 5738 multo
1515 5661 2063 5738 negligentius'quam

411 5732 648 5813 expedit,
675 5741 727 5794 et
756 5733 994 5813 quotidie
1019 5733 1331 5793 invocantes
1360 5737 1422 5798 in
1467 5732 1749 5800 auxilium
1795 5747 1846 5798 et
1873 5732 2061 5822 defen-

2175 4731 2412 4800 diceret,
2448 4735 2513 4785 ut
2538 4729 2755 4786 valeret
2784 4735 2884 4785 aut
2917 4731 3175 4796 auderet,
3201 4729 3462 4786 concessi
3491 4746 3504 4797 ;
3538 4746 3574 4785 a
3604 4746 3700 4786 me
3730 4729 3846 4787 ho-

2176 4819 2366 4874 mines
2401 4818 2600 4888 creati,
2634 4836 2666 4874 a
2698 4835 2792 4874 me
2822 4818 2901 4874 dii
2933 4818 3077 4876 estis
3105 4818 3312 4886 vocati,
3348 4817 3502 4891 quod
3529 4817 3737 4891 utique
3763 4821 3846 4875 fa-

2175 4963 2384 5018 sionem
2401 4965 2426 5014 .9

2248 5034 2395 5105 (143)
2429 5032 2690 5105 Ilugonis
2723 5032 2874 5105 regis
2899 5032 3142 5105 qumstio
3164 5032 3260 5105 hic
3280 5031 3663 5105 proponitur:
3691 5031 3839 5104 quid

2175 5103 2456 5176 nimirum
2477 5103 2857 5175 agendumki
2875 5103 3422 5176 quiscontraipsius
3438 5119 3684 5176 regnum
3704 5103 3841 5159 con-

2175 5180 2396 5246 surgat.
2429 5175 2770 5246 Ratberium
2811 5175 2942 5230 vero
2975 5180 3178 5231 contra
3206 5175 3593 5246 in’surrexisse
3622 5190 3836 5246 quere-

2175 5245 2368 5320 batur,
2393 5263 2525 5301 cum
2556 5245 2878 5302 Arnoldum
2919 5247 3200 5320 Bajoariae
3229 5247 3438 5303 ducem
3468 5245 3712 5301 Verona:
3744 5263 3835 5302 re-

2174 5318 2348 5373 cenit.

2273 5387 2393 5469 114)
2429 5388 2797 5469 baltoratores:
2845 5404 3096 5469 quorum
3141 5386 3246 5469 alii
3295 5391 3463 5469 erant
3507 5385 3683 5469 servi,
3734 5385 3835 5469 alii

2172 5457 2787 5530 lib'eri,intelliguntur
2808 5457 3048 5530 plebeii;
3071 5461 3274 5530 milites
3295 5465 3488 5514 autem
3507 5461 3674 5530 regni
3693 5463 3838 5514 sunt

2172 5477 2557 5526 uneri,1ntem
2587 5477 2787 5514 runtur
2850 5477 3014 5514 ienen
3035 5477 3048 5528 ;
3071 5477 3274 5514 milites
3295 5477 3488 5514 autem
3511 5477 3671 5530 regni
3693 5477 3761 5514 su
3774 5477 3837 5514 nt

2170 5530 2278 5602 viri
2312 5477 2731 5586 nobilesﬁlinc
2759 5477 2966 5602 plrébeii
2999 5547 3034 5586 a
3064 5529 3354 5602 militibus
3370 5529 3837 5602 dintinguuntur

2171 5600 2324 5674 libro
2357 5603 2647 5674 sequenti,
2681 5600 2844 5659 num.
2874 5603 2958 5658 13.
2983 5601 3186 5674 milites
3215 5618 3346 5674 vero
3373 5603 3533 5674 regni
3561 5600 3704 5658 dicti
3725 5601 3830 5674 viri

2172 5672 2418 5750 nobiles:
2441 5672 2579 5750 quia
2612 5676 2727 5733 fere
2758 5688 2964 5734 omnes
2994 5673 3303 5733 feudatarii
3333 5672 3449 5750 pro‘
3469 5689 3651 5749 regno
3677 5673 3833 5732 mili-

2172 5747 2298 5804 tare
2327 5744 2638 5806 debebant.
