3904 6382
152 447 322 509 1137

149 579 662 655 Prmsump’sisset,
695 577 756 633 in
788 575 898 633 hac
929 575 1073 631 hora
1103 575 1375 648 precibus
1407 575 1551 630 satis
1583 579 1738 648 apta.

150 679 494 746 Fronthuo
524 672 595 726 de
626 674 802 738 terra,
837 667 1134 721 modicum
1168 682 1464 732 conversa,
1500 663 1706 733 levato,

145 765 402 839 Aspexit
423 763 703 834 juvenem
735 757 884 812 miro
918 755 1228 828 splendore
1263 754 1603 822 micantem,

147 856 441 914 Indutum
471 851 650 906 vestis
679 847 970 903 velamine
998 845 1447 912 flavicomantis,

143 951 265 1002 Ceu
303 946 476 1006 foret,
508 957 538 995 e
572 939 706 1010 pilis
739 935 899 992 curvi
926 939 1193 989 contexta
1219 932 1457 1001 cameli;

145 1036 363 1104 Cujus,
398 1029 636 1086 candori
670 1025 852 1082 nimio
887 1024 1143 1096 pulchra:
1177 1025 1236 1089 ”,
1274 1023 1440 1077 faciei

144 1121 414 1180 Barbula
445 1135 640 1192 parva,
672 1115 856 1187 nigris
888 1113 1110 1168 sociata
1140 1112 1328 1166 colore.
1364 1111 1610 1182 capillis,

145 1211 463 1280 Quoddam
496 1205 860 1279 splendentis
894 1203 1210 1274 praestabat
1243 1206 1494 1255 stemma
1527 1199 1755 1255 nitoris.
1840 1195 1844 1198 ’

144 1306 339 1368 Quem
376 1302 644 1353 matrona
669 1295 874 1348 vide'ns
907 1309 1009 1346 nec
1034 1293 1075 1326 “
1098 1290 1403 1345 mortalem
1429 1290 1548 1343 fore
1571 1289 1815 1343 credens

143 1388 496 1460 Obstupuit,
532 1384 747 1440 mentis
770 1383 942 1453 juxta
975 1396 1196 1435 morem
1229 1379 1534 1433 muliebris

144 1478 554 1536 Procumbens
585 1473 779 1529 subito
813 1487 1025 1541 magno
1057 1474 1275 1523 terrore
1304 1473 1522 1522 coacta.

145 1569 248 1626 Ille
281 1567 388 1623 sed
422 1565 603 1621 affatu
626 1563 668 1598 "
700 1560 915 1616 blando
949 1559 1235 1630 trepidam
1271 1557 1583 1611 refovendo

141 1657 347 1730 Inquit
381 1672 394 1709 :
425 1678 446 1704 α
481 1654 563 1709 Ne
595 1651 851 1722 trepides
885 1650 946 1714 ⁸⁸,
980 1664 1085 1702 nec
1135 1646 1473 1718 perturbata
1503 1661 1781 1716 pavescas

141 1749 258 1806 Sed
295 1757 608 1817 cognosce,
641 1740 833 1812 gravis
865 1737 1035 1810 pulso
1069 1741 1289 1790 terrore
1319 1734 1569 1801 timoris,

141 1837 288 1904 Quis
321 1832 472 1890 siml
508 1832 720 1903 Magna
751 1828 854 1883 tibi
890 1830 1129 1898 portans
1161 1823 1469 1890 solamina,
1505 1823 1657 1878 veni.

139 1927 294 1983 Nam
330 1937 468 1979 sum
501 1919 819 1982 Johannes,
853 1915 1096 1986 liquidis
1125 1913 1227 1984 qui
1255 1914 1523 1984 tinguere
1558 1909 1817 1983 lymphis

140 2013 451 2070 Christum
484 2005 802 2082 promerui.
834 2003 976 2070 Quia
1008 2019 1114 2056 nos
1144 2002 1346 2056 crebro
1379 1999 1635 2067 coluisti,

140 2101 363 2160 Nuntio
397 2101 441 2134 ¹⁷
476 2115 489 2153 :
523 2095 864 2167 Virginibus
895 2091 1078 2147 sacris
1109 2096 1212 2146 tua
1241 2089 1398 2145 clara
1428 2105 1685 2161 propago

143 2190 428 2247 Instituet
457 2185 802 2248 claustrum,
838 2197 1038 2252 pacem
1089 2178 1369 2250 regnique
1412 2177 1804 2250 triumphum,

141 2279 296 2335 Dum
331 2293 448 2332 sua
478 2272 701 2344 relligio
733 2270 929 2327 studio
961 2269 1188 2324 steterit
1220 2268 1364 2321 bene
1401 2282 1628 2339 regum.

145 2369 290 2424 Hinc
324 2371 434 2422 tua
464 2362 770 2436 progenies
801 2359 974 2414 seclis
1005 2359 1359 2430 quandoque
1394 2354 1608 2411 futuris

142 2455 420 2512 Culmine
454 2451 727 2526 pollentis
756 2453 920 2504 tanto
952 2447 1233 2503 clarescet
1255 2448 1296 2480 ¹⁸
1329 2444 1588 2510 honoris,

146 2545 218 2601 Ut
247 2550 619 2600 terrenorum
650 2539 852 2594 nullus
883 2542 1021 2591 tunc
1051 2541 1313 2606 tempore
1344 2550 1547 2604 regum

143 2634 285 2689 Jure
318 2635 666 2705 potentotus
699 2627 782 2682 illi
812 2626 1000 2681 valeat
1030 2625 1300 2680 similari.
1326 2645 1354 2672 ››

145 2723 404 2788 Dixerat,
439 2723 499 2775 et
528 2718 724 2773 subito
757 2715 990 2770 rediens
1020 2715 1422 2786 penetraverat
1453 2711 1652 2776 mthra,

148 2811 451 2882 Linquens
481 2811 762 2862 matrona:
795 2804 1056 2859 solamen
1088 2801 1258 2856 dulce
1291 2801 1578 2872 benignm.

148 2899 334 2970 Hujus
367 2895 666 2968 magnifici
700 2891 927 2948 decoris
961 2890 1274 2963 promissio
1306 2888 1546 2959 grandis

156 2985 500 3060 Progeniem
531 2983 759 3038 domnae
794 2983 836 3016 ³ο
867 2980 1084 3036 claram
1106 2982 1151 3013 ²⁰
1179 2978 1509 3050 specialiter
1538 2977 1670 3031 Oda:

163 3074 446 3148 Signavit,
481 3073 551 3127 de
581 3088 700 3143 qua
727 3074 901 3124 natus
933 3069 1050 3124 dux
1083 3067 1321 3122 inclitus
1350 3067 1390 3100 ²¹
1424 3066 1588 3121 Oddo

163 3163 418 3236 Sceptris
451 3160 766 3216 Henricum
799 3174 995 3229 regem
1027 3156 1229 3230 genuit
1258 3155 1403 3211 satis
1434 3159 1660 3226 aptum,

163 3253 266 3318 Qui
299 3256 468 3324 pater
492 3251 539 3285 ²²
567 3249 802 3320 augusti
834 3247 944 3302 fuit
974 3246 1232 3301 Oddonis
1264 3242 1598 3309 venerandi,

163 3341 300 3412 Ejus
330 3341 457 3412 qui,
491 3338 648 3410 regis
678 3336 862 3392 fultus
891 3336 1103 3390 virtute
1138 3334 1432 3406 perennis,

166 3428 480 3501 Postquam
512 3429 808 3482 Saxonum
841 3423 985 3480 rexit
1016 3423 1198 3495 patris
1229 3421 1350 3476 vice
1379 3437 1648 3492 regnum,

163 3515 316 3572 Nutu
350 3517 550 3572 divino
581 3513 922 3569 benedictus
954 3529 1206 3582 namque
1247 3510 1524 3576 secundo,

165 3605 392 3677 Imperii
429 3605 629 3660 sedem
663 3601 909 3658 Romani
942 3601 1157 3672 dignus
1187 3599 1433 3654 eandem

163 3695 238 3748 Ac
269 3699 567 3766 sceptrum
591 3691 748 3764 juris
779 3693 1116 3762 susceperat
1147 3686 1487 3759 imperialis,

171 3783 662 3855 Equivocumque
691 3779 782 3835 sui
817 3784 1019 3833 natum
1049 3776 1265 3850 pariter
1295 3773 1689 3840 benedictum,

167 3869 520 3942 Disponente
551 3869 648 3941 pia
678 3867 832 3937 regis
863 3865 1119 3920 bonitate
1150 3863 1444 3936 perennis,

168 3957 398 4029 Imperii
430 3957 632 4014 sedem
667 3954 1054 4011 conscendere
1088 3953 1223 4008 fecit
1246 3953 1289 3986 ²³
1319 3952 1563 4006 eandem

167 4046 346 4118 Atque
375 4046 503 4119 pari
535 4043 748 4100 similis
777 4043 1085 4116 splendore
1116 4041 1226 4097 frui
1259 4040 1524 4096 dicionis.

169 4133 293 4189 Haec
325 4137 506 4208 igitur
536 4133 748 4188 modici
781 4133 1145 4187 demonstrat
1173 4131 1387 4202 pagina
1417 4128 1552 4183 libri

171 4221 456 4292 Plenius,e
473 4223 670 4278 causis
687 4239 880 4277 rerum
895 4237 1068 4293 quem
1090 4218 1438 4292 scripsimus
1454 4218 1664 4274 harum
1679 4219 1810 4291 (38).

238 4311 401 4368 Nunc
431 4314 507 4368 ad
537 4329 686 4384 opus
717 4315 973 4382 cmptum
1005 4311 1205 4365 devote
1237 4308 1659 4382 perficiendum

170 4397 268 4454 Est
293 4400 719 4456 convertendus
750 4399 936 4472 stylus
968 4403 1169 4454 noster
1196 4398 1518 4453 studiosus.

170 4487 269 4543 Ast
297 4490 395 4545 ubi
427 4488 696 4546 Liudolfo
728 4489 916 4543 fuerat
946 4487 1296 4543 venerabilis
1326 4487 1449 4542 Oda

174 4573 400 4634 Fwdcre
428 4576 606 4650 legali
638 4577 972 4648 conjuncta,
1008 4593 1114 4632 suo
1149 4577 1384 4643 seniori,

239 4663 399 4721 Vers.
433 4667 527 4722 86.

925 437 1250 503 CARMEN
1294 442 1398 503 DE
1443 441 1826 506 PRIMORD.
1866 441 2180 504 COENOB.
2231 440 2814 508 GANDERSHEIM.

3425 439 3580 506 1138

1843 575 1900 645 Λ
1930 577 2086 633 Inter
2117 583 2407 634 nostrates
2438 579 2679 635 celebris
2713 581 3036 653 profecerat
3067 597 3273 639 omnes

1929 667 2190 723 Moribus
2221 672 2277 724 et
2308 669 2494 735 fartis,
2531 669 2731 724 callem
2768 671 3043 742 gradiens
3074 671 3326 742 pietatis,

1927 757 2320 829 Exemploque
2353 775 2469 811 sua:
2500 757 2697 813 vivens
2728 760 2934 814 matris
2967 762 3328 831 venerandae,

1928 847 2000 901 Se
2031 850 2211 900 totam
2245 846 2490 900 Domino
2525 850 2972 903 commendabat
3002 866 3170 921 prece
3201 867 3370 907 sacra

1929 935 2111 989 Corde
2143 939 2344 989 tenens
2378 937 2581 991 matris
2614 939 2900 992 monitum
2934 937 3174 994 claustri
3208 940 3458 997 faciendi

1929 1024 2072 1078 Hinc
2106 1042 2239 1078 nam
2269 1025 2513 1095 legalem
2549 1044 2660 1080 non
2692 1045 2822 1081 raro
2857 1028 2946 1081 sui
2984 1029 3268 1084 seniorem

1927 1113 2354 1167 Exhortabatur
2385 1114 2615 1169 blandis
2647 1116 2897 1170 nimium
2929 1117 3208 1186 suadelis,

1929 1205 2002 1255 Ut
2035 1203 2104 1255 de
2136 1218 2409 1272 gazarum
2443 1205 2864 1260 construxisset
2896 1207 3262 1277 propriarum

1927 1291 2178 1362 Sumptu
2199 1293 2245 1324 "
2274 1293 2602 1345 cmnobium
2637 1293 2848 1348 divinis
2879 1293 3152 1349 laudibus
3183 1299 3410 1368 aptum,

1930 1379 1990 1434 In
2024 1397 2140 1452 quo
2173 1382 2467 1434 sacranda:
2502 1382 2747 1435 Domino
2776 1382 3062 1437 velamine
3093 1401 3256 1438 sacro

1928 1469 2067 1523 Fine
2101 1474 2271 1525 tenus
2303 1476 2474 1524 casta:
2499 1477 2738 1543 possent
2760 1473 2805 1505 ²⁵
2831 1472 3093 1527 habitare
3125 1472 3329 1545 puella:

1996 1561 2185 1630 Atque
2215 1577 2418 1614 vacare
2451 1560 2540 1614 sui
2572 1561 2755 1614 sancti
2792 1561 3173 1616 famulamine
3203 1563 3424 1634 sponsi.

1927 1648 2028 1703 His
2061 1665 2196 1719 ergo
2232 1650 2469 1703 monitis
2498 1649 2585 1702 vir
2613 1651 2982 1705 concedendo
3012 1650 3221 1716 fidelis,

1927 1736 2208 1808 Conjugis
2239 1737 2430 1792 electae
2464 1738 2732 1808 precibus
2763 1743 3140 1794 consenserat
3170 1745 3322 1811 apte,

1924 1827 2003 1880 Ac
2036 1827 2118 1881 sic
2150 1828 2448 1881 communi
2483 1827 2693 1881 similis
2725 1827 3030 1882 conamine
3057 1828 3174 1884 voti

1928 1914 2224 1970 Deservire
2256 1915 2370 1971 Deo
2404 1921 2703 1987 cmperunt
2733 1917 2999 1988 protinus
3031 1918 3224 1974 ambo.

1925 2004 2066 2068 Quis
2086 2005 2130 2038 ²⁶
2164 2003 2270 2058 fuit
2299 2003 2553 2059 ecclesiae
2585 2005 2876 2077 possessio
2909 2004 3158 2077 denique
3190 2023 3376 2078 parvae

1919 2091 2107 2146 Trans
2140 2092 2297 2163 ripas
2328 2093 2540 2147 Gandre
2569 2109 2748 2163 supra
2778 2097 3057 2148 montana
3085 2093 3305 2161 locata},

1920 2181 2082 2236 Unde
2109 2180 2300 2236 locum
2319 2179 2602 2236 celebrem
2622 2181 2952 2236 vocitabant
2969 2181 3566 2240 Gandeshemensem.

1919 2269 2043 2324 Illic
2075 2270 2207 2338 (39),
2241 2269 2521 2340 obsequio
2553 2269 2782 2324 Domini
2814 2269 2989 2341 digne
3020 2271 3367 2327 celebrando

1920 2359 2071 2414 Dum
2103 2358 2267 2413 locus
2299 2358 2632 2429 investigari
2667 2362 2863 2430 posset
2893 2359 3082 2431 magis
3113 2366 3286 2431 aptus
3307 2361 3372 2428 ’7,

1919 2446 2292 2502 Communi”8
2321 2447 2540 2502 multas
2570 2447 2688 2502 vita
2709 2449 2956 2518 junxere
2988 2448 3235 2520 puellas,

1919 2538 2107 2607 Atque
2140 2536 2231 2591 sui
2265 2541 2462 2590 natam
2498 2537 2879 2592 decreverunt
2911 2537 3346 2594 Hathumodam

1919 2625 2024 2680 His
2055 2625 2258 2680 habitu
2291 2624 2545 2680 similem
2579 2625 2722 2692 fieri,
2757 2625 3093 2697 sociamque
3124 2644 3462 2698 perennem.

1924 2713 2111 2784 thue
2134 2715 2179 2748 ²⁰
2209 2713 2490 2784 puellaris
2521 2712 2730 2768 rectrix
2760 2714 2880 2768 fore
2909 2716 2954 2748 ³ο
2984 2719 3181 2785 posset
3209 2715 3401 2783 ovilis,

1923 2802 2203 2857 Primitus
2235 2802 2383 2856 hanc
2416 2802 2604 2873 ipsam
2636 2807 2963 2856 reverenter
2993 2803 3064 2857 ad
3094 2803 3518 2861 instituendam

1923 2891 2255 2946 Tradebant
2283 2890 2591 2945 abbatissa:
2621 2891 2852 2945 cuidam
2885 2891 3245 2959 venerandis,

1923 2981 2056 3044 Qua:
2085 2979 2454 3050 przelatarum
2484 2979 2608 3033 vice
2639 2980 3003 3034 succedendo
3034 2981 3318 3052 priorum,

1924 3069 2088 3122 Tunc
2119 3068 2586 3123 Herifordensem
2621 3068 2826 3122 sortita
2855 3069 2966 3124 fuit
2995 3070 3105 3125 sibi
3140 3071 3362 3127 sedem.

1924 3157 2048 3212 Tali
2079 3158 2119 3191 ³⁸
2155 3157 2416 3212 divinum
2449 3157 2712 3212 meditati
2745 3161 2884 3212 sunt
2914 3157 3262 3214 famulatum

1924 3245 2045 3300 Nisi
2081 3245 2390 3300 Liudulfus
2422 3246 2636 3316 conjux
2663 3245 2709 3280 ⁸³
2739 3245 2986 3318 insignis
3017 3251 3075 3302 ct
3099 3248 3228 3318 ejus

1845 3314 1886 3378 Ca
1926 3333 2062 3389 Post
2092 3335 2214 3389 haec
2246 3335 2501 3406 acceptis
2531 3314 2750 3406 preprii
2780 3314 3018 3406 scriptis
3047 3314 3318 3407 senioris,

1922 3423 2155 3478 Scilicet
2184 3423 2423 3478 almifici
2456 3425 2724 3494 regisque
2757 3423 2836 3494 pii
2869 3423 3196 3481 Hludowici
3221 3427 3398 3497 33(40)

1921 3513 2064 3583 Ejus
2094 3511 2385 3582 permissu
2416 3529 2549 3566 cum
2583 3529 2698 3564 non
2731 3511 2960 3566 modico
2991 3513 3272 3567 comitatu

1923 3601 2168 3656 Romam
2198 3600 2535 3670 pergebant,
2571 3599 2876 3670 sanctique
2907 3599 3091 3670 patris
3121 3600 3442 3656 visitabant

1922 3690 2129 3746 Sedem
2161 3689 2207 3722 3‘
2237 3687 2582 3742 muneribus
2616 3687 2811 3758 dignis
2850 3686 3240 3758 precibusque
3280 3689 3572 3763 benignis,

1922 3778 2112 3851 Ipsius
2143 3777 2358 3832 auxilio
2389 3777 2768 3847 deposcentcs
2801 3792 2910 3830 sua
2932 3780 3066 3830 vota

1920 3868 2098 3922 Juxta
2128 3866 2272 3921 velle
2305 3865 2403 3920 Dei
2437 3881 2563 3919 sese
2596 3864 2920 3936 persolvere
2951 3881 3142 3936 posse.

1921 3958 2160 4014 Hisdem
2180 3957 2224 3990 ³³
2251 3955 2612 4026 temporibus
2646 3953 2904 4018 possedit
2933 3971 3084 4025 papa
3114 3955 3320 4011 beatus

1923 4047 2159 4118 Sergius
2186 4045 2438 4100 ecclesia:
2472 4043 2790 4115 primatum
2824 4059 3079 4114 namque
3111 4043 3397 4116 regendis.

1923 4136 2026 4191 Hic
2057 4135 2154 4190 ubi
2191 4133 2435 4206 perlegit
2464 4132 2698 4188 chartas
2731 4130 2881 4204 regis
2913 4131 3026 4186 sibi
3059 4131 3293 4201 missas,

1923 4224 2120 4281 Sensit
2149 4223 2370 4278 honore
2401 4223 2611 4276 ducem
2645 4237 2877 4276 summo
2907 4221 3153 4293 dignum
3183 4221 3501 4291 venienter,

1923 4315 1992 4369 Et
2022 4311 2408 4385 perquirendo
2443 4328 2708 4376 causam,
2740 4327 2855 4381 qua
2885 4314 3120 4366 venerat
3152 4309 3271 4366 illic
3292 4311 3357 4378 ³⁸,

1923 4403 2112 4459 Aﬁ'atu
2148 4400 2275 4456 miti
2309 4399 2594 4454 blandum
2628 4415 2690 4452 se
2723 4396 2972 4468 prmbuit
3002 4397 3107 4452 illi.

1925 4495 2239 4559 Quem,ceu
2258 4487 2591 4562 pontificem
2611 4502 2913 4540 summum
2931 4484 3136 4540 merito
3151 4485 3571 4554 venerandum,

1923 4583 2182 4638 Exorans
2215 4580 2332 4634 dux
2364 4575 2678 4632 Liudulfus
2712 4590 2846 4629 cum
2879 4573 3128 4644 conjuge
3159 4589 3402 4644 pronus,

1847 4675 1895 4738 D
1995 4669 2161 4726 Vers.
2193 4669 2314 4724 132.

1521 4801 1762 4860 VARLE
1801 4803 2218 4860 LECTIONES.

245 4890 286 4968 [³
316 4894 533 4964 pulcrae
564 4896 616 4968 1.
649 4895 791 4968 quod
835 4913 1046 4968 semper
1070 4900 1326 4968 correxi.
1405 4901 1448 4934 “
1477 4916 1582 4954 nec
1628 4917 1745 4956 non
1797 4903 1847 4956 1.
1881 4902 1972 4956 1b.
2008 4903 2060 4955 4.
2139 4901 2180 4934 ¹⁸
2211 4899 2387 4954 effatu
2419 4899 2470 4951 4.
2540 4897 2590 4968 ί¹⁶
2619 4894 2877 4968 trepidas
2911 4894 2961 4968 1_.
2997 4892 3097 4968 1b.
3149 4891 3208 4968 _"
3239 4889 3492 4968 Nunctio
3523 4892 3576 4946 1.

365 4968 507 5045 conj.
556 4967 612 5045 3.
637 4957 715 5045 ﬁt
751 4957 1002 5045 legit/1.
1033 4967 1316 5045 clarescat
1348 4972 1397 5024 1.
1453 4973 1518 5045 _"
1549 4974 1624 5026 ita
1661 4975 1802 5045 conj.
1835 4974 1889 5028 3.
1923 4971 2123 5028 domui
2161 4973 2211 5026 1.
2245 4967 2468 5045 domini
2654 4957 3014 5045 βίῖρςειιῖδιηίι..Δ
3059 4963 3099 4997 ²¹
3135 4964 3216 5045 ita
3256 4964 3484 5045 cortex}:
3517 4969 3582 5045 tu

177 5033 332 5115 ξίφη
361 5033 532 5115 silva,
565 5037 759 5115 sidera
801 5033 1032 5115 scripsi;
1072 5039 1344 5111 inclytus,
1387 5041 1564 5113 sylva,
1621 5033 1832 5115 sydera
1863 5045 1915 5115 1.
1991 5045 2038 5078 ²²
2066 5045 2144 5098 ita
2169 5041 2398 5115 conj.A3.
2429 5037 2613 5115 patris
2730 5036 2870 5115 1b:
2897 5035 3060 5115 τίμα.
3093 5035 3234 5115 εοῃέ.
3355 5033 3494 5115 facit

178 5099 220 5132 ⁸⁸
248 5104 322 5158 ita
352 5108 442 5162 1b.
476 5099 681 5163 sumtu
714 5111 767 5163 1.
800 5109 896 5164 ubi
911 5099 1090 5164 etiam
1121 5099 1388 5182 promtus
1416 5099 1468 5168 ἓε
1495 5099 1610 5168 ιιιῖιι
1654 5099 1674 5115 ν
1696 5114 1922 5170 'usmodi
1969 5115 2242 5186 leguntur.
2263 5099 2282 5112 ’
2318 5112 2363 5145 ³⁵
2394 5099 2602 5181 posent
2632 5109 2681 5162 1.
2759 5108 2803 5140 ³⁵
2833 5105 3008 5170 Qucis
3037 5107 3090 5186 4.
3167 5099 3210 5139 ’7
3242 5107 3319 5160 ita
3344 5106 3486 5160 con'.
3521 5105 3576 5160 3.

181 5177 376 5240 aptum
425 5181 478 5233 1.
514 5180 604 5234 1b.
639 5181 692 5234 4.
769 5182 812 5215 ³⁸
845 5183 922 5236 ita
967 5184 1022 5236 3.
1057 5183 1109 5236 4.
1143 5183 1350 5238 Coram
1382 5185 1433 5238 1.
1467 5185 1614 5239 Co...
1816 5187 1862 5220 ”
1894 5187 1969 5240 ita
2016 5187 2157 5240 coni.
2189 5185 2242 5238 3.
2275 5185 2459 5240 Atque
2509 5183 2558 5234 1.
2595 5179 2685 5232 1b.
2761 5179 2806 5211 ³ο
2837 5179 2876 5230 1'.
2912 5180 3115 5231 rectris
3150 5178 3201 5230 1.
3277 5177 3320 5210 ³⁸
3355 5123 3494 5231 Tale
3525 5177 3576 5230 1.

181 5177 376 5242 aptum
425 5181 478 5233 1.
514 5180 604 5234 1b.
639 5181 692 5234 4.
769 5182 812 5215 ³⁸
845 5183 922 5236 ita
967 5184 1022 5236 3.
1057 5177 1350 5238 4.'Coram
1382 5185 1433 5238 1.
1467 5185 1614 5239 Co...
1649 5187 1672 5240 1

1816 5187 1862 5220 ¹⁹
1894 5187 1969 5240 ita
2016 5176 2157 5257 conj.
2189 5185 2242 5238 3.
2275 5176 2459 5252 Atque
2509 5179 2685 5257 1__._1b.
2759 5179 2806 5257 ξἰο
2912 5176 3115 5257 rectris
3235 5176 3494 5257 __"_Tale
3525 5177 3579 5230 1.

179 5239 582 5330 'iqonjunx_’4.
659 5252 705 5284 ³³
735 5254 812 5330 ita
845 5254 936 5308 1b.
960 5255 1020 5330 _4.
1044 5253 1364 5330 Ludoyvici
1393 5257 1442 5310 1.
1466 5257 1532 5312 de
1557 5260 1611 5310 2.
1644 5239 1755 5312 im
1781 5239 1969 5330 liquet.
2022 5239 2092 5330 3‘
2109 5239 2198 5330 Jita
2227 5239 2471 5330 corripe;
2518 5251 2714 5330 Eideg}
2753 5249 2801 5302 1.
2840 5248 2929 5302 1b.
2963 5250 3107 5330 ᾳᾳοιι
3153 5247 3453 5330 Ιιείὸηίρξυιδ
3478 5261 3580 5330 ζ)ζο

181 5311 372 5372 Edam
399 5323 668 5395 scriptum
693 5331 746 5377 et
773 5324 839 5378 de
861 5324 1086 5378 ecclesia
1117 5326 1180 5379 Β.
1215 5327 1366 5380 Petri
1393 5311 1698 5382 senumme
1723 5311 1851 5384 esse]
1863 5329 2070 5395 statuit,
2103 5329 2193 5382 cui
2235 5311 2540 5394 llareizbcrg
2585 5322 2895 5390 suﬂ'ragans
2942 5311 3125 5395 «idem
3175 5320 3410 5395 recepi};
3437 5311 3584 5395 ait!“

341 5388 783 5487 fgstrldnilgqui,
809 5397 1203 5487 ξϐηεςίιςξᾳντεγρ
1229 5414 1402 5487 nexus
1431 5399 1662 5470 probare
1690 5401 1934 5466 videtur;
1964 5401 2036 5470 cf.
2059 5388 2092 5450 ’‹‹
2125 5414 2378 5469 namque
2409 5418 2436 5445 ››
2474 5388 2528 5448 vf
2559 5388 2680 5447 126.
2713 5388 2848 5446 tuim.
2882 5407 2932 5445 υ.
2965 5393 3085 5446 127.
3119 5407 3266 5462 seqq.
3290 5388 3419 5444 136.
3457 5388 3578 5442 137.

247 5460 321 5512 ita
350 5460 440 5518 1b.
474 5463 528 5517 4.
561 5460 776 5520 Iisdem
807 5468 858 5521 1.
935 5468 980 5501 ⁸⁸
1002 5465 1100 5522 ille
1132 5467 1223 5522 1b.
1257 5469 1309 5522 4.

1767 5569 1996 5628 NOTZE.

251 5651 359 5791 ἓξ)
389 5657 623 5742 Scilicet
653 5677 888 5718 carmen
921 5663 994 5718 de
1022 5664 1206 5735 gestis
1238 5664 1517 5722 Oddonis.

340 5727 360 5791 )
389 5730 471 5786 Cf.
501 5731 700 5790 Vitam
730 5733 1117 5791 Hathumodze
1148 5752 1197 5791 c.
1233 5737 1285 5791 4.

340 5727 360 5794 )
389 5730 471 5786 Cf.
501 5731 700 5790 Vitam
730 5727 1117 5792 Hathumodae
1148 5752 1197 5792 c.
1233 5737 1285 5791 4.

2008 5667 2118 5738 (40)
2151 5663 2406 5720 Liudulfi
2437 5663 2700 5718 chartam
2734 5678 2768 5717 a
2800 5677 2893 5717 me
2927 5659 3142 5716 editam
3173 5673 3231 5729 p.
3265 5656 3320 5710 5.
