  <div class='ocr_page' id='page_1' title='image "/cluster/home/n/w/nwhite01/storage/ocr_20150623/136-137/uc1.31175019686917/1251.png"; bbox 0 0 3904 6416; ppageno 0'>
   <div class='ocr_carea' id='block_1_1' title="bbox 316 430 3784 501">
    <p class='ocr_par' dir='ltr' id='par_1_1' title="bbox 316 430 3784 501">
     <span class='ocr_line' id='line_1_1' title="bbox 316 430 3784 501; baseline -0.001 0"><span class='ocrx_word' id='word_1_1' title='bbox 316 438 493 501; x_wconf 70' lang='grc'><strong>’1139</strong></span> <span class='ocrx_word' id='word_1_2' title='bbox 1111 436 1639 501; x_wconf 76' lang='lat' dir='ltr'>HROTSUITH/E</span> <span class='ocrx_word' id='word_1_3' title='bbox 1686 430 2079 497; x_wconf 72' lang='lat' dir='ltr'>MONIALIS.</span> <span class='ocrx_word' id='word_1_4' title='bbox 2107 431 2925 496; x_wconf 61' lang='lat' dir='ltr'>GANDliltSHElMENSIS.</span> <span class='ocrx_word' id='word_1_5' title='bbox 3603 437 3637 497; x_wconf 82' lang='grc'>1</span> <span class='ocrx_word' id='word_1_6' title='bbox 3656 438 3784 497; x_wconf 76' lang='lat' dir='ltr'>M0</span> 
     </span>
    </p>
   </div>
   <div class='ocr_carea' id='block_1_2' title="bbox 336 565 3488 640">
    <p class='ocr_par' dir='ltr' id='par_1_2' title="bbox 336 565 3488 640">
     <span class='ocr_line' id='line_1_2' title="bbox 336 565 3488 640; baseline 0 -12"><span class='ocrx_word' id='word_1_7' title='bbox 336 578 529 635; x_wconf 77' lang='lat' dir='ltr'>Utitur</span> <span class='ocrx_word' id='word_1_8' title='bbox 553 578 598 613; x_wconf 79' lang='grc'>³⁷</span> <span class='ocrx_word' id='word_1_9' title='bbox 627 575 720 631; x_wconf 88' lang='lat' dir='ltr'>his</span> <span class='ocrx_word' id='word_1_10' title='bbox 749 573 943 631; x_wconf 84' lang='lat' dir='ltr'>verbis</span> <span class='ocrx_word' id='word_1_11' title='bbox 971 577 1095 629; x_wconf 89' lang='lat' dir='ltr'>tota</span> <span class='ocrx_word' id='word_1_12' title='bbox 1122 571 1430 627; x_wconf 85' lang='lat' dir='ltr'>dulcedine</span> <span class='ocrx_word' id='word_1_13' title='bbox 1462 568 1660 623; x_wconf 84' lang='lat' dir='ltr'>mixtis</span> <span class='ocrx_word' id='word_1_14' title='bbox 1694 583 1707 621; x_wconf 90' lang='lat'><strong>:</strong></span> <span class='ocrx_word' id='word_1_15' title='bbox 2013 565 2071 634; x_wconf 61' lang='grc' dir='ltr'>Α</span> <span class='ocrx_word' id='word_1_16' title='bbox 2099 565 2232 621; x_wconf 87' lang='lat' dir='ltr'>Mox</span> <span class='ocrx_word' id='word_1_17' title='bbox 2263 583 2685 639; x_wconf 89' lang='lat' dir='ltr'>responsurum</span> <span class='ocrx_word' id='word_1_18' title='bbox 2719 566 2906 637; x_wconf 88' lang='lat' dir='ltr'>factis,</span> <span class='ocrx_word' id='word_1_19' title='bbox 2937 565 3151 638; x_wconf 84' lang='lat' dir='ltr'>inquit,</span> <span class='ocrx_word' id='word_1_20' title='bbox 3184 567 3488 640; x_wconf 77' lang='lat' dir='ltr'>studiosis,</span> 
     </span>
    </p>
   </div>
   <div class='ocr_carea' id='block_1_3' title="bbox 338 654 3467 738">
    <p class='ocr_par' dir='ltr' id='par_1_3' title="bbox 338 654 3467 738">
     <span class='ocr_line' id='line_1_3' title="bbox 338 654 3467 738; baseline -0.001 -19"><span class='ocrx_word' id='word_1_21' title='bbox 338 690 367 719; x_wconf 90' lang='grc'>‹‹</span> <span class='ocrx_word' id='word_1_22' title='bbox 393 667 594 723; x_wconf 90' lang='lat' dir='ltr'>Inclite</span> <span class='ocrx_word' id='word_1_23' title='bbox 625 682 797 738; x_wconf 88' lang='lat' dir='ltr'>papa,</span> <span class='ocrx_word' id='word_1_24' title='bbox 827 664 947 719; x_wconf 83' lang='lat' dir='ltr'>tuis</span> <span class='ocrx_word' id='word_1_25' title='bbox 977 679 1049 717; x_wconf 87' lang='lat' dir='ltr'>ne</span> <span class='ocrx_word' id='word_1_26' title='bbox 1080 662 1162 716; x_wconf 86' lang='lat' dir='ltr'>sis</span> <span class='ocrx_word' id='word_1_27' title='bbox 1193 661 1377 715; x_wconf 91' lang='lat' dir='ltr'>durus</span> <span class='ocrx_word' id='word_1_28' title='bbox 1407 656 1755 731; x_wconf 81' lang='lat' dir='ltr'>peregrinis,</span> <span class='ocrx_word' id='word_1_29' title='bbox 2099 656 2206 722; x_wconf 86' lang='lat' dir='ltr'>Qui</span> <span class='ocrx_word' id='word_1_30' title='bbox 2240 656 2388 711; x_wconf 87' lang='lat' dir='ltr'>foret</span> <span class='ocrx_word' id='word_1_31' title='bbox 2416 654 2661 712; x_wconf 81' lang='lat' dir='ltr'>ecclesia</span> <span class='ocrx_word' id='word_1_32' title='bbox 2692 657 2909 729; x_wconf 87' lang='lat' dir='ltr'>dignus</span> <span class='ocrx_word' id='word_1_33' title='bbox 2939 673 3073 712; x_wconf 85' lang='lat' dir='ltr'>mox</span> <span class='ocrx_word' id='word_1_34' title='bbox 3104 659 3467 717; x_wconf 73' lang='lat' dir='ltr'>aediﬁcanda.</span> 
     </span>
    </p>
   </div>
   <div class='ocr_carea' id='block_1_4' title="bbox 336 744 3555 827">
    <p class='ocr_par' dir='ltr' id='par_1_4' title="bbox 336 744 3555 827">
     <span class='ocr_line' id='line_1_4' title="bbox 336 744 3555 827; baseline -0.002 -16"><span class='ocrx_word' id='word_1_35' title='bbox 336 756 443 822; x_wconf 89' lang='lat' dir='ltr'>Qui</span> <span class='ocrx_word' id='word_1_36' title='bbox 477 756 546 810; x_wconf 90' lang='lat' dir='ltr'>de</span> <span class='ocrx_word' id='word_1_37' title='bbox 577 753 916 827; x_wconf 84' lang='lat' dir='ltr'>longinquis</span> <span class='ocrx_word' id='word_1_38' title='bbox 942 757 1229 807; x_wconf 84' lang='lat' dir='ltr'>terrarum</span> <span class='ocrx_word' id='word_1_39' title='bbox 1263 748 1530 804; x_wconf 88' lang='lat' dir='ltr'>venimus</span> <span class='ocrx_word' id='word_1_40' title='bbox 1561 745 1678 801; x_wconf 89' lang='lat' dir='ltr'>oris</span> <span class='ocrx_word' id='word_1_41' title='bbox 2100 744 2174 800; x_wconf 93' lang='lat' dir='ltr'>Ut</span> <span class='ocrx_word' id='word_1_42' title='bbox 2204 744 2313 799; x_wconf 89' lang='lat' dir='ltr'>fert</span> <span class='ocrx_word' id='word_1_43' title='bbox 2342 744 2662 800; x_wconf 88' lang='lat' dir='ltr'>multorum</span> <span class='ocrx_word' id='word_1_44' title='bbox 2695 747 2985 801; x_wconf 80' lang='lat' dir='ltr'>sententia</span> <span class='ocrx_word' id='word_1_45' title='bbox 3012 764 3143 803; x_wconf 86' lang='lat' dir='ltr'><strong>vere</strong></span> <span class='ocrx_word' id='word_1_46' title='bbox 3163 750 3206 783; x_wconf 82' lang='lat'>&quot;’</span> <span class='ocrx_word' id='word_1_47' title='bbox 3237 749 3555 820; x_wconf 90' lang='lat' dir='ltr'>scientum,</span> 
     </span>
    </p>
   </div>
   <div class='ocr_carea' id='block_1_5' title="bbox 336 833 3617 905">
    <p class='ocr_par' dir='ltr' id='par_1_5' title="bbox 336 833 3617 905">
     <span class='ocr_line' id='line_1_5' title="bbox 336 833 3617 905; baseline -0.002 -4"><span class='ocrx_word' id='word_1_48' title='bbox 336 844 680 901; x_wconf 88' lang='lat' dir='ltr'>Muneribus</span> <span class='ocrx_word' id='word_1_49' title='bbox 710 842 895 897; x_wconf 79' lang='lat' dir='ltr'>nostri</span> <span class='ocrx_word' id='word_1_50' title='bbox 931 840 1250 896; x_wconf 81' lang='lat' dir='ltr'>famulatus</span> <span class='ocrx_word' id='word_1_51' title='bbox 1282 843 1339 893; x_wconf 88' lang='lat' dir='ltr'>te</span> <span class='ocrx_word' id='word_1_52' title='bbox 1368 835 1650 892; x_wconf 87' lang='lat' dir='ltr'>venerari.</span> <span class='ocrx_word' id='word_1_53' title='bbox 2102 833 2370 889; x_wconf 83' lang='lat' dir='ltr'>Proxima</span> <span class='ocrx_word' id='word_1_54' title='bbox 2399 835 2661 890; x_wconf 59' lang='lat' dir='ltr'>coenobio</span> <span class='ocrx_word' id='word_1_55' title='bbox 2693 835 2881 890; x_wconf 89' lang='lat' dir='ltr'>fuerat</span> <span class='ocrx_word' id='word_1_56' title='bbox 2915 840 3055 891; x_wconf 90' lang='lat' dir='ltr'>tunc</span> <span class='ocrx_word' id='word_1_57' title='bbox 3088 837 3315 905; x_wconf 87' lang='lat' dir='ltr'>silvula,</span> <span class='ocrx_word' id='word_1_58' title='bbox 3350 839 3550 896; x_wconf 82' lang='lat' dir='ltr'>cincta</span> <span class='ocrx_word' id='word_1_59' title='bbox 3570 842 3617 876; x_wconf 71' lang='grc'>⁸⁸</span> 
     </span>
    </p>
   </div>
   <div class='ocr_carea' id='block_1_6' title="bbox 336 922 3739 1003">
    <p class='ocr_par' dir='ltr' id='par_1_6' title="bbox 336 922 3739 1003">
     <span class='ocr_line' id='line_1_6' title="bbox 336 922 3739 1003; baseline -0.001 -14"><span class='ocrx_word' id='word_1_60' title='bbox 336 934 594 990; x_wconf 82' lang='lat' dir='ltr'>Nitimur</span> <span class='ocrx_word' id='word_1_61' title='bbox 621 931 884 987; x_wconf 85' lang='lat' dir='ltr'>ardentis</span> <span class='ocrx_word' id='word_1_62' title='bbox 914 934 1035 985; x_wconf 86' lang='lat' dir='ltr'>toto</span> <span class='ocrx_word' id='word_1_63' title='bbox 1067 926 1373 983; x_wconf 87' lang='lat' dir='ltr'>conamine</span> <span class='ocrx_word' id='word_1_64' title='bbox 1405 923 1621 980; x_wconf 88' lang='lat' dir='ltr'>mentis</span> <span class='ocrx_word' id='word_1_65' title='bbox 2102 922 2362 977; x_wconf 88' lang='lat' dir='ltr'>Collibus</span> <span class='ocrx_word' id='word_1_66' title='bbox 2394 924 2710 990; x_wconf 87' lang='lat' dir='ltr'>umbrosis,</span> <span class='ocrx_word' id='word_1_67' title='bbox 2745 926 2960 996; x_wconf 86' lang='lat' dir='ltr'>quibus</span> <span class='ocrx_word' id='word_1_68' title='bbox 2991 930 3047 980; x_wconf 93' lang='lat' dir='ltr'>et</span> <span class='ocrx_word' id='word_1_69' title='bbox 3078 944 3185 981; x_wconf 91' lang='lat' dir='ltr'>nos</span> <span class='ocrx_word' id='word_1_70' title='bbox 3214 928 3511 999; x_wconf 85' lang='lat' dir='ltr'>cingimur</span> <span class='ocrx_word' id='word_1_71' title='bbox 3538 929 3739 1003; x_wconf 78' lang='lat' dir='ltr'>ipsis;</span> 
     </span>
    </p>
   </div>
   <div class='ocr_carea' id='block_1_7' title="bbox 338 1008 3429 1086">
    <p class='ocr_par' dir='ltr' id='par_1_7' title="bbox 338 1008 3429 1086">
     <span class='ocr_line' id='line_1_7' title="bbox 338 1008 3429 1086; baseline -0.004 -3"><span class='ocrx_word' id='word_1_72' title='bbox 338 1027 597 1083; x_wconf 83' lang='lat' dir='ltr'><strong>Condere</strong></span> <span class='ocrx_word' id='word_1_73' title='bbox 621 1021 952 1078; x_wconf 65' lang='lat' dir='ltr'>coenobium</span> <span class='ocrx_word' id='word_1_74' title='bbox 978 1017 1209 1073; x_wconf 88' lang='lat' dir='ltr'>Domini</span> <span class='ocrx_word' id='word_1_75' title='bbox 1234 1016 1344 1070; x_wconf 89' lang='lat' dir='ltr'>sub</span> <span class='ocrx_word' id='word_1_76' title='bbox 1367 1015 1583 1068; x_wconf 91' lang='lat' dir='ltr'>honore</span> <span class='ocrx_word' id='word_1_77' title='bbox 1606 1008 1989 1074; x_wconf 88' lang='lat' dir='ltr'>sacrandum;</span> <span class='ocrx_word' id='word_1_78' title='bbox 2102 1012 2337 1066; x_wconf 82' lang='lat' dir='ltr'>Necnon</span> <span class='ocrx_word' id='word_1_79' title='bbox 2369 1012 2427 1067; x_wconf 90' lang='lat' dir='ltr'>in</span> <span class='ocrx_word' id='word_1_80' title='bbox 2462 1012 2607 1068; x_wconf 83' lang='lat' dir='ltr'>silva</span> <span class='ocrx_word' id='word_1_81' title='bbox 2636 1014 2827 1069; x_wconf 82' lang='lat' dir='ltr'>fuerat</span> <span class='ocrx_word' id='word_1_82' title='bbox 2856 1013 2969 1069; x_wconf 84' lang='lat' dir='ltr'>sita</span> <span class='ocrx_word' id='word_1_83' title='bbox 3004 1015 3244 1085; x_wconf 88' lang='lat' dir='ltr'>parvula</span> <span class='ocrx_word' id='word_1_84' title='bbox 3271 1017 3429 1086; x_wconf 89' lang='lat' dir='ltr'>villa,</span> 
     </span>
    </p>
   </div>
   <div class='ocr_carea' id='block_1_8' title="bbox 339 1100 3392 1186">
    <p class='ocr_par' dir='ltr' id='par_1_8' title="bbox 339 1100 3392 1186">
     <span class='ocr_line' id='line_1_8' title="bbox 339 1100 3392 1186; baseline -0.004 -14"><span class='ocrx_word' id='word_1_85' title='bbox 339 1116 503 1172; x_wconf 87' lang='lat' dir='ltr'><strong>Unde</strong></span> <span class='ocrx_word' id='word_1_86' title='bbox 535 1112 773 1186; x_wconf 85' lang='lat' dir='ltr'>quidem</span> <span class='ocrx_word' id='word_1_87' title='bbox 804 1110 996 1165; x_wconf 89' lang='lat' dir='ltr'>visum</span> <span class='ocrx_word' id='word_1_88' title='bbox 1028 1107 1198 1162; x_wconf 89' lang='lat' dir='ltr'>nobis</span> <span class='ocrx_word' id='word_1_89' title='bbox 1230 1108 1319 1159; x_wconf 89' lang='lat' dir='ltr'>est</span> <span class='ocrx_word' id='word_1_90' title='bbox 1352 1102 1603 1157; x_wconf 76' lang='lat' dir='ltr'>maxime</span> <span class='ocrx_word' id='word_1_91' title='bbox 1625 1101 1855 1170; x_wconf 88' lang='lat' dir='ltr'>justum</span> <span class='ocrx_word' id='word_1_92' title='bbox 2103 1100 2164 1154; x_wconf 88' lang='lat' dir='ltr'>1n</span> <span class='ocrx_word' id='word_1_93' title='bbox 2198 1118 2313 1172; x_wconf 92' lang='lat' dir='ltr'>qua</span> <span class='ocrx_word' id='word_1_94' title='bbox 2345 1101 2596 1156; x_wconf 82' lang='lat' dir='ltr'>Liudulﬁ</span> <span class='ocrx_word' id='word_1_95' title='bbox 2631 1101 2785 1157; x_wconf 85' lang='lat' dir='ltr'>soliti</span> <span class='ocrx_word' id='word_1_96' title='bbox 2815 1102 3111 1158; x_wconf 85' lang='lat' dir='ltr'>stabulare</span> <span class='ocrx_word' id='word_1_97' title='bbox 3140 1105 3392 1175; x_wconf 84' lang='lat' dir='ltr'>subulci,</span> 
     </span>
    </p>
   </div>
   <div class='ocr_carea' id='block_1_9' title="bbox 338 1189 3335 1269">
    <p class='ocr_par' dir='ltr' id='par_1_9' title="bbox 338 1189 3335 1269">
     <span class='ocr_line' id='line_1_9' title="bbox 338 1189 3335 1269; baseline -0.004 -7"><span class='ocrx_word' id='word_1_98' title='bbox 338 1208 386 1261; x_wconf 91' lang='lat' dir='ltr'>A</span> <span class='ocrx_word' id='word_1_99' title='bbox 417 1210 470 1260; x_wconf 92' lang='lat' dir='ltr'><strong>te</strong></span> <span class='ocrx_word' id='word_1_100' title='bbox 502 1203 731 1260; x_wconf 89' lang='lat' dir='ltr'>consilii</span> <span class='ocrx_word' id='word_1_101' title='bbox 762 1201 1026 1257; x_wconf 82' lang='lat' dir='ltr'>solamen</span> <span class='ocrx_word' id='word_1_102' title='bbox 1058 1190 1314 1269; x_wconf 56' lang='lat' dir='ltr'>quéerere</span> <span class='ocrx_word' id='word_1_103' title='bbox 1345 1192 1485 1247; x_wconf 83' lang='lat' dir='ltr'>certi</span> <span class='ocrx_word' id='word_1_104' title='bbox 2104 1189 2261 1245; x_wconf 88' lang='lat' dir='ltr'>Intra</span> <span class='ocrx_word' id='word_1_105' title='bbox 2291 1196 2458 1262; x_wconf 89' lang='lat' dir='ltr'>septa</span> <span class='ocrx_word' id='word_1_106' title='bbox 2487 1190 2593 1246; x_wconf 89' lang='lat' dir='ltr'>viri</span> <span class='ocrx_word' id='word_1_107' title='bbox 2624 1192 2935 1263; x_wconf 85' lang='lat' dir='ltr'>cujusdam</span> <span class='ocrx_word' id='word_1_108' title='bbox 2968 1192 3124 1247; x_wconf 86' lang='lat' dir='ltr'>lassa</span> <span class='ocrx_word' id='word_1_109' title='bbox 3153 1196 3335 1265; x_wconf 88' lang='lat' dir='ltr'>quieti</span> 
     </span>
    </p>
   </div>
   <div class='ocr_carea' id='block_1_10' title="bbox 342 1278 3601 1355">
    <p class='ocr_par' dir='ltr' id='par_1_10' title="bbox 342 1278 3601 1355">
     <span class='ocr_line' id='line_1_10' title="bbox 342 1278 3601 1355; baseline -0.003 -3"><span class='ocrx_word' id='word_1_110' title='bbox 342 1298 413 1352; x_wconf 85' lang='lat' dir='ltr'>Et</span> <span class='ocrx_word' id='word_1_111' title='bbox 442 1295 703 1351; x_wconf 89' lang='lat' dir='ltr'>studium</span> <span class='ocrx_word' id='word_1_112' title='bbox 735 1288 921 1345; x_wconf 90' lang='lat' dir='ltr'>nostri</span> <span class='ocrx_word' id='word_1_113' title='bbox 948 1286 1055 1343; x_wconf 90' lang='lat' dir='ltr'>tibi</span> <span class='ocrx_word' id='word_1_114' title='bbox 1089 1286 1198 1339; x_wconf 88' lang='lat' dir='ltr'>rite</span> <span class='ocrx_word' id='word_1_115' title='bbox 1232 1282 1519 1355; x_wconf 88' lang='lat' dir='ltr'>precando</span> <span class='ocrx_word' id='word_1_116' title='bbox 1553 1278 1743 1344; x_wconf 87' lang='lat' dir='ltr'>tateri,</span> <span class='ocrx_word' id='word_1_117' title='bbox 2104 1278 2357 1350; x_wconf 86' lang='lat' dir='ltr'>Corpora</span> <span class='ocrx_word' id='word_1_118' title='bbox 2387 1282 2689 1335; x_wconf 88' lang='lat' dir='ltr'>nocturnis</span> <span class='ocrx_word' id='word_1_119' title='bbox 2722 1297 2831 1336; x_wconf 89' lang='lat' dir='ltr'>sua</span> <span class='ocrx_word' id='word_1_120' title='bbox 2859 1284 3238 1353; x_wconf 78' lang='lat' dir='ltr'>composuere</span> <span class='ocrx_word' id='word_1_121' title='bbox 3268 1285 3378 1340; x_wconf 88' lang='lat' dir='ltr'>sub</span> <span class='ocrx_word' id='word_1_122' title='bbox 3409 1286 3601 1355; x_wconf 88' lang='lat' dir='ltr'>horis,</span> 
     </span>
    </p>
   </div>
   <div class='ocr_carea' id='block_1_11' title="bbox 342 1367 3629 1461">
    <p class='ocr_par' dir='ltr' id='par_1_11' title="bbox 342 1367 3629 1455">
     <span class='ocr_line' id='line_1_11' title="bbox 342 1367 3629 1455; baseline -0.003 -16"><span class='ocrx_word' id='word_1_123' title='bbox 342 1385 451 1452; x_wconf 90' lang='lat' dir='ltr'>Qui</span> <span class='ocrx_word' id='word_1_124' title='bbox 482 1386 659 1455; x_wconf 89' lang='lat' dir='ltr'>caput</span> <span class='ocrx_word' id='word_1_125' title='bbox 686 1377 944 1435; x_wconf 72' lang='lat' dir='ltr'>ecclesia:</span> <span class='ocrx_word' id='word_1_126' title='bbox 976 1380 1097 1431; x_wconf 89' lang='lat' dir='ltr'>toto</span> <span class='ocrx_word' id='word_1_127' title='bbox 1130 1371 1453 1428; x_wconf 85' lang='lat' dir='ltr'>dominaris</span> <span class='ocrx_word' id='word_1_128' title='bbox 1482 1370 1541 1423; x_wconf 93' lang='lat' dir='ltr'>in</span> <span class='ocrx_word' id='word_1_129' title='bbox 1573 1367 1739 1432; x_wconf 87' lang='lat' dir='ltr'>orbe;</span> <span class='ocrx_word' id='word_1_130' title='bbox 2105 1368 2254 1422; x_wconf 90' lang='lat' dir='ltr'>Dum</span> <span class='ocrx_word' id='word_1_131' title='bbox 2288 1369 2401 1423; x_wconf 89' lang='lat' dir='ltr'>sibi</span> <span class='ocrx_word' id='word_1_132' title='bbox 2432 1370 2781 1425; x_wconf 89' lang='lat' dir='ltr'>commissos</span> <span class='ocrx_word' id='word_1_133' title='bbox 2810 1371 3100 1427; x_wconf 88' lang='lat' dir='ltr'>debebant</span> <span class='ocrx_word' id='word_1_134' title='bbox 3123 1389 3359 1444; x_wconf 89' lang='lat' dir='ltr'>pascere</span> <span class='ocrx_word' id='word_1_135' title='bbox 3389 1391 3629 1446; x_wconf 89' lang='lat' dir='ltr'>porcos.</span> 
     </span>
    </p>
   </div>
   <div class='ocr_carea' id='block_1_12' title="bbox 344 1456 3725 1541">
    <p class='ocr_par' dir='ltr' id='par_1_12' title="bbox 344 1456 3725 1541">
     <span class='ocr_line' id='line_1_12' title="bbox 344 1456 3725 1541; baseline -0.002 -12"><span class='ocrx_word' id='word_1_136' title='bbox 344 1477 488 1541; x_wconf 92' lang='lat' dir='ltr'>Quo,</span> <span class='ocrx_word' id='word_1_137' title='bbox 523 1472 571 1528; x_wconf 91' lang='lat' dir='ltr'>si</span> <span class='ocrx_word' id='word_1_138' title='bbox 602 1472 749 1527; x_wconf 90' lang='lat' dir='ltr'>forte</span> <span class='ocrx_word' id='word_1_139' title='bbox 780 1467 886 1523; x_wconf 84' lang='lat' dir='ltr'>tibi</span> <span class='ocrx_word' id='word_1_140' title='bbox 918 1456 1145 1537; x_wconf 86' lang='lat' dir='ltr'>placeat</span> <span class='ocrx_word' id='word_1_141' title='bbox 1165 1462 1391 1517; x_wconf 87' lang='lat' dir='ltr'>devotio</span> <span class='ocrx_word' id='word_1_142' title='bbox 1423 1457 1627 1523; x_wconf 89' lang='lat' dir='ltr'>nostri,</span> <span class='ocrx_word' id='word_1_143' title='bbox 2105 1456 2209 1511; x_wconf 86' lang='lat' dir='ltr'>Hic</span> <span class='ocrx_word' id='word_1_144' title='bbox 2241 1458 2559 1528; x_wconf 90' lang='lat' dir='ltr'>quondam,</span> <span class='ocrx_word' id='word_1_145' title='bbox 2595 1475 2730 1515; x_wconf 91' lang='lat' dir='ltr'>cum</span> <span class='ocrx_word' id='word_1_146' title='bbox 2763 1464 3102 1515; x_wconf 90' lang='lat' dir='ltr'>sanctorum</span> <span class='ocrx_word' id='word_1_147' title='bbox 3132 1463 3458 1519; x_wconf 85' lang='lat' dir='ltr'>venerabile</span> <span class='ocrx_word' id='word_1_148' title='bbox 3489 1465 3725 1521; x_wconf 83' lang='lat' dir='ltr'>festum</span> 
     </span>
    </p>
   </div>
   <div class='ocr_carea' id='block_1_13' title="bbox 342 1546 3750 1631">
    <p class='ocr_par' dir='ltr' id='par_1_13' title="bbox 342 1546 3750 1631">
     <span class='ocr_line' id='line_1_13' title="bbox 342 1546 3750 1631; baseline -0.003 -13"><span class='ocrx_word' id='word_1_149' title='bbox 342 1560 639 1618; x_wconf 83' lang='lat' dir='ltr'>Auxilium</span> <span class='ocrx_word' id='word_1_150' title='bbox 665 1559 956 1631; x_wconf 68' lang='lat' dir='ltr'>praebente</span> <span class='ocrx_word' id='word_1_151' title='bbox 986 1559 1086 1609; x_wconf 90' lang='lat' dir='ltr'>tua</span> <span class='ocrx_word' id='word_1_152' title='bbox 1118 1552 1331 1624; x_wconf 85' lang='lat' dir='ltr'>pietate</span> <span class='ocrx_word' id='word_1_153' title='bbox 1361 1553 1622 1621; x_wconf 89' lang='lat' dir='ltr'>paterna,</span> <span class='ocrx_word' id='word_1_154' title='bbox 2105 1546 2272 1601; x_wconf 85' lang='lat' dir='ltr'>Esset</span> <span class='ocrx_word' id='word_1_155' title='bbox 2303 1553 2647 1603; x_wconf 81' lang='lat' dir='ltr'>cunctorum</span> <span class='ocrx_word' id='word_1_156' title='bbox 2680 1565 2812 1603; x_wconf 87' lang='lat' dir='ltr'>mox</span> <span class='ocrx_word' id='word_1_157' title='bbox 2840 1554 2973 1621; x_wconf 90' lang='lat' dir='ltr'>post</span> <span class='ocrx_word' id='word_1_158' title='bbox 3005 1549 3254 1606; x_wconf 88' lang='lat' dir='ltr'>biduum</span> <span class='ocrx_word' id='word_1_159' title='bbox 3286 1551 3750 1622; x_wconf 87' lang='lat' dir='ltr'>celebrandum,</span> 
     </span>
    </p>
   </div>
   <div class='ocr_carea' id='block_1_14' title="bbox 345 1634 3489 1719">
    <p class='ocr_par' dir='ltr' id='par_1_14' title="bbox 345 1634 3489 1719">
     <span class='ocr_line' id='line_1_14' title="bbox 345 1634 3489 1719; baseline -0.003 -13"><span class='ocrx_word' id='word_1_160' title='bbox 345 1652 507 1718; x_wconf 88' lang='lat' dir='ltr'>Quod</span> <span class='ocrx_word' id='word_1_161' title='bbox 537 1648 689 1705; x_wconf 89' lang='lat' dir='ltr'>votis</span> <span class='ocrx_word' id='word_1_162' title='bbox 719 1646 1001 1719; x_wconf 86' lang='lat' dir='ltr'>gerimus,</span> <span class='ocrx_word' id='word_1_163' title='bbox 1038 1641 1207 1697; x_wconf 87' lang='lat' dir='ltr'>factis</span> <span class='ocrx_word' id='word_1_164' title='bbox 1241 1641 1386 1695; x_wconf 84' lang='lat' dir='ltr'>bene</span> <span class='ocrx_word' id='word_1_165' title='bbox 1418 1635 1811 1709; x_wconf 85' lang='lat' dir='ltr'>perﬁciamus.</span> <span class='ocrx_word' id='word_1_166' title='bbox 2107 1635 2226 1690; x_wconf 88' lang='lat' dir='ltr'>Sub</span> <span class='ocrx_word' id='word_1_167' title='bbox 2256 1634 2444 1691; x_wconf 91' lang='lat' dir='ltr'>noctis</span> <span class='ocrx_word' id='word_1_168' title='bbox 2476 1635 2663 1699; x_wconf 88' lang='lat' dir='ltr'>claras</span> <span class='ocrx_word' id='word_1_169' title='bbox 2694 1638 2953 1695; x_wconf 88' lang='lat' dir='ltr'>tenebris</span> <span class='ocrx_word' id='word_1_170' title='bbox 2985 1640 3187 1696; x_wconf 88' lang='lat' dir='ltr'>ardere</span> <span class='ocrx_word' id='word_1_171' title='bbox 3216 1639 3489 1697; x_wconf 89' lang='lat' dir='ltr'>lucernas</span> 
     </span>
    </p>
   </div>
   <div class='ocr_carea' id='block_1_15' title="bbox 343 1723 3257 1799">
    <p class='ocr_par' dir='ltr' id='par_1_15' title="bbox 343 1723 3257 1799">
     <span class='ocr_line' id='line_1_15' title="bbox 343 1723 3257 1799; baseline -0.004 -3"><span class='ocrx_word' id='word_1_172' title='bbox 343 1743 424 1796; x_wconf 86' lang='lat' dir='ltr'>Ac</span> <span class='ocrx_word' id='word_1_173' title='bbox 454 1744 517 1795; x_wconf 94' lang='lat' dir='ltr'>tu</span> <span class='ocrx_word' id='word_1_174' title='bbox 538 1739 582 1774; x_wconf 80' lang='grc'>³⁸</span> <span class='ocrx_word' id='word_1_175' title='bbox 606 1733 998 1792; x_wconf 90' lang='lat' dir='ltr'>—-consilium</span> <span class='ocrx_word' id='word_1_176' title='bbox 1026 1730 1206 1786; x_wconf 90' lang='lat' dir='ltr'>nimis</span> <span class='ocrx_word' id='word_1_177' title='bbox 1236 1728 1444 1783; x_wconf 90' lang='lat' dir='ltr'>merito</span> <span class='ocrx_word' id='word_1_178' title='bbox 1466 1723 1801 1796; x_wconf 85' lang='lat' dir='ltr'>ﬂagitamus</span> <span class='ocrx_word' id='word_1_179' title='bbox 1822 1752 1889 1761; x_wconf 91' lang='lat'>—</span> <span class='ocrx_word' id='word_1_180' title='bbox 2107 1724 2170 1779; x_wconf 90' lang='lat' dir='ltr'>In</span> <span class='ocrx_word' id='word_1_181' title='bbox 2203 1724 2350 1779; x_wconf 88' lang='lat' dir='ltr'>silva</span> <span class='ocrx_word' id='word_1_182' title='bbox 2381 1725 2599 1781; x_wconf 87' lang='lat' dir='ltr'>multas</span> <span class='ocrx_word' id='word_1_183' title='bbox 2631 1726 2743 1799; x_wconf 88' lang='lat' dir='ltr'>ipsi</span> <span class='ocrx_word' id='word_1_184' title='bbox 2773 1727 2966 1783; x_wconf 89' lang='lat' dir='ltr'>videre</span> <span class='ocrx_word' id='word_1_185' title='bbox 3004 1727 3257 1784; x_wconf 88' lang='lat' dir='ltr'>subulci.</span> 
     </span>
    </p>
   </div>
   <div class='ocr_carea' id='block_1_16' title="bbox 345 1813 3392 1904">
    <p class='ocr_par' dir='ltr' id='par_1_16' title="bbox 345 1813 3392 1904">
     <span class='ocr_line' id='line_1_16' title="bbox 345 1813 3392 1904; baseline -0.006 -14"><span class='ocrx_word' id='word_1_186' title='bbox 345 1830 647 1904; x_wconf 87' lang='lat' dir='ltr'>Susceptis</span> <span class='ocrx_word' id='word_1_187' title='bbox 678 1826 849 1883; x_wconf 90' lang='lat' dir='ltr'>donis</span> <span class='ocrx_word' id='word_1_188' title='bbox 879 1821 1151 1879; x_wconf 89' lang='lat' dir='ltr'>elementi</span> <span class='ocrx_word' id='word_1_189' title='bbox 1183 1823 1414 1892; x_wconf 89' lang='lat' dir='ltr'>pectore</span> <span class='ocrx_word' id='word_1_190' title='bbox 1445 1815 1682 1882; x_wconf 90' lang='lat' dir='ltr'>nostris,</span> <span class='ocrx_word' id='word_1_191' title='bbox 2107 1813 2210 1868; x_wconf 85' lang='lat' dir='ltr'>His</span> <span class='ocrx_word' id='word_1_192' title='bbox 2239 1814 2401 1882; x_wconf 91' lang='lat' dir='ltr'>visis,</span> <span class='ocrx_word' id='word_1_193' title='bbox 2435 1816 2631 1870; x_wconf 90' lang='lat' dir='ltr'>cuncti</span> <span class='ocrx_word' id='word_1_194' title='bbox 2662 1815 3031 1872; x_wconf 87' lang='lat' dir='ltr'>mirabantur</span> <span class='ocrx_word' id='word_1_195' title='bbox 3060 1819 3392 1889; x_wconf 83' lang='lat' dir='ltr'>stupefacti,</span> 
     </span>
    </p>
   </div>
   <div class='ocr_carea' id='block_1_17' title="bbox 346 1903 1888 2005">
    <p class='ocr_par' dir='ltr' id='par_1_17' title="bbox 346 1903 1772 1988">
     <span class='ocr_line' id='line_1_17' title="bbox 346 1903 1772 1988; baseline -0.013 -9"><span class='ocrx_word' id='word_1_196' title='bbox 346 1903 580 1979; x_wconf 83' lang='lat' dir='ltr'>Scilicet</span> <span class='ocrx_word' id='word_1_197' title='bbox 610 1923 666 1975; x_wconf 91' lang='lat' dir='ltr'>et</span> <span class='ocrx_word' id='word_1_198' title='bbox 694 1914 850 1988; x_wconf 86' lang='lat' dir='ltr'>regis</span> <span class='ocrx_word' id='word_1_199' title='bbox 880 1909 1221 1984; x_wconf 88' lang='lat' dir='ltr'>compulsus</span> <span class='ocrx_word' id='word_1_200' title='bbox 1251 1923 1447 1963; x_wconf 91' lang='lat' dir='ltr'>amore</span> <span class='ocrx_word' id='word_1_201' title='bbox 1479 1903 1772 1978; x_wconf 88' lang='lat' dir='ltr'>perennis,</span> 
     </span>
    </p>
   </div>
   <div class='ocr_carea' id='block_1_18' title="bbox 2014 1903 3556 2005">
    <p class='ocr_par' dir='ltr' id='par_1_18' title="bbox 2028 1903 3556 2005">
     <span class='ocr_line' id='line_1_18' title="bbox 2028 1903 3556 2005; baseline 0.005 -49"><span class='ocrx_word' id='word_1_202' title='bbox 2028 1938 2077 2005; x_wconf 77' lang='grc' dir='ltr'><strong>Β</strong></span> <span class='ocrx_word' id='word_1_203' title='bbox 2108 1903 2255 2005; x_wconf 63' lang='lat' dir='ltr'>Quid</span> <span class='ocrx_word' id='word_1_204' title='bbox 2286 1920 2435 1959; x_wconf 88' lang='lat' dir='ltr'>nova</span> <span class='ocrx_word' id='word_1_205' title='bbox 2465 1903 2830 2005; x_wconf 70' lang='lat' dir='ltr'>splendentis</span> <span class='ocrx_word' id='word_1_206' title='bbox 2861 1904 3030 1961; x_wconf 89' lang='lat' dir='ltr'>vellet</span> <span class='ocrx_word' id='word_1_207' title='bbox 3062 1907 3170 1962; x_wconf 90' lang='lat' dir='ltr'>sibi</span> <span class='ocrx_word' id='word_1_208' title='bbox 3201 1906 3348 1963; x_wconf 87' lang='lat' dir='ltr'>visio</span> <span class='ocrx_word' id='word_1_209' title='bbox 3380 1907 3556 1975; x_wconf 91' lang='lat' dir='ltr'>lucis,</span> 
     </span>
    </p>
   </div>
   <div class='ocr_carea' id='block_1_19' title="bbox 347 1991 3598 2069">
    <p class='ocr_par' dir='ltr' id='par_1_19' title="bbox 347 1991 3598 2069">
     <span class='ocr_line' id='line_1_19' title="bbox 347 1991 3598 2069; baseline -0.005 -1"><span class='ocrx_word' id='word_1_210' title='bbox 347 2014 565 2069; x_wconf 63' lang='lat' dir='ltr'>Praesta</span> <span class='ocrx_word' id='word_1_211' title='bbox 596 2011 934 2064; x_wconf 85' lang='lat' dir='ltr'>sanctorum</span> <span class='ocrx_word' id='word_1_212' title='bbox 968 2000 1139 2057; x_wconf 80' lang='lat' dir='ltr'>nobis</span> <span class='ocrx_word' id='word_1_213' title='bbox 1172 2015 1338 2055; x_wconf 88' lang='lat' dir='ltr'>sacra</span> <span class='ocrx_word' id='word_1_214' title='bbox 1376 1997 1641 2069; x_wconf 85' lang='lat' dir='ltr'>pignora,</span> <span class='ocrx_word' id='word_1_215' title='bbox 1677 2008 1928 2065; x_wconf 89' lang='lat' dir='ltr'>quorum</span> <span class='ocrx_word' id='word_1_216' title='bbox 2028 1991 2076 2005; x_wconf 82' lang='grc'>⁴“’</span> <span class='ocrx_word' id='word_1_217' title='bbox 2109 1991 2254 2047; x_wconf 88' lang='lat' dir='ltr'>Miro</span> <span class='ocrx_word' id='word_1_218' title='bbox 2288 1996 2607 2048; x_wconf 90' lang='lat' dir='ltr'>nocturnas</span> <span class='ocrx_word' id='word_1_219' title='bbox 2638 1993 2914 2049; x_wconf 90' lang='lat' dir='ltr'>scindens</span> <span class='ocrx_word' id='word_1_220' title='bbox 2943 1993 3252 2065; x_wconf 89' lang='lat' dir='ltr'>splendore</span> <span class='ocrx_word' id='word_1_221' title='bbox 3281 1996 3598 2064; x_wconf 85' lang='lat' dir='ltr'>tenebras;</span> 
     </span>
    </p>
   </div>
   <div class='ocr_carea' id='block_1_20' title="bbox 347 2080 3561 2160">
    <p class='ocr_par' dir='ltr' id='par_1_20' title="bbox 347 2080 3561 2160">
     <span class='ocr_line' id='line_1_20' title="bbox 347 2080 3561 2160; baseline 0.002 -28"><span class='ocrx_word' id='word_1_222' title='bbox 347 2100 553 2160; x_wconf 68' lang='lat' dir='ltr'>omnis</span> <span class='ocrx_word' id='word_1_223' title='bbox 582 2095 830 2153; x_wconf 64' lang='grc' dir='ltr'>οωηοδίί</span> <span class='ocrx_word' id='word_1_224' title='bbox 855 2091 1214 2149; x_wconf 72' lang='lat' dir='ltr'>constructio</span> <span class='ocrx_word' id='word_1_225' title='bbox 1246 2088 1433 2160; x_wconf 89' lang='lat' dir='ltr'>possit</span> <span class='ocrx_word' id='word_1_226' title='bbox 1462 2083 1670 2140; x_wconf 90' lang='lat' dir='ltr'>honori</span> <span class='ocrx_word' id='word_1_227' title='bbox 2110 2080 2345 2152; x_wconf 82' lang='lat' dir='ltr'>Hocque</span> <span class='ocrx_word' id='word_1_228' title='bbox 2375 2082 2589 2136; x_wconf 89' lang='lat' dir='ltr'>domus</span> <span class='ocrx_word' id='word_1_229' title='bbox 2614 2081 2764 2153; x_wconf 89' lang='lat' dir='ltr'>patri</span> <span class='ocrx_word' id='word_1_230' title='bbox 2797 2088 3181 2138; x_wconf 89' lang='lat' dir='ltr'>narraverunt</span> <span class='ocrx_word' id='word_1_231' title='bbox 3208 2084 3561 2155; x_wconf 87' lang='lat' dir='ltr'>tremefacti,</span> 
     </span>
    </p>
   </div>
   <div class='ocr_carea' id='block_1_21' title="bbox 346 2169 3783 2264">
    <p class='ocr_par' dir='ltr' id='par_1_21' title="bbox 346 2169 3783 2264">
     <span class='ocr_line' id='line_1_21' title="bbox 346 2169 3783 2264; baseline -0.007 -16"><span class='ocrx_word' id='word_1_232' title='bbox 346 2194 493 2264; x_wconf 91' lang='lat' dir='ltr'>Apte</span> <span class='ocrx_word' id='word_1_233' title='bbox 532 2186 777 2261; x_wconf 83' lang='lat' dir='ltr'>signari,</span> <span class='ocrx_word' id='word_1_234' title='bbox 809 2182 992 2239; x_wconf 90' lang='lat' dir='ltr'>sacris</span> <span class='ocrx_word' id='word_1_235' title='bbox 1022 2178 1367 2248; x_wconf 90' lang='lat' dir='ltr'>meritisque</span> <span class='ocrx_word' id='word_1_236' title='bbox 1386 2176 1432 2211; x_wconf 67' lang='lat'>’9</span> <span class='ocrx_word' id='word_1_237' title='bbox 1460 2173 1631 2229; x_wconf 90' lang='lat' dir='ltr'>tueri.</span> <span class='ocrx_word' id='word_1_238' title='bbox 2110 2169 2573 2225; x_wconf 89' lang='lat' dir='ltr'>Demonstrando</span> <span class='ocrx_word' id='word_1_239' title='bbox 2605 2170 2820 2240; x_wconf 91' lang='lat' dir='ltr'>locum,</span> <span class='ocrx_word' id='word_1_240' title='bbox 2843 2188 3019 2243; x_wconf 90' lang='lat' dir='ltr'>quem</span> <span class='ocrx_word' id='word_1_241' title='bbox 3048 2171 3146 2227; x_wconf 88' lang='lat' dir='ltr'>lux</span> <span class='ocrx_word' id='word_1_242' title='bbox 3176 2173 3513 2244; x_wconf 85' lang='lat' dir='ltr'>perfuderat</span> <span class='ocrx_word' id='word_1_243' title='bbox 3544 2174 3783 2246; x_wconf 85' lang='lat' dir='ltr'>ipsum.</span> 
     </span>
    </p>
   </div>
   <div class='ocr_carea' id='block_1_22' title="bbox 348 2258 3434 2352">
    <p class='ocr_par' dir='ltr' id='par_1_22' title="bbox 348 2258 3434 2352">
     <span class='ocr_line' id='line_1_22' title="bbox 348 2258 3434 2352; baseline -0.006 -16"><span class='ocrx_word' id='word_1_244' title='bbox 348 2258 538 2352; x_wconf 78' lang='lat' dir='ltr'>thue</span> <span class='ocrx_word' id='word_1_245' title='bbox 569 2258 646 2333; x_wconf 79' lang='lat' dir='ltr'>sit</span> <span class='ocrx_word' id='word_1_246' title='bbox 685 2275 907 2344; x_wconf 88' lang='lat' dir='ltr'>absque</span> <span class='ocrx_word' id='word_1_247' title='bbox 936 2271 1082 2341; x_wconf 83' lang='lat' dir='ltr'>jugo</span> <span class='ocrx_word' id='word_1_248' title='bbox 1119 2283 1322 2338; x_wconf 84' lang='lat' dir='ltr'>regum</span> <span class='ocrx_word' id='word_1_249' title='bbox 1354 2281 1458 2336; x_wconf 92' lang='lat' dir='ltr'>per</span> <span class='ocrx_word' id='word_1_250' title='bbox 1476 2262 1641 2352; x_wconf 83' lang='lat' dir='ltr'>secla</span> <span class='ocrx_word' id='word_1_251' title='bbox 1669 2263 1997 2331; x_wconf 87' lang='lat' dir='ltr'>potentum,</span> <span class='ocrx_word' id='word_1_252' title='bbox 2111 2259 2216 2323; x_wconf 93' lang='lat' dir='ltr'>Qui</span> <span class='ocrx_word' id='word_1_253' title='bbox 2250 2259 2378 2313; x_wconf 88' lang='lat' dir='ltr'>visu</span> <span class='ocrx_word' id='word_1_254' title='bbox 2411 2258 2564 2315; x_wconf 90' lang='lat' dir='ltr'>clare</span> <span class='ocrx_word' id='word_1_255' title='bbox 2585 2261 2628 2294; x_wconf 72' lang='lat'>‘9</span> <span class='ocrx_word' id='word_1_256' title='bbox 2658 2261 2900 2331; x_wconf 89' lang='lat' dir='ltr'>cupiens</span> <span class='ocrx_word' id='word_1_257' title='bbox 2930 2261 3131 2316; x_wconf 88' lang='lat' dir='ltr'>audita</span> <span class='ocrx_word' id='word_1_258' title='bbox 3161 2262 3434 2334; x_wconf 87' lang='lat' dir='ltr'>probare,</span> 
     </span>
    </p>
   </div>
   <div class='ocr_carea' id='block_1_23' title="bbox 347 2348 3477 2433">
    <p class='ocr_par' dir='ltr' id='par_1_23' title="bbox 347 2348 3477 2433">
     <span class='ocr_line' id='line_1_23' title="bbox 347 2348 3477 2433; baseline -0.006 -7"><span class='ocrx_word' id='word_1_259' title='bbox 347 2348 463 2425; x_wconf 77' lang='lat' dir='ltr'>Nec</span> <span class='ocrx_word' id='word_1_260' title='bbox 495 2372 859 2423; x_wconf 91' lang='lat' dir='ltr'>terrenorum</span> <span class='ocrx_word' id='word_1_261' title='bbox 892 2359 1150 2433; x_wconf 89' lang='lat' dir='ltr'>patiatur</span> <span class='ocrx_word' id='word_1_262' title='bbox 1178 2356 1294 2410; x_wconf 91' lang='lat' dir='ltr'>vim</span> <span class='ocrx_word' id='word_1_263' title='bbox 1329 2351 1724 2418; x_wconf 85' lang='lat' dir='ltr'>dominorum,</span> <span class='ocrx_word' id='word_1_264' title='bbox 2109 2348 2283 2402; x_wconf 79' lang='lat' dir='ltr'>Extra</span> <span class='ocrx_word' id='word_1_265' title='bbox 2313 2353 2465 2404; x_wconf 89' lang='lat' dir='ltr'>tecta</span> <span class='ocrx_word' id='word_1_266' title='bbox 2494 2350 2705 2403; x_wconf 89' lang='lat' dir='ltr'>domus</span> <span class='ocrx_word' id='word_1_267' title='bbox 2738 2348 2856 2405; x_wconf 89' lang='lat' dir='ltr'>illis</span> <span class='ocrx_word' id='word_1_268' title='bbox 2888 2349 3160 2407; x_wconf 89' lang='lat' dir='ltr'>habitans</span> <span class='ocrx_word' id='word_1_269' title='bbox 3196 2351 3477 2418; x_wconf 87' lang='lat' dir='ltr'>sociatus,</span> 
     </span>
    </p>
   </div>
   <div class='ocr_carea' id='block_1_24' title="bbox 348 2437 3570 2528">
    <p class='ocr_par' dir='ltr' id='par_1_24' title="bbox 348 2437 3570 2523">
     <span class='ocr_line' id='line_1_24' title="bbox 348 2437 3570 2523; baseline -0.005 -10"><span class='ocrx_word' id='word_1_270' title='bbox 348 2459 467 2513; x_wconf 81' lang='lat' dir='ltr'>Hoc</span> <span class='ocrx_word' id='word_1_271' title='bbox 497 2451 739 2510; x_wconf 88' lang='lat' dir='ltr'>rectoris</span> <span class='ocrx_word' id='word_1_272' title='bbox 770 2448 1073 2523; x_wconf 76' lang='lat' dir='ltr'>apostolici</span> <span class='ocrx_word' id='word_1_273' title='bbox 1105 2444 1298 2501; x_wconf 90' lang='lat' dir='ltr'>solum</span> <span class='ocrx_word' id='word_1_274' title='bbox 1332 2440 1535 2496; x_wconf 88' lang='lat' dir='ltr'>ditioni</span> <span class='ocrx_word' id='word_1_275' title='bbox 2112 2437 2447 2493; x_wconf 89' lang='lat' dir='ltr'>Insomnem</span> <span class='ocrx_word' id='word_1_276' title='bbox 2480 2438 2654 2509; x_wconf 59' lang='grc' dir='ltr'>(πυρὴ</span> <span class='ocrx_word' id='word_1_277' title='bbox 2682 2442 2910 2494; x_wconf 90' lang='lat' dir='ltr'>noctem</span> <span class='ocrx_word' id='word_1_278' title='bbox 2937 2456 3165 2495; x_wconf 89' lang='lat' dir='ltr'>servare</span> <span class='ocrx_word' id='word_1_279' title='bbox 3199 2446 3570 2513; x_wconf 86' lang='lat' dir='ltr'>sequentem,</span> 
     </span>
    </p>
   </div>
   <div class='ocr_carea' id='block_1_25' title="bbox 348 2526 3743 2609">
    <p class='ocr_par' dir='ltr' id='par_1_25' title="bbox 348 2526 3743 2609">
     <span class='ocr_line' id='line_1_25' title="bbox 348 2526 3743 2609; baseline -0.004 -7"><span class='ocrx_word' id='word_1_280' title='bbox 348 2526 765 2609; x_wconf 86' lang='lat' dir='ltr'>Tradimus,ad</span> <span class='ocrx_word' id='word_1_281' title='bbox 779 2536 1205 2595; x_wconf 82' lang='lat' dir='ltr'>defendendum</span> <span class='ocrx_word' id='word_1_282' title='bbox 1221 2527 1884 2605; x_wconf 87' lang='lat' dir='ltr'>pariterqueregendum</span> <span class='ocrx_word' id='word_1_283' title='bbox 1898 2526 1997 2580; x_wconf 56' lang='grc' dir='ltr'><strong>ιθ.»</strong></span> <span class='ocrx_word' id='word_1_284' title='bbox 2111 2527 2236 2581; x_wconf 90' lang='lat' dir='ltr'>Non</span> <span class='ocrx_word' id='word_1_285' title='bbox 2258 2528 2303 2562; x_wconf 77' lang='grc' dir='ltr'>⁵ο</span> <span class='ocrx_word' id='word_1_286' title='bbox 2334 2527 2614 2583; x_wconf 89' lang='lat' dir='ltr'>claudens</span> <span class='ocrx_word' id='word_1_287' title='bbox 2647 2528 2847 2584; x_wconf 91' lang='lat' dir='ltr'>oculos</span> <span class='ocrx_word' id='word_1_288' title='bbox 2877 2545 3083 2585; x_wconf 89' lang='lat' dir='ltr'>somno</span> <span class='ocrx_word' id='word_1_289' title='bbox 3122 2531 3405 2585; x_wconf 88' lang='lat' dir='ltr'>suadente</span> <span class='ocrx_word' id='word_1_290' title='bbox 3435 2537 3743 2603; x_wconf 84' lang='lat' dir='ltr'>gravatos,</span> 
     </span>
    </p>
   </div>
   <div class='ocr_carea' id='block_1_26' title="bbox 349 2616 3463 2696">
    <p class='ocr_par' dir='ltr' id='par_1_26' title="bbox 349 2616 3463 2696">
     <span class='ocr_line' id='line_1_26' title="bbox 349 2616 3463 2696; baseline -0.005 -6"><span class='ocrx_word' id='word_1_291' title='bbox 349 2636 481 2691; x_wconf 76' lang='lat' dir='ltr'>Haec</span> <span class='ocrx_word' id='word_1_292' title='bbox 512 2634 649 2688; x_wconf 86' lang='lat' dir='ltr'>dux.</span> <span class='ocrx_word' id='word_1_293' title='bbox 673 2632 743 2686; x_wconf 86' lang='lat' dir='ltr'>Et</span> <span class='ocrx_word' id='word_1_294' title='bbox 761 2630 800 2664; x_wconf 75' lang='lat'><strong>“</strong></span> <span class='ocrx_word' id='word_1_295' title='bbox 827 2642 1099 2683; x_wconf 89' lang='lat' dir='ltr'>summus</span> <span class='ocrx_word' id='word_1_296' title='bbox 1130 2620 1341 2696; x_wconf 79' lang='lat' dir='ltr'>praesul</span> <span class='ocrx_word' id='word_1_297' title='bbox 1366 2619 1448 2674; x_wconf 89' lang='lat' dir='ltr'>sic</span> <span class='ocrx_word' id='word_1_298' title='bbox 1472 2616 1710 2688; x_wconf 86' lang='lat' dir='ltr'>Sergius</span> <span class='ocrx_word' id='word_1_299' title='bbox 1742 2632 1913 2670; x_wconf 88' lang='lat' dir='ltr'>orsus</span> <span class='ocrx_word' id='word_1_300' title='bbox 2111 2617 2304 2671; x_wconf 88' lang='lat' dir='ltr'>Donec</span> <span class='ocrx_word' id='word_1_301' title='bbox 2336 2635 2651 2672; x_wconf 80' lang='lat' dir='ltr'>succensas</span> <span class='ocrx_word' id='word_1_302' title='bbox 2682 2635 2889 2673; x_wconf 89' lang='lat' dir='ltr'>rursus</span> <span class='ocrx_word' id='word_1_303' title='bbox 2920 2617 3161 2673; x_wconf 87' lang='lat' dir='ltr'>rutilare</span> <span class='ocrx_word' id='word_1_304' title='bbox 3192 2617 3463 2675; x_wconf 88' lang='lat' dir='ltr'>lucernas</span> 
     </span>
    </p>
   </div>
   <div class='ocr_carea' id='block_1_27' title="bbox 350 2705 3389 2796">
    <p class='ocr_par' dir='ltr' id='par_1_27' title="bbox 350 2705 3389 2796">
     <span class='ocr_line' id='line_1_27' title="bbox 350 2705 3389 2796; baseline -0.005 -17"><span class='ocrx_word' id='word_1_305' title='bbox 350 2723 548 2796; x_wconf 89' lang='lat' dir='ltr'>Inquit</span> <span class='ocrx_word' id='word_1_306' title='bbox 579 2738 593 2776; x_wconf 87' lang='lat'><strong>:</strong></span> <span class='ocrx_word' id='word_1_307' title='bbox 622 2743 650 2772; x_wconf 84' lang='lat'>«</span> <span class='ocrx_word' id='word_1_308' title='bbox 681 2721 762 2775; x_wconf 88' lang='lat' dir='ltr'>Te</span> <span class='ocrx_word' id='word_1_309' title='bbox 794 2715 921 2772; x_wconf 91' lang='lat' dir='ltr'>miti</span> <span class='ocrx_word' id='word_1_310' title='bbox 952 2712 1307 2783; x_wconf 88' lang='lat' dir='ltr'>complector</span> <span class='ocrx_word' id='word_1_311' title='bbox 1335 2712 1587 2780; x_wconf 88' lang='lat' dir='ltr'>pectore,</span> <span class='ocrx_word' id='word_1_312' title='bbox 1624 2705 1725 2772; x_wconf 82' lang='lat' dir='ltr'>liti,</span> <span class='ocrx_word' id='word_1_313' title='bbox 2109 2706 2293 2760; x_wconf 90' lang='lat' dir='ltr'>Aucte</span> <span class='ocrx_word' id='word_1_314' title='bbox 2324 2706 2622 2761; x_wconf 87' lang='lat' dir='ltr'>vincentes</span> <span class='ocrx_word' id='word_1_315' title='bbox 2651 2723 2895 2761; x_wconf 90' lang='lat' dir='ltr'>numero</span> <span class='ocrx_word' id='word_1_316' title='bbox 2925 2706 3119 2762; x_wconf 88' lang='lat' dir='ltr'>videre</span> <span class='ocrx_word' id='word_1_317' title='bbox 3144 2707 3389 2779; x_wconf 88' lang='lat' dir='ltr'>priores,</span> 
     </span>
    </p>
   </div>
   <div class='ocr_carea' id='block_1_28' title="bbox 348 2793 3714 2880">
    <p class='ocr_par' dir='ltr' id='par_1_28' title="bbox 348 2793 3714 2880">
     <span class='ocr_line' id='line_1_28' title="bbox 348 2793 3714 2880; baseline -0.005 -11"><span class='ocrx_word' id='word_1_318' title='bbox 348 2793 809 2880; x_wconf 79' lang='lat' dir='ltr'>Consortemque</span> <span class='ocrx_word' id='word_1_319' title='bbox 839 2810 1001 2860; x_wconf 90' lang='lat' dir='ltr'>tuam</span> <span class='ocrx_word' id='word_1_320' title='bbox 1034 2800 1251 2875; x_wconf 87' lang='lat' dir='ltr'>pariter</span> <span class='ocrx_word' id='word_1_321' title='bbox 1277 2795 1634 2867; x_wconf 88' lang='lat' dir='ltr'>complector</span> <span class='ocrx_word' id='word_1_322' title='bbox 1662 2793 1997 2860; x_wconf 89' lang='lat' dir='ltr'>amandam,</span> <span class='ocrx_word' id='word_1_323' title='bbox 2113 2793 2242 2864; x_wconf 89' lang='lat' dir='ltr'>Ipso</span> <span class='ocrx_word' id='word_1_324' title='bbox 2272 2793 2487 2866; x_wconf 88' lang='lat' dir='ltr'>quippe</span> <span class='ocrx_word' id='word_1_325' title='bbox 2518 2793 2664 2862; x_wconf 91' lang='lat' dir='ltr'>loco,</span> <span class='ocrx_word' id='word_1_326' title='bbox 2695 2795 2795 2850; x_wconf 89' lang='lat' dir='ltr'>sed</span> <span class='ocrx_word' id='word_1_327' title='bbox 2830 2794 3021 2867; x_wconf 89' lang='lat' dir='ltr'>prisco</span> <span class='ocrx_word' id='word_1_328' title='bbox 3052 2813 3232 2867; x_wconf 88' lang='lat' dir='ltr'>quam</span> <span class='ocrx_word' id='word_1_329' title='bbox 3264 2797 3430 2868; x_wconf 90' lang='lat' dir='ltr'>prius</span> <span class='ocrx_word' id='word_1_330' title='bbox 3451 2799 3491 2832; x_wconf 79' lang='lat'><strong>&quot;</strong></span> <span class='ocrx_word' id='word_1_331' title='bbox 3532 2798 3714 2869; x_wconf 86' lang='lat' dir='ltr'>hora;</span> 
     </span>
    </p>
   </div>
   <div class='ocr_carea' id='block_1_29' title="bbox 348 2882 3559 2973">
    <p class='ocr_par' dir='ltr' id='par_1_29' title="bbox 348 2882 3559 2973">
     <span class='ocr_line' id='line_1_29' title="bbox 348 2882 3559 2973; baseline -0.005 -15"><span class='ocrx_word' id='word_1_332' title='bbox 348 2904 537 2973; x_wconf 83' lang='lat' dir='ltr'>Atque</span> <span class='ocrx_word' id='word_1_333' title='bbox 565 2899 679 2971; x_wconf 89' lang='lat' dir='ltr'>piis</span> <span class='ocrx_word' id='word_1_334' title='bbox 710 2895 923 2953; x_wconf 90' lang='lat' dir='ltr'>studiis</span> <span class='ocrx_word' id='word_1_335' title='bbox 955 2891 1217 2964; x_wconf 87' lang='lat' dir='ltr'>gaudens</span> <span class='ocrx_word' id='word_1_336' title='bbox 1248 2886 1585 2957; x_wconf 87' lang='lat' dir='ltr'>congaudeo</span> <span class='ocrx_word' id='word_1_337' title='bbox 1612 2882 1841 2949; x_wconf 83' lang='lat' dir='ltr'>vestris,</span> <span class='ocrx_word' id='word_1_338' title='bbox 2111 2882 2339 2938; x_wconf 91' lang='lat' dir='ltr'>Ominis</span> <span class='ocrx_word' id='word_1_339' title='bbox 2370 2882 2480 2938; x_wconf 93' lang='lat' dir='ltr'>hoc</span> <span class='ocrx_word' id='word_1_340' title='bbox 2510 2883 2747 2955; x_wconf 87' lang='lat' dir='ltr'>signum</span> <span class='ocrx_word' id='word_1_341' title='bbox 2783 2884 2967 2941; x_wconf 87' lang='lat' dir='ltr'>felicis</span> <span class='ocrx_word' id='word_1_342' title='bbox 2997 2901 3253 2957; x_wconf 89' lang='lat' dir='ltr'>namque</span> <span class='ocrx_word' id='word_1_343' title='bbox 3283 2901 3559 2942; x_wconf 89' lang='lat' dir='ltr'>serenum</span> 
     </span>
    </p>
   </div>
   <div class='ocr_carea' id='block_1_30' title="bbox 348 2971 3658 3047">
    <p class='ocr_par' dir='ltr' id='par_1_30' title="bbox 348 2971 3658 3047">
     <span class='ocr_line' id='line_1_30' title="bbox 348 2971 3658 3047; baseline -0.005 0"><span class='ocrx_word' id='word_1_344' title='bbox 348 2971 466 3046; x_wconf 82' lang='lat' dir='ltr'>Nec</span> <span class='ocrx_word' id='word_1_345' title='bbox 492 2988 658 3044; x_wconf 91' lang='lat' dir='ltr'>vobis</span> <span class='ocrx_word' id='word_1_346' title='bbox 687 2984 859 3041; x_wconf 90' lang='lat' dir='ltr'>credo</span> <span class='ocrx_word' id='word_1_347' title='bbox 881 2983 969 3037; x_wconf 87' lang='lat' dir='ltr'>fas</span> <span class='ocrx_word' id='word_1_348' title='bbox 999 2995 1128 3035; x_wconf 90' lang='lat' dir='ltr'>esse</span> <span class='ocrx_word' id='word_1_349' title='bbox 1148 2979 1193 3012; x_wconf 78' lang='grc'>⁴²</span> <span class='ocrx_word' id='word_1_350' title='bbox 1222 2990 1434 3047; x_wconf 86' lang='lat' dir='ltr'>negare</span> <span class='ocrx_word' id='word_1_351' title='bbox 1466 2972 1668 3044; x_wconf 90' lang='lat' dir='ltr'>petita.</span> <span class='ocrx_word' id='word_1_352' title='bbox 2112 2972 2184 3027; x_wconf 92' lang='lat' dir='ltr'>Ut</span> <span class='ocrx_word' id='word_1_353' title='bbox 2214 2971 2466 3027; x_wconf 74' lang='lat' dir='ltr'>thbus</span> <span class='ocrx_word' id='word_1_354' title='bbox 2497 2972 2691 3028; x_wconf 90' lang='lat' dir='ltr'>radios</span> <span class='ocrx_word' id='word_1_355' title='bbox 2722 2975 3036 3045; x_wconf 87' lang='lat' dir='ltr'>spargebat</span> <span class='ocrx_word' id='word_1_356' title='bbox 3065 2974 3138 3029; x_wconf 91' lang='lat' dir='ltr'>ab</span> <span class='ocrx_word' id='word_1_357' title='bbox 3170 2975 3381 3030; x_wconf 78' lang='lat' dir='ltr'>aethere</span> <span class='ocrx_word' id='word_1_358' title='bbox 3410 2976 3658 3046; x_wconf 89' lang='lat' dir='ltr'>primos,</span> 
     </span>
    </p>
   </div>
   <div class='ocr_carea' id='block_1_31' title="bbox 350 3060 3520 3136">
    <p class='ocr_par' dir='ltr' id='par_1_31' title="bbox 350 3060 3520 3136">
     <span class='ocr_line' id='line_1_31' title="bbox 350 3060 3520 3136; baseline -0.005 -2"><span class='ocrx_word' id='word_1_359' title='bbox 350 3079 454 3134; x_wconf 83' lang='lat' dir='ltr'>Hic</span> <span class='ocrx_word' id='word_1_360' title='bbox 483 3078 600 3132; x_wconf 93' lang='lat' dir='ltr'>duo</span> <span class='ocrx_word' id='word_1_361' title='bbox 629 3078 885 3130; x_wconf 89' lang='lat' dir='ltr'>rectores</span> <span class='ocrx_word' id='word_1_362' title='bbox 916 3069 1149 3123; x_wconf 76' lang='lat' dir='ltr'>fuerant</span> <span class='ocrx_word' id='word_1_363' title='bbox 1178 3063 1496 3136; x_wconf 89' lang='lat' dir='ltr'>aliquando</span> <span class='ocrx_word' id='word_1_364' title='bbox 1528 3062 1811 3133; x_wconf 87' lang='lat' dir='ltr'>potentes,</span> <span class='ocrx_word' id='word_1_365' title='bbox 2114 3060 2202 3117; x_wconf 87' lang='lat' dir='ltr'>Fit</span> <span class='ocrx_word' id='word_1_366' title='bbox 2235 3065 2461 3128; x_wconf 91' lang='lat' dir='ltr'>notum,</span> <span class='ocrx_word' id='word_1_367' title='bbox 2494 3061 2653 3115; x_wconf 90' lang='lat' dir='ltr'>fama</span> <span class='ocrx_word' id='word_1_368' title='bbox 2674 3061 2903 3117; x_wconf 89' lang='lat' dir='ltr'>cunctis</span> <span class='ocrx_word' id='word_1_369' title='bbox 2934 3063 3215 3133; x_wconf 88' lang='lat' dir='ltr'>prodente</span> <span class='ocrx_word' id='word_1_370' title='bbox 3238 3064 3520 3134; x_wconf 87' lang='lat' dir='ltr'>jocunda.</span> 
     </span>
    </p>
   </div>
   <div class='ocr_carea' id='block_1_32' title="bbox 351 3149 3635 3224">
    <p class='ocr_par' dir='ltr' id='par_1_32' title="bbox 351 3149 3635 3224">
     <span class='ocr_line' id='line_1_32' title="bbox 351 3149 3635 3224; baseline -0.005 0"><span class='ocrx_word' id='word_1_371' title='bbox 351 3166 565 3224; x_wconf 75' lang='lat' dir='ltr'>Prmsul</span> <span class='ocrx_word' id='word_1_372' title='bbox 595 3162 944 3221; x_wconf 85' lang='lat' dir='ltr'>Anastasius</span> <span class='ocrx_word' id='word_1_373' title='bbox 975 3158 1131 3213; x_wconf 91' lang='lat' dir='ltr'>sedis</span> <span class='ocrx_word' id='word_1_374' title='bbox 1162 3153 1574 3210; x_wconf 88' lang='lat' dir='ltr'>sanctissimus</span> <span class='ocrx_word' id='word_1_375' title='bbox 1607 3150 1807 3221; x_wconf 80' lang='lat' dir='ltr'>hujus,</span> <span class='ocrx_word' id='word_1_376' title='bbox 2112 3150 2225 3204; x_wconf 90' lang='lat' dir='ltr'>Nec</span> <span class='ocrx_word' id='word_1_377' title='bbox 2257 3149 2500 3204; x_wconf 88' lang='lat' dir='ltr'>latuisse</span> <span class='ocrx_word' id='word_1_378' title='bbox 2530 3150 2738 3204; x_wconf 91' lang='lat' dir='ltr'>ducem</span> <span class='ocrx_word' id='word_1_379' title='bbox 2766 3149 3011 3221; x_wconf 81' lang='lat' dir='ltr'>dignum</span> <span class='ocrx_word' id='word_1_380' title='bbox 3045 3152 3239 3222; x_wconf 90' lang='lat' dir='ltr'>potuit</span> <span class='ocrx_word' id='word_1_381' title='bbox 3269 3152 3635 3219; x_wconf 89' lang='lat' dir='ltr'>Liudulfum,</span> 
     </span>
    </p>
   </div>
   <div class='ocr_carea' id='block_1_33' title="bbox 349 3237 3363 3326">
    <p class='ocr_par' dir='ltr' id='par_1_33' title="bbox 349 3237 3363 3326">
     <span class='ocr_line' id='line_1_33' title="bbox 349 3237 3363 3326; baseline -0.006 -14"><span class='ocrx_word' id='word_1_382' title='bbox 349 3259 422 3312; x_wconf 88' lang='lat' dir='ltr'>Et</span> <span class='ocrx_word' id='word_1_383' title='bbox 450 3251 880 3326; x_wconf 88' lang='lat' dir='ltr'>coapostolicus</span> <span class='ocrx_word' id='word_1_384' title='bbox 910 3264 1073 3303; x_wconf 87' lang='lat' dir='ltr'>sacer</span> <span class='ocrx_word' id='word_1_385' title='bbox 1103 3242 1477 3299; x_wconf 90' lang='lat' dir='ltr'>Innocentius</span> <span class='ocrx_word' id='word_1_386' title='bbox 1506 3240 1663 3309; x_wconf 84' lang='lat' dir='ltr'>ejus;</span> <span class='ocrx_word' id='word_1_387' title='bbox 2034 3304 2076 3326; x_wconf 55' lang='grc' dir='ltr'>η</span> <span class='ocrx_word' id='word_1_388' title='bbox 2109 3241 2292 3294; x_wconf 88' lang='lat' dir='ltr'>Aures</span> <span class='ocrx_word' id='word_1_389' title='bbox 2324 3239 2424 3293; x_wconf 89' lang='lat' dir='ltr'>sed</span> <span class='ocrx_word' id='word_1_390' title='bbox 2456 3238 2631 3293; x_wconf 90' lang='lat' dir='ltr'>citius</span> <span class='ocrx_word' id='word_1_391' title='bbox 2662 3237 2816 3293; x_wconf 91' lang='lat' dir='ltr'>dicto</span> <span class='ocrx_word' id='word_1_392' title='bbox 2847 3237 3184 3309; x_wconf 89' lang='lat' dir='ltr'>pulsaverat</span> <span class='ocrx_word' id='word_1_393' title='bbox 3212 3241 3363 3311; x_wconf 88' lang='lat' dir='ltr'>ejus.</span> 
     </span>
    </p>
   </div>
   <div class='ocr_carea' id='block_1_34' title="bbox 351 3304 3358 3415">
    <p class='ocr_par' dir='ltr' id='par_1_34' title="bbox 351 3304 3358 3415">
     <span class='ocr_line' id='line_1_34' title="bbox 351 3304 3358 3415; baseline -0.004 -19"><span class='ocrx_word' id='word_1_394' title='bbox 351 3304 946 3415; x_wconf 23' lang='lat' dir='ltr'>Quivpo‘stﬂpastorem</span> <span class='ocrx_word' id='word_1_395' title='bbox 980 3336 1212 3390; x_wconf 87' lang='lat' dir='ltr'>Petrum</span> <span class='ocrx_word' id='word_1_396' title='bbox 1259 3304 1620 3399; x_wconf 70' lang='lat' dir='ltr'>Paulumque</span> <span class='ocrx_word' id='word_1_397' title='bbox 1651 3304 2000 3397; x_wconf 85' lang='lat' dir='ltr'>magistrum</span> <span class='ocrx_word' id='word_1_398' title='bbox 2033 3304 2077 3371; x_wconf 66' lang='grc' dir='ltr'>α</span> <span class='ocrx_word' id='word_1_399' title='bbox 2112 3329 2357 3399; x_wconf 89' lang='lat' dir='ltr'>Ipseque</span> <span class='ocrx_word' id='word_1_400' title='bbox 2388 3331 2616 3382; x_wconf 88' lang='lat' dir='ltr'>sacrata</span> <span class='ocrx_word' id='word_1_401' title='bbox 2647 3326 2777 3381; x_wconf 84' lang='lat' dir='ltr'>festi</span> <span class='ocrx_word' id='word_1_402' title='bbox 2806 3304 2940 3382; x_wconf 79' lang='lat' dir='ltr'>mox</span> <span class='ocrx_word' id='word_1_403' title='bbox 2972 3332 3141 3383; x_wconf 89' lang='lat' dir='ltr'>nocte</span> <span class='ocrx_word' id='word_1_404' title='bbox 3174 3304 3358 3385; x_wconf 74' lang='lat' dir='ltr'>futuri</span> 
     </span>
    </p>
   </div>
   <div class='ocr_carea' id='block_1_35' title="bbox 350 3415 3477 3490">
    <p class='ocr_par' dir='ltr' id='par_1_35' title="bbox 350 3415 3477 3490">
     <span class='ocr_line' id='line_1_35' title="bbox 350 3415 3477 3490; baseline -0.005 0"><span class='ocrx_word' id='word_1_405' title='bbox 350 3433 621 3490; x_wconf 78' lang='lat' dir='ltr'>Ecclesiae</span> <span class='ocrx_word' id='word_1_406' title='bbox 652 3427 877 3485; x_wconf 89' lang='lat' dir='ltr'>meritis</span> <span class='ocrx_word' id='word_1_407' title='bbox 908 3425 1166 3481; x_wconf 85' lang='lat' dir='ltr'>celebres</span> <span class='ocrx_word' id='word_1_408' title='bbox 1196 3419 1408 3475; x_wconf 87' lang='lat' dir='ltr'>fulsere</span> <span class='ocrx_word' id='word_1_409' title='bbox 1438 3415 1760 3488; x_wconf 88' lang='lat' dir='ltr'>supremis;</span> <span class='ocrx_word' id='word_1_410' title='bbox 2110 3417 2438 3471; x_wconf 89' lang='lat' dir='ltr'>Observans</span> <span class='ocrx_word' id='word_1_411' title='bbox 2470 3420 2661 3483; x_wconf 87' lang='lat' dir='ltr'>caute,</span> <span class='ocrx_word' id='word_1_412' title='bbox 2692 3415 2742 3471; x_wconf 90' lang='lat' dir='ltr'>si</span> <span class='ocrx_word' id='word_1_413' title='bbox 2776 3416 3095 3487; x_wconf 89' lang='lat' dir='ltr'>quicquam</span> <span class='ocrx_word' id='word_1_414' title='bbox 3129 3423 3333 3488; x_wconf 88' lang='lat' dir='ltr'>postea</span> <span class='ocrx_word' id='word_1_415' title='bbox 3363 3418 3477 3474; x_wconf 89' lang='lat' dir='ltr'>tale</span> 
     </span>
    </p>
   </div>
   <div class='ocr_carea' id='block_1_36' title="bbox 352 3503 3430 3591">
    <p class='ocr_par' dir='ltr' id='par_1_36' title="bbox 352 3503 3430 3591">
     <span class='ocr_line' id='line_1_36' title="bbox 352 3503 3430 3591; baseline -0.006 -12"><span class='ocrx_word' id='word_1_416' title='bbox 352 3527 613 3591; x_wconf 91' lang='lat' dir='ltr'>Quorum</span> <span class='ocrx_word' id='word_1_417' title='bbox 642 3524 763 3575; x_wconf 87' lang='lat' dir='ltr'>tam</span> <span class='ocrx_word' id='word_1_418' title='bbox 797 3532 1013 3587; x_wconf 88' lang='lat' dir='ltr'>magna</span> <span class='ocrx_word' id='word_1_419' title='bbox 1043 3514 1348 3567; x_wconf 88' lang='lat' dir='ltr'>servantur</span> <span class='ocrx_word' id='word_1_420' title='bbox 1376 3522 1617 3576; x_wconf 87' lang='lat' dir='ltr'>corpora</span> <span class='ocrx_word' id='word_1_421' title='bbox 1647 3520 1787 3558; x_wconf 91' lang='lat' dir='ltr'>cura</span> <span class='ocrx_word' id='word_1_422' title='bbox 2110 3504 2348 3560; x_wconf 75' lang='lat' dir='ltr'>leitus</span> <span class='ocrx_word' id='word_1_423' title='bbox 2380 3503 2599 3560; x_wconf 87' lang='lat' dir='ltr'>ostensi</span> <span class='ocrx_word' id='word_1_424' title='bbox 2630 3508 2983 3559; x_wconf 86' lang='lat' dir='ltr'>monstraret</span> <span class='ocrx_word' id='word_1_425' title='bbox 3003 3506 3047 3540; x_wconf 75' lang='grc'>⁵³</span> <span class='ocrx_word' id='word_1_426' title='bbox 3078 3506 3224 3561; x_wconf 92' lang='lat' dir='ltr'>visio</span> <span class='ocrx_word' id='word_1_427' title='bbox 3256 3506 3430 3579; x_wconf 88' lang='lat' dir='ltr'>signi,</span> 
     </span>
    </p>
   </div>
   <div class='ocr_carea' id='block_1_37' title="bbox 343 3591 3632 3672">
    <p class='ocr_par' dir='ltr' id='par_1_37' title="bbox 343 3591 3632 3672">
     <span class='ocr_line' id='line_1_37' title="bbox 343 3591 3632 3672; baseline -0.005 -4"><span class='ocrx_word' id='word_1_428' title='bbox 343 3614 599 3668; x_wconf 88' lang='lat' dir='ltr'>Actenus</span> <span class='ocrx_word' id='word_1_429' title='bbox 631 3625 664 3663; x_wconf 90' lang='lat' dir='ltr'>a</span> <span class='ocrx_word' id='word_1_430' title='bbox 694 3606 922 3663; x_wconf 90' lang='lat' dir='ltr'>cunctis</span> <span class='ocrx_word' id='word_1_431' title='bbox 954 3603 1133 3672; x_wconf 83' lang='lat' dir='ltr'>hujus</span> <span class='ocrx_word' id='word_1_432' title='bbox 1162 3595 1484 3652; x_wconf 86' lang='lat' dir='ltr'>rectoribus</span> <span class='ocrx_word' id='word_1_433' title='bbox 1514 3591 1699 3661; x_wconf 87' lang='lat' dir='ltr'>urbis,</span> <span class='ocrx_word' id='word_1_434' title='bbox 2109 3596 2254 3650; x_wconf 91' lang='lat' dir='ltr'>Cum</span> <span class='ocrx_word' id='word_1_435' title='bbox 2288 3593 2491 3648; x_wconf 90' lang='lat' dir='ltr'>multis</span> <span class='ocrx_word' id='word_1_436' title='bbox 2522 3592 2729 3647; x_wconf 87' lang='lat' dir='ltr'>silvam</span> <span class='ocrx_word' id='word_1_437' title='bbox 2761 3609 2979 3664; x_wconf 85' lang='lat' dir='ltr'>pernox</span> <span class='ocrx_word' id='word_1_438' title='bbox 3008 3600 3386 3666; x_wconf 83' lang='lat' dir='ltr'>conspexerat</span> <span class='ocrx_word' id='word_1_439' title='bbox 3416 3596 3632 3668; x_wconf 86' lang='lat' dir='ltr'>ipsam.</span> 
     </span>
    </p>
   </div>
   <div class='ocr_carea' id='block_1_38' title="bbox 344 3682 3639 3772">
    <p class='ocr_par' dir='ltr' id='par_1_38' title="bbox 344 3682 3639 3772">
     <span class='ocr_line' id='line_1_38' title="bbox 344 3682 3639 3772; baseline -0.005 -14"><span class='ocrx_word' id='word_1_440' title='bbox 344 3702 419 3758; x_wconf 93' lang='lat' dir='ltr'>Ut</span> <span class='ocrx_word' id='word_1_441' title='bbox 448 3718 553 3756; x_wconf 91' lang='lat' dir='ltr'>nec</span> <span class='ocrx_word' id='word_1_442' title='bbox 585 3694 935 3772; x_wconf 88' lang='lat' dir='ltr'>particulam</span> <span class='ocrx_word' id='word_1_443' title='bbox 966 3690 1280 3763; x_wconf 87' lang='lat' dir='ltr'>quisquam</span> <span class='ocrx_word' id='word_1_444' title='bbox 1325 3682 1681 3740; x_wconf 79' lang='lat' dir='ltr'>subtraxerit</span> <span class='ocrx_word' id='word_1_445' title='bbox 1710 3698 1994 3753; x_wconf 87' lang='lat' dir='ltr'>unquam,</span> <span class='ocrx_word' id='word_1_446' title='bbox 2109 3686 2223 3740; x_wconf 89' lang='lat' dir='ltr'>Nec</span> <span class='ocrx_word' id='word_1_447' title='bbox 2256 3700 2441 3749; x_wconf 91' lang='lat' dir='ltr'>mora,</span> <span class='ocrx_word' id='word_1_448' title='bbox 2473 3699 2609 3737; x_wconf 89' lang='lat' dir='ltr'>eum</span> <span class='ocrx_word' id='word_1_449' title='bbox 2642 3682 2856 3737; x_wconf 88' lang='lat' dir='ltr'>nebula</span> <span class='ocrx_word' id='word_1_450' title='bbox 2885 3685 3071 3739; x_wconf 83' lang='lat' dir='ltr'>terras</span> <span class='ocrx_word' id='word_1_451' title='bbox 3102 3700 3208 3739; x_wconf 89' lang='lat' dir='ltr'>nos</span> <span class='ocrx_word' id='word_1_452' title='bbox 3239 3689 3461 3740; x_wconf 82' lang='lat' dir='ltr'>texerat</span> <span class='ocrx_word' id='word_1_453' title='bbox 3488 3691 3639 3755; x_wconf 88' lang='lat' dir='ltr'>atra,</span> 
     </span>
    </p>
   </div>
   <div class='ocr_carea' id='block_1_39' title="bbox 345 3770 3564 3846">
    <p class='ocr_par' dir='ltr' id='par_1_39' title="bbox 345 3770 3564 3846">
     <span class='ocr_line' id='line_1_39' title="bbox 345 3770 3564 3846; baseline -0.006 1"><span class='ocrx_word' id='word_1_454' title='bbox 345 3790 521 3846; x_wconf 89' lang='lat' dir='ltr'>Pleno</span> <span class='ocrx_word' id='word_1_455' title='bbox 547 3770 948 3844; x_wconf 82' lang='lat' dir='ltr'>membrorum</span> <span class='ocrx_word' id='word_1_456' title='bbox 979 3793 1225 3833; x_wconf 89' lang='lat' dir='ltr'>numero</span> <span class='ocrx_word' id='word_1_457' title='bbox 1258 3776 1593 3829; x_wconf 88' lang='lat' dir='ltr'>remanente</span> <span class='ocrx_word' id='word_1_458' title='bbox 1623 3784 1944 3827; x_wconf 87' lang='lat' dir='ltr'>sacrorum.</span> <span class='ocrx_word' id='word_1_459' title='bbox 2109 3773 2377 3844; x_wconf 91' lang='lat' dir='ltr'>Undique</span> <span class='ocrx_word' id='word_1_460' title='bbox 2408 3770 2694 3825; x_wconf 90' lang='lat' dir='ltr'>silvestris</span> <span class='ocrx_word' id='word_1_461' title='bbox 2720 3787 2825 3842; x_wconf 90' lang='lat' dir='ltr'>per</span> <span class='ocrx_word' id='word_1_462' title='bbox 2850 3787 3060 3843; x_wconf 88' lang='lat' dir='ltr'>gyrum</span> <span class='ocrx_word' id='word_1_463' title='bbox 3092 3771 3343 3843; x_wconf 90' lang='lat' dir='ltr'>denique</span> <span class='ocrx_word' id='word_1_464' title='bbox 3372 3772 3564 3842; x_wconf 88' lang='lat' dir='ltr'>vallis,</span> 
     </span>
    </p>
   </div>
   <div class='ocr_carea' id='block_1_40' title="bbox 342 3859 1884 3951">
    <p class='ocr_par' dir='ltr' id='par_1_40' title="bbox 342 3859 1753 3951">
     <span class='ocr_line' id='line_1_40' title="bbox 342 3859 1753 3951; baseline -0.018 -15"><span class='ocrx_word' id='word_1_465' title='bbox 342 3880 454 3936; x_wconf 87' lang='lat' dir='ltr'>Sed</span> <span class='ocrx_word' id='word_1_466' title='bbox 488 3878 627 3951; x_wconf 92' lang='lat' dir='ltr'>quia</span> <span class='ocrx_word' id='word_1_467' title='bbox 649 3877 783 3948; x_wconf 90' lang='lat' dir='ltr'>jure</span> <span class='ocrx_word' id='word_1_468' title='bbox 813 3870 926 3944; x_wconf 90' lang='lat' dir='ltr'>piis</span> <span class='ocrx_word' id='word_1_469' title='bbox 956 3865 1272 3923; x_wconf 88' lang='lat' dir='ltr'>concedere</span> <span class='ocrx_word' id='word_1_470' title='bbox 1302 3862 1482 3917; x_wconf 91' lang='lat' dir='ltr'>debeo</span> <span class='ocrx_word' id='word_1_471' title='bbox 1512 3859 1662 3913; x_wconf 90' lang='lat' dir='ltr'>votis</span> <span class='ocrx_word' id='word_1_472' title='bbox 1691 3860 1753 3951; x_wconf 45' lang='lat' dir='ltr'>f3,</span> 
     </span>
    </p>
   </div>
   <div class='ocr_carea' id='block_1_41' title="bbox 2084 3859 3626 3951">
    <p class='ocr_par' dir='ltr' id='par_1_41' title="bbox 2108 3860 3626 3935">
     <span class='ocr_line' id='line_1_41' title="bbox 2108 3860 3626 3935; baseline 0.001 -17"><span class='ocrx_word' id='word_1_473' title='bbox 2108 3865 2170 3919; x_wconf 91' lang='lat' dir='ltr'>In</span> <span class='ocrx_word' id='word_1_474' title='bbox 2203 3880 2317 3935; x_wconf 92' lang='lat' dir='ltr'>quo</span> <span class='ocrx_word' id='word_1_475' title='bbox 2351 3860 2720 3917; x_wconf 78' lang='lat' dir='ltr'>fundendum</span> <span class='ocrx_word' id='word_1_476' title='bbox 2753 3860 2943 3915; x_wconf 82' lang='lat' dir='ltr'>fuerat</span> <span class='ocrx_word' id='word_1_477' title='bbox 2973 3861 3286 3932; x_wconf 67' lang='lat' dir='ltr'>prmnohile</span> <span class='ocrx_word' id='word_1_478' title='bbox 3312 3862 3626 3935; x_wconf 91' lang='lat' dir='ltr'>templum,</span> 
     </span>
    </p>
   </div>
   <div class='ocr_carea' id='block_1_42' title="bbox 339 3949 1881 4034">
    <p class='ocr_par' dir='ltr' id='par_1_42' title="bbox 339 3949 1768 4034">
     <span class='ocr_line' id='line_1_42' title="bbox 339 3949 1768 4034; baseline -0.016 -10"><span class='ocrx_word' id='word_1_479' title='bbox 339 3949 663 4024; x_wconf 81' lang='lat' dir='ltr'>Amborum</span> <span class='ocrx_word' id='word_1_480' title='bbox 693 3963 807 4034; x_wconf 88' lang='grc'>(41)</span> <span class='ocrx_word' id='word_1_481' title='bbox 835 3958 1001 4016; x_wconf 90' lang='lat' dir='ltr'>vobis</span> <span class='ocrx_word' id='word_1_482' title='bbox 1031 3956 1259 4012; x_wconf 89' lang='lat' dir='ltr'>donabo</span> <span class='ocrx_word' id='word_1_483' title='bbox 1292 3952 1537 4025; x_wconf 81' lang='lat' dir='ltr'>pignora</span> <span class='ocrx_word' id='word_1_484' title='bbox 1565 3949 1768 4021; x_wconf 80' lang='lat' dir='ltr'>gratis,</span> 
     </span>
    </p>
   </div>
   <div class='ocr_carea' id='block_1_43' title="bbox 1930 3949 3472 4034">
    <p class='ocr_par' dir='ltr' id='par_1_43' title="bbox 2106 3949 3472 4023">
     <span class='ocr_line' id='line_1_43' title="bbox 2106 3949 3472 4023; baseline -0.001 -14"><span class='ocrx_word' id='word_1_485' title='bbox 2106 3952 2320 4009; x_wconf 88' lang='lat' dir='ltr'>Ordine</span> <span class='ocrx_word' id='word_1_486' title='bbox 2350 3949 2635 4021; x_wconf 89' lang='lat' dir='ltr'>disposito</span> <span class='ocrx_word' id='word_1_487' title='bbox 2666 3952 2990 4004; x_wconf 90' lang='lat' dir='ltr'>cernuntur</span> <span class='ocrx_word' id='word_1_488' title='bbox 3018 3950 3248 4005; x_wconf 89' lang='lat' dir='ltr'>fumina</span> <span class='ocrx_word' id='word_1_489' title='bbox 3275 3949 3472 4023; x_wconf 88' lang='lat' dir='ltr'>plura:</span> 
     </span>
    </p>
   </div>
   <div class='ocr_carea' id='block_1_44' title="bbox 339 4037 3674 4130">
    <p class='ocr_par' dir='ltr' id='par_1_44' title="bbox 339 4037 3674 4130">
     <span class='ocr_line' id='line_1_44' title="bbox 339 4037 3674 4130; baseline -0.005 -15"><span class='ocrx_word' id='word_1_490' title='bbox 339 4054 694 4130; x_wconf 86' lang='lat' dir='ltr'>Corporibus</span> <span class='ocrx_word' id='word_1_491' title='bbox 724 4050 909 4107; x_wconf 88' lang='lat' dir='ltr'>sacris</span> <span class='ocrx_word' id='word_1_492' title='bbox 940 4044 1173 4101; x_wconf 89' lang='lat' dir='ltr'>abscisa</span> <span class='ocrx_word' id='word_1_493' title='bbox 1201 4043 1246 4076; x_wconf 81' lang='lat'><strong>“</strong></span> <span class='ocrx_word' id='word_1_494' title='bbox 1278 4044 1542 4113; x_wconf 88' lang='lat' dir='ltr'>patenter</span> <span class='ocrx_word' id='word_1_495' title='bbox 1571 4039 1643 4094; x_wconf 90' lang='lat' dir='ltr'>ab</span> <span class='ocrx_word' id='word_1_496' title='bbox 1674 4037 1849 4109; x_wconf 90' lang='lat' dir='ltr'>ipsis;</span> <span class='ocrx_word' id='word_1_497' title='bbox 2104 4044 2238 4108; x_wconf 64' lang='lat' dir='ltr'>Quae</span> <span class='ocrx_word' id='word_1_498' title='bbox 2270 4039 2448 4096; x_wconf 90' lang='lat' dir='ltr'>simul</span> <span class='ocrx_word' id='word_1_499' title='bbox 2481 4038 2755 4093; x_wconf 90' lang='lat' dir='ltr'>arboreas</span> <span class='ocrx_word' id='word_1_500' title='bbox 2786 4037 3030 4093; x_wconf 89' lang='lat' dir='ltr'>umbras</span> <span class='ocrx_word' id='word_1_501' title='bbox 3059 4039 3366 4111; x_wconf 89' lang='lat' dir='ltr'>noctisque</span> <span class='ocrx_word' id='word_1_502' title='bbox 3395 4041 3674 4099; x_wconf 85' lang='lat' dir='ltr'>tenebras</span> 
     </span>
    </p>
   </div>
   <div class='ocr_carea' id='block_1_45' title="bbox 340 4126 3369 4203">
    <p class='ocr_par' dir='ltr' id='par_1_45' title="bbox 340 4126 3369 4203">
     <span class='ocr_line' id='line_1_45' title="bbox 340 4126 3369 4203; baseline -0.005 -5"><span class='ocrx_word' id='word_1_503' title='bbox 340 4145 401 4203; x_wconf 93' lang='lat' dir='ltr'>Si</span> <span class='ocrx_word' id='word_1_504' title='bbox 433 4126 802 4200; x_wconf 70' lang='lat' dir='ltr'>sacramento</span> <span class='ocrx_word' id='word_1_505' title='bbox 831 4132 1198 4191; x_wconf 71' lang='lat' dir='ltr'>confirmatis</span> <span class='ocrx_word' id='word_1_506' title='bbox 1227 4129 1371 4184; x_wconf 78' lang='lat' dir='ltr'>mihi</span> <span class='ocrx_word' id='word_1_507' title='bbox 1404 4127 1577 4192; x_wconf 65' lang='lat' dir='ltr'>facto.</span> <span class='ocrx_word' id='word_1_508' title='bbox 2103 4130 2267 4187; x_wconf 90' lang='lat' dir='ltr'>Clare</span> <span class='ocrx_word' id='word_1_509' title='bbox 2297 4128 2568 4202; x_wconf 88' lang='lat' dir='ltr'>pollentis</span> <span class='ocrx_word' id='word_1_510' title='bbox 2601 4126 2952 4183; x_wconf 90' lang='lat' dir='ltr'>scindebant</span> <span class='ocrx_word' id='word_1_511' title='bbox 2980 4126 3109 4183; x_wconf 89' lang='lat' dir='ltr'>luce</span> <span class='ocrx_word' id='word_1_512' title='bbox 3140 4127 3369 4183; x_wconf 89' lang='lat' dir='ltr'>nitoris.</span> 
     </span>
    </p>
   </div>
   <div class='ocr_carea' id='block_1_46' title="bbox 340 4213 3677 4291">
    <p class='ocr_par' dir='ltr' id='par_1_46' title="bbox 340 4213 3677 4291">
     <span class='ocr_line' id='line_1_46' title="bbox 340 4213 3677 4291; baseline -0.003 -8"><span class='ocrx_word' id='word_1_513' title='bbox 340 4235 470 4291; x_wconf 80' lang='lat' dir='ltr'>Haec</span> <span class='ocrx_word' id='word_1_514' title='bbox 503 4232 562 4286; x_wconf 88' lang='lat' dir='ltr'><strong>in</strong></span> <span class='ocrx_word' id='word_1_515' title='bbox 595 4225 844 4285; x_wconf 72' lang='lat' dir='ltr'>emnobii</span> <span class='ocrx_word' id='word_1_516' title='bbox 875 4219 1137 4279; x_wconf 83' lang='lat' dir='ltr'>venerari</span> <span class='ocrx_word' id='word_1_517' title='bbox 1161 4219 1289 4289; x_wconf 78' lang='lat' dir='ltr'>jam</span> <span class='ocrx_word' id='word_1_518' title='bbox 1321 4214 1626 4271; x_wconf 79' lang='lat' dir='ltr'>memorati</span> <span class='ocrx_word' id='word_1_519' title='bbox 2103 4219 2247 4275; x_wconf 84' lang='lat' dir='ltr'>Hinc</span> <span class='ocrx_word' id='word_1_520' title='bbox 2279 4216 2456 4273; x_wconf 90' lang='lat' dir='ltr'>simul</span> <span class='ocrx_word' id='word_1_521' title='bbox 2490 4218 2747 4272; x_wconf 87' lang='lat' dir='ltr'>astantes</span> <span class='ocrx_word' id='word_1_522' title='bbox 2778 4214 3026 4270; x_wconf 91' lang='lat' dir='ltr'>Domino</span> <span class='ocrx_word' id='word_1_523' title='bbox 3058 4213 3294 4270; x_wconf 87' lang='lat' dir='ltr'>laudem</span> <span class='ocrx_word' id='word_1_524' title='bbox 3328 4215 3677 4288; x_wconf 83' lang='lat' dir='ltr'>referentes,</span> 
     </span>
    </p>
   </div>
   <div class='ocr_carea' id='block_1_47' title="bbox 340 4301 3575 4386">
    <p class='ocr_par' dir='ltr' id='par_1_47' title="bbox 340 4301 3575 4386">
     <span class='ocr_line' id='line_1_47' title="bbox 340 4301 3575 4386; baseline -0.006 -7"><span class='ocrx_word' id='word_1_525' title='bbox 340 4322 481 4381; x_wconf 87' lang='lat' dir='ltr'>Fine</span> <span class='ocrx_word' id='word_1_526' title='bbox 511 4324 686 4376; x_wconf 86' lang='lat' dir='ltr'>tenus</span> <span class='ocrx_word' id='word_1_527' title='bbox 710 4312 930 4386; x_wconf 89' lang='lat' dir='ltr'>templo</span> <span class='ocrx_word' id='word_1_528' title='bbox 960 4307 1134 4365; x_wconf 91' lang='lat' dir='ltr'>vestri</span> <span class='ocrx_word' id='word_1_529' title='bbox 1166 4304 1495 4361; x_wconf 88' lang='lat' dir='ltr'>munimine</span> <span class='ocrx_word' id='word_1_530' title='bbox 1525 4304 1568 4337; x_wconf 75' lang='grc'>⁸³</span> <span class='ocrx_word' id='word_1_531' title='bbox 1599 4303 1772 4371; x_wconf 88' lang='lat' dir='ltr'>facto,</span> <span class='ocrx_word' id='word_1_532' title='bbox 1882 4328 1886 4333; x_wconf 92' lang='grc'>·</span> <span class='ocrx_word' id='word_1_533' title='bbox 2101 4308 2317 4364; x_wconf 88' lang='lat' dir='ltr'>Omnes</span> <span class='ocrx_word' id='word_1_534' title='bbox 2347 4320 2476 4359; x_wconf 90' lang='lat' dir='ltr'>esse</span> <span class='ocrx_word' id='word_1_535' title='bbox 2505 4302 2700 4358; x_wconf 90' lang='lat' dir='ltr'>locum</span> <span class='ocrx_word' id='word_1_536' title='bbox 2732 4301 3049 4357; x_wconf 84' lang='lat' dir='ltr'>ﬁrmabant</span> <span class='ocrx_word' id='word_1_537' title='bbox 3078 4302 3575 4361; x_wconf 83' lang='lat' dir='ltr'>sanctiﬁcandum</span> 
     </span>
    </p>
   </div>
   <div class='ocr_carea' id='block_1_48' title="bbox 338 4389 3617 4479">
    <p class='ocr_par' dir='ltr' id='par_1_48' title="bbox 338 4389 3617 4479">
     <span class='ocr_line' id='line_1_48' title="bbox 338 4389 3617 4479; baseline -0.006 -10"><span class='ocrx_word' id='word_1_538' title='bbox 338 4412 517 4469; x_wconf 86' lang='lat' dir='ltr'>Nocte</span> <span class='ocrx_word' id='word_1_539' title='bbox 545 4408 754 4479; x_wconf 90' lang='lat' dir='ltr'>dieque</span> <span class='ocrx_word' id='word_1_540' title='bbox 784 4402 968 4460; x_wconf 88' lang='lat' dir='ltr'>sacris</span> <span class='ocrx_word' id='word_1_541' title='bbox 998 4397 1118 4455; x_wconf 87' lang='lat' dir='ltr'>illic</span> <span class='ocrx_word' id='word_1_542' title='bbox 1150 4392 1564 4451; x_wconf 87' lang='lat' dir='ltr'>resonantibus</span> <span class='ocrx_word' id='word_1_543' title='bbox 1597 4393 1852 4465; x_wconf 82' lang='lat' dir='ltr'>hymnis,</span> <span class='ocrx_word' id='word_1_544' title='bbox 2099 4397 2241 4467; x_wconf 85' lang='lat' dir='ltr'>Ejus</span> <span class='ocrx_word' id='word_1_545' title='bbox 2272 4395 2343 4450; x_wconf 87' lang='lat' dir='ltr'>ad</span> <span class='ocrx_word' id='word_1_546' title='bbox 2376 4391 2755 4479; x_wconf 82' lang='lat' dir='ltr'>obsequium,</span> <span class='ocrx_word' id='word_1_547' title='bbox 2782 4390 2883 4463; x_wconf 90' lang='lat' dir='ltr'>qui</span> <span class='ocrx_word' id='word_1_548' title='bbox 2909 4389 3039 4446; x_wconf 89' lang='lat' dir='ltr'>luce</span> <span class='ocrx_word' id='word_1_549' title='bbox 3070 4390 3393 4464; x_wconf 86' lang='lat' dir='ltr'>repleverat</span> <span class='ocrx_word' id='word_1_550' title='bbox 3422 4391 3617 4461; x_wconf 88' lang='lat' dir='ltr'>illum,</span> 
     </span>
    </p>
   </div>
   <div class='ocr_carea' id='block_1_49' title="bbox 338 4478 3265 4563">
    <p class='ocr_par' dir='ltr' id='par_1_49' title="bbox 338 4478 3265 4563">
     <span class='ocr_line' id='line_1_49' title="bbox 338 4478 3265 4563; baseline -0.008 -6"><span class='ocrx_word' id='word_1_551' title='bbox 338 4501 575 4557; x_wconf 87' lang='lat' dir='ltr'>Necnon</span> <span class='ocrx_word' id='word_1_552' title='bbox 605 4509 849 4558; x_wconf 83' lang='lat' dir='ltr'>accenso</span> <span class='ocrx_word' id='word_1_553' title='bbox 882 4486 1157 4563; x_wconf 68' lang='lat' dir='ltr'>praeclaro</span> <span class='ocrx_word' id='word_1_554' title='bbox 1187 4482 1412 4539; x_wconf 90' lang='lat' dir='ltr'>lumine</span> <span class='ocrx_word' id='word_1_555' title='bbox 1443 4498 1693 4553; x_wconf 87' lang='lat' dir='ltr'>semper.</span> <span class='ocrx_word' id='word_1_556' title='bbox 2097 4488 2171 4541; x_wconf 90' lang='lat' dir='ltr'>At</span> <span class='ocrx_word' id='word_1_557' title='bbox 2199 4484 2316 4539; x_wconf 79' lang='lat' dir='ltr'>dux</span> <span class='ocrx_word' id='word_1_558' title='bbox 2347 4480 2565 4538; x_wconf 77' lang='lat' dir='ltr'>cmlesti</span> <span class='ocrx_word' id='word_1_559' title='bbox 2598 4496 2714 4535; x_wconf 88' lang='lat' dir='ltr'>non</span> <span class='ocrx_word' id='word_1_560' title='bbox 2745 4478 3012 4551; x_wconf 85' lang='lat' dir='ltr'>ingratus</span> <span class='ocrx_word' id='word_1_561' title='bbox 3044 4479 3265 4551; x_wconf 88' lang='lat' dir='ltr'>pietati,</span> 
     </span>
    </p>
   </div>
   <div class='ocr_carea' id='block_1_50' title="bbox 338 4566 1880 4658">
    <p class='ocr_par' dir='ltr' id='par_1_50' title="bbox 338 4570 1656 4658">
     <span class='ocr_line' id='line_1_50' title="bbox 338 4570 1656 4658; baseline -0.017 -11"><span class='ocrx_word' id='word_1_562' title='bbox 338 4590 456 4646; x_wconf 88' lang='lat' dir='ltr'>Hoc</span> <span class='ocrx_word' id='word_1_563' title='bbox 486 4592 545 4644; x_wconf 89' lang='lat' dir='ltr'>et</span> <span class='ocrx_word' id='word_1_564' title='bbox 575 4581 878 4658; x_wconf 89' lang='lat' dir='ltr'>apostolici</span> <span class='ocrx_word' id='word_1_565' title='bbox 902 4578 1078 4651; x_wconf 87' lang='lat' dir='ltr'>juris,</span> <span class='ocrx_word' id='word_1_566' title='bbox 1114 4574 1267 4629; x_wconf 88' lang='lat' dir='ltr'>sicut</span> <span class='ocrx_word' id='word_1_567' title='bbox 1297 4577 1353 4626; x_wconf 87' lang='lat' dir='ltr'>et</span> <span class='ocrx_word' id='word_1_568' title='bbox 1382 4570 1656 4658; x_wconf 90' lang='lat' dir='ltr'>petiistis,</span> 
     </span>
    </p>
   </div>
   <div class='ocr_carea' id='block_1_51' title="bbox 1947 4566 3489 4658">
    <p class='ocr_par' dir='ltr' id='par_1_51' title="bbox 2096 4566 3489 4639">
     <span class='ocr_line' id='line_1_51' title="bbox 2096 4566 3489 4639; baseline -0.003 -10"><span class='ocrx_word' id='word_1_569' title='bbox 2096 4572 2418 4629; x_wconf 87' lang='lat' dir='ltr'>Arboribus</span> <span class='ocrx_word' id='word_1_570' title='bbox 2451 4586 2584 4625; x_wconf 83' lang='lat' dir='ltr'>mox</span> <span class='ocrx_word' id='word_1_571' title='bbox 2615 4566 2863 4624; x_wconf 91' lang='lat' dir='ltr'>succisis</span> <span class='ocrx_word' id='word_1_572' title='bbox 2893 4567 3199 4639; x_wconf 90' lang='lat' dir='ltr'>spinisque</span> <span class='ocrx_word' id='word_1_573' title='bbox 3232 4569 3489 4639; x_wconf 90' lang='lat' dir='ltr'>rejectis,</span> 
     </span>
    </p>
   </div>
   <div class='ocr_carea' id='block_1_52' title="bbox 336 4655 3407 4737">
    <p class='ocr_par' dir='ltr' id='par_1_52' title="bbox 336 4655 3407 4737">
     <span class='ocr_line' id='line_1_52' title="bbox 336 4655 3407 4737; baseline -0.007 -3"><span class='ocrx_word' id='word_1_574' title='bbox 336 4655 678 4734; x_wconf 68' lang='lat' dir='ltr'>Cmnobiuin</span> <span class='ocrx_word' id='word_1_575' title='bbox 711 4667 895 4726; x_wconf 90' lang='lat' dir='ltr'>nostri</span> <span class='ocrx_word' id='word_1_576' title='bbox 927 4665 1308 4737; x_wconf 85' lang='lat' dir='ltr'>designamus</span> <span class='ocrx_word' id='word_1_577' title='bbox 1340 4657 1567 4724; x_wconf 89' lang='lat' dir='ltr'>ditioni,</span> <span class='ocrx_word' id='word_1_578' title='bbox 2018 4672 2064 4737; x_wconf 83' lang='lat' dir='ltr'><strong>D</strong></span> <span class='ocrx_word' id='word_1_579' title='bbox 2098 4665 2516 4730; x_wconf 77' lang='lat' dir='ltr'>consensuque</span> <span class='ocrx_word' id='word_1_580' title='bbox 2546 4674 2663 4713; x_wconf 69' lang='lat' dir='ltr'>sure</span> <span class='ocrx_word' id='word_1_581' title='bbox 2696 4656 2915 4711; x_wconf 67' lang='lat' dir='ltr'>dilectae</span> <span class='ocrx_word' id='word_1_582' title='bbox 2947 4655 3220 4729; x_wconf 90' lang='lat' dir='ltr'>conjugis</span> <span class='ocrx_word' id='word_1_583' title='bbox 3250 4657 3407 4726; x_wconf 69' lang='lat' dir='ltr'>Odm,</span> 
     </span>
    </p>
   </div>
   <div class='ocr_carea' id='block_1_53' title="bbox 333 4743 3413 4822">
    <p class='ocr_par' dir='ltr' id='par_1_53' title="bbox 333 4743 3413 4822">
     <span class='ocr_line' id='line_1_53' title="bbox 333 4743 3413 4822; baseline -0.007 0"><span class='ocrx_word' id='word_1_584' title='bbox 333 4766 469 4822; x_wconf 65' lang='lat' dir='ltr'>Ut“</span> <span class='ocrx_word' id='word_1_585' title='bbox 496 4768 858 4819; x_wconf 89' lang='lat' dir='ltr'>terrenorum</span> <span class='ocrx_word' id='word_1_586' title='bbox 891 4756 968 4811; x_wconf 90' lang='lat' dir='ltr'>sit</span> <span class='ocrx_word' id='word_1_587' title='bbox 999 4766 1271 4809; x_wconf 90' lang='lat' dir='ltr'>securum</span> <span class='ocrx_word' id='word_1_588' title='bbox 1303 4747 1750 4803; x_wconf 84' lang='lat' dir='ltr'>dominorum.»</span> <span class='ocrx_word' id='word_1_589' title='bbox 2095 4750 2346 4807; x_wconf 84' lang='lat' dir='ltr'>Omnino</span> <span class='ocrx_word' id='word_1_590' title='bbox 2377 4746 2589 4802; x_wconf 89' lang='lat' dir='ltr'>vallem</span> <span class='ocrx_word' id='word_1_591' title='bbox 2620 4743 2893 4800; x_wconf 91' lang='lat' dir='ltr'>mundari</span> <span class='ocrx_word' id='word_1_592' title='bbox 2917 4745 3105 4815; x_wconf 88' lang='lat' dir='ltr'>jussit</span> <span class='ocrx_word' id='word_1_593' title='bbox 3134 4746 3413 4815; x_wconf 89' lang='lat' dir='ltr'>eandem;</span> 
     </span>
    </p>
   </div>
   <div class='ocr_carea' id='block_1_54' title="bbox 331 4833 3753 4923">
    <p class='ocr_par' dir='ltr' id='par_1_54' title="bbox 331 4833 3753 4923">
     <span class='ocr_line' id='line_1_54' title="bbox 331 4833 3753 4923; baseline -0.005 -13"><span class='ocrx_word' id='word_1_594' title='bbox 331 4856 434 4910; x_wconf 86' lang='lat' dir='ltr'>His</span> <span class='ocrx_word' id='word_1_595' title='bbox 466 4854 583 4908; x_wconf 84' lang='lat' dir='ltr'><strong>dux</strong></span> <span class='ocrx_word' id='word_1_596' title='bbox 613 4845 921 4923; x_wconf 88' lang='lat' dir='ltr'>promissis</span> <span class='ocrx_word' id='word_1_597' title='bbox 950 4843 1182 4897; x_wconf 74' lang='lat' dir='ltr'>laetatus</span> <span class='ocrx_word' id='word_1_598' title='bbox 1213 4838 1407 4905; x_wconf 89' lang='lat' dir='ltr'>corde,</span> <span class='ocrx_word' id='word_1_599' title='bbox 1438 4836 1706 4891; x_wconf 89' lang='lat' dir='ltr'>verendis</span> <span class='ocrx_word' id='word_1_600' title='bbox 2092 4839 2547 4907; x_wconf 88' lang='lat' dir='ltr'>Silvestremque</span> <span class='ocrx_word' id='word_1_601' title='bbox 2567 4834 2761 4889; x_wconf 92' lang='lat' dir='ltr'>locum</span> <span class='ocrx_word' id='word_1_602' title='bbox 2789 4833 3004 4888; x_wconf 88' lang='lat' dir='ltr'>Faunis</span> <span class='ocrx_word' id='word_1_603' title='bbox 3031 4834 3435 4906; x_wconf 87' lang='lat' dir='ltr'>monstrisque</span> <span class='ocrx_word' id='word_1_604' title='bbox 3468 4836 3753 4908; x_wconf 84' lang='lat' dir='ltr'>repletum</span> 
     </span>
    </p>
   </div>
   <div class='ocr_carea' id='block_1_55' title="bbox 330 4920 3446 5009">
    <p class='ocr_par' dir='ltr' id='par_1_55' title="bbox 330 4920 3446 5009">
     <span class='ocr_line' id='line_1_55' title="bbox 330 4920 3446 5009; baseline -0.007 -11"><span class='ocrx_word' id='word_1_605' title='bbox 330 4920 631 4998; x_wconf 82' lang='lat' dir='ltr'>Mandatis</span> <span class='ocrx_word' id='word_1_606' title='bbox 655 4956 716 4994; x_wconf 92' lang='lat' dir='ltr'>se</span> <span class='ocrx_word' id='word_1_607' title='bbox 746 4932 1044 5009; x_wconf 83' lang='lat' dir='ltr'>pontiﬁcis</span> <span class='ocrx_word' id='word_1_608' title='bbox 1075 4927 1294 4987; x_wconf 89' lang='lat' dir='ltr'>summi</span> <span class='ocrx_word' id='word_1_609' title='bbox 1327 4926 1447 4981; x_wconf 81' lang='lat' dir='ltr'>fore</span> <span class='ocrx_word' id='word_1_610' title='bbox 1478 4925 1661 4981; x_wconf 89' lang='lat' dir='ltr'>sacris</span> <span class='ocrx_word' id='word_1_611' title='bbox 2095 4927 2253 4985; x_wconf 90' lang='lat' dir='ltr'>Fecit</span> <span class='ocrx_word' id='word_1_612' title='bbox 2282 4925 2633 4981; x_wconf 89' lang='lat' dir='ltr'>mundatum</span> <span class='ocrx_word' id='word_1_613' title='bbox 2664 4920 2878 4977; x_wconf 90' lang='lat' dir='ltr'>divinis</span> <span class='ocrx_word' id='word_1_614' title='bbox 2906 4920 3185 4977; x_wconf 89' lang='lat' dir='ltr'>laudibus</span> <span class='ocrx_word' id='word_1_615' title='bbox 3217 4926 3446 4995; x_wconf 89' lang='lat' dir='ltr'>aptum.</span> 
     </span>
    </p>
   </div>
   <div class='ocr_carea' id='block_1_56' title="bbox 401 5015 1943 5085">
    <p class='ocr_par' dir='ltr' id='par_1_56' title="bbox 401 5029 723 5085">
     <span class='ocr_line' id='line_1_56' title="bbox 401 5029 723 5085; baseline -0.006 -2"><span class='ocrx_word' id='word_1_616' title='bbox 401 5029 566 5085; x_wconf 89' lang='lat' dir='ltr'>Vers.</span> <span class='ocrx_word' id='word_1_617' title='bbox 602 5029 723 5082; x_wconf 86' lang='lat'>182.</span> 
     </span>
    </p>
   </div>
   <div class='ocr_carea' id='block_1_57' title="bbox 943 5015 2485 5085">
    <p class='ocr_par' dir='ltr' id='par_1_57' title="bbox 2162 5015 2485 5072">
     <span class='ocr_line' id='line_1_57' title="bbox 2162 5015 2485 5072; baseline -0.009 -2"><span class='ocrx_word' id='word_1_618' title='bbox 2162 5016 2327 5072; x_wconf 87' lang='lat' dir='ltr'>Vers.</span> <span class='ocrx_word' id='word_1_619' title='bbox 2360 5015 2485 5069; x_wconf 81' lang='lat'>232.</span> 
     </span>
    </p>
   </div>
   <div class='ocr_carea' id='block_1_58' title="bbox 1686 5140 2384 5200">
    <p class='ocr_par' dir='ltr' id='par_1_58' title="bbox 1686 5140 2384 5200">
     <span class='ocr_line' id='line_1_58' title="bbox 1686 5140 2384 5200; baseline -0.001 -5"><span class='ocrx_word' id='word_1_620' title='bbox 1686 5140 1924 5197; x_wconf 64' lang='lat' dir='ltr'>VARIA‘Z</span> <span class='ocrx_word' id='word_1_621' title='bbox 1965 5140 2384 5200; x_wconf 85' lang='lat' dir='ltr'>LECTIONES.</span> 
     </span>
    </p>
   </div>
   <div class='ocr_carea' id='block_1_59' title="bbox 397 5232 3750 5360">
    <p class='ocr_par' dir='ltr' id='par_1_59' title="bbox 397 5232 3750 5360">
     <span class='ocr_line' id='line_1_59' title="bbox 397 5232 3750 5312; baseline -0.003 -7"><span class='ocrx_word' id='word_1_622' title='bbox 397 5252 442 5286; x_wconf 80' lang='grc'>⁸⁷</span> <span class='ocrx_word' id='word_1_623' title='bbox 476 5252 549 5305; x_wconf 75' lang='lat' dir='ltr'>ita</span> <span class='ocrx_word' id='word_1_624' title='bbox 583 5248 766 5304; x_wconf 77' lang='lat' dir='ltr'>Leibn.</span> <span class='ocrx_word' id='word_1_625' title='bbox 798 5245 1121 5302; x_wconf 72' lang='lat' dir='ltr'>emcndav‘it.</span> <span class='ocrx_word' id='word_1_626' title='bbox 1147 5241 1358 5312; x_wconf 90' lang='lat' dir='ltr'>Utique</span> <span class='ocrx_word' id='word_1_627' title='bbox 1391 5240 1441 5295; x_wconf 89' lang='lat'>1.</span> <span class='ocrx_word' id='word_1_628' title='bbox 1475 5238 1548 5294; x_wconf 88' lang='lat' dir='ltr'>Ut</span> <span class='ocrx_word' id='word_1_629' title='bbox 1576 5238 1758 5310; x_wconf 89' lang='lat' dir='ltr'>igitur</span> <span class='ocrx_word' id='word_1_630' title='bbox 1789 5240 1877 5295; x_wconf 94' lang='lat' dir='ltr'>1b.</span> <span class='ocrx_word' id='word_1_631' title='bbox 1956 5240 2002 5276; x_wconf 83' lang='grc'>³⁸</span> <span class='ocrx_word' id='word_1_632' title='bbox 2031 5242 2110 5297; x_wconf 78' lang='lat' dir='ltr'>ita</span> <span class='ocrx_word' id='word_1_633' title='bbox 2136 5241 2186 5295; x_wconf 90' lang='lat'>1.</span> <span class='ocrx_word' id='word_1_634' title='bbox 2222 5239 2313 5294; x_wconf 91' lang='grc'><strong>11).</strong></span> <span class='ocrx_word' id='word_1_635' title='bbox 2342 5235 2642 5292; x_wconf 75' lang='lat' dir='ltr'>Leibnitius</span> <span class='ocrx_word' id='word_1_636' title='bbox 2672 5250 2701 5289; x_wconf 77' lang='grc' dir='ltr'><em>ε</em></span> <span class='ocrx_word' id='word_1_637' title='bbox 2736 5232 2937 5289; x_wconf 84' lang='lat' dir='ltr'>cndum</span> <span class='ocrx_word' id='word_1_638' title='bbox 3005 5234 3221 5305; x_wconf 80' lang='lat' dir='ltr'>ropom&#39;t</span> <span class='ocrx_word' id='word_1_639' title='bbox 3247 5236 3292 5289; x_wconf 91' lang='lat' dir='ltr'>A</span> <span class='ocrx_word' id='word_1_640' title='bbox 3325 5238 3380 5291; x_wconf 89' lang='lat' dir='ltr'>te</span> <span class='ocrx_word' id='word_1_641' title='bbox 3414 5237 3750 5295; x_wconf 87' lang='lat' dir='ltr'>consilium-</span> 
     </span>
     <span class='ocr_line' id='line_1_60' title="bbox 397 5250 3750 5360; baseline 0 0"><span class='ocrx_word' id='word_1_642' title='bbox 397 5340 445 5360; x_wconf 77' lang='grc' dir='ltr'>ιο</span> <span class='ocrx_word' id='word_1_643' title='bbox 502 5319 641 5360; x_wconf 75' lang='lat' dir='ltr'>mmd</span> <span class='ocrx_word' id='word_1_644' title='bbox 690 5320 721 5360; x_wconf 70' lang='lat'>1.</span> <span class='ocrx_word' id='word_1_645' title='bbox 776 5319 984 5360; x_wconf 72' lang='lat' dir='ltr'>rminiL</span> <span class='ocrx_word' id='word_1_646' title='bbox 1062 5316 1108 5348; x_wconf 76' lang='lat'>39</span> <span class='ocrx_word' id='word_1_647' title='bbox 1141 5316 1215 5360; x_wconf 78' lang='lat' dir='ltr'>ita</span> <span class='ocrx_word' id='word_1_648' title='bbox 1259 5313 1401 5360; x_wconf 84' lang='lat' dir='ltr'>mni-</span> <span class='ocrx_word' id='word_1_649' title='bbox 1432 5312 1486 5360; x_wconf 89' lang='lat'>3.</span> <span class='ocrx_word' id='word_1_650' title='bbox 1521 5311 1853 5360; x_wconf 85' lang='lat' dir='ltr'>meutisnue</span> <span class='ocrx_word' id='word_1_651' title='bbox 1882 5312 1929 5360; x_wconf 90' lang='lat'>1.</span> <span class='ocrx_word' id='word_1_652' title='bbox 1965 5313 2056 5360; x_wconf 80' lang='grc'><strong>11)-</strong></span> <span class='ocrx_word' id='word_1_653' title='bbox 2134 5313 2179 5345; x_wconf 72' lang='grc'>⁴⁰</span> <span class='ocrx_word' id='word_1_654' title='bbox 2208 5309 2516 5360; x_wconf 71' lang='lat' dir='ltr'>menmium</span> <span class='ocrx_word' id='word_1_655' title='bbox 2546 5308 2594 5360; x_wconf 78' lang='grc'>4.</span> <span class='ocrx_word' id='word_1_656' title='bbox 2675 5251 2821 5360; x_wconf 57' lang='grc' dir='ltr'>λ’ἵΑῐ</span> <span class='ocrx_word' id='word_1_657' title='bbox 2866 5250 3136 5360; x_wconf 59' lang='grc' dir='ltr'>ιείῖηἰῑίο</span> <span class='ocrx_word' id='word_1_658' title='bbox 3181 5306 3447 5360; x_wconf 71' lang='lat' dir='ltr'>suadente</span> <span class='ocrx_word' id='word_1_659' title='bbox 3477 5310 3530 5360; x_wconf 75' lang='grc'>4-</span> <span class='ocrx_word' id='word_1_660' title='bbox 3606 5312 3651 5345; x_wconf 70' lang='grc'>⁸³</span> <span class='ocrx_word' id='word_1_661' title='bbox 3678 5313 3750 5360; x_wconf 73' lang='lat' dir='ltr'>im</span> 
     </span>
    </p>
   </div>
   <div class='ocr_carea' id='block_1_60' title="bbox 332 5306 3750 5457">
    <p class='ocr_par' dir='ltr' id='par_1_60' title="bbox 332 5306 3750 5457">
     <span class='ocr_line' id='line_1_61' title="bbox 332 5306 3750 5396; baseline -0.003 -21"><span class='ocrx_word' id='word_1_662' title='bbox 332 5340 466 5396; x_wconf 89' lang='lat' dir='ltr'>que,</span> <span class='ocrx_word' id='word_1_663' title='bbox 502 5319 642 5393; x_wconf 85' lang='lat' dir='ltr'>quod</span> <span class='ocrx_word' id='word_1_664' title='bbox 690 5320 742 5372; x_wconf 82' lang='grc'><strong>4.</strong></span> <span class='ocrx_word' id='word_1_665' title='bbox 776 5319 985 5387; x_wconf 70' lang='lat' dir='ltr'>recipit.</span> <span class='ocrx_word' id='word_1_666' title='bbox 1062 5316 1108 5348; x_wconf 69' lang='lat'>39</span> <span class='ocrx_word' id='word_1_667' title='bbox 1141 5316 1215 5368; x_wconf 78' lang='lat' dir='ltr'>ita</span> <span class='ocrx_word' id='word_1_668' title='bbox 1259 5306 1401 5383; x_wconf 63' lang='lat' dir='ltr'>conj.</span> <span class='ocrx_word' id='word_1_669' title='bbox 1521 5306 1853 5393; x_wconf 67' lang='lat' dir='ltr'>mentisque</span> <span class='ocrx_word' id='word_1_670' title='bbox 1882 5312 1929 5366; x_wconf 94' lang='lat'>1.</span> <span class='ocrx_word' id='word_1_671' title='bbox 1965 5313 2056 5368; x_wconf 89' lang='grc'><strong>11).</strong></span> <span class='ocrx_word' id='word_1_672' title='bbox 2134 5313 2179 5345; x_wconf 75' lang='grc'>⁴⁰</span> <span class='ocrx_word' id='word_1_673' title='bbox 2208 5309 2516 5381; x_wconf 78' lang='lat' dir='ltr'>regundum</span> <span class='ocrx_word' id='word_1_674' title='bbox 2546 5308 2594 5362; x_wconf 78' lang='grc'>4.</span> <span class='ocrx_word' id='word_1_675' title='bbox 2675 5306 2821 5389; x_wconf 42' lang='grc' dir='ltr'><strong>⁴¹.Α1</strong></span> <span class='ocrx_word' id='word_1_676' title='bbox 2866 5306 3136 5361; x_wconf 78' lang='lat' dir='ltr'>Leibnitio</span> <span class='ocrx_word' id='word_1_677' title='bbox 3181 5306 3447 5388; x_wconf 56' lang='lat' dir='ltr'>suadente</span> <span class='ocrx_word' id='word_1_678' title='bbox 3477 5310 3530 5365; x_wconf 76' lang='grc'><strong>4.</strong></span> <span class='ocrx_word' id='word_1_679' title='bbox 3606 5312 3651 5345; x_wconf 72' lang='grc'>⁸³</span> <span class='ocrx_word' id='word_1_680' title='bbox 3678 5313 3750 5366; x_wconf 71' lang='lat' dir='ltr'>ita</span> 
     </span>
     <span class='ocr_line' id='line_1_62' title="bbox 333 5377 3747 5457; baseline -0.005 -7"><span class='ocrx_word' id='word_1_681' title='bbox 333 5396 425 5450; x_wconf 88' lang='lat' dir='ltr'>1b.</span> <span class='ocrx_word' id='word_1_682' title='bbox 460 5395 499 5448; x_wconf 90' lang='lat' dir='ltr'>f.</span> <span class='ocrx_word' id='word_1_683' title='bbox 533 5410 584 5447; x_wconf 90' lang='lat' dir='ltr'>e.</span> <span class='ocrx_word' id='word_1_684' title='bbox 618 5408 667 5445; x_wconf 88' lang='lat' dir='ltr'>c.</span> <span class='ocrx_word' id='word_1_685' title='bbox 706 5392 755 5443; x_wconf 93' lang='lat'>1.</span> <span class='ocrx_word' id='word_1_686' title='bbox 832 5390 876 5421; x_wconf 73' lang='lat'><strong>‘3</strong></span> <span class='ocrx_word' id='word_1_687' title='bbox 902 5394 1022 5457; x_wconf 77' lang='lat' dir='ltr'>post</span> <span class='ocrx_word' id='word_1_688' title='bbox 1048 5386 1368 5439; x_wconf 85' lang='lat' dir='ltr'>Amborum</span> <span class='ocrx_word' id='word_1_689' title='bbox 1400 5383 1748 5457; x_wconf 61' lang='lat' dir='ltr'>distinguunt</span> <span class='ocrx_word' id='word_1_690' title='bbox 1774 5383 1825 5436; x_wconf 88' lang='lat'>3.</span> <span class='ocrx_word' id='word_1_691' title='bbox 1864 5384 1916 5457; x_wconf 56' lang='grc' dir='ltr'><strong>ᾇ.</strong></span> <span class='ocrx_word' id='word_1_692' title='bbox 1964 5382 2268 5457; x_wconf 41' lang='grc' dir='ltr'>βξᾶὺοίεει</span> <span class='ocrx_word' id='word_1_693' title='bbox 2300 5384 2351 5436; x_wconf 92' lang='grc'>1.</span> <span class='ocrx_word' id='word_1_694' title='bbox 2383 5380 2564 5457; x_wconf 40' lang='lat' dir='ltr'>1b.}.</span> <span class='ocrx_word' id='word_1_695' title='bbox 2634 5377 2686 5457; x_wconf 60' lang='lat' dir='ltr'>ff</span> <span class='ocrx_word' id='word_1_696' title='bbox 2718 5385 2795 5457; x_wconf 57' lang='lat' dir='ltr'>ita</span> <span class='ocrx_word' id='word_1_697' title='bbox 2827 5378 2916 5432; x_wconf 91' lang='lat' dir='ltr'>1b.</span> <span class='ocrx_word' id='word_1_698' title='bbox 2949 5378 3422 5457; x_wconf 73' lang='lat' dir='ltr'>3._nu_rmne</span> <span class='ocrx_word' id='word_1_699' title='bbox 3448 5381 3493 5415; x_wconf 67' lang='grc'>⁸⁸</span> <span class='ocrx_word' id='word_1_700' title='bbox 3525 5380 3747 5457; x_wconf 76' lang='lat' dir='ltr'>thui-</span> 
     </span>
    </p>
   </div>
   <div class='ocr_carea' id='block_1_61' title="bbox 329 5398 3741 5535">
    <p class='ocr_par' dir='ltr' id='par_1_61' title="bbox 329 5398 3741 5535">
     <span class='ocr_line' id='line_1_63' title="bbox 333 5398 3741 5457; baseline -0.004 -7"><span class='ocrx_word' id='word_1_701' title='bbox 333 5398 425 5450; x_wconf 90' lang='lat' dir='ltr'>1b.</span> <span class='ocrx_word' id='word_1_702' title='bbox 460 5398 499 5448; x_wconf 87' lang='lat' dir='ltr'>t&#39;.</span> <span class='ocrx_word' id='word_1_703' title='bbox 533 5410 584 5447; x_wconf 93' lang='lat' dir='ltr'>e.</span> <span class='ocrx_word' id='word_1_704' title='bbox 618 5408 667 5445; x_wconf 89' lang='lat' dir='ltr'>c.</span> <span class='ocrx_word' id='word_1_705' title='bbox 706 5398 755 5443; x_wconf 86' lang='lat'>1.</span> <span class='ocrx_word' id='word_1_706' title='bbox 832 5398 876 5421; x_wconf 63' lang='grc' dir='ltr'><strong>η</strong></span> <span class='ocrx_word' id='word_1_707' title='bbox 902 5398 1022 5457; x_wconf 74' lang='lat' dir='ltr'>post</span> <span class='ocrx_word' id='word_1_708' title='bbox 1048 5398 1368 5439; x_wconf 81' lang='lat' dir='ltr'>Amcorum</span> <span class='ocrx_word' id='word_1_709' title='bbox 1400 5398 1748 5451; x_wconf 66' lang='lat' dir='ltr'>distinguunt</span> <span class='ocrx_word' id='word_1_710' title='bbox 1774 5398 1825 5436; x_wconf 68' lang='grc' dir='ltr'><strong>δ.</strong></span> <span class='ocrx_word' id='word_1_711' title='bbox 1864 5398 1916 5437; x_wconf 73' lang='grc' dir='ltr'>[ι.</span> <span class='ocrx_word' id='word_1_712' title='bbox 1993 5398 2039 5417; x_wconf 70' lang='grc' dir='ltr'><strong>ὀ</strong></span> <span class='ocrx_word' id='word_1_713' title='bbox 2067 5398 2268 5438; x_wconf 81' lang='lat' dir='ltr'>ancisa</span> <span class='ocrx_word' id='word_1_714' title='bbox 2300 5398 2351 5436; x_wconf 88' lang='lat'>1.</span> <span class='ocrx_word' id='word_1_715' title='bbox 2388 5398 2477 5435; x_wconf 79' lang='grc' dir='ltr'>ιο.</span> <span class='ocrx_word' id='word_1_716' title='bbox 2512 5398 2564 5432; x_wconf 66' lang='grc' dir='ltr'>ιι.</span> <span class='ocrx_word' id='word_1_717' title='bbox 2642 5398 2686 5411; x_wconf 70' lang='grc' dir='ltr'>τυ</span> <span class='ocrx_word' id='word_1_718' title='bbox 2718 5398 2795 5432; x_wconf 80' lang='lat' dir='ltr'>ua</span> <span class='ocrx_word' id='word_1_719' title='bbox 2827 5398 2916 5432; x_wconf 78' lang='lat' dir='ltr'>ID.</span> <span class='ocrx_word' id='word_1_720' title='bbox 2949 5398 3003 5431; x_wconf 68' lang='grc' dir='ltr'><strong>ο.</strong></span> <span class='ocrx_word' id='word_1_721' title='bbox 3038 5398 3283 5433; x_wconf 81' lang='lat' dir='ltr'>numine</span> <span class='ocrx_word' id='word_1_722' title='bbox 3316 5398 3368 5433; x_wconf 86' lang='lat'>1.</span> <span class='ocrx_word' id='word_1_723' title='bbox 3448 5398 3493 5415; x_wconf 72' lang='grc' dir='ltr'>’ν</span> <span class='ocrx_word' id='word_1_724' title='bbox 3530 5398 3600 5437; x_wconf 78' lang='lat' dir='ltr'>Ut</span> <span class='ocrx_word' id='word_1_725' title='bbox 3625 5398 3741 5454; x_wconf 77' lang='lat' dir='ltr'>qui-</span> 
     </span>
     <span class='ocr_line' id='line_1_64' title="bbox 329 5447 3741 5535; baseline -0.004 -14"><span class='ocrx_word' id='word_1_726' title='bbox 329 5467 465 5521; x_wconf 91' lang='lat' dir='ltr'>dam</span> <span class='ocrx_word' id='word_1_727' title='bbox 504 5469 545 5518; x_wconf 91' lang='lat' dir='ltr'>t.</span> <span class='ocrx_word' id='word_1_728' title='bbox 590 5463 640 5516; x_wconf 92' lang='lat'>1.</span> <span class='ocrx_word' id='word_1_729' title='bbox 677 5461 766 5535; x_wconf 87' lang='lat' dir='ltr'>_1b.</span> <span class='ocrx_word' id='word_1_730' title='bbox 812 5460 1051 5535; x_wconf 32' lang='grc' dir='ltr'>,ιτ-νοω</span> <span class='ocrx_word' id='word_1_731' title='bbox 1098 5456 1320 5535; x_wconf 56' lang='lat'>00121.3.</span> <span class='ocrx_word' id='word_1_732' title='bbox 1486 5455 1637 5535; x_wconf 37' lang='grc' dir='ltr'>ιθπίια</span> <span class='ocrx_word' id='word_1_733' title='bbox 1686 5452 1993 5535; x_wconf 47' lang='lat' dir='ltr'>emendaret</span> <span class='ocrx_word' id='word_1_734' title='bbox 2034 5455 2088 5520; x_wconf 91' lang='lat'>3,</span> <span class='ocrx_word' id='word_1_735' title='bbox 2130 5458 2342 5533; x_wconf 77' lang='lat' dir='ltr'>cuncta</span> <span class='ocrx_word' id='word_1_736' title='bbox 2376 5453 2423 5505; x_wconf 91' lang='lat'>1.</span> <span class='ocrx_word' id='word_1_737' title='bbox 2464 5450 2553 5535; x_wconf 73' lang='lat' dir='ltr'>1b.</span> <span class='ocrx_word' id='word_1_738' title='bbox 2630 5450 2674 5483; x_wconf 67' lang='lat'><strong>‘9</strong></span> <span class='ocrx_word' id='word_1_739' title='bbox 2704 5447 2859 5535; x_wconf 63' lang='lat' dir='ltr'>qlaro</span> <span class='ocrx_word' id='word_1_740' title='bbox 2910 5450 3137 5535; x_wconf 59' lang='lat' dir='ltr'>conjech</span> <span class='ocrx_word' id='word_1_741' title='bbox 3298 5450 3344 5485; x_wconf 73' lang='grc' dir='ltr'>⁵ο</span> <span class='ocrx_word' id='word_1_742' title='bbox 3377 5451 3546 5509; x_wconf 88' lang='lat' dir='ltr'>Nunc</span> <span class='ocrx_word' id='word_1_743' title='bbox 3578 5454 3663 5509; x_wconf 88' lang='lat' dir='ltr'>1b.</span> <span class='ocrx_word' id='word_1_744' title='bbox 3695 5456 3741 5509; x_wconf 73' lang='grc'><strong>4.</strong></span> 
     </span>
    </p>
   </div>
   <div class='ocr_carea' id='block_1_62' title="bbox 327 5519 3214 5604">
    <p class='ocr_par' dir='ltr' id='par_1_62' title="bbox 327 5519 3214 5604">
     <span class='ocr_line' id='line_1_65' title="bbox 327 5519 3214 5604; baseline -0.006 -12"><span class='ocrx_word' id='word_1_745' title='bbox 327 5519 479 5592; x_wconf 5' lang='lat' dir='ltr'>liiUita</span> <span class='ocrx_word' id='word_1_746' title='bbox 510 5535 600 5590; x_wconf 93' lang='lat' dir='ltr'>1h.</span> <span class='ocrx_word' id='word_1_747' title='bbox 636 5530 770 5604; x_wconf 91' lang='lat' dir='ltr'>plus</span> <span class='ocrx_word' id='word_1_748' title='bbox 804 5530 853 5584; x_wconf 86' lang='lat'>1.</span> <span class='ocrx_word' id='word_1_749' title='bbox 882 5531 1108 5599; x_wconf 74' lang='lat' dir='ltr'>fortasse</span> <span class='ocrx_word' id='word_1_750' title='bbox 1134 5519 1325 5595; x_wconf 69' lang='lat' dir='ltr'>prisca</span> <span class='ocrx_word' id='word_1_751' title='bbox 1357 5524 1682 5595; x_wconf 79' lang='lat' dir='ltr'>legendum;</span> <span class='ocrx_word' id='word_1_752' title='bbox 1715 5525 1812 5579; x_wconf 71' lang='lat' dir='ltr'>sed</span> <span class='ocrx_word' id='word_1_753' title='bbox 1849 5524 2010 5596; x_wconf 89' lang='lat' dir='ltr'>prius</span> <span class='ocrx_word' id='word_1_754' title='bbox 2041 5519 2217 5597; x_wconf 85' lang='lat' dir='ltr'>quam</span> <span class='ocrx_word' id='word_1_755' title='bbox 2250 5525 2445 5597; x_wconf 87' lang='lat' dir='ltr'>prisca</span> <span class='ocrx_word' id='word_1_756' title='bbox 2474 5521 2635 5576; x_wconf 88' lang='lat' dir='ltr'>hora.</span> <span class='ocrx_word' id='word_1_757' title='bbox 2715 5521 2758 5553; x_wconf 66' lang='grc'>⁵³</span> <span class='ocrx_word' id='word_1_758' title='bbox 2789 5519 3131 5576; x_wconf 88' lang='lat' dir='ltr'>monstrarit</span> <span class='ocrx_word' id='word_1_759' title='bbox 3166 5520 3214 5575; x_wconf 91' lang='lat'>1.</span> 
     </span>
    </p>
   </div>
   <div class='ocr_carea' id='block_1_63' title="bbox 397 5640 2141 5813">
    <p class='ocr_par' dir='ltr' id='par_1_63' title="bbox 397 5640 2141 5813">
     <span class='ocr_line' id='line_1_66' title="bbox 397 5640 2141 5813; baseline -0.06 -10"><span class='ocrx_word' id='word_1_760' title='bbox 397 5741 510 5813; x_wconf 79' lang='grc'><strong>(41)</strong></span> <span class='ocrx_word' id='word_1_761' title='bbox 543 5737 776 5796; x_wconf 86' lang='lat' dir='ltr'>Scilicet</span> <span class='ocrx_word' id='word_1_762' title='bbox 805 5729 1148 5808; x_wconf 62' lang='lat' dir='ltr'>praesulum.</span> <span class='ocrx_word' id='word_1_763' title='bbox 1907 5640 2141 5699; x_wconf 66' lang='lat' dir='ltr'>NOT/‘E.</span> 
     </span>
    </p>
   </div>
  </div>
