3904 6388
160 444 303 506 1141

919 435 1236 501 CARMEN
1281 439 1384 501 DE
1429 436 1809 502 PRIMORD.
1853 433 2167 503 C(ENOB.
2217 435 2804 505 GANDERSHEIM.

3416 431 3570 500 1118

159 577 323 646 Hinc,
359 592 506 650 quos
537 572 728 648 poscit
758 590 927 646 opus,
953 573 1118 646 prius
1141 573 1632 645 acquirensusibi
1655 589 1815 628 sum-
1841 573 1899 642 Α
1930 572 2141 631 Omnia
2171 577 2476 632 materiam
2508 579 2746 648 possent
2775 573 3020 632 traxisse
3040 571 3354 649 petrinam.

1623 661 1640 734 [
1651 666 1808 734 ptus,

158 755 426 812 Pretinus
457 753 716 809 ecclesia:
747 753 1073 808 construxit
1104 752 1321 806 mcenia
1352 751 1607 822 pulchrae
1637 751 1702 816 ⁸⁸,

155 848 288 913 Quae
323 842 604 915 splendor
633 841 782 896 lucis
809 841 1139 912 designavit
1165 841 1485 896 rutilantis.

155 935 271 990 Hac
297 934 479 1004 igitur
511 948 692 986 causa
725 931 916 985 fuerat
948 931 992 964 ⁸⁵
1015 932 1142 1000 jam
1170 935 1358 1001 cmpta
1386 930 1664 984 secundo.

153 1021 410 1078 Cmnobii
443 1021 554 1074 sub
587 1020 804 1074 honore
830 1019 931 1073 Dei
963 1019 1320 1073 constructio
1353 1019 1558 1072 nostri.

155 1113 380 1168 Interea
410 1109 634 1180 lapides
666 1113 971 1162 structura:
1003 1108 1411 1162 convenientes

157 1201 280 1256 Non
315 1204 556 1270 potuere
587 1197 733 1252 locis
761 1196 1020 1252 nancisci
1050 1213 1289 1268 prorsus
1324 1198 1381 1250 in
1418 1195 1566 1260 illis;

159 1289 320 1344 Unde
353 1303 578 1341 moram
610 1283 812 1357 templi
847 1285 1068 1356 patitur
1100 1285 1372 1355 perfectio
1399 1284 1591 1354 ccepti.

158 1377 472 1433 Abbatissa
503 1375 602 1430 sed
635 1393 667 1429 a
698 1374 944 1429 Domino
978 1389 1220 1444 sperans
1263 1373 1631 1427 llathumoda

161 1467 479 1537 Impetrare
511 1464 622 1518 fide
651 1463 920 1518 credente
953 1480 1013 1516 se
1039 1465 1081 1496 ⁵⁸
1111 1462 1309 1516 omnia
1340 1477 1530 1534 posse,

161 1553 489 1626 Frangebat
511 1567 638 1607 sese
666 1551 846 1606 nimio
880 1567 1135 1622 persrepe
1168 1550 1384 1616 labore,

158 1643 334 1698 Nocte
363 1641 573 1713 dieque
605 1640 720 1695 Deo
754 1639 937 1694 sacris
967 1639 1182 1693 studiis
1215 1638 1591 1704 famulando;

157 1732 226 1786 Et
252 1730 661 1802 subjectarum
694 1726 896 1782 multis
922 1726 1004 1782 illi
1037 1728 1294 1794 sociatis,

157 1818 396 1875 Ccelitus
430 1815 633 1872 auxilii
669 1815 834 1888 petiit
866 1815 1156 1871 solamina
1185 1817 1343 1882 ferri,

156 1909 237 1965 Ne
267 1923 384 1963 non
419 1905 743 1978 perfectum
777 1909 1104 1960 remaneret
1135 1921 1282 1976 opus
1314 1904 1460 1959 bene
1491 1908 1768 1976 carptum.

155 1997 269 2053 Nec
299 2011 488 2062 mora,
523 1993 817 2048 caelestem
852 2009 1028 2064 quam
1063 1994 1361 2064 quaerebat
1392 1993 1666 2064 pietatem

158 2085 350 2142 Sensit
379 2083 589 2140 adesse
619 2084 660 2117 ⁵⁷
693 2081 817 2136 suis
843 2082 991 2137 votis
1026 2085 1356 2154 promptam
1388 2083 1430 2115 ⁵⁸
1463 2079 1746 2136 misereri.

157 2173 301 2228 Nam
325 2171 657 2244 jejunando
689 2169 870 2225 sacris
903 2170 1294 2241 precibusque
1319 2171 1577 2224 vacando

159 2261 300 2317 Cum
323 2262 621 2332 prostrata
649 2259 743 2313 die
773 2259 1027 2329 quadam
1051 2258 1241 2327 jacuit
1271 2273 1440 2312 secus
1482 2273 1666 2324 aram,

159 2349 327 2406 Vocis
357 2349 705 2413 mansueta},
739 2347 782 2380 ⁵ο
815 2345 1054 2401 monitis
1085 2345 1238 2400 exire
1256 2346 1504 2415 jubetur

159 2440 344 2511 Atque
377 2436 550 2508 sequi
581 2433 897 2502 volucrem,
932 2451 1109 2506 quam
1141 2435 1186 2469 ⁶⁰
1209 2435 1336 2505 jam
1381 2451 1690 2508 progressa
1721 2450 1808 2490 se-

1553 2523 1810 2596 [dentem

163 2617 429 2672 Cerneret
458 2615 520 2668 in
553 2612 675 2670 saxi
705 2612 1017 2684 cujusdam
1048 2611 1262 2667 vertice
1295 2612 1514 2684 magni.

165 2705 407 2778 Ipsaque
439 2701 835 2774 complectens
866 2699 1063 2756 animo
1096 2705 1381 2772 pracepto
1413 2706 1638 2772 parato,

163 2794 491 2861 Egreditur,
525 2790 700 2846 dictis
727 2791 970 2845 credens
1000 2805 1069 2844 ex
1099 2790 1270 2844 corde
1293 2789 1595 2860 jubentis;

162 2884 238 2938 Ac
266 2879 643 2938 cementariis
675 2895 874 2934 secum
907 2876 1164 2950 sumptis
1195 2877 1342 2932 bene
1373 2877 1572 2949 gnaris

165 2971 414 3027 Perrexit
440 2969 616 3025 citius
648 2984 762 3040 quo
793 2966 961 3022 duxit
993 2965 1246 3038 Spiritus
1280 2965 1493 3033 almus,

164 3059 350 3115 Donec
380 3057 456 3114 ad
481 3060 738 3128 emptum
767 3055 810 3089 ⁶²
844 3054 1094 3124 perrexit
1125 3053 1322 3109 nobile
1354 3054 1663 3126 templum.

165 3147 282 3203 Illic
312 3145 695 3204 candidulam
723 3143 869 3199 vidit
901 3143 1154 3198 residere
1187 3142 1544 3198 columbam.

165 3236 227 3291 In
260 3232 553 3307 designati
583 3233 628 3268 ⁶²
659 3231 933 3304 ρτωερίεο
963 3231 1177 3287 vertice
1207 3231 1367 3298 saxi;

164 3326 293 3391 Quze
324 3341 464 3379 mox
491 3321 764 3394 expansis
794 3319 1044 3374 volitans
1075 3325 1450 3391 praecesserat
1477 3319 1608 3386 alis,

163 3413 472 3486 Temperat
503 3415 678 3482 atque
708 3426 883 3464 suum
915 3425 1029 3464 non
1055 3414 1220 3463 sueto
1252 3425 1412 3464 more
1440 3408 1701 3464 volatum

164 3501 359 3558 Posset
390 3503 459 3556 ut
488 3501 533 3535 ⁸³
563 3515 763 3554 aereos
791 3499 838 3532 ⁶⁴
868 3497 1089 3552 directo
1120 3497 1357 3552 tramite
1399 3497 1596 3552 sulcos

163 3589 303 3645 Cum
328 3588 510 3646 sociis
538 3587 858 3658 gradiendo
891 3585 1054 3656 sequi
1088 3585 1432 3657 virguncula
1462 3584 1700 3640 Christi.

161 3677 419 3751 Cumque
458 3675 732 3732 columba
761 3675 956 3729 locum
977 3672 1228 3729 volitans
1246 3673 1501 3728 venisset
1523 3675 1594 3729 ad
1617 3673 1807 3742 illum,

161 3769 338 3834 Quem
368 3781 531 3821 nunc
564 3781 678 3819 non
703 3762 959 3818 sterilem
980 3761 1209 3834 magnis
1227 3762 1447 3818 scimus
1466 3763 1584 3818 fore
1604 3763 1807 3834 petris,

161 3855 530 3910 Descendens
560 3857 778 3908 terram
810 3857 998 3906 rostro
1031 3856 1400 3923 percusserat
1430 3850 1616 3918 illam,

163 3945 279 4000 Sub
308 3945 480 4015 cujus
509 3941 733 4013 lapides
764 3939 1062 3996 latuerunt
1091 3956 1300 4011 aggere
1339 3939 1558 4012 plures.

163 4034 280 4098 Quo
309 4037 472 4088 certa
498 4031 544 4066 ⁸⁸
570 4029 695 4084 viso
726 4027 940 4086 Christi
972 4027 1324 4100 dignissima
1353 4029 1516 4101 virgo

162 4121 494 4176 Emundare
523 4118 716 4174 locum
750 4117 939 4174 socios
970 4121 1321 4190 praeceperat
1349 4117 1566 4189 ipsum,

163 4209 528 4281 Tellurisque
560 4222 796 4279 gravem
827 4205 1101 4261 fodiendo
1133 4205 1398 4260 scindere
1431 4205 1644 4262 molem
1673 4208 1738 4261 ⁸⁸.

163 4299 282 4366 Quo
314 4299 488 4366 facto,
521 4299 835 4368 prmstante
862 4293 960 4366 pia
989 4294 1252 4351 bonitate
1283 4311 1558 4366 superna,

163 4387 336 4460 Copia
365 4401 717 4458 magnarum
749 4386 1113 4440 monstratur
1142 4382 1331 4439 multa
1369 4388 1704 4456 petrarum;

163 4474 322 4531 Unde
353 4473 696 4530 monasterii
729 4490 863 4530 cum
895 4471 1113 4544 templo
1148 4473 1362 4528 moenia
1393 4474 1564 4544 coepti

231 4563 392 4620 Vers.
425 4563 554 4619 275.

1923 663 2068 718 Hinc
2101 665 2290 736 magis
2320 670 2495 736 atque
2527 666 2715 737 magis
2747 670 2865 722 toto
2899 665 3208 720 conamine
3246 662 3462 720 mentis

1923 753 2192 810 Factores
2223 753 2442 826 templi,
2478 755 2708 809 Domini
2742 755 2852 810 sub
2884 755 3099 809 honore
3131 753 3424 821 sacrandi,

1922 841 2223 896 Instabant
2254 843 2410 913 operi
2444 859 2578 897 mox
2609 849 2774 898 nocte
2807 843 3014 915 dieque
3042 840 3280 898 recenti.

1992 930 2104 985 Sed
2137 932 2250 985 dux
2280 931 2609 997 Liudulfus,
2645 933 2872 1003 primus
2906 931 3002 1004 qui
3037 931 3302 987 conditor
3331 931 3459 1000 ejus

1921 1019 2124 1073 Extitit
2153 1025 2210 1074 et
2240 1036 2379 1074 cura
2409 1021 2580 1089 cujus
2613 1022 2895 1092 processit
2923 1023 3084 1092 origo

1921 1107 2124 1162 Omnis
2155 1111 2461 1162 structurae
2493 1111 2764 1178 precibus
2796 1110 3169 1180 poscentibus
3202 1109 3355 1173 Odre,

1841 1195 1844 1200 ’
1922 1195 2069 1250 Proh
2095 1195 2287 1250 dolor!
2313 1195 2383 1250 ad
2403 1213 2705 1251 summum
2726 1213 2839 1252 non
2859 1198 3023 1252 duxit
3040 1215 3188 1268 opus
3205 1195 3561 1252 studiosum.

1921 1285 2030 1338 Sed
2065 1283 2350 1338 naturalis
2383 1301 2533 1338 seeva
2566 1289 2755 1340 tactus
2790 1301 2928 1340 nece
2961 1286 3168 1340 mortis

1919 1372 2158 1443 Cogitur
2189 1378 2320 1427 ante
2351 1391 2525 1427 suum
2563 1373 2763 1428 faetori
2798 1375 3035 1430 reddere
3068 1374 3271 1428 flatum
3295 1372 3566 1444 (an.866),

1919 1464 2106 1528 Quam
2139 1464 2393 1533 perfecta
2410 1463 2620 1517 domus
2645 1463 2872 1516 Domini
2899 1463 3044 1517 foret
3066 1461 3268 1517 inclita
3290 1475 3564 1534 prorsus;

1918 1550 2340 1623 Commisitque
2373 1568 2492 1606 suae
2523 1567 2666 1606 cara:
2701 1552 3002 1607 moriendo
3035 1550 3271 1618 relictae,

1915 1642 2103 1712 Atque
2134 1639 2258 1696 suis
2291 1639 2470 1708 natis,
2501 1640 2750 1695 ducibus
2784 1656 2964 1712 supra
2988 1639 3350 1704 memoratis,

1917 1728 2123 1784 Totius
2153 1727 2376 1783 infandi
2401 1729 2444 1763 ⁶⁷
2475 1729 2706 1800 pondus
2737 1743 3057 1800 curamque
3086 1727 3322 1794 laboris,

1915 1817 2173 1873 Exorans
2203 1816 2350 1872 votis
2383 1820 2447 1872 ut
2477 1816 2835 1888 complerent
2865 1816 3146 1873 studiosis

1917 1905 2160 1962 Omnem
2193 1905 2439 1961 emnobii
2469 1911 2830 1960 structuram
2863 1905 3222 1978 perficiendi.

1920 1993 2100 2067 Cujus
2133 1996 2191 2049 in
2224 1995 2467 2065 antiquo
2496 2011 2708 2066 corpus
2737 1994 3066 2050 venerabile
3095 1995 3314 2066 templo

1919 2085 2084 2140 Tunc
2113 2083 2336 2154 gremio
2367 2089 2532 2138 terra;
2563 2085 3038 2139 commendatum
3079 2082 3188 2138 fuit
3217 2086 3383 2154 apte;

1921 2171 2068 2228 Ossa
2097 2173 2197 2228 sed
2233 2188 2520 2228 annorum
2553 2177 2684 2244 post
2715 2173 2997 2227 decursus
3023 2171 3358 2243 aliquorum

1921 2263 2071 2317 Sunt
2096 2262 2204 2316 hac
2234 2261 2277 2296 ⁵⁸
2309 2261 2367 2315 in
2398 2259 2644 2316 ecclesia
2673 2260 2961 2316 translata
2991 2259 3240 2316 locanda
3282 2258 3529 2315 novella.

1921 2351 2137 2407 Forsan
2172 2350 2244 2404 ad
2275 2350 2383 2405 hoc
2412 2351 2457 2384 ⁸⁸
2487 2349 2655 2404 illum
2691 2350 2911 2404 mundo
2943 2349 3096 2406 Deus
3127 2346 3530 2416 abstulitisto,

1920 2439 2074 2495 Dum
2103 2439 2197 2493 vix
2225 2439 2270 2473 ⁷ο
2299 2437 2487 2493 aetatis
2523 2437 2710 2492 febres
2741 2439 2783 2472 ⁷⁷
2817 2437 3012 2509 tetigit
3043 2435 3387 2502 mediocres,

1921 2527 2175 2584 Illustris
2202 2527 2430 2582 domnae
2463 2529 2595 2598 post
2626 2526 2746 2580 haec
2778 2531 2843 2580 ut
2871 2524 3104 2598 plenius
3138 2525 3271 2580 Odze

1921 2619 2085 2674 Mens
2116 2617 2346 2673 intenta
2367 2617 2413 2650 ⁷³
2442 2616 2580 2683 Deo,
2615 2620 2814 2687 posset
2840 2619 3090 2670 tractare
3121 2630 3398 2686 superna,

1919 2707 2136 2778 Expers
2167 2704 2421 2760 carnalis
2452 2705 2635 2759 totius
2669 2720 2910 2776 prorsus
2940 2703 3179 2760 amoris.

1919 2796 2034 2851 Nec
2066 2800 2262 2850 tamen
2297 2793 2497 2848 auxilii
2531 2790 2793 2847 solamen
2822 2792 3072 2863 denegat
3101 2789 3210 2858 illi,

1920 2884 2032 2940 Sed
2063 2883 2378 2955 praestabat
2407 2895 2578 2952 opem
2609 2879 2781 2935 solita
2804 2879 3020 2952 pietate
3043 2882 3357 2945 recentem,

1919 2975 2042 3038 Qua
2069 2972 2114 3006 ⁷³
2143 2969 2383 3026 suffulta
2415 2985 2552 3024 suas
2583 2971 2780 3040 posset
2807 2967 3091 3023 ditescere
3122 2984 3350 3024 nonnae

1919 3059 2206 3116 Omnibus
2234 3057 2326 3113 his
2356 3057 2552 3124 rebus,
2586 3060 2783 3112 noster
2811 3055 3048 3128 quibus,
3069 3054 3295 3128 indiget
3325 3073 3492 3112 usus.

1917 3151 2066 3220 Ergo
2097 3147 2189 3204 sui
2220 3150 2441 3213 natam,
2473 3145 2801 3218 Liutgardee
2831 3145 2876 3179 7‘
2902 3143 3140 3200 nomine
3179 3145 3422 3212 dictam,

1918 3238 2078 3292 Nutu
2110 3234 2415 3292 clementis
2443 3234 2596 3308 regis
2626 3239 2939 3306 praestante
2970 3233 3263 3306 perennis,

1839 3308 1882 3375 (ἶ
1920 3325 2108 3398 Elegit
2129 3325 2323 3380 clarus
2356 3325 2712 3380 Francorum
2742 3340 2840 3378 rex
2861 3323 3217 3380 Ludowicus

1922 3415 2103 3487 Regni
2135 3416 2465 3469 consortem
2496 3412 2736 3467 sibimet
2785 3411 3124 3483 sociamque
3155 3411 3200 3444 ⁷⁸
3228 3427 3568 3482 perennem,

1920 3503 2101 3559 Filius
2133 3502 2292 3556 illius
2321 3501 2454 3571 (42),
2487 3501 2660 3571 cujus
2691 3501 2843 3554 dono
2863 3498 3186 3554 -Liudulfus

1919 3589 2190 3661 Suscepit
2221 3589 2481 3660 primum
2512 3587 2758 3658 propriae
2791 3587 2980 3657 gentis
3007 3586 3425 3656 dominatum"

1919 3681 2053 3745 Quae
2088 3677 2291 3749 regina
2323 3674 2562 3747 quidem
2591 3675 2762 3729 nobis
2793 3675 2864 3728 ad
2897 3673 3344 3746 prosperitatem

1921 3769 2116 3836 Facta,
2149 3783 2267 3822 sua:
2297 3765 2542 3836 dignum
2575 3769 2788 3819 sanctae
2821 3762 2994 3816 matri
3036 3761 3390 3818 famulatum

1921 3857 2181 3922 Przestat,
2212 3869 2382 3924 opem
2414 3853 2458 3887 ⁷⁶
2489 3852 2643 3924 regis
2670 3851 2954 3923 praebens,
2991 3849 3210 3922 proprii
3241 3850 3514 3920 senioris,

1921 3943 2219 4016 Multaque
2244 3943 2288 3976 ⁷⁷
2319 3939 2581 3996 coenobio
2613 3938 2884 4012 promisit
2915 3938 3224 3994 commoda
3269 3943 3470 3996 nostro
3501 3940 3568 3994 ⁷⁸.

1995 4033 2220 4088 Interea
2247 4028 2461 4084 Christi
2492 4029 2654 4101 virgo
2685 4026 2824 4083 felix
2854 4026 3246 4082 Hathumoda.

1921 4124 2068 4180 Cum
2099 4118 2292 4194 gregis
2321 4118 2588 4172 undenos
2621 4133 2824 4172 curam
2855 4115 2946 4171 bis
2979 4120 3241 4188 gesserat
3271 4132 3480 4186 annos,

1922 4211 2096 4268 Ocius
2125 4208 2185 4262 in
2217 4206 2448 4262 Christo
2481 4206 2740 4262 moriens
2759 4203 3032 4260 transivit
3053 4204 3126 4260 ad
3149 4208 3310 4262 astra
3325 4207 3572 4276 (an874),

1923 4300 2225 4369 Gerbergm
2256 4299 2526 4350 tenerum
2556 4293 2856 4350 commisit
2885 4291 3032 4349 ovile
3063 4293 3408 4366 regendum.

1923 4389 2054 4444 Haec
2085 4385 2198 4441 fuit
2226 4382 2440 4439 illustri
2475 4382 2712 4437 cuidam
2741 4381 3114 4452 nimiumque
3143 4381 3367 4452 potenti

1925 4477 2290 4548 Desponsata
2315 4472 2458 4538 viro,
2493 4469 2827 4526 Bernhardo
2857 4471 2904 4504 59
2935 4467 3171 4524 nomine
3197 4468 3351 4524 dicto
3386 4485 3398 4522 :

1841 4553 1890 4618 D
1991 4565 2156 4620 Vers.
2190 4563 2317 4617 320.

1520 4659 1760 4719 VARI/ﬁ
1797 4662 2212 4722 LECTIONES.

229 4760 272 4794 ⁵³
301 4758 619 4832 adquirens
651 4759 703 4812 4.
781 4759 831 4832 “7
855 4757 1074 4832 pulcre.
1110 4757 1529 4832 Desiderantur
1558 4776 1760 4817 versus
1787 4762 2071 4820 deficiunt
2101 4761 2220 4832 duo
2248 4757 2512 4832 carmina
2546 4757 2595 4810 1.
2627 4755 2683 4810 1b
2716 4753 2864 4832 Quod
2893 4755 2946 4808 3.
3067 4752 3294 4832 ἄμοιρα.)-
3321 4751 3568 4832 versibus

163 4823 620 4907 occepitfaddens
644 4831 834 4907 sepem
855 4823 942 4883 hil
971 4829 1151 4907 deesse
1179 4827 1234 4882 4.
1267 4829 1420 4907 add}!
1443 4846 1454 4883 :
1481 4831 1543 4884 In
1574 4834 1978 4907 manuscripto
1997 4828 2453 4907 antiquioriduo
2476 4843 2680 4907 versus
2695 4825 2903 4907 minus
2921 4828 3073 4880 recte
3095 4823 3300 4907 scripti
3319 4827 3576 4907 exstant,

161 4896 292 4957 ideo
318 4896 645 4958 cancellati.
679 4900 825 4958 Hinc
854 4916 1016 4955 error
1047 4905 1232 4954 ortus.
1265 4931 1333 4940 -—
1354 4901 1504 4956 Certe
1534 4903 1683 4958 nihil
1711 4896 1899 4961 ἀωδεὲ
1918 4896 2161 4960 videtur:
2230 4901 2274 4934 ⁸⁵
2299 4899 2446 4954 deest
2473 4900 2521 4952 1.
2554 4897 2705 4952 adest
2737 4899 2814 4952 1³³.
2849 4896 2984 4952 nisu
3004 4897 3241 4966 rconjecit
3267 4897 3322 4950 3.
3399 4896 3445 4930 ⁸ο
3470 4911 3577 4952 vox

163 4971 304 5028 deest
332 4975 382 5028 1.
419 4973 498 5028 1b.
531 4974 762 5047 e._1:ta_t_2.
832 4971 882 5047 f7
906 4973 1079 5047 ,ξω-2.
1113 4971 1184 5026 ad
1219 4988 1346 5026 sese
1380 4973 1430 5026 1.
1465 4975 1560 5047 1b._
1625 4975 1668 5009 ⁵⁸
1699 4981 2038 5047 promptum
2071 4975 2150 5029 11).
2233 4972 2278 5006 ³9
2308 4969 2628 5047 dulcisan
2845 4984 2924 5022 m.
2956 4965 3050 5047 die
3089 4965 3574 5047 quadam-iacuit

164 5058 330 5098 secus
358 5059 524 5099 aram
559 5045 608 5098 1.
647 5044 722 5098 1”.
755 5059 790 5096 a
822 5043 1088 5097 Leibnitlo
1124 5049 1421 5098 correctum
1451 5051 1512 5098 ut
1539 5045 1600 5098 in
1626 5043 1794 5102 testu.

1895 5049 2021 5103 οἰια
2070 5047 2122 5100 1.

2155 5059 2342 5115 (ιυθω
2375 5043 2458 5115 1b.
2489 5041 2544 5094 3.
2576 5041 2640 5115 4.
2706 5039 3100 5115 “incoeptum
3142 5039 3377 5115 corrigit
3401 5040 3468 5115 3.
3530 5039 3578 5115 f’

169 5113 577 5186 ita‘2.’3.flnde
615 5113 831 5186 signati
861 5113 915 5168 1.
951 5115 1033 5167 11).
1067 5115 1119 5168 4.
1195 5114 1241 5148 ⁸³
1272 5113 1447 5170 Posse
1491 5118 1632 5172 tunc
1674 5119 1724 5172 1.
1761 5120 1838 5173 1b.
1916 5119 1963 5153 “
1991 5111 2272 5186 aethereos
2322 5114 2376 5168 4.
2403 5111 2673 5186 deest_1b.
2750 5111 2796 5145 ⁸⁵
2827 5114 2983 5186 certo
3031 5111 3168 5182 conj.
3200 5111 3490 5186 3._recepi_t
3518 5111 3572 5164 4.

169 5183 258 5240 sed
285 5185 355 5240 ad
382 5185 544 5256 virgo
575 5181 919 5255 reférendum
947 5191 1043 5252 est,
1074 5193 1243 5240 metro
1271 5186 1395 5240 licet
1422 5187 1612 5243 invito.
1689 5189 1735 5224 ⁸⁸
1764 5189 1952 5244 Primo
1985 5191 2061 5244 ita
2081 5185 2308 5243 eandem
2348 5183 2672 5256 sententiam
2699 5183 2992 5256 ⁸ςξᾳεειιιενᾳῤ
3027 5181 3188 5256 poeta
3215 5199 3242 5256 :_
3262 5181 3331 5256 Et
3361 5181 3576 5256 molem

165 5259 328 5338 terra;
359 5251 863 5338 circumfod‘iendo
883 5271 1112 5338 secare.
1187 5257 1231 5291 ⁸⁷
1262 5256 1508 5338 infantis
1541 5258 1589 5313 1.
1629 5259 1710 5338 11).
1727 5258 1999 5338 ingentis
2029 5261 2168 5338 φη).
2289 5256 2491 5338 recepit
2518 5255 2550 5308 4
2600 5251 2776 5338 fibi
2917 5254 2983 5338 If”
3016 5251 3263 5338 ἰῖαιιξοηὶίἔ
3294 5251 3580 5338 3.‘adhuc

167 5327 216 5380 1.
249 5328 331 5381 1b.
407 5328 454 5362 ⁷ο
485 5343 552 5382 α).
582 5344 639 5381 v.
673 5328 724 5382 1.
801 5329 844 5362 '“
877 5327 1045 5382 fines.
1093 5369 1104 5380 .

167 5397 217 5451 1.
244 5396 326 5452 lui

167 5545 344 5596 tamen
371 5549 424 5596 et
451 5539 773 5612 Garburgis
806 5541 1022 5611 legitur.

1153 5368 1165 5380 .
1208 5327 1520 5395 mediocris
1553 5331 1694 5402 conj.
1725 5331 1780 5386 3.
1809 5327 1902 5366 “⁷²
1929 5335 2006 5386 ita
2036 5327 2134 5386 11)]
2152 5329 2440 5402 intentata
2473 5327 2522 5380 1.

331 5399 542 5469 tgarda
572 5399 656 5453 1b.
734 5399 778 5432 ⁷⁵
809 5401 887 5452 ita
943 5399 1083 5470 conj.
1127 5399 1179 5452 3.
1223 5393 1578 5470 sacramque
1623 5393 1673 5455 1⁷.
1728 5403 1810 5457 11).
1887 5403 1932 5438 ⁷³
1964 5405 2039 5458 ita
2064 5403 2116 5456 3.
2153 5401 2409 5454 lacunam
2423 5397 2744 5470 Πεᾳςριρειιὶί.⁸
2769 5397 2851 5470 Et
2888 5401 3022 5451 nato
3067 5395 3118 5450 4.
3152 5393 3484 5470 ροηῙίσὶιξΡ.
3517 5409 3574 5470 9.

165 5466 434 5524 desuntvi.
465 5471 579 5542 1b.,
630 5471 672 5504 ⁷⁷
704 5471 783 5524 ita
810 5470 865 5542 3.
901 5466 1156 5524 lacuin
1211 5472 1407 5542 explet.
1447 5466 1705 5528 Plurima
1735 5473 1788 5528 4.
1866 5473 1909 5507 ⁷⁸
1941 5478 2142 5530 nostra
2175 5473 2225 5527 1.
2261 5471 2343 5524 1b.

2600 5270 2776 5358 ⁶ιω
2809 5270 2860 5306 ιι.
2937 5270 2983 5288 ιη
3016 5270 3088 5308 ua
3121 5270 3263 5357 conj.
3296 5270 3350 5306 δ.
3385 5270 3577 5307 aanuc

2608 5337 2616 5358 ι
2673 5333 2749 5379 ιιι)
2801 5325 2879 5379 11).
2914 5325 3048 5388 Quae
3092 5325 3143 5378 1.
3243 5325 3264 5356 ‘
3294 5321 3577 5396 lutgardaa

2420 5469 2464 5501 "‘9
2492 5463 2785 5523 B'ernrado
2835 5469 2888 5522 3.
2941 5469 3200 5524 correxit.
3246 5463 3321 5520 ea:
3375 5468 3432 5519 2.
3475 5463 3576 5519 ubi

1759 5631 1995 5690 NOTIE.

237 5726 352 5799 (42)
380 5694 660 5786 Ludovici
691 5726 1050 5787 Germanici.
