3904 6408
299 418 455 481 1143

297 553 410 610 Sed
442 569 571 610 sese
600 553 833 610 Christo
859 552 1011 609 clam
1045 554 1408 609 consecravit
1435 553 1566 626 ipsa

295 641 526 699 leesti
554 659 685 697 vere
710 642 756 677 ⁸ο
787 659 1002 714 sponso
1027 642 1314 698 velamine
1346 659 1533 710 sacro,

294 730 546 786 Omnino
577 747 860 803 sponsum
893 748 1176 803 spernens
1207 732 1404 787 animo
1438 731 1811 786 moriturum.

293 820 408 875 Nec
438 824 635 875 tamen
666 819 980 892 extemplo,
1017 838 1118 893 pro
1152 821 1442 875 seditione
1472 821 1748 887 cavenda,

291 911 447 964 Auro
479 907 765 981 fulgentes
796 909 987 981 potuit
1018 911 1304 983 deponere
1333 915 1543 977 vestes,

297 997 567 1053 Induitur
597 997 768 1053 solito
800 999 899 1053 sed
932 999 1144 1054 vestitu
1178 999 1452 1070 pretioso.

297 1086 523 1142 Interea
549 1086 727 1153 venit,
762 1104 937 1159 quem
971 1104 1190 1160 sponsa
1220 1088 1321 1141 Dei
1355 1085 1702 1159 reprobavit.

298 1175 390 1231 Uti
422 1174 731 1248 colloquiis
763 1177 892 1247 ejus
923 1194 1189 1248 quaerens
1221 1176 1573 1231 manifestis.

295 1262 530 1319 Audivit
557 1282 711 1331 vero,
745 1269 943 1320 votum
976 1264 1116 1336 quia
1146 1265 1348 1319 fecerit
1377 1264 1525 1336 ipsa,

295 1352 456 1409 Velle
485 1352 803 1425 puellarem
837 1359 995 1409 caste
1028 1370 1255 1409 servare
1286 1353 1587 1425 pudorem.

299 1444 434 1512 Qua:
465 1458 601 1497 cum
630 1442 890 1497 tardaret
921 1443 1034 1497 cito
1066 1460 1170 1497 nec
1198 1443 1507 1514 procedere
1528 1441 1717 1509 vellet,

300 1532 463 1599 Quod
494 1532 660 1603 prius
691 1532 974 1599 audierat,
1008 1548 1210 1586 verum
1244 1532 1365 1587 fore
1395 1531 1562 1586 valde
1597 1532 1874 1599 timebat;

299 1620 729 1693 Impatiensque
744 1638 917 1675 morte
932 1621 1252 1675 domuam81
1260 1621 1533 1691 precibus
1545 1619 1946 1692 placatOdam‘,

298 1708 492 1764 Donec
524 1708 651 1781 ipsa
681 1708 1051 1780 suamjussit
1079 1708 1388 1779 procedere
1420 1713 1639 1777 natam,

299 1797 579 1853 Ornatam
610 1795 849 1869 pulchre
882 1795 1043 1852 cultu
1075 1796 1254 1853 vestis
1284 1798 1571 1869 pretiosaz,

297 1886 533 1942 Necnon
566 1885 878 1959 gemmatis
911 1903 1264 1958 sponsarum
1298 1904 1459 1943 more
1490 1886 1765 1943 metallis.

293 1976 400 2031 Ast
429 1975 530 2031 ubi
564 1974 940 2031 Bernhardus
965 1976 1129 2043 vidit,
1167 1993 1345 2048 quam
1377 1976 1749 2045 desideravit,

297 2064 399 2120 His
426 2064 620 2120 verbis
650 2081 847 2121 caram
874 2063 1103 2120 causari
1135 2065 1319 2121 fertur
1349 2065 1600 2120 amicam
1636 2082 1649 2119 :

301 2174 330 2204 «
360 2154 487 2209 Non
520 2171 651 2210 raro
680 2154 881 2222 didici,
913 2155 1072 2209 fama
1099 2155 1448 2227 procedente
1481 2153 1741 2223 sinistra,

297 2244 460 2308 Quod
492 2248 555 2299 tu
585 2244 631 2279 ⁸²
661 2243 868 2299 nitaris
893 2244 938 2278 ⁸³
971 2248 1235 2298 nostrum
1263 2243 1632 2316 disrumpere
1672 2247 1910 2316 pactum

298 2333 369 2388 Et
399 2333 533 2389 fidei
564 2334 755 2388 foedus
788 2333 1138 2388 servandum
1172 2332 1392 2389 solvere
1424 2350 1686 2404 prorsus.

296 2423 369 2476 At
398 2438 557 2476 nunc
586 2422 658 2476 ad
690 2420 910 2476 bellum
943 2421 1117 2476 citius
1147 2439 1456 2493 properare
1483 2423 1745 2477 futurum

300 2510 588 2582 Przecepto
618 2510 771 2583 regis
802 2527 995 2581 cogor,
1030 2510 1213 2564 nostri
1238 2510 1505 2565 senioris.

298 2600 444 2655 Hinc
474 2604 707 2671 tempus
739 2600 892 2671 quod
928 2617 1082 2654 nunc
1113 2601 1158 2634 8‘
1188 2617 1301 2655 non
1326 2605 1415 2655 est
1436 2600 1543 2655 hoc
1566 2599 1943 2668 discutiendi,

296 2688 355 2746 Si
389 2689 621 2744 redeam
653 2692 808 2742 certe
840 2705 1063 2758 sospes,
1098 2687 1415 2743 comitante
1446 2687 1656 2756 salute,

293 2778 451 2835 Scito
478 2776 681 2850 procul
712 2777 911 2844 dubio,
946 2778 1103 2848 quod
1130 2781 1186 2831 te
1219 2776 1487 2832 mihimet
1516 2777 1750 2832 sociabo

287 2868 478 2939 Atque
508 2866 593 2921 tui
624 2869 826 2921 votum
857 2866 1094 2938 penitus
1126 2866 1523 2937 pessumdabo
1566 2883 1804 2921 vanum.
1840 2888 1868 2917 ››

288 2956 541 3024 Dixerat,
565 2959 622 3011 et
649 2956 871 3023 dextra,
900 2960 1203 3027 permotus
1234 2959 1449 3024 mente,
1483 2953 1691 3023 levata,

284 3047 457 3104 Jurat
487 3063 591 3119 per
609 3045 896 3119 gladium,
922 3061 1025 3116 per
1045 3042 1426 3099 candidulum
1448 3060 1680 3116 quoque
1700 3042 1939 3111 collum,

285 3135 461 3191 Juxta
492 3151 662 3206 posse
692 3133 781 3189 sui
818 3134 989 3188 factis
1021 3133 1299 3205 prmclicta
1332 3131 1562 3204 repleri.

288 3224 671 3294 Respondens
701 3239 837 3294 ergo
869 3222 1126 3293 Gerberg
1154 3221 1237 3274 ait
1266 3238 1364 3275 ore
1396 3221 1659 3275 modesto
1694 3237 1707 3274 :

1143 423 1673 483 HRO’I‘SUITIl/E
1716 418 2091 481 MONIALIS
2136 421 2871 483 GANDERSEIMENSIS
2966 430 2971 435 λ

1982 1924 2029 1988 Β

3567 424 3750 485 1144

1974 552 2029 621 Α
2059 552 2139 607 Ac
2168 552 2363 608 studio
2396 553 2577 609 simili
2608 554 2971 610 concordans
3002 554 3213 611 nititur
3232 555 3319 612 illi
3350 582 3353 585 λ

2059 640 2325 697 Cultibus
2357 642 2665 698 ecclesiam
2698 643 2895 716 dignis
2926 662 3135 701 ornare
3167 644 3480 716 novellam,

2059 732 2193 797 Quze
2220 736 2354 803 post
2385 731 2507 786 haec
2540 750 2694 787 anno
2728 734 2915 788 fuerat
2945 735 3235 790 sacranda
3262 737 3547 793 secundo.

2060 819 2273 874 ania
2302 820 2548 874 emnobii
2582 821 2825 892 perfecit
2853 822 2896 856 ⁸⁷
2927 822 3127 878 omnia
3156 824 3363 891 nostri,

2059 908 2378 964 Commoda
2408 910 2707 966 mansuris
2739 910 2858 966 illic
2892 928 2995 983 per
3016 911 3173 967 secla
3202 912 3435 984 puellis.

2131 996 2232 1052 His
2263 997 2409 1052 bene
2436 999 2731 1069 perfectis,
2754 1001 2926 1071 juxta
2955 1006 3245 1073 praecepta
3271 1003 3538 1074 parentis

2058 1086 2308 1159 Eligitur
2337 1087 2721 1159 (an.881,Nov.
2755 1090 2828 1158 1),
2858 1090 3427 1162 domna‘sposcente
3447 1092 3743 1149 videlicet

3544 1181 3738 1256 ωδε,

2060 1263 2193 1336 Ipsa
2223 1264 2348 1319 dies
2383 1265 2601 1338 templo
2632 1267 2922 1340 condigne
2953 1268 3396 1338 sanctiﬁcando,

2060 1352 2122 1408 In
2154 1353 2325 1424 cujus
2358 1354 2546 1409 noctis
2577 1356 2769 1411 medio
2802 1373 2980 1428 quam
3012 1356 3280 1429 pluribus
3311 1358 3411 1413 illo
3439 1360 3487 1395 ⁸³

2060 1442 2254 1497 Tertio
2286 1443 2614 1515 conspicuis
2646 1446 2943 1516 quondam
2979 1445 3193 1511 fulsere
3221 1447 3496 1515 lucernis,

2059 1530 2129 1585 Et
2157 1531 2313 1603 quod
2343 1533 2388 1567 ⁹⁰
2417 1538 2763 1588 cunctorum
2793 1535 3013 1606 pariter
3038 1536 3369 1593 venerabile
3396 1538 3622 1594 festum

2060 1620 2407 1676 Sanctorum
2436 1623 2585 1678 vasti
2615 1625 2655 1659 ⁹¹
2688 1625 2878 1680 fuerat
2908 1641 3010 1696 per
3037 1625 3277 1682 climata
3307 1627 3542 1696 mundi,

2060 1708 2351 1783 Principio
2384 1713 2605 1768 mensis
2638 1712 3053 1769 celebrandum
3086 1713 3196 1770 rite
3238 1715 3614 1773 Novembris.

2061 1796 2178 1853 Hac
2211 1798 2369 1854 fama
2393 1800 2596 1873 templi
2627 1801 2850 1874 passim
2880 1808 3190 1860 resonante
3221 1806 3265 1840 ⁹¹
3295 1806 3603 1874 sacrandi,

2061 1886 2329 1960 Undique
2360 1890 2663 1960 permulta:
2695 1909 2830 1947 mox
2861 1893 3190 1950 conﬂuxere
3213 1898 3479 1964 catervae,

2059 1975 2340 2048 Optantes
2371 1978 2484 2033 diei
2518 1986 2835 2051 praesentes
2866 1999 2995 2037 esse
3026 1982 3260 2038 celebri.

2058 2064 2291 2121 Scilicet
2317 2084 2537 2122 aurorae
2570 2070 2762 2140 primo
2794 2071 3046 2126 candore
3078 2072 3350 2140 micante,

2057 2152 2262 2209 Omnis
2294 2161 2629 2212 nostrarum
2664 2157 2953 2214 collectim
2985 2160 3028 2195 93
3058 2161 3231 2216 turba
3261 2178 3558 2232 summm,

2057 2243 2358 2316 Susceptis
2389 2238 2768 2317 patronorum
2799 2248 3151 2320 gratulando
3190 2250 3423 2323 piorum

2056 2331 2410 2405 Corporibus
2436 2335 2639 2403 sacris,
2674 2337 2864 2410 pergit
2894 2338 3306 2394 resonantibus
3335 2339 3581 2413 hymnis

2054 2421 2140 2475 Ad
2172 2421 2297 2477 loca
2329 2423 2575 2479 cmnobii
2606 2442 2839 2481 summo
2871 2426 3181 2482 conamine
3211 2428 3442 2485 structi.

2055 2511 2220 2566 Tunc
2252 2513 2487 2567 tandem
2520 2514 2750 2569 cunctis
2783 2515 2854 2569 ad
2886 2515 3113 2571 cultum
3146 2517 3257 2571 rite
3290 2517 3514 2589 paratis

2057 2600 2233 2667 Festi,
2266 2601 2640 2658 Wichbertus
2688 2603 2898 2674 praesul
2938 2604 3049 2676 (44)
3081 2605 3312 2660 Domini
3364 2607 3724 2666 benedictus

2052 2688 2295 2743 Dedicat
2324 2689 2433 2744 hoc
2458 2691 2741 2763 templum
2776 2692 3008 2747 Domini
3038 2692 3147 2748 sub
3178 2692 3399 2750 honore
3429 2696 3721 2753 decorum

2055 2776 2342 2833 Omnibus
2373 2779 2447 2834 ad
2478 2778 2714 2835 laudem
2747 2780 2969 2836 sanctis
2995 2798 3100 2853 per
3128 2781 3285 2838 secla
3332 2800 3681 2855 perennem,

2054 2867 2313 2931 Quorum
2345 2884 2502 2923 nunc
2534 2870 2748 2925 festum
2776 2869 2951 2941 digne
2982 2870 3173 2926 fuerat
3201 2871 3647 2929 celebrandum.

2052 2954 2171 3010 Hoc
2195 2956 2240 2990 9‘
2271 2973 2409 3011 nam
2439 2957 2593 3012 facta
2622 2957 2735 3013 fuit
2764 2957 2905 3013 clari
2936 2959 3185 3015 sacratio
3227 2960 3457 3033 templi,

2051 3042 2299 3099 Centum
2333 3045 2632 3101 mansuris
2662 3050 2791 3101 octo
2823 3046 3051 3103 vicibus
3084 3048 3364 3106 revolutis

2050 3129 2287 3185 Octonis
2319 3132 2505 3200 denis,
2540 3149 2656 3187 uno
2688 3132 2905 3204 pariter
2934 3140 3309 3207 superaucto,

2050 3217 2368 3290 Postquam
2398 3220 2559 3293 virgo
2591 3221 2872 3292 puellaris
2904 3222 3029 3278 sine
3060 3226 3231 3281 sorde
3264 3228 3509 3298 pudoris

292 3334 322 3363 (ι
353 3291 583 3367 Christo
613 3327 707 3366 me
739 3291 919 3365 totam
941 3291 1243 3363 committo
1266 3325 1456 3363 meam
1482 3325 1714 3381 quoque
1736 3308 1937 3379 vitam,
1969 3291 2011 3356 (ἶ
2050 3306 2349 3362 Scelerum
2383 3291 2576 3381 regem
2595 3291 2834 3382 peperit
2864 3291 3289 3387 propriumque
3311 3317 3355 3351 ⁸⁵
3375 3322 3707 3389 parentem.

291 3400 483 3473 thue
514 3400 614 3454 fiat
644 3399 715 3454 de
745 3415 837 3453 me
859 3398 1030 3469 juxta
1059 3397 1312 3465 Domini,
1347 3413 1507 3469 rogo,
1540 3397 1706 3453 velle.
1741 3421 1769 3448 »

294 3489 396 3546 His
424 3488 507 3544 ita
537 3487 846 3560 colloquiis
877 3492 1082 3542 mutuo
1112 3504 1380 3542 sermone
1412 3488 1683 3559 peractis,
1728 3554 1735 3557 4

298 3579 595 3635 Bernhard
624 3579 669 3613 ⁸⁵
702 3595 835 3632 ΠΙοΧ
866 3577 1032 3645 abiit,
1066 3593 1325 3648 casuque
1355 3594 1461 3632 suo
1493 3577 1606 3632 cito
1639 3578 1843 3645 sensit,

295 3668 386 3723 Nil
418 3673 625 3724 contra
660 3667 977 3723 Dominum
1026 3683 1460 3738 quemcumque
1506 3667 1693 3724 valere
1742 3685 1945 3740 super-

291 3758 361 3814 Et
392 3759 530 3831 quia
560 3758 691 3831 plus
712 3758 876 3829 justo
911 3755 1156 3828 deliquit
1184 3757 1384 3812 inania
1414 3757 1609 3825 fando,
1741 3757 1939 3832 [bum;

289 3847 517 3904 Decidit
548 3848 605 3902 in
637 3846 790 3902 bello
822 3845 1010 3901 victus
1037 3845 1249 3901 virtute
1280 3862 1555 3916 superna.

284 3941 364 3994 Ac
392 3937 604 3994 Christi
637 3938 799 4009 virgo
831 3937 1032 4008 sponsi
1065 3935 1321 3991 caelestis
1354 3936 1539 3991 amori

284 4028 357 4085 Se
384 4044 519 4083 mox
545 4025 870 4097 conjunxit,
904 4041 1079 4096 quem
1113 4029 1272 4079 caste
1304 4041 1536 4096 semper
1559 4025 1793 4080 amavit.

354 4115 538 4185 Cujus
568 4113 858 4185 primatus
890 4116 1071 4180 sexto,
1108 4111 1165 4166 ni
1199 4111 1391 4179 fallor,
1422 4111 1481 4165 in
1514 4129 1667 4167 anno
1686 4117 1937 4187 (an.880)

285 4205 443 4260 Brun
476 4192 614 4269 dux,
639 4200 947 4257 ecclesiam
980 4204 1290 4272 promptus
1314 4200 1623 4257 defendere
1645 4207 1933 4272 sanctam,

287 4292 533 4348 Incursu
565 4291 636 4347 de
666 4305 950 4345 saevorum
984 4287 1128 4344 satis
1159 4288 1547 4360 Ungariorum
1582 4290 1695 4360 (43)

287 4380 437 4438 Proh
469 4378 666 4436 dolor!
701 4395 769 4434 ex
797 4377 943 4451 ipsis
974 4376 1207 4433 Domini
1238 4377 1432 4449 pravis
1463 4377 1721 4434 inimicis

286 4469 604 4539 Occiditur,
641 4466 795 4525 binis
825 4483 962 4522 cum
994 4465 1344 4538 praesidibus
1378 4467 1741 4534 venerandis,

286 4559 573 4615 Omnibus
604 4561 779 4629 atque
808 4556 948 4612 viris
982 4554 1228 4628 propria:
1260 4555 1477 4626 pariter
1505 4555 1772 4628 legionis.

284 4650 407 4715 Quo
438 4665 572 4702 mox
599 4646 811 4712 occiso,
838 4645 1042 4716 junior
1073 4644 1248 4698 frater
1276 4661 1422 4698 suus
1451 4645 1494 4678 ⁸⁸
1521 4644 1683 4698 Oddo

283 4739 410 4793 Dux
439 4737 630 4791 factus
661 4733 860 4806 populi
896 4734 1047 4788 dono
1080 4732 1235 4805 regis
1266 4731 1617 4801 llludowici,

284 4824 606 4897 Respondit
634 4824 804 4880 factis
834 4826 1049 4879 sanctae
1080 4826 1209 4877 voto
1240 4820 1563 4893 genitricis,

351 4915 514 4970 Vers.
546 4913 672 4969 369.

2057 3396 2221 3451 Tune
2252 3414 2475 3468 cmpere
2505 3397 2648 3454 locis
2680 3399 2939 3471 primum
2972 3401 3343 3460 silvestribus
3374 3404 3492 3462 illis

2056 3485 2329 3541 Carmina
2358 3487 2566 3542 divinae
2599 3487 2793 3544 laudis
2823 3488 2977 3545 clare
3009 3508 3301 3548 resonare.

2055 3573 2197 3629 Exin
2229 3576 2273 3610 ⁹⁶
2304 3579 2360 3631 ct
2392 3575 2549 3631 illius
2584 3578 2765 3632 nostri
2800 3578 3063 3635 collectio
3093 3584 3279 3636 coetus

2058 3662 2179 3718 lliic
2206 3665 2532 3735 permansit
2561 3666 3053 3740 Dominojugiter
3079 3668 3442 3727 famulando.

2053 3754 2123 3808 Et
2150 3754 2285 3810 licet
2315 3755 2614 3810 abbatissa
2644 3773 2878 3829 gregem
2912 3758 3206 3831 Gerberga
3234 3765 3525 3817 recentem

2052 3842 2233 3898 Caute
2266 3849 2521 3900 servaret
2550 3846 2592 3880 ⁹⁷
2626 3846 2848 3901 crebris
2879 3848 3235 3919 monitisque
3267 3849 3502 3906 doceret
3527 3852 3595 3919 ⁸⁸,

2051 3932 2404 3989 Conservare
2435 3950 2553 3988 suae
2587 3935 2817 3989 fuerant
2846 3937 2890 3971 ⁰⁹
2920 3953 3046 4007 qua:
3077 3954 3338 4009 congrua
3364 3938 3495 3994 vita;

2050 4021 2263 4077 Contra
2293 4023 2657 4094 propositum
2691 4041 2796 4079 nec
2819 4024 2961 4096 quid
2992 4030 3224 4097 patrare
3253 4028 3594 4098 profanum,

2048 4110 2275 4165 Domna
2302 4115 2499 4166 tamen
2532 4113 2927 4169 conversando
2962 4114 3027 4188 '90
3055 4114 3400 4171 venerabilis
3430 4116 3558 4172 Oda

2048 4198 2209 4253 Intra
2238 4198 2496 4255 claustra
2521 4200 2860 4256 monasterii
2886 4219 3029 4257 cura
3056 4201 3323 4276 vigilanti

2047 4287 2358 4343 Scrutatur
2387 4290 2834 4360 conjunctarum
2866 4307 3123 4364 persaepe
3153 4310 3424 4352 sororum

2042 4378 2223 4433 Actus
2254 4381 2313 4432 et
2342 4377 2624 4446 studium,
2660 4396 2873 4445 mores,
2899 4379 3025 4435 vitae
3057 4398 3290 4453 quoque
3322 4400 3588 4454 cursum,

2044 4464 2126 4519 Ne
2149 4465 2258 4533 vel,
2285 4470 2622 4538 contempta
2653 4468 2714 4502 ¹⁰¹
2748 4469 3032 4539 majorem
3063 4468 3190 4542 lege
3219 4473 3542 4543 sequenda,

2041 4554 2244 4609 Vivere
2274 4554 2399 4627 lege
2428 4572 2536 4610 sua
2567 4557 2808 4627 reprobe
2841 4558 2905 4592 ¹⁰¹
2934 4565 3313 4629 praesumeret
3341 4559 3482 4629 ulla,

1962 4658 2009 4722 D
2028 4644 2140 4701 .Vel
2170 4643 2332 4699 locus
2362 4643 2551 4698 illiciti
2584 4645 2730 4699 foret
2757 4644 2938 4700 ullius
2968 4647 3033 4681 ¹⁰³
3061 4649 3396 4720 peragendi,

2043 4731 2438 4805 Exemploque
2468 4749 2575 4787 suo
2605 4735 3110 4804 prmsmonstravit
3141 4737 3206 4771 ¹⁰⁸
3234 4737 3523 4794 facienda.

2042 4821 2112 4877 Et
2142 4839 2247 4877 ceu
2276 4820 2585 4894 prudentis
2615 4823 2679 4857 ¹⁰⁵
2709 4821 2900 4881 dulcis
2928 4823 3162 4881 dilectio
3193 4826 3400 4883 matris

2111 4910 2276 4968 Vers.
2311 4912 2416 4966 417

1634 5035 1875 5093 VARle
1916 5037 2335 5094 LECTIONES.

351 5162 397 5196 ³ο
426 5163 501 5216 ita
528 5161 582 5216 3.
616 5160 846 5215 leesti
898 5162 1018 5217 fera
1046 5162 1094 5215 1.
1132 5162 1214 5215 11).
1291 5160 1331 5195 ⁸¹
1367 5160 1666 5216 dominam
1700 5162 1749 5217 1.
1786 5164 1869 5217 11).
1948 5163 1994 5197 δ’
2025 5165 2080 5218 te
2132 5163 2182 5216 1.
2218 5163 2299 5215 11).
2376 5161 2422 5196 ⁸³
2454 5161 2651 5216 nitans
2702 5162 2784 5216 1b:
2862 5162 2908 5197 ⁸⁸

1807 5251 1867 5307 p.
1897 5238 1954 5289 et
1983 5251 2045 5307 ο.
2071 5235 2211 5305 conj.
2245 5236 2297 5287 3.
2331 5236 2528 5307 επεν
2560 5234 2604 5267 ⁸⁸
2636 5234 2713 5307 ita
2735 5236 2991 5307 corrigo;
3014 5237 3086 5307 cf.
3120 5253 3171 5291 υ.
3208 5237 3331 5291 410.
3363 5234 3610 5295 domina
3640 5241 3690 5294 1.

281 5235 422 5306 conj.
456 5233 597 5313 3..[l:
673 5232 716 5264 ⁸⁵
749 5233 1130 5314 Dernhraclﬂ.
1166 5232 1218 5285 3.
1294 5233 1340 5313 εξ
1370 5232 1408 5285 i.
1444 5249 1491 5286 s.
1528 5232 1566 5286 f.
1604 5235 1653 5287 1.
1730 5234 1774 5267 ⁸⁷

284 5308 365 5360 11).
442 5304 488 5338 ⁸9
516 5301 636 5355 1111c
667 5317 806 5360 com.
838 5305 891 5357 3.
969 5305 1014 5337 9°
1044 5311 1121 5357 tta
1152 5305 1204 5357 3.
1239 5303 1379 5360 uuld
1418 5305 1465 5357 1.
1503 5305 1584 5357 11).
1660 5304 1703 5338 θί
1737 5305 1774 5358 fz

352 5346 365 5358 .
442 5317 488 5338 δι’
516 5317 636 5355 ιιιιο
667 5317 806 5373 conj.
838 5317 891 5357 δ.

2938 5162 3159 5238 quodni
3210 5165 3260 5238 1.
3289 5165 3378 5238 1b.
3412 5166 3694 5238 quoniam

969 5305 1014 5337 9°
1044 5305 1121 5357 ita
1152 5305 1204 5357 3.
1239 5303 1379 5374 quid
1418 5305 1465 5357 1.
1503 5305 1584 5357 11).
1660 5304 1703 5338 θί
1737 5303 1870 5359 fasti
1908 5307 1956 5359 1.
2032 5306 2079 5361 βε
2107 5303 2374 5359 ι-ιίδοιιειιο
2407 5306 2458 5358 1.
2486 5306 2566 5359 11).
2646 5304 2689 5337 ³³
2721 5306 2796 5359 ita
2824 5303 3220 5362 3.'collectum
3254 5308 3303 5361 1.
3330 5312 3415 5363 41).
3496 5310 3544 5344 ’⁸
3568 5311 3687 5366 scil.

281 5378 449 5432 festo.
527 5374 570 5407 π
598 5373 673 5425 ita
701 5373 841 5476 cena.
872 5375 925 5427 3.
961 5374 1378 5476 propriamque
1412 5376 1460 5428 1.
1498 5375 1578 5429 11).
1656 5376 1700 5409 ⁹⁶
1731 5376 1874 5430 Exin
1907 5381 1997 5431 est
2030 5377 2079 5430 1.
2116 5377 2258 5430 Exin
2291 5381 2347 5430 et
2377 5377 2458 5430 11).
2493 5392 2561 5429 ex
2593 5379 2731 5430 tunc
2760 5380 2815 5430 2.
2850 5377 2911 5431 E.
2948 5378 2985 5432 i.
3020 5395 3077 5433 n.
3113 5382 3202 5433 est
3238 5394 3289 5433 c.
3325 5380 3378 5434 4.
3454 5380 3501 5415 ⁸⁷
3532 5382 3610 5437 ita
3636 5384 3687 5437 3.

281 5462 510 5476 ...ηυηηη
544 5445 563 5476 Δ
631 5442 691 5476 41ι
865 5445 934 5476 nn
964 5447 997 5476 '2
1053 5463 1067 5476 .
1095 5461 1258 5476 ηηηκη
1307 5448 1325 5476 4
1394 5446 1454 5476 41.
1553 5446 1597 5476 99
1626 5446 1807 5476 τ’..ηκηι
1862 5449 1880 5476 4
1991 5449 2057 5476 me
2087 5464 2440 5476 ..Μυκη-,ωηη
2478 5448 2495 5476 4
2607 5447 2665 5476 101
2703 5452 2975 5476 ..ωηο-χι..
3014 5450 3032 5476 Α
3102 5451 3160 5476 ιι.
3262 5450 3328 5476 mg
3358 5453 3602 5476 _..__-L_
3638 5454 3669 5476 τι

280 5462 512 5503 servare
544 5445 595 5498 1.
631 5442 712 5495 11).

862 5445 937 5522 ita
964 5445 1259 5522 3.udoeere
1307 5446 1526 5522 1._1b._A
1553 5446 1597 5522 9?
1624 5446 1812 5522 fuerat
1862 5449 1910 5522 1_.
1991 5449 2057 5522 19°
2086 5464 2442 5522 conservano
2477 5448 2526 5501 1.
2607 5447 2665 5481 ¹⁰¹
2701 5452 2981 5521 concepta
3014 5450 3062 5503 1.
3102 5451 3183 5504 11).
3262 5450 3328 5484 ¹⁰¹
3358 5453 3609 5522 reprobo
3636 5454 3688 5509 3.

281 5519 346 5553 ¹⁰³
379 5519 454 5574 ita
484 5518 537 5571 3.
573 5512 735 5568 illius
769 5513 818 5567 1.
856 5515 938 5567 11).
1019 5516 1083 5548 ¹⁰⁴
1115 5516 1536 5571 demonstravit
1567 5518 1616 5570 1.
1698 5519 1762 5551 ¹⁰⁵
1791 5519 2067 5589 pudentis
2102 5519 2150 5573 1.

1862 5616 2095 5673 NOTAE.

340 5714 456 5784 (43)
486 5709 1023 5779 Nordmannorum,
1058 5709 1131 5765 cf.
1164 5712 1314 5769 Ann.
1351 5711 1518 5767 Fuld.
1555 5729 1606 5767 a.
1641 5715 1765 5768 880.

2096 5716 2208 5787 (44)
2242 5713 2862 5771 Ilildenesheimcnsis.
