3904 6398
187 434 352 498 1145

180 568 363 625 Nunc
391 570 608 625 terrore
637 565 1070 638 suasprohibet
1099 566 1438 639 delinquere
1464 572 1651 633 natas,

181 659 361 716 Nunc
392 657 567 713 etiam
599 656 840 712 monitis
871 656 1025 711 bona
1044 656 1189 711 velle
1220 656 1427 711 suadet
1457 654 1683 721 amicis,

183 748 283 805 Sic
316 748 442 803 haec
472 751 678 802 sancta
706 762 845 801 suas
877 763 1044 801 caras
1076 746 1352 801 instruxit
1383 744 1675 811 alumnas,

180 837 359 895 Nunc
390 835 792 891 dominatricis
827 836 1165 890 mandando
1188 835 1323 905 jure
1357 834 1629 907 potentis,

181 927 360 983 Nunc
389 926 565 981 etiam
595 924 803 981 matris
833 924 1143 979 muleendo
1170 940 1329 978 more
1361 924 1578 987 suavis,

183 1017 312 1082 Quo
345 1016 412 1050 ¹⁰⁶
441 1014 560 1069 vita
586 1013 762 1069 simili
790 1018 1011 1068 cunctae
1037 1015 1099 1047 ¹⁰⁷
1127 1012 1521 1068 communiter
1548 1011 1649 1065 uni

179 1103 488 1161 Servirent
517 1103 662 1175 regi,
687 1101 949 1173 jubilant
981 1103 1073 1156 cui
1107 1102 1302 1156 sidera
1324 1101 1470 1156 cmli.

184 1194 473 1249 Praeterea
503 1209 649 1265 quas
672 1196 939 1246 matema)
970 1192 1203 1262 pietatis
1234 1207 1430 1245 amore

181 1280 611 1349 Nutrivitvere,
646 1296 859 1351 magno
888 1285 1199 1334 veneratur
1229 1280 1468 1345 honore,

181 1370 305 1428 Has
334 1370 498 1443 ipsas
524 1369 830 1425 vocitando
857 1386 997 1423 suas
1030 1369 1354 1441 saepissime
1385 1370 1651 1423 domnas.

181 1460 334 1515 Nam
368 1459 599 1531 quoties
630 1462 834 1530 neptes
856 1458 922 1492 ¹⁰⁸
954 1458 1082 1528 ejus
1105 1473 1487 1529 proceresque
1510 1460 1774 1528 nepotes,

182 1550 346 1616 Quos
381 1546 775 1620 przepollentis
806 1547 984 1602 decus
1015 1546 1328 1601 extollebat
1352 1546 1610 1609 honoris,

179 1638 328 1708 Ejus
360 1636 434 1692 ad
467 1633 833 1707 implendum
865 1639 1261 1690 convenerunt
1294 1633 1664 1704 famulatum,

180 1728 487 1782 Ccrtantes
512 1723 680 1778 donis
709 1723 869 1778 illam
901 1724 1118 1779 donare
1150 1723 1432 1789 coruscis,

180 1812 363 1887 Regis
394 1816 461 1869 ut
488 1812 776 1868 illustrem
809 1829 1044 1867 socrum
1076 1811 1491 1884 prepriamque
1515 1815 1844 1884 parentem,

180 1903 319 1960 Illos
352 1919 491 1958 mox
518 1900 711 1957 verbis
743 1901 907 1956 affari
940 1900 1156 1956 dicitur
1185 1901 1355 1956 istis:

183 2013 212 2043 «ι
241 1992 534 2047 Exortans
565 2007 770 2045 moneo
801 2006 923 2057 vos,
958 2007 990 2045 ο
1021 2006 1152 2045 mea
1182 1991 1426 2061 pignora
1459 2006 1613 2055 cara,

180 2080 254 2138 Ut
284 2079 597 2136 maturatis
626 2078 934 2150 condignis
963 2078 1228 2150 primulze
1255 2080 1320 2113 ¹⁰⁹
1348 2078 1559 2133 vestris

180 2169 531 2226 Muneribus
562 2172 793 2223 uestras
824 2167 983 2239 large
1015 2168 1295 2223 ditescere
1327 2168 1591 2238 domnas‘

181 2258 286 2315 Hic
316 2258 535 2314 servire
566 2257 678 2329 piis
710 2257 921 2311 debent
954 2274 1079 2328 qua:
1112 2256 1317 2311 sedulo
1350 2255 1566 2310 nostris

182 2346 472 2414 Patronis,
494 2361 746 2418 quorum
777 2345 1024 2410 meritis,
1056 2345 1329 2416 precibus
1371 2361 1607 2415 quoque
1652 2344 1840 2399 sacris

184 2437 511 2492 Successus
540 2434 710 2504 nobis
741 2437 949 2505 optatze
972 2432 1379 2505 prosperitatis

184 2525 421 2580 Necnon
455 2522 668 2595 regalis
696 2523 873 2577 decus
904 2523 1217 2578 accedebat
1248 2521 1508 2576 honoris.
1543 2542 1571 2570 »ι

182 2613 300 2669 Hac
332 2612 559 2668 ratione
591 2627 758 2666 suam
791 2612 1035 2682 stirpem
1059 2616 1432 2682 persuaserat
1461 2626 1696 2665 omnem

182 2701 333 2775 Erga
359 2699 609 2756 caenobii
642 2698 865 2755 cultum
899 2700 990 2771 pie
1024 2700 1360 2755 sollicitari.

182 2791 250 2846 Et
277 2790 427 2857 loca,
462 2806 589 2861 qua:
621 2788 815 2861 generi
844 2789 995 2843 dono
1027 2788 1181 2859 regis
1212 2788 1540 2843 Hludowiei

184 2879 537 2937 Possessura
566 2878 803 2949 quidem
834 2878 1136 2949 proprium
1171 2878 1429 2949 suscepit
1461 2878 1519 2932 in
1554 2894 1755 2947 usum,

185 2967 561 3023 Permittente
589 2983 697 3022 sua
728 2966 945 3038 pariter
976 2966 1190 3037 pietate
1224 2966 1495 3037 benigna,

184 3056 453 3113 Ecclesia:
486 3055 634 3111 tradi
668 3056 917 3110 faciebat
940 3055 1462 3110 Gandesbemensi.

185 3145 297 3203 Nec
327 3162 432 3202 rex
464 3145 588 3217 ipse
618 3143 811 3199 locum
843 3142 1182 3200 sublimavit
1211 3144 1408 3198 minus
1438 3142 1629 3213 illum,

187 3234 538 3307 Liudgardis
568 3233 664 3305 pia
694 3232 905 3304 reginae
938 3232 1197 3287 bonitate
1229 3236 1531 3303 precante;

188 3323 296 3379 Sed
326 3323 569 3379 tradens
600 3320 683 3376 illi
708 3322 773 3356 ¹¹⁰
802 3321 1054 3393 largitur
1082 3320 1302 3392 prsidia
1332 3320 1521 3376 multa
1552 3322 1664 3391 (45)

190 3411 252 3468 In
274 3412 377 3484 jus
409 3402 737 3481 Gerbergaa,
763 3413 975 3465 nostra;
1009 3408 1268 3465 rectricis
1289 3411 1575 3481 amandm,

192 3499 377 3572 Ipsius
404 3498 655 3555 illustris
681 3498 894 3569 reginae
919 3488 1175 3570 namque
1208 3498 1447 3554 sororis.

188 3590 364 3655 Quem
386 3589 453 3623 ¹¹¹
484 3587 599 3657 (46)
628 3602 726 3641 rex
750 3586 1052 3653 Arnnll‘us,
1069 3603 1376 3642 successor
1397 3586 1621 3642 scilicet
1661 3588 1842 3659 hujus

190 3677 432 3734 Posthac
462 3692 567 3749 per
597 3675 885 3748 scriptum
915 3675 1091 3748 regali
1117 3676 1252 3746 jure
1283 3679 1572 3731 statutum

191 3766 426 3835 Firmat,
450 3764 660 3821 vinetis
684 3764 812 3834 ejus
843 3765 996 3819 dono
1028 3764 1396 3836 superauctis
1422 3782 1435 3832 ;

189 3856 264 3911 Ac
292 3855 376 3912 sic
408 3853 670 3911 cwnobio
692 3854 1015 3909 succedunt
1044 3870 1323 3924 prospera
1352 3852 1542 3925 plura,

190 3946 566 4002 Summorum
601 3942 827 3998 meritis
857 3942 1353 3998 intercedentibus
1384 3942 1558 3997 almis

191 4032 560 4102 Pontificum,
592 4048 842 4105 quorum
874 4035 1102 4086 constat
1132 4032 1240 4085 sub
1273 4030 1493 4086 honore
1524 4031 1804 4089 dicatum.

188 4122 297 4179 Sed
329 4140 402 4180 ne
433 4119 567 4194 plus
590 4121 755 4191 justo
786 4119 1019 4192 fragiles
1051 4119 1321 4175 extollere
1352 4124 1577 4175 mentes

191 4211 471 4268 Suaderet
497 4208 633 4265 talis
655 4209 723 4243 ¹¹¹
748 4226 1060 4264 successus
1090 4208 1517 4280 prosperitatis.

191 4298 372 4373 thue
401 4300 751 4372 probaretur
779 4297 916 4353 felix
938 4297 1124 4353 nostri
1156 4296 1535 4364 dominatrix,

189 4387 329 4444 Vere
351 4386 563 4461 judicii
596 4385 851 4441 salubris
874 4402 1051 4441 censu
1087 4386 1323 4457 superni

193 4476 494 4551 Perplures
525 4476 736 4531 horum
769 4475 990 4529 mundo
1021 4474 1391 4529 subtraxerat
1419 4475 1551 4543 isto,

191 4568 444 4631 Quorum
477 4563 808 4621 cmnobium
842 4563 1027 4619 fuerat
1047 4562 1331 4619 solamine
1360 4563 1596 4619 fultum.

256 4655 404 4729 Ergo
427 4669 563 4726 rege
598 4652 688 4725 pie
710 4653 837 4723 jam
869 4652 1144 4707 defuncto
1174 4651 1519 4708 Illudowico
1538 4654 1626 4721 ηδ,

192 4743 294 4809 Qui
327 4759 531 4819 regum
553 4743 620 4777 ¹¹⁴
647 4740 876 4813 primus
907 4745 1139 4796 nostros
1171 4740 1439 4795 tradebat
1467 4741 1527 4795 in
1560 4758 1707 4799 usus

192 4830 383 4905 Regali
409 4831 575 4905 prius
595 4829 875 4902 obsequio
905 4827 1033 4885 loca
1060 4828 1256 4884 debita
1285 4827 1492 4897 multa,

255 4918 416 4978 Vers.
449 4919 574 4975 466.

956 430 1279 497 CARMEN
1310 432 1427 494 *DE
1470 432 1847 493 ramoso.
1896 414 2208 493 (mnos.
2256 429 2839 495 GANDERSHEIM.

1864 1937 1923 2012 B

3446 442 3600 502 1146

1881 564 1933 633 Α
1961 565 2194 621 Necnon
2218 565 2634 639 chyrographis
2664 566 2791 639 ejus
2822 568 2931 624 sub
2964 570 3199 626 nomine
3226 570 3464 645 scriptis

1954 654 2099 710 Jura
2128 655 2464 711 monasterii
2497 657 2826 712 ﬁrmaverat
2854 659 3051 713 omnia
3082 661 3263 716 nostri
3284 664 3398 732 (47)
3422 682 3435 731 ;

1954 744 2095 814 Ejus
2126 749 2256 815 post
2284 762 2467 798 annos
2500 745 2796 799 discessus
2827 746 3075 818 denique
3099 766 3315 819 paucos

1958 833 2302 903 Liudgardis
2326 833 2541 903 regina,
2576 834 2666 888 sui
2690 834 3036 905 dignissima
3056 838 3215 907 regni

1956 921 2226 987 Consors,
2252 926 2547 975 tantorum
2576 940 2700 993 qua:
2735 923 2903 977 nobis
2934 941 3111 979 causa
3144 927 3429 984 bonorum

1957 1010 2175 1075 Extitit,
2210 1027 2239 1064 e
2263 1012 2326 1044 ¹¹⁵
2358 1012 2576 1065 mundo
2609 1012 2845 1065 discesit
2876 1012 3017 1084 prob
3047 1014 3235 1068 dolor!
3264 1016 3373 1072 isto

1954 1100 2078 1154 Non
2113 1100 2236 1154 sine
2268 1104 2599 1153 nostrarum
2632 1118 2842 1172 magno
2875 1118 3068 1157 rerum
3093 1104 3461 1161 detrimento.

1857 1202 1860 1206 '
1956 1189 2201 1244 Cuinam
2234 1188 2557 1242 consimilis
2592 1190 2876 1244 successit
2906 1208 3083 1245 causa
3113 1191 3349 1261 doloris,

1954 1278 2265 1332 Abbatissa
2296 1278 2462 1332 bonis
2497 1278 2751 1349 Gerberg
2781 1280 2921 1349 quia
2950 1280 3146 1333 dedita
3174 1282 3349 1349 curis,

1956 1369 2090 1431 Quae
2132 1367 2542 1439 praedictorum
2575 1367 2815 1421 suffulta
2836 1368 3139 1437 juvamine
3160 1386 3385 1441 regum,

1955 1454 2189 1510 Necnon
2222 1454 2435 1525 regina:
2466 1471 2744 1525 germano
2777 1456 3224 1525 fmderejuncta:
3258 1460 3321 1493 ¹¹⁶

1955 1543 2295 1598 Cmnobium
2329 1544 2497 1597 donis
2528 1544 2753 1598 ornavit
2782 1562 2932 1616 smpe
2964 1546 3246 1611 coruscis,

1954 1632 2169 1688 Usibus
2200 1636 2255 1687 et
2287 1637 2576 1704 qurestum
2612 1632 2825 1687 nostris
2866 1635 3272 1704 superaddidit
3315 1636 3602 1707 amplum,

1955 1722 2267 1793 Postquam
2303 1721 2392 1775 bis
2423 1723 2602 1776 denos
2634 1722 2803 1775 binos
2835 1737 3067 1793 quoque
3098 1723 3330 1793 praefuit
3359 1741 3567 1795 annos,

1954 1810 2155 1866 Officio
2185 1810 2305 1865 vice
2328 1810 2587 1865 rectricis
2619 1810 2920 1880 perfuncta
2952 1810 3180 1882 prioris,

1955 1899 2306 1970 Deposito”l
2338 1897 2561 1970 fragilis
2592 1898 2821 1953 mortali
2853 1900 3105 1969 pondere
3136 1901 3349 1969 carnis,

1956 1989 2177 2043 Factori
2192 1990 2393 2043 ﬂatum
2414 1988 2693 2042 reddebat
2711 1989 2782 2041 ab
2802 1988 2910 2041 mtb
2921 2006 2977 2044 re
2994 2006 3119 2043 rcce
3125 1995 3289 2061 ptum
3309 1994 3424 2059 (an.
3440 1992 3598 2060 896);

1953 2078 2350 2148 Orbatumque
2382 2076 2472 2132 sui
2502 2076 2727 2130 dimisit
2758 2076 2904 2131 ovile
2937 2077 3119 2131 sorori

1952 2164 2253 2219 Christina:
2277 2164 2708 2237 procurandum
2734 2168 3048 2235 sancteque
3077 2167 3385 2221 tuendum.

2021 2256 2154 2320 Qua:
2187 2256 2561 2325 przefatarum
2592 2269 2784 2307 mores
2818 2254 3092 2307 sectando
3125 2271 3368 2310 suorum

1950 2345 2135 2415 Atque
2163 2342 2252 2397 sui
2284 2342 2462 2396 vitam
2494 2342 2638 2396 bene
2672 2341 3128 2413 prmmcditando
3163 2344 3473 2415 gerendam

1951 2431 2072 2486 Illis
2108 2432 2170 2485 fit
2200 2432 2412 2486 similis
2442 2446 2665 2501 magna:
2701 2432 2887 2485 forma
2917 2430 3244 2502 probitatis,

1950 2521 2090 2586 Quis
2114 2522 2177 2555 “3
2211 2520 2319 2575 fuit
2350 2518 2589 2591 aequalis
2612 2520 2677 2553 ¹¹⁰
2709 2519 3064 2576 nobilitatis.

1950 2610 2137 2664 Mater
2163 2614 2221 2665 et
2252 2609 2431 2674 illius,
2466 2607 2739 2663 stabilem
2762 2625 3137 2682 corrumpere
3166 2611 3336 2681 cujus

1950 2700 2201 2753 Mentem
2236 2698 2529 2752 nullarum
2557 2697 2745 2768 potuit
2774 2698 3021 2753 mutatio
3062 2716 3279 2766 rerum,

1948 2790 2070 2853 Quo
2104 2787 2299 2841 minus
2329 2787 2608 2858 obsequio
2641 2785 2869 2840 Domini
2904 2788 3065 2841 fieret
3097 2787 3383 2853 studiosa,

1948 2876 2223 2931 Provocat
2252 2874 2531 2945 exemplis
2564 2874 2747 2941 illam,
2783 2874 3020 2929 monitis
3053 2892 3285 2947 quoque
3317 2876 3563 2946 crebris,

1948 2965 2021 3021 Ut
2048 2983 2175 3020 sese
2195 2982 2425 3036 semper
2453 2963 2933 3035 circumspiciens
2964 2965 3258 3035 sapienter
3279 2966 3366 3033 ¹¹⁰,

1946 3053 2340 3109 Commissum
2372 3057 2537 3107 caute
2566 3051 2802 3106 sibimet
2830 3057 3085 3107 servaret
3110 3054 3277 3123 ovile,

1946 3143 2181 3199 Necnon
2214 3142 2499 3197 factorum
2515 3142 2684 3211 juxta
2713 3142 2989 3196 meritum
3008 3143 3071 3175 ¹¹¹
3101 3142 3396 3198 variorum

1950 3232 2118 3287 Nunc
2140 3231 2231 3304 pie
2262 3231 2560 3302 subiectas
2592 3229 2832 3285 monitis
2862 3229 3145 3285 mulceret
3173 3232 3403 3301 amicis,

1871 3304 1915 3368 Ο
1951 3321 2121 3376 Nunc
2151 3321 2328 3376 etiam
2359 3318 2550 3374 verbis
2572 3319 2733 3390 juste
2765 3321 3006 3375 terreret
3036 3321 3283 3389 acerbis,

1952 3409 2034 3464 Ne
2068 3425 2244 3481 quem
2278 3408 2456 3463 divini
2488 3408 2667 3461 ritum
2700 3407 2895 3462 cultus
2923 3408 3125 3463 violari

1951 3499 2215 3569 Torpens
2241 3497 2483 3551 affectus
2514 3497 2707 3550 cordis
2738 3495 3100 3566 permitteret
3129 3498 3278 3567 ejus.

1951 3588 2201 3659 Ipsaque
2231 3586 2448 3639 domna
2475 3583 2564 3639 sui
2599 3583 2792 3638 studio
2828 3583 3141 3639 laudabilis
3172 3586 3314 3653 Oda,

1951 3678 2085 3741 Qum
2107 3674 2278 3729 claris
2309 3672 2624 3743 splendens
2655 3671 2833 3725 radiis
2866 3671 3024 3725 mirae
3056 3672 3359 3740 bonitatis,

1951 3764 2053 3820 Sat
2077 3763 2290 3818 dilecta
2318 3762 2434 3816 Deo
2465 3760 2672 3825 fuerat,
2709 3758 2951 3814 celebris
2983 3777 3214 3831 quoque
3246 3765 3490 3833 mundo,

1951 3853 2193 3923 Semper
2222 3854 2497 3904 materna:
2528 3848 2697 3901 solito
2730 3846 2965 3918 pietatis
2997 3866 3194 3905 amore

1951 3942 2091 4013 Ejus
2122 3937 2409 4011 adoptivis
2442 3935 2673 3991 studuit
2703 3935 3043 4008 conquirere
3075 3939 3249 4005 natis,

1951 4027 2237 4100 Quicquid
2271 4041 2599 4081 nonnarum
2632 4025 2942 4096 deposcere
2974 4025 3219 4081 sciverat
3248 4045 3456 4097 usum;

1951 4116 2324 4187 Oddonisque
2347 4117 2413 4150 ¹²²
2444 4114 2611 4169 ducis
2643 4113 2783 4168 clari
2817 4114 3043 4169 devotio
3074 4117 3318 4187 grandis

1951 4205 2364 4264 Concordando
2389 4222 2508 4260 suae
2539 4202 2690 4258 votis
2713 4204 2777 4236 ¹²³
2808 4220 2952 4257 cara:
2976 4205 3297 4276 genitricis,

1948 4294 2175 4351 Auxilio
2197 4310 2425 4366 regum,
2457 4292 2673 4363 quibus
2704 4291 2969 4347 exhibuit
2996 4292 3369 4361 famulatum,

1950 4385 2150 4456 Ipsum
2174 4382 2500 4454 virgineum
2533 4384 2746 4434 emtum
2772 4381 2839 4413 ¹²⁴
2864 4379 3074 4433 Christi
3109 4381 3463 4436 famularum

1951 4472 2111 4530 Fovit
2142 4472 2478 4534 clementer,
2514 4484 2740 4522 necnon
2774 4467 3032 4537 provexit
3062 4472 3346 4523 amanter.

1948 4564 2063 4618 Nec
2095 4557 2339 4633 propriae
2369 4557 2498 4610 vitm
2530 4553 2795 4625 compelli
2827 4554 3014 4626 quivit
3042 4571 3257 4622 amore,

1868 4666 1916 4729 D
1950 4651 2021 4707 Ut
2047 4649 2135 4705 vel
2166 4665 2265 4703 cas
2297 4648 2511 4701 damno
2542 4643 2803 4697 lmdendo
2826 4646 3092 4714 tangeret
3122 4643 3261 4709 ullo,

1949 4738 2049 4794 Vel
2073 4738 2270 4792 minus
2299 4734 2587 4806 impleret,
2622 4749 2747 4803 qum
2779 4734 2967 4785 mater
2997 4731 3175 4802 digna
3194 4731 3450 4802 juberet.

1943 4832 2024 4885 Ac
2053 4826 2136 4882 sic
2168 4841 2456 4881 concessa:
2486 4820 2723 4877 sibimet
2753 4835 2856 4891 per
2875 4823 3140 4891 tempora
3168 4818 3297 4875 vitae

2012 4914 2179 4970 Vers.
2207 4910 2334 4967 515.

1429 5039 1449 5055 ’
1543 5023 1787 5080 VARIIE
1825 5019 2244 5080 LECTIONES.

259 5130 325 5165 ⁶⁰⁶
350 5131 515 5187 Auod
547 5131 630 5184 lb.
744 5130 809 5165 ¹⁰⁷
842 5131 920 5184 ita
967 5131 1109 5187 coni.
1148 5130 1204 5183 3.
1256 5133 1469 5185 cuncta
1498 5130 1550 5183 1.
1586 5130 1664 5185 ib.

190 5214 324 5271 corr.
356 5204 409 5257 3.
524 5202 585 5235 ¹¹¹
620 5202 755 5266 Quae
785 5202 925 5271 conj.
958 5202 1012 5255 3.
1046 5200 1149 5255 Cui
1180 5202 1232 5254 4.

197 5270 243 5342 1.
265 5272 493 5328 Exstitit
524 5272 581 5326 in
617 5273 700 5326 11).
816 5270 883 5306 ¹¹⁶
905 5273 1115 5342 juncta
1146 5273 1197 5325 4.

196 5340 244 5396 1.
277 5345 338 5397 11)
367 5345 627 5450 profectu
658 5343 712 5396 3.

198 5410 257 5450 4h
353 5416 369 5448 ι
398 5417 419 5450 ι
449 5419 676 5450 ρειαί-πη

198 5410 276 5466 11).
353 5410 419 5450 m
448 5419 680 5470 castum
712 5415 763 5467 1.

1778 5131 1844 5166 ¹⁰⁸
1874 5128 2067 5201 neptis
2100 5125 2267 5201 11).Δ
2335 5193 2348 5201 _
2386 5121 2450 5155 ¹⁰⁹

1329 5201 1394 5234 ¹¹²
1425 5201 1686 5256 Suadent
1704 5201 1852 5257 tales
1883 5191 1970 5256 ib:
2001 5200 2053 5253 4.
2134 5196 2200 5229 ¹¹³
2228 5191 2545 5248 LudOWiCO
2579 5191 2628 5244 1-

1306 5272 1371 5305 ίιτ
1404 5271 1679 5342 Deposita
1710 5274 1759 5327 1.
1796 5276 1879 5327 1b.
1914 5273 1966 5326 4.
2080 5271 2258 5342 "ita;
2284 5271 2653 5342 συνεῖλεξρυι,

827 5333 1269 5414 ¹²⁰νεᾶρὶεῐιῐίθτῐι
1305 5344 1351 5397 1.
1392 5333 1563 5398 11).“3.
1598 5344 1650 5397 4.
1731 5344 1792 5378 ¹²¹
1828 5344 2084 5399 mentem
2119 5339 2199 5392 lb.
2234 5338 2286 5390 4.
2367 5333 2431 5368 η’
2462 5333 2809 5402 Ottonisque
2844 5335 2891 5385 1.
2926 5336 2981 5398 2,
3063 5333 3127 5365 ¹²³
3152 5334 3227 5388 ita
3258 5334 3311 5387 3.
3335 5333 3492 5387 vocis
3541 5334 3590 5386 1.

2482 5119 2739 5190 primula
2762 5172 2767 5181 ,
2790 5119 2870 5172 lb.
2907 5119 2957 5172 4.
3075 5119 3140 5153 ίιο
3173 5118 3256 5173 illi
3291 5121 3339 5174 1.
3374 5120 3458 5173 11).
3494 5119 3595 5175 illo

2735 5190 2801 5225 ¹¹⁴
2832 5206 3026 5259 regem
3054 5190 3134 5244 lb.
3170 5192 3221 5244 4.
3304 5191 3367 5225 ¹¹⁵
3389 5191 3538 5245 Exiit
3565 5208 3596 5246 e

2080 5267 2146 5301 ns
2178 5268 2255 5320 ίεα
2284 5265 2424 5334 conj.
2451 5263 2505 5334 3.
2541 5260 2652 5334 Qui
2683 5262 2731 5313 1.
2771 5262 2852 5315 lb.
2889 5260 3064 5324 Queis
3100 5262 3149 5334 4.
3228 5262 3294 5296 ¹¹⁹
3325 5266 3598 5334 provecta

1771 5508 2005 5566 NOTAE.

261 5623 372 5694 (45)
395 5627 461 5681 Α.
493 5626 619 5693 877,
651 5626 893 5682 Januar.
926 5625 1018 5680 26.
1048 5624 1202 5697 Orig.
1239 5623 1427 5681 Guelf.
1452 5624 1541 5682 IV.
1577 5625 1703 5680 377.

263 5708 369 5785 (46)
400 5714 526 5771 scil.
563 5715 761 5771 locum.

2014 5621 2124 5693 (47)
2154 5620 2218 5674 Λ.
2251 5619 2375 5671 877.
2408 5615 2651 5670 Januar.
2673 5614 2760 5671 26.
2786 5614 2943 5688 Orig.
2975 5613 3161 5669 Guelf.
3197 5611 3288 5667 1V.
3320 5612 3445 5667 370.
