3904 6382
296 413 451 478 1147

297 550 470 607 Omni
503 548 776 606 ferventis
808 548 1036 603 studuit
1066 550 1373 604 conamine
1406 548 1619 603 mentis

292 640 567 696 Cmnobio
598 643 974 711 patronorum
1010 638 1263 708 prmbere
1299 653 1539 691 suorum

294 729 487 800 Ipsius
510 727 706 783 auxilii
741 743 971 797 semper
1001 726 1287 779 tutamiua
1313 727 1451 780 certi
1475 744 1488 791 ;

292 818 409 872 Nec
439 817 563 871 vice
593 815 874 870 terribilis
905 816 1085 869 metui
1121 815 1286 886 petiit
1308 817 1371 848 ¹²⁵
1403 815 1669 881 senioris,

290 906 401 961 Sed
434 906 581 960 bene
611 904 903 959 mansueti
936 904 1215 975 genitoris
1248 905 1317 957 ad
1344 904 1529 957 instar
1560 904 1765 956 amari.

287 994 451 1051 Unde
476 993 602 1049 loco
634 1011 749 1048 non
781 992 1074 1047 immerito
1108 993 1429 1063 permansit
1465 993 1519 1045 in
1551 992 1646 1045 illo

290 1085 583 1139 Hactenus
614 1082 1013 1153 insignislaus
1045 1081 1203 1136 illius
1226 1082 1479 1152 pietatis.

180 1198 191 1209 ι
287 1174 405 1229 Nos
436 1189 667 1245 quoque
700 1176 973 1243 permota)
1005 1175 1179 1225 tantm
1212 1171 1518 1225 dulcedine
1552 1172 1740 1236 fama},

284 1262 545 1317 Necdum
577 1261 859 1315 maternis
890 1277 1017 1331 quae
1050 1264 1187 1313 tunc
1220 1260 1613 1330 erupimus126
1648 1259 1809 1325 alvis,

289 1352 399 1408 Sed
436 1352 660 1406 fuimus
694 1367 826 1405 vere
861 1349 1031 1420 longo
1057 1353 1188 1420 post
1211 1354 1469 1419 tempore
1495 1352 1660 1413 natu},

286 1441 516 1495 Hautm
540 1439 737 1494 minus
756 1437 915 1493 illius
939 1442 1275 1493 constanter
1297 1452 1491 1491 amore
1524 1436 1945 1522 flagramusm,

285 1533 472 1597 Quam
505 1528 605 1601 qui
638 1532 986 1599 prmsentem
1016 1525 1568 1596 contemplabantur
1588 1525 1839 1579 eundem

280 1620 469 1690 Atque
502 1634 619 1672 sum
648 1616 817 1671 donis
851 1616 1202 1669 ditabantur
1235 1614 1486 1685 pietatis.

354 1706 457 1762 Hic
487 1705 666 1778 igitur
696 1703 832 1759 talls
865 1702 1152 1775 prazclarm
1186 1703 1275 1756 vir
1306 1701 1567 1774 pietatis,

280 1796 387 1864 Qui
422 1796 553 1868 pius
574 1796 640 1829 ¹²⁹
669 1792 946 1849 urbicolis
979 1793 1185 1847 tribuit
1217 1793 1370 1846 bona
1394 1791 1532 1845 talia
1563 1791 1801 1855 nostris,

280 1887 462 1942 Morte
491 1884 583 1940 sui
616 1886 861 1938 matrem
897 1881 1079 1937 nostri
1104 1882 1503 1952 domnamquc
1538 1885 1832 1951 potentem

279 1974 686 2030 Praeveniendo
710 1971 886 2044 prior,
918 1970 1077 2026 vetiti
1110 1988 1211 2042 pro
1243 1970 1489 2025 crimine
1508 1968 1664 2041 pomi
1694 1970 1778 2037 13°,

278 2065 441 2131 Quod
464 2062 853 2135 protoplastes
885 2061 1267 2130 degustavcrc
1299 2063 1589 2130 parentes,

276 2151 521 2209 Exuitur
552 2150 835 2207 membris
868 2149 1077 2203 limoso
1112 2149 1362 2203 stamine
1395 2148 1587 2213 textis,

275 2252 383 2307 Pro
416 2248 607 2306 dolor!
635 2254 812 2321 atque
846 2247 991 2303 seris
1044 2247 1257 2315 clausit
1290 2264 1397 2302 sua
1434 2246 1661 2301 lumina
1684 2246 1743 2279 ¹³¹
1780 2261 1942 2299 mor-

1215 2337 1310 2402 [tis
1344 2336 1457 2406 (an.
1489 2336 1614 2389 912.
1646 2335 1777 2389 Nov.
1802 2333 1937 2403 30.),

275 2430 440 2485 Cmtu
465 2431 801 2483 nostrarum
827 2424 1304 2480 circumvallante
1336 2440 1603 2478 sororum

276 2516 569 2574 Pernimio
605 2515 808 2570 domni
841 2514 981 2568 ﬂetu
1013 2513 1226 2568 lectum
1255 2511 1545 2567 morituri.

274 2606 458 2677 Cujus
488 2605 561 2660 ad
593 2602 871 2674 exequias
896 2618 1130 2657 summo
1162 2600 1295 2655 nisu
1326 2600 1707 2656 celebrandas

275 2694 544 2767 Undique
574 2696 866 2748 nostrates
888 2692 999 2763 (48)
1024 2690 1429 2746 confluxerunt
1460 2688 1937 2773 lacrimantcs‘”,

272 2786 463 2856 Atque
490 2782 583 2839 sui
615 2780 840 2836 lethum
876 2781 993 2835 cari
1028 2780 1277 2835 senioris
1311 2796 1579 2834 amarum

275 2874 491 2930 Omnes
522 2869 857 2927 immodicis
889 2868 1106 2941 pariter
1135 2869 1338 2923 ﬂevere
1372 2867 1667 2922 lamentis.

274 2963 387 3019 Sed
420 2961 644 3016 luctum
681 2974 1011 3032 procerum,
1040 2957 1197 3029 vulgi
1229 2957 1564 3028 pariterque
1588 2955 1935 3021 lamentum,

281 3052 426 3107 Vicit
454 3065 788 3105 nonnarum
822 3046 1160 3102 miseranda
1198 3043 1435 3117 querela
1456 3061 1728 3111 suarum;

274 3143 411 3206 Quae
438 3155 541 3211 pro
571 3138 801 3193 defectu
824 3136 1039 3190 mentis
1065 3136 1129 3169 ¹³³
1150 3134 1321 3189 solito
1344 3132 1649 3188 muliebris

271 3228 479 3283 Vivere
500 3229 864 3298 spernentes,
900 3224 1193 3295 citiusque
1225 3221 1371 3278 mori
1404 3222 1729 3293 cupientes,

1110 414 1639 479 HROTSUITII.E
1684 416 1789 477 ΜΟ

2105 416 2897 483 GANDERSHEIMENSIS

1979 553 2033 617 Α
2066 552 2222 607 Fecit
2250 552 2309 607 in
2331 553 2590 609 ecclesiae
2624 553 2836 620 medio,
2871 568 3049 625 quam
3083 554 3343 609 stuxerat
3371 551 3522 626 ipse.

1972 1926 2020 1990 B

3571 420 3739 481 H48

2063 640 2187 695 Illic
2211 646 2549 697 nostrarum
2582 644 2777 698 studio
2810 646 3069 697 certante
3092 659 3383 710 sororum,

2058 729 2365 786 Continuis
2397 732 2669 802 precibus
2691 730 2942 786 dilectus
2976 731 3221 802 spiritus
3250 732 3379 803 ejus

2059 818 2301 890 Semper
2327 819 2681 874 Celsithroni
2707 821 2770 854 ⁸³⁸
2801 820 3251 874 commendatur
3282 820 3508 890 pietati,

2058 909 2179 972 Quo
2206 908 2303 962 det
2320 909 2382 942 ¹³⁷
2406 908 2456 962 ei
2490 909 2749 980 requiem
2782 908 3039 963 clemens
3071 909 3197 963 sine
3226 908 3339 962 ﬁne
3370 925 3737 979 perennem.

2130 995 2362 1051 Scilicet
2393 1003 2527 1052 ante
2550 998 2673 1051 dies
2706 1003 2834 1052 octo
2862 997 3103 1052 totidem
3136 1015 3367 1069 quoque
3398 1002 3630 1063 noctes,

2058 1086 2242 1149 Quam
2277 1086 2444 1140 ducis
2476 1103 2719 1141 occasus
2752 1085 3106 1140 miserabilis
3137 1084 3348 1141 accidit
3371 1085 3579 1158 hujus,

2058 1173 2249 1244 Ipsius
2283 1179 2436 1241 nato,
2463 1174 2583 1245 regi
2617 1175 2971 1246 quandoque
3006 1175 3222 1240 futuro,

2058 1263 2330 1318 Nascitur
2356 1265 2598 1319 Henrico
2632 1267 2893 1321 famosus
2926 1265 3083 1319 filius
3114 1266 3297 1331 Oddo,

2058 1353 2165 1416 Qui
2199 1352 2307 1407 fuit
2334 1354 2556 1409 electus
2587 1355 2739 1424 regis
2764 1355 2977 1425 pietate
3011 1354 3283 1425 perennis

2059 1441 2289 1497 Primus
2322 1446 2615 1498 Saxonum
2649 1460 2746 1497 rex
2778 1448 2909 1515 post
2936 1448 3161 1515 patrem
3195 1449 3575 1500 strenuorum

2055 1531 2357 1603 Augustus
2391 1532 2788 1588 Romanorum
2822 1532 3154 1604 pariterque
3186 1538 3511 1605 potentum.

2130 1620 2431 1675 Mensibus
2453 1619 2589 1676 hinc
2621 1622 2780 1677 senis
2802 1638 2976 1676 cursu
3009 1621 3285 1677 volitante
3314 1625 3571 1693 peractis
3596 1626 3731 1691 (An.

3378 1712 3526 1784 [913.
3563 1713 3734 1780 Mai.)

2058 1797 2208 1852 Dum
2238 1798 2416 1853 (locus
2438 1798 2545 1853 hoc
2569 1798 2795 1853 tanti'38
2829 1797 3053 1854 clarum
3086 1800 3317 1871 generis
3356 1799 3469 1856 fuit
3495 1805 3728 1869 ortum,

2058 1886 2121 1941 In
2154 1903 2268 1957 quo
2300 1886 2431 1941 laata
2452 1886 2652 1958 procul
2687 1886 2863 1942 dubio
2895 1888 3185 1959 promissa
3211 1888 3430 1960 repleta

2053 1974 2268 2029 Christi
2290 1977 2558 2046 baptista:
2584 1976 2907 2031 creduntur
2936 1976 3213 2048 primitus
3244 1994 3393 2045 esse,

2051 2063 2230 2119 Istius
2258 2064 2474 2135 exiguas
2507 2082 2633 2136 quae
2667 2081 2800 2119 mox
2829 2065 2888 2120 in
2918 2066 3130 2120 vertice
3162 2066 3341 2121 Musas

2051 2153 2204 2207 lida:
2228 2154 2294 2187 ¹³⁹
2326 2170 2580 2225 namque
2611 2170 2729 2208 sua:
2762 2153 3004 2208 memini
3036 2155 3155 2209 fore
3185 2154 3325 2209 dicti
3354 2157 3606 2227 parenti,

2051 2241 2175 2296 Oda
2205 2241 2382 2296 nimis
2407 2241 2561 2309 felix,
2598 2242 2781 2297 nostri
2806 2260 2941 2314 spes
2975 2243 3349 2310 dominatrix,

2050 2331 2242 2395 Quum
2266 2331 2457 2385 decies
2489 2331 2670 2385 denos
2701 2335 2925 2402 septem
2957 2347 3189 2403 quoque
3211 2332 3433 2387 vixerat
3463 2350 3678 2400 annos,

2048 2419 2243 2474 Vitam
2272 2421 2387 2475 ﬁne
2410 2421 2560 2475 bono
2592 2436 3014 2475 consummans
3038 2421 3104 2455 “0
3125 2421 3341 2477 transit
3369 2422 3443 2477 ad
3493 2428 3683 2492 astra,

2051 2509 2411 2580 Exspectans
2442 2526 2543 2580 spe
2573 2507 2725 2563 felici
2754 2513 2989 2580 tempus
3023 2509 3304 2564 redeundi

2052 2596 2272 2664 Flatus,
2309 2602 2482 2669 atque
2516 2598 2856 2670 resurgendi
2886 2598 2957 2652 de
2989 2597 3224 2669 pulvere
3255 2598 3414 2670 pleni

2050 2685 2321 2757 Corporis
2351 2687 2411 2742 in
2444 2686 2692 2753 tumulo,
2726 2687 2879 2758 quod
2913 2703 3070 2741 nunc
3101 2687 3210 2742 sub
3250 2689 3509 2761 tegmine
3560 2690 3712 2746 duro

2047 2774 2226 2830 Juxta
2253 2779 2527 2830 natarum
2560 2775 2875 2847 resquiscit
2895 2776 3070 2831 busta
3100 2792 3361 2834 suarum.

2120 2863 2235 2919 Nec
2262 2862 2577 2931 Christina,
2611 2863 2735 2919 suis
2768 2881 2892 2935 qua:
2927 2862 3053 2918 sola
3080 2864 3364 2920 remansit
3387 2864 3672 2935 alumnis,

2046 2952 2179 3007 Jam
2211 2957 2352 3007 tunc
2382 2952 2661 3007 instantis
2692 2953 2934 3024 grandis
2964 2952 3210 3008 dulcedo
3243 2953 3480 3023 doloris,

2048 3040 2186 3096 Plus
2217 3058 2392 3112 quam
2427 3041 2518 3096 bis
2541 3046 2738 3097 ternos
2767 3046 2899 3113 post
2918 3045 3165 3096 matrem
3196 3042 3416 3098 vixerat
3444 3061 3666 3113 annos;

2047 3130 2158 3186 Sed
2182 3129 2432 3185 reddens
2461 3130 2743 3186 animam.
2780 3130 3018 3187 Factore
3046 3135 3287 3186 vocante
3327 3132 3557 3188 beatam
3589 3134 3712 3205 (an.

3528 3222 3703 3296 1919),

273 3318 340 3374 In
368 3295 750 3370 lacruinando
783 3312 1025 3367 modum
1057 3310 1366 3366 voluerunt
1398 3326 1611 3381 ponere
1643 3308 1895 3364 nullum.
1965 3295 2008 3361 C
2045 3308 2324 3380 Jungitur
2354 3307 2412 3362 in
2445 3307 2594 3364 lucis
2624 3308 2813 3381 patria
2843 3310 3121 3383 pacisque
3153 3311 3427 3382 perennis

274 3406 422 3462 Hinc
452 3401 636 3475 patris
665 3401 929 3472 ejusdem
962 3399 1079 3455 cari
1105 3398 1445 3470 dominique
1476 3398 1713 3471 benigni

273 3494 498 3566 Corpus
529 3508 631 3563 per
658 3489 922 3545 triduum
956 3487 1379 3544 conservabant
1409 3487 1784 3542 inhumatum

273 3584 390 3639 Ceu
422 3598 550 3637 sese
576 3578 837 3635 lacrimis
868 3580 1169 3650 sperarent
1201 3593 1371 3648 posse
1402 3576 1614 3632 refusis

272 3670 523 3728 Extincti
548 3670 755 3725 ﬂatum
786 3667 962 3722 citius
992 3682 1258 3722 revocare
1289 3667 1620 3721 reductum.

272 3761 535 3818 Tandem
564 3756 875 3814 consilium
908 3756 1145 3828 sapiens
1178 3754 1322 3810 satis
1349 3756 1759 3810 advenientum

272 3850 603 3905 Decernens
630 3846 878 3902 vanze‘“
908 3843 1029 3916 spsi
1064 3844 1271 3899 debere
1303 3843 1496 3909 reniti,

272 3937 447 3995 Ocius
477 3936 536 3992 in
563 3934 792 3992 tumulo
825 3951 940 3989 non
975 3934 1196 4004 absque
1228 3932 1422 3988 dolore
1453 3936 1674 4003 parato,

271 4028 384 4083 Sed
404 4025 567 4081 luctu
597 4023 780 4079 nimio
808 4021 1316 4077 circumstantium
1340 4021 1406 4055 ¹³⁶
1436 4022 1785 4090 madefacto,

272 4114 535 4171 Membra
564 4112 733 4169 ducis
763 4110 912 4168 tanti
942 4110 1116 4183 digne
1150 4110 1434 4166 servanda
1465 4108 1644 4166 locari

341 4202 505 4261 Vers.
541 4202 669 4257 655.

2038 3398 2179 3469 Ejus
2202 3398 2531 3469 germanis,
2565 3415 2814 3470 quarum
2843 3398 3102 3470 pollebat
3129 3399 3367 3456 honoris

2037 3486 2215 3541 Heres
2238 3489 2294 3541 et
2324 3491 2539 3541 sanctas
2562 3486 2835 3542 sectatrix
2865 3487 3071 3543 inclita
3100 3489 3250 3542 vita).

2038 3576 2194 3641 Quas
2222 3574 2397 3630 matri
2428 3579 2670 3631 cunctas
2701 3576 2761 3630 in
2784 3575 2928 3632 caalo
2959 3576 3345 3645 consociatas,

2036 3662 2201 3718 Alme
2233 3663 2420 3730 Pater,
2447 3668 2641 3719 tecum
2666 3668 2878 3736 praesta
2907 3666 3164 3737 gaudere
3195 3683 3299 3738 per
3327 3684 3515 3723 aevum
3540 3670 3626 3735 "',

2039 3751 2204 3808 Illius
2222 3753 2287 3787 ¹⁴²
2308 3752 2442 3807 boni
2473 3754 2739 3808 mercede
2770 3754 3102 3824 perenniter
3121 3754 3229 3823 uti,

2038 3842 2201 3907 Quod
2233 3846 2383 3896 retro
2405 3846 2617 3896 cuncta
2640 3842 2758 3897 tuis
2790 3844 3030 3899 servasti
3055 3844 3255 3901 secula
3282 3846 3457 3913 caris,

2038 3932 2161 3996 Quo
2193 3935 2249 3985 te
2277 3947 2411 3985 cum
2444 3931 2587 3986 Nato
2619 3947 2843 3986 necnon
2877 3948 3013 3987 cum
3047 3933 3308 3989 Flamine
3341 3952 3510 3992 sacro

2037 4018 2241 4075 Solum
2273 4022 2555 4075 rectorem
2585 4019 2839 4076 caelestis
2868 4020 3303 4092 imperitantem

2038 4108 2204 4165 Dulci
2228 4107 2295 4144 ¹⁸³
2315 4108 2527 4165 laetitia;
2558 4108 2871 4166 laudemus
2894 4111 2961 4146 ¹⁴⁴
2986 4128 3124 4167 vocs
3146 4113 3442 4183 jocundaa.

2108 4197 2273 4254 Vers.
2297 4198 2423 4254 594.

1623 4315 1865 4371 VARUE
1906 4314 2323 4371 LECTIONES.

340 4434 406 4469 ¹²δ
435 4434 511 4489 ita
544 4434 624 4487 11).
653 4434 705 4487 4.
740 4430 931 4503 potuit
964 4433 1012 4486 1.
1043 4432 1097 4485 3.

270 4506 334 4540 ³³⁸
357 4503 591 4575 ﬂagrari
625 4504 674 4558 1.
741 4501 821 4575 “tt
846 4502 1010 4575 prius
1045 4504 1092 4557 1.
1173 4504 1237 4538 ¹³⁰
1268 4501 1405 4575 poni
1439 4501 1521 4557 11).
1554 4503 1608 4557 4.

270 4577 352 4632 11).
432 4574 497 4611 Γ³⁴
522 4577 599 4632 ita
626 4576 680 4629 3.
706 4574 877 4631 variae
912 4575 961 4628 1.
999 4575 1081 4629 11).
1168 4575 1233 4609 ¹³⁶
1254 4574 1744 4630 circumstantum
1771 4574 1822 4628 4.

843 4647 910 4681 ¹³⁰
940 4648 1016 4701 ita
1035 4645 1097 4700 ’4.
1130 4646 1264 4701 Adae
1304 4647 1352 4702 1.
1380 4648 1463 4701 11).

895 4718 959 4751 ¹⁸³
992 4717 1201 4773 Dulces
1238 4718 1318 4771 1b.
1349 4718 1399 4771 4.

266 4647 523 4703 hortanti
555 4648 607 4701 1.
643 4647 730 4702 1b.

271 4720 335 4753 ¹⁴²
367 4718 647 4789 Illiusque
675 4719 728 4771 3.
764 4719 813 4772 4.

1208 4432 1270 4466 ¹³⁶
1302 4434 1379 4486 ita
1410 4433 1550 4504 conj.
1584 4432 1637 4486 3.
1672 4447 1913 4513 nanque
1940 4429 2280 4503 rumpimus
2332 4432 2381 4486 1.
2424 4447 2731 4502 nunquam
2789 4430 3125 4504 rumpimus
3180 4434 3239 4487 1b
3345 4433 3410 4467 ¹²⁷
3447 4433 3614 4492 Hanc
3649 4438 3697 4493 1.

1208 4504 1237 4536 ιο
1270 4501 1401 4536 ηηηῖ
1439 4504 1499 4536 Ην
1559 4503 1584 4536 1.
1713 4502 1777 4536 1³1
1808 4510 1884 4536 un
1917 4502 1978 4536 Ιῑι
2007 4500 2211 4536 limina
2273 4502 2294 4536 4
2421 4501 2490 4536 181
2519 4501 2911 4536 ιηηπυηηαπιοο
2946 4504 2965 4536 4
3093 4504 3159 4536 183
3190 4505 3263 4536 ἔθη
3294 4506 3328 4536 0
3385 4507 3621 4536 περι-ἀει..
3647 4510 3667 4536 Δ

1808 4501 1887 4558 ita
1917 4502 1979 4556 1b
2007 4501 2237 4558 liaiina.
2273 4502 2325 4556 1.
2421 4501 2490 4538 ¹³²

1810 4616 1822 4628 .
1938 4572 2005 4608 ¹³⁸
2038 4573 2406 4629 celsithroms
2438 4573 2491 4628 4.

1577 4646 1643 4680 ¹⁴⁰
1672 4647 1751 4701 ita
1776 4644 2025 4716 corrigo;
2053 4660 2411 4701 consumens
2440 4646 2493 4701 1.
2529 4645 2611 4701 1b.
2646 4647 2700 4703 4.

1480 4717 1547 4751 ¹“
1578 4719 1655 4773 ita
1683 4718 1738 4772 3.
1773 4715 2086 4772 laudantes
2121 4719 2170 4771 1.
2212 4719 2293 4771 1b.

3093 4504 3159 4538 ¹³³
3190 4505 3267 4559 ita
3294 4506 3350 4558 2.
3385 4507 3623 4564 meritis
3647 4510 3697 4564 1.

2581 4574 2748 4631 ίδτὶια
2776 4575 2831 4628 3.
2866 4574 3028 4640 Quod
3064 4578 3122 4629 et
3151 4575 3202 4629 1.
3240 4576 3321 4631 11).
3433 4578 3501 4613 ¹³⁸
3532 4577 3621 4635 ita
3641 4580 3696 4636 3.

2792 4647 2854 4680 ¹⁴¹
2891 4648 2972 4701 ita
3018 4647 3160 4718 conj.
3203 4647 3262 4702 3.
3308 4663 3451 4705 eum
3506 4651 3561 4706 1.
3613 4652 3695 4709 1b.

2421 4501 2490 4576 ¹ῗ²
2519 4501 2913 4576 lacrymantes
2929 4501 2967 4557 ‘1
2984 4545 2996 4557 .

1849 4840 2088 4896 NOTZE.

340 4929 453 5000 (48)
484 4929 759 4984 Saxones.
