3904 6384
193 449 362 512 1449

1285 444 1604 505 CARMEN
1651 445 1751 506 DE
1796 445 2067 508 GESTIS
2111 447 2448 508 OTTONIS
2492 447 2538 508 Ι.

3466 451 3624 516 1150

196 581 3621 611 —-—-—-—-—-—————-—-—————————d_———————__—____——_

626 674 1052 823 CllllllEN
1150 676 1280 821 ΠΕ
1373 675 1732 824 GESTIS

1972 675 2203 824 DNIS
2297 678 2330 824 I
2423 678 3171 833 llil’llllzlltllllS.

1705 900 2100 910 ——————

1200 1011 1272 1091 Η
1292 1009 1988 1097 [ὶΟΤδΙΠΤΙ-ΙΖΕ
2046 1012 2626 1098 PR/EFA'I‘IO

876 1190 978 1248 AD
1024 1188 1505 1250 GEltBERGAM
1554 1189 2049 1250 ABBATISSAM
2099 1191 2957 1255 GANDEllSllElMENSEM.

276 1351 609 1408 Genusum;
643 1349 855 1405 illustri
891 1346 1324 1418 ablialisste,cui
1347 1365 1449 1418 pro
1484 1347 1572 1401 sui
1606 1347 1864 1402 eminen-
1894 1349 1949 1414 Α
1978 1347 2189 1419 hisque
2220 1349 2537 1404 admodum
2562 1349 3207 1428 lacessita,0ompetenti
3241 1361 3296 1415 in
3328 1363 3450 1419 loco
3474 1383 3624 1436 pau-

204 1441 292 1496 tia
345 1439 658 1512 probitatis
707 1439 851 1493 haut
902 1438 1095 1492 minor
1142 1435 1455 1512 obsequela
1484 1435 1865 1501 venerationi,

207 1511 394 1602 quam
427 1544 531 1600 pro
563 1525 780 1598 insigni
814 1525 1025 1597 regalis
1078 1511 1386 1580 stemmate
1435 1523 1863 1595 generositatis,

204 1618 508 1675 Haorsurr
538 1615 1094 1682 Gandeshemensis,
1128 1613 1338 1668 ultima
1369 1612 1711 1666 ultimarum
1754 1613 1864 1667 sub

206 1705 556 1778 huiusmodi
591 1722 850 1778 persona;
881 1703 1139 1760 dominio
1171 1701 1572 1770 militantium,
1601 1701 1752 1773 quod
1791 1701 1868 1755 fa-

207 1794 377 1852 mula
400 1812 509 1851 εγω
535 1795 619 1848 ιδε.

283 1885 330 1942 Ο
361 1901 496 1941 mea
525 1885 761 1951 domna,
796 1899 922 1955 quae
953 1881 1218 1937 rutilanti
1265 1879 1547 1953 spiritalis
1587 1880 1866 1934 varietate

204 1973 515 2048 sapientiai
545 1972 898 2045 perducetis,
952 1989 1067 2026 non
1116 1971 1377 2043 pigescat
1405 1969 1578 2024 vestri
1631 1968 1864 2024 almita-

200 2066 324 2118 tem
357 2063 426 2098 ⁸⁸⁸
454 2061 832 2134 perlustrare,
863 2059 1020 2132 quod
1049 2065 1242 2114 vestra
1274 2061 1336 2093 ⁸⁸⁷
1368 2059 1696 2113 confectum
1750 2073 1863 2111 non

199 2153 266 2187 ¹⁸⁸
298 2149 586 2224 ignoratis
615 2168 683 2205 ex
705 2149 996 2221 jussione.
1023 2149 1082 2204 Id
1115 2148 1353 2220 quidem
1377 2146 1570 2202 oneris
1605 2147 1746 2200 mihi
1776 2147 1862 2200 in-

198 2240 511 2314 posuistis,
545 2244 609 2294 ut
639 2244 804 2311 gesta
833 2237 1067 2292 caesaris
1090 2237 1484 2309 augusti,qu.'e
1519 2253 1621 2290 nec
1655 2235 1861 2290 auditu

202 2345 474 2402 unquam
492 2326 714 2383 affatim
727 2324 882 2381 valui
901 2325 1445 2397 colligere,metrica
1466 2340 1863 2396 percurrerem

202 2417 525 2475 rationeJn
546 2416 724 2488 hujus
743 2416 954 2470 sudore
973 2413 1698 2486 progressionisquantum
1724 2429 1864 2466 mea:

203 2505 464 2562 insciciaz
508 2503 876 2560 difficultatis
925 2503 1236 2570 obstiterit,
1289 2502 1417 2573 ipsa
1465 2501 1753 2571 conjicere
1801 2500 1866 2534 “9

207 2591 494 2667 potestis;
522 2609 638 2664 qua
667 2591 788 2646 haec
819 2591 1020 2648 eadem
1043 2607 1145 2645 nec
1170 2589 1332 2662 prius
1366 2589 1584 2660 scripta
1614 2587 1862 2660 repperi,

207 2699 316 2740 nec
363 2681 446 2738 ab
494 2680 689 2753 aliquo
749 2679 1023 2752 digestim
1074 2680 1139 2713 “‘0
1186 2678 1662 2750 sufficienterque
1710 2676 1867 2731 dicta

210 2770 420 2828 elicere
450 2769 739 2843 quivi,sed
763 2767 935 2823 veluti
974 2767 1022 2822 si
1051 2767 1266 2838 aliquis
1297 2765 1528 2822 nescius
1560 2766 1741 2838 ignoti
1766 2782 1869 2838 per

1977 1437 2162 1492 sando
2195 1437 2425 1505 silesco,
2489 1457 2593 1494 nec
2645 1443 2970 1513 augustalis
3003 1447 3405 1517 proceritatem
3437 1455 3625 1510 excel-

1977 1523 2168 1580 lentiae
2199 1525 2325 1580 sine
2355 1527 2571 1582 ducatu
2605 1546 2863 1600 approno
2895 1533 3113 1589 subire.
3151 1537 3208 1592 Si
3240 1539 3394 1594 enim
3425 1542 3626 1597 facun-

1977 1613 2239 1669 dissimis
2271 1616 2831 1675 dissertissimorum
2863 1624 3189 1692 sententiis,
3219 1644 3366 1699 quas
3396 1629 3480 1685 vel
3504 1648 3628 1686 mo-

1976 1701 2050 1756 do
2077 1703 2326 1774 scriptas
2358 1705 2442 1759 vel
2475 1706 2630 1761 otius
2663 1707 2732 1761 de
2765 1707 2858 1763 hic
2883 1710 3057 1766 rebus
3106 1731 3220 1768 non
3269 1717 3474 1773 dubito
3507 1721 3629 1776 fore

1975 1791 2338 1861 scribendas,
2374 1794 2584 1848 fuerim
2633 1795 2910 1866 animata,
2962 1799 3211 1858 fortasse
3261 1807 3631 1864 nanciscerer

1977 1880 2132 1935 unde
2164 1881 2276 1935 mei
2310 1883 2611 1938 rusticitas
2646 1883 2936 1940 velaretur
2984 1887 3426 1966 aliquantisper.
3460 1895 3629 1954 Nunc

1977 1973 2171 2022 autem
2221 1984 2393 2025 omne
2423 1970 2580 2026 latus
2614 1977 2774 2028 tanto
2825 1975 3012 2048 magis
3061 1985 3219 2035 caret
3266 1981 3626 2052 defensione,

1975 2062 2196 2127 quanto
2222 2058 2420 2114 nimus
2442 2059 2563 2114 ulla
2589 2061 2830 2118 fulcitur
2849 2066 3232 2137 auctoritate;
3269 2071 3424 2127 unde
3450 2073 3628 2130 etiam

1972 2161 2191 2214 vereor,
2227 2164 2320 2202 me
2351 2148 2700 2206 temeritatis
2731 2153 2895 2223 argui
2929 2155 3372 2230 tendieulasque
3414 2161 3628 2218 multo-

1975 2250 2107 2287 rum
2141 2252 2253 2288 non
2286 2236 2542 2292 devitarc
2573 2239 2906 2306 convitii,eo
2939 2243 3092 2312 quod
3127 2245 3358 2318 pompis
3393 2248 3457 2281 ³⁵³
3477 2249 3628 2304 face-

1976 2325 2045 2376 tze
2069 2324 2422 2378 urbanitatis
2454 2327 2793 2397 exponenda
2832 2328 3629 2410 eloquentius,prmsumpse-

1976 2411 2087 2464 rim
2121 2411 2503 2468 dehonestare
2529 2414 2733 2470 inculti
2759 2416 2975 2473 vilitate
2998 2421 3303 2477 sermonis.
3341 2423 3400 2478 Si
3434 2428 3628 2480 tamen

1975 2517 2130 2553 sana:
2163 2501 2378 2556 mentis
2409 2519 2649 2558 examen
2683 2507 3016 2574 accesserit,
3042 2525 3168 2580 qua:
3195 2527 3286 2566 res
3319 2516 3472 2567 recte
3495 2530 3631 2585 pen-

1976 2605 2104 2643 sare
2136 2606 2250 2644 non
2285 2591 2490 2658 nescit,
2525 2597 2744 2664 quanto
2777 2612 2952 2649 sexus
2983 2596 3243 2669 fragilior
3269 2600 3632 2674 scientiaque

1977 2677 2190 2748 minor,
2241 2683 2403 2734 tanta
2454 2680 2623 2735 venia
2672 2681 2780 2736 erit
2837 2683 3091 2751 facilior;
3125 2689 3447 2756 praesertim
3492 2707 3629 2746 cum

1978 2783 2092 2820 non
2127 2767 2190 2800 ¹⁶³
2221 2785 2363 2821 meae
2396 2770 2895 2842 praesumptionis,
2926 2773 3024 2827 sed
3061 2779 3319 2832 vestrum
3357 2779 3421 2812 ‘5‘
3451 2795 3633 2836 causa

215 2857 595 2915 latitudinem
625 2856 810 2912 saltus
842 2856 1053 2924 iturus,
1083 2856 1183 2911 ubi
1215 2857 1408 2911 omnis
1439 2856 1650 2910 semita
1689 2853 1864 2910 nivali
1967 2854 2258 2925 jussionis
2279 2856 2456 2927 hujus
2475 2863 2700 2912 stamen
2721 2860 2988 2930 opusculi
3011 2864 3284 2934 cmperim
3307 2866 3632 2923 ordiri.Cur

212 2947 509 3004 densitate
539 2945 830 3002 velaretur
856 2946 1129 3009 obducta,
1156 2944 1365 3016 hirque
1396 2943 1556 2998 nullo
1589 2944 1865 3009 duce,scd

213 3035 336 3092 solo
371 3034 952 3110 prmmonstrantium
985 3037 1129 3088 nutu
1163 3033 1622 3100 inductus,nunc
1654 3049 1756 3104 per
1775 3033 1868 3086 de-

212 3125 303 3180 via
331 3127 578 3192 erraret,
613 3140 770 3178 nunc
818 3122 958 3177 recti
1007 3122 1301 3176 tramitem
1343 3121 1506 3176 callis
1555 3119 1867 3192 improvise

213 3212 562 3280 incurreret,
595 3213 777 3267 donec
808 3212 1044 3266 tandem
1076 3227 1314 3266 emensa
1364 3210 1616 3267 arborea:
1649 3210 1866 3265 medie-

217 3306 333 3359 tate
377 3299 813 3376 spissitudinis,
845 3299 1039 3355 locum
1090 3303 1297 3370 optata:
1347 3299 1868 3370 comprehenderet

213 3391 451 3464 quietis,
485 3389 720 3462 illicque
759 3389 1009 3462 gradum
1061 3389 1266 3459 ﬁgens,
1303 3387 1549 3442 ulterius
1595 3388 1865 3459 progredi

214 3498 327 3538 non
359 3482 956 3554 presumeretmsque
989 3477 1130 3532 dum
1153 3475 1240 3532 vel
1263 3475 1374 3531 alio
1398 3476 1864 3547 superveniente,

212 3569 611 3637 induceretur,
643 3567 732 3622 vel
764 3567 1145 3640 praecedentis
1193 3565 1437 3637 vestigia
1486 3565 1867 3635 subsequere-

1976 2948 2171 2998 tamen
2202 2943 2450 2999 aliorum
2473 2947 2694 3016 juditia
2726 2947 2998 3020 formido,
3031 2967 3159 3022 qua:
3189 2954 3365 3008 vestri
3413 2955 3632 3012 solum-

1977 3034 2151 3088 modo
2181 3051 2462 3100 censurm,
2497 3034 2544 3090 si
2573 3035 2709 3107 quid
2753 3037 2948 3098 fefelli.
2981 3039 3230 3095 obnoxia
3272 3043 3496 3100 existo?
3540 3044 3629 3100 vel

1977 3139 2082 3176 cur
2112 3139 2396 3194 nequeam
2443 3125 2696 3179 devitarc
2745 3126 3024 3194 convicia,
3077 3145 3207 3201 qua:
3258 3129 3630 3188 solummodo

1977 3209 2211 3265 silentio
2243 3213 2479 3266 studere
2511 3213 2794 3278 debeo,ne
2826 3215 2874 3269 si
2908 3216 3119 3272 seriem
3149 3235 3253 3289 pro
3287 3220 3378 3274 sui
3409 3219 3634 3277 vilitate

1979 3297 2132 3353 nulli
2163 3301 2584 3356 ostendendam
2607 3301 2780 3356 velim
2801 3303 3116 3374 propalari,
3139 3307 3348 3362 merito
3369 3309 3633 3364 omnium

1978 3389 2361 3442 succumbam
2396 3389 2833 3461 reprehensioni
2859 3393 2962 3446 '55?
2991 3392 3197 3450 Vestro
3219 3401 3418 3452 autem
3439 3397 3638 3452 vestri-

1977 3493 2090 3547 que
2122 3476 2592 3542 familiarissimi,
2628 3479 2721 3532 cui
2755 3478 2908 3534 hanc
2940 3482 3325 3538 rusticitatem
3357 3485 3634 3540 sanxistis

1976 3568 2393 3636 przesentatum
2445 3566 2536 3633 iri,
2572 3566 2795 3621 scilicet
2841 3568 3276 3640 archiprzesulis
3324 3573 3630 3646 Willelmi,

212 3659 327 3728 tur,
359 3690 432 3700 —-
463 3657 609 3712 baut
634 3655 806 3712 aliter
834 3672 940 3728 ego
980 3655 1429 3727 magnificarum
1474 3651 1864 3724 prolixitatem
1967 3651 2216 3723 judicio,
2251 3654 2664 3724 quoquomodo
2690 3655 2908 3710 factum
2947 3655 3046 3726 sit,
3077 3659 3494 3718 mstimandum
3543 3679 3630 3719 re-

214 3763 407 3804 rcrum
429 3748 608 3820 jussu
636 3745 885 3818 ingredi,
909 3743 1193 3816 regalium
1226 3740 1658 3814 multiplicitate
1679 3744 1868 3813 gesto-

217 3851 347 3893 rum
380 3835 650 3894 nutando
680 3839 737 3891 et
765 3832 1074 3890 vacillante
1107 3831 1406 3905 mgcrrimc
1429 3829 1748 3886 transcurri
1778 3831 1863 3897 ‘5‘,

1976 3738 2199 3810 linquo.

1013 4132 1157 4216 AD
1224 4128 1799 4217 ODDONEM
1864 4131 1902 4215 Ι
1957 4129 2824 4216 IMPERATOREM.

282 4336 513 4394 Pollens
539 4334 772 4408 imperii
804 4338 1078 4408 regnator
1108 4333 1433 4389 cazsariami

215 4421 396 4493 Oddo,
431 4424 534 4498 qui
567 4423 720 4497 regis
751 4423 966 4496 pietate
999 4423 1221 4478 fovente
1253 4422 1524 4493 perennis

216 4509 276 4566 In
307 4512 557 4587 sceptris
590 4511 920 4585 augustalis
950 4509 1266 4582 praeclarus
1295 4509 1533 4566 honoris

214 4599 505 4674 Augustos
536 4617 742 4656 omnes
775 4616 1021 4672 superas
1053 4598 1266 4671 pietate
1296 4598 1541 4670 priores,

215 4687 390 4752 Quem
423 4689 626 4764 plures
654 4693 858 4762 gentes
879 4687 1100 4760 passim
1134 4690 1407 4742 metuunt
1434 4685 1789 4756 habitantes,

216 4773 556 4836 Muneribus
585 4777 763 4834 variis
796 4778 1099 4834 Romanus
1129 4777 1308 4832 donat
1335 4780 1393 4830 et
1422 4775 1579 4830 orbis
1613 4791 1626 4828 :

215 4859 500 4938 Exiguum
532 4882 753 4922 munus
783 4881 856 4921 ne
887 4881 1130 4938 spernas
1160 4863 1438 4920 carminis
1468 4863 1670 4934 hujus,

217 4948 325 5008 Iste
355 4956 456 5012 sed
486 4954 722 5012 oblatus
742 4953 989 5010 laudum
1020 4953 1250 5026 placeat
1277 4951 1382 5006 tibi
1413 4968 1645 5018 census,

215 5039 391 5105 Quem
419 5050 719 5119 postrema
748 5043 944 5118 gregis
975 5041 1146 5098 solvit
1174 5041 1281 5097 tibi
1303 5039 1858 5108 Gandeshemensis,

213 5127 387 5192 Quem
407 5133 602 5190 dulcis
635 5136 872 5206 patrum
899 5131 1134 5203 collegit
1163 5146 1306 5186 cura
1335 5134 1597 5200 tuorum,

211 5212 680 5294 Continuumque
711 5221 819 5277 tibi
852 5220 1024 5276 debet
1054 5219 1318 5275 studium
1353 5217 1700 5274 famulandi.

1891 4334 1934 4400 C
1974 4333 2190 4388 Forsan
2221 4336 2522 4405 gestorum
2555 4332 2754 4404 plures
2785 4336 3071 4408 scripsere
3103 4341 3341 4393 tuorum

1971 4421 2042 4476 Et
2070 4425 2210 4476 sunt
2229 4420 2504 4492 scripturi
2538 4426 2671 4492 post
2701 4421 2823 4477 haec
2856 4423 3108 4496 insignia
3135 4425 3305 4480 multi
3329 4444 3342 4494 ;

1975 4510 2084 4565 Sed
2104 4527 2217 4564 non
2241 4509 2570 4580 exemplum
2593 4510 2908 4582 quisquam
2932 4511 3075 4566 mihi
3106 4514 3357 4584 prmbuit
3386 4514 3622 4583 borum,

1973 4597 2091 4654 Nec
2122 4599 2187 4634 ¹⁵⁶
2219 4597 2529 4654 scribenda
2559 4597 2726 4670 prius
2760 4598 2964 4672 scripti
2997 4600 3247 4656 docuere
3279 4601 3484 4673 libelli,

1973 4686 2162 4742 Causa
2193 4687 2293 4741 sed
2325 4691 2412 4742 est
2443 4687 2636 4758 operis
2668 4691 2900 4742 tantum
2935 4688 3162 4744 devotio
3196 4691 3429 4750 mentis.

1973 4774 2104 4830 Ilaec
2135 4777 2192 4829 et
2223 4775 2294 4829 ad
2327 4774 2664 4829 audendum
2706 4775 2992 4830 suadebat
3023 4792 3172 4848 opus
3202 4780 3586 4836 metuendum
3613 4799 3626 4850 ;

1972 4863 2118 4918 Nam
2151 4865 2244 4918 sat
2276 4862 2544 4930 formido,
2581 4864 2736 4935 quod
2769 4867 2930 4936 geste
2959 4863 3046 4918 tui
3077 4865 3438 4925 modulando

1972 4951 2209 5007 Incaute
2240 4951 2352 5007 sim
2384 4950 2534 5007 falsa
2563 4969 2837 5024 sequens,
2871 4969 2986 5007 non
3015 4969 3153 5008 vera
3180 4959 3479 5028 retexens;

1971 5041 2083 5096 Sed
2108 5056 2223 5095 non
2247 5039 2356 5095 hoc
2377 5040 2569 5096 suasit
2600 5040 2757 5096 mala
2778 5041 2968 5096 mis”7
2981 5046 3362 5117 praesumptio
3387 5049 3624 5118 mentis,

1970 5129 2086 5184 Nec
2116 5144 2352 5185 summa
2378 5129 2495 5184 veri
2527 5133 2864 5202 contempta
2893 5135 3101 5203 sponte
3131 5132 3341 5204 fefelli;

1971 5218 2082 5273 Sed
2115 5234 2208 5274 res
2234 5222 2302 5274 ut
2331 5218 2539 5290 scripsi
2571 5234 2698 5274 sesc
2729 5218 2813 5274 sic
2845 5236 3089 5291 prorsus
3119 5220 3337 5280 habere
3395 5281 3412 5302 κ

1557 5368 1798 5426 νΑΗΙλΕ
1841 5368 2262 5426 LECTIONES.

280 5518 342 5554 “5
367 5523 407 5576 ἱ.
440 5541 486 5580 c.
516 5524 690 5580 heraa.
789 5525 854 5564 1“
884 5523 1058 5579 almie
1090 5524 1140 5578 1.

217 5653 344 5742 si

217 5739 347 5788 mei.

468 5668 513 5703 ⁸⁸
545 5670 624 5724 ita
657 5669 706 5724 1.
740 5671 947 5724 vestrae
978 5666 1205 5722 Reubcr.

1236 5523 1300 5556 “7
1334 5525 1410 5577 ita
1440 5523 1664 5577 Reuber.
1698 5526 1887 5578 vestro
1920 5523 1970 5576 1.

213 5581 274 5668 ¹ξ¹
307 5591 378 5648 ita
405 5594 690 5702 legendum
718 5613 832 5653 esse
858 5594 1091 5660 videtur,
1121 5598 1459 5651 transcurre
1511 5595 1534 5647 1
1585 5597 1922 5650 transcurre
1947 5597 2002 5650 2.

217 5669 263 5702 si
295 5661 316 5702 1
468 5668 513 5702 δι
545 5670 620 5702 «ιἸη
657 5669 677 5702 4
740 5671 946 5702 υοαιηω
985 5666 1188 5702 nouam.
1316 5667 1378 5699 εδδ
1408 5665 1830 5702 τιηηνιιερηςιίηης
1868 5665 1888 5702 4

1316 5667 1378 5699 ¹⁵⁵
1407 5665 1834 5736 represensioni
1868 5665 1917 5721 1.

2068 5521 2240 5596 “ita:
2266 5523 2326 5576 2.
2367 5520 2416 5576 si
2452 5521 2501 5596 1_.
2566 5522 2664 5596 ‘M
2692 5524 2845 5596 (£41.
2947 5523 3014 5560 ¹⁵⁰
3045 5527 3122 5580 ita
3150 5527 3204 5595 2,
3240 5525 3537 5596 digestum
3569 5527 3622 5581 1.

2110 5593 2176 5668 ¹ξ⁵²
2224 5592 2524 5668 pomposis
2549 5593 2607 5668 _1_.
2641 5593 2832 5668 verbis
2863 5597 3162 5668 pomposis
3186 5592 3255 5668 '2.
3307 5592 3418 5630 ""3
3447 5597 3526 5668 ita
3564 5599 3619 5650 2.

2027 5664 2091 5699 ¹⁸⁶
2121 5665 2199 5719 ita
2226 5663 2516 5720 recte’edd.
2549 5664 2684 5734 Hec,
2721 5663 2899 5722 littera
2933 5667 2983 5724 ΙΙ
3005 5663 3201 5734 'rubra,
3240 5667 3290 5722 1.
3431 5667 3496 5700 ³⁵⁷
3527 5670 3628 5724 iet
