3904 6396
304 419 457 485 1151

307 555 424 628 Ipsi
456 554 727 610 dicebant
759 550 922 619 mihi,
959 551 1059 622 qui
1091 550 1402 605 scribenda
1432 551 1713 605 ferebant.

308 643 453 698 Hine
483 638 779 713 augustali
811 639 997 710 pietas
1030 656 1140 693 non
1178 642 1433 710 spernat,
1469 639 1708 693 honoris

306 731 469 797 Quod
502 727 749 798 simplex
780 726 1024 781 humilis
1054 727 1236 798 gessit
1269 727 1494 782 devotio
1522 727 1754 782 mentis.

305 820 374 874 Et
404 834 537 872 cum
575 821 627 871 te
659 816 791 869 libri
826 815 1134 869 laudantes
1162 834 1416 887 congrue
1446 818 1616 871 multi

307 908 443 962 Post
493 906 614 960 haec
665 904 1003 959 scribantur
1051 906 1115 939 ‘53
1168 906 1492 977 meritoque
1550 906 1776 978 placere
1826 923 1955 976 pre-

1626 997 1881 1067 [beatum

305 1084 520 1141 Ordine
550 1084 881 1154 postremus
914 1100 1026 1136 non
1062 1084 1139 1138 sit
1172 1089 1363 1139 tamen
1400 1083 1504 1138 iste
1539 1084 1791 1150 libellus,

1110 417 1642 480 HROTSUlTll/E
1687 414 2064 477 MONIALIS
2114 417 2913 479 GANDERSHEIMENSIS

3578 415 3748 484 1152

1984 549 2040 615 Α
2070 551 2251 616 Quem
2286 551 2450 623 prius
2480 550 2744 624 exemplo
2773 553 3003 606 constat
3030 549 3317 623 scriptum
3352 549 3476 607 fore
3505 549 3707 619 nullo,

2069 640 2139 695 Et
2169 640 2304 695 licet
2334 640 2563 713 imperii
2596 645 2794 696 teneas
2827 641 3004 695 decus
3035 639 3353 709 Octaviani,

2068 729 2193 783 Non
2225 729 2560 800 dedigneris
2580 729 2817 784 vocitari
2844 730 3079 783 nomine
3113 729 3289 801 regis,

2072 818 2263 873 Donec
2294 820 2617 891 perscripto
2652 821 2777 873 vita:
2812 818 3024 891 regalis
3056 819 3293 887 honore,

2070 906 2285 961 Ordine
2318 907 2544 976 digesto
2576 926 2797 963 necnon
2824 924 3093 961 sermone
3123 908 3331 962 decoro

2069 995 2309 1050 Dicatur
2340 996 2553 1068 sceptri
2586 997 2765 1051 decus
2800 995 3101 1067 imperiale
3134 996 3400 1051 secundi.

1142 1303 1285 1384 AD
1346 1300 1843 1389 ODONEM
1897 1302 1976 1387 II
2030 1303 2893 1390 IMPERATOREM.

373 1476 537 1533 Odde
570 1477 816 1533 Romani
852 1478 1205 1549 prasfulgens
1237 1479 1533 1549 gemmula
1570 1480 1754 1551 regni,

303 1567 563 1624 Oddonis
597 1569 705 1623 ﬂos
736 1568 971 1639 augusti
1008 1567 1322 1638 splendens
1354 1570 1689 1635 venerandi,

302 1657 405 1712 Cui
439 1673 537 1711 rex
570 1656 948 1726 altithronus,
986 1674 1191 1727 perpcs
1222 1674 1455 1727 quoque
1486 1657 1643 1711 filius
1675 1659 1823 1727 ejus,

303 1745 577 1801 Prmstitit
608 1745 921 1817 imperium
957 1744 1180 1815 pollens
1207 1744 1265 1798 in
1298 1746 1508 1800 vertice
1541 1763 1732 1800 rerum
1766 1762 1777 1798 :

299 1833 488 1889 Vilem
522 1851 593 1889 ne
624 1851 870 1906 spernas
904 1833 1034 1888 vilis
1069 1838 1291 1888 textum
1327 1833 1622 1904 monialis,

301 1924 484 1988 Quem
518 1922 879 1993 praasentari,
905 1923 967 1977 si!
989 1922 1251 1994 digneris
1285 1922 1607 1992 reminisci,

302 2012 432 2083 Ipse
454 2011 537 2066 tui
570 2010 747 2066 claris
770 2011 1008 2081 jussisti
1045 2028 1233 2082 nuper
1264 2010 1486 2077 ocellis,

284 2101 371 2155 -Et
398 2117 533 2155 cum
565 2100 888 2172 perSpieias
920 2100 1169 2177 maculis
1202 2101 1536 2156 sordeseere
1570 2101 1793 2156 crebris

300 2189 385 2244 Ad
418 2188 665 2244 celerem
697 2191 763 2224 ¹⁵⁹
794 2193 956 2243 tanto
985 2190 1214 2244 veniam
1248 2207 1380 2244 mox
1413 2191 1650 2261 pronior
1685 2194 1831 2243 este.

303 2277 367 2332 In
393 2278 798 2345 monstrando,
831 2276 953 2333 tuis
986 2282 1276 2349 quantum
1310 2277 1443 2349 plus
1478 2294 1650 2349 pareo
1675 2276 1886 2349 jussis,

304 2366 364 2421 Si
393 2366 468 2422 tis
501 2367 566 2401 ¹⁶⁰
595 2369 885 2438 praecepto
921 2384 1036 2420 non
1071 2384 1311 2439 urgerer
1342 2368 1675 2433 metuende,

306 2454 434 2509 Non
465 2454 636 2521 foret,
670 2453 787 2509 ulle
819 2456 880 2489 ¹⁶¹
915 2456 1088 2509 modo
1122 2454 1391 2509 mihimet
1424 2455 1638 2509 fiducia
1670 2457 1853 2523 tanta,

306 2542 381 2598 Ut
409 2543 514 2598 tibi
549 2544 853 2614 praesentis
886 2545 1272 2599 scrutandum
1299 2543 1649 2598 rusticitatis

304 2632 595 2687 Auderem
628 2634 693 2665 ¹⁶²
725 2632 871 2687 satis
899 2630 1174 2703 exiguum
1198 2634 1466 2703 praeferre
1498 2634 1562 2666 ¹⁶³
1596 2630 1895 2698 libellum;

305 2721 413 2787 Qui
444 2726 764 2792 prmstante
796 2721 912 2775 Deo
938 2720 1085 2792 patri
1112 2723 1465 2791 subjunctus
1497 2722 1552 2775 in
1588 2720 1741 2789 aula,

306 2808 499 2880 Ipsius
529 2814 586 2864 et
607 2809 850 2865 monitis
874 2811 938 2843 ¹⁶⁴
960 2815 1270 2881 promptus
1304 2827 1504 2880 parere
1536 2809 1812 2881 paternis,

308 2898 418 2953 Par
448 2897 626 2953 decus
658 2897 888 2969 imperii
925 2897 1137 2953 retines
1170 2898 1535 2953 concorditer
1558 2898 1760 2969 ampli,

307 2986 694 3058 Cemportaus
716 2987 916 3041 dextra
948 2992 1245 3057 sceptrum
1278 2987 1469 3057 regale
1504 2986 1729 3043 tenella.

309 3075 420 3129 Sed
453 3074 593 3147 quia
621 3079 676 3130 te
706 3076 947 3131 memini
983 3075 1317 3131 sublimiter
1342 3076 1658 3131 assimilari

2070 1480 2215 1535 Nato
2244 1481 2449 1536 famosi
2482 1480 2633 1553 regis
2665 1480 2844 1535 David
2879 1477 3197 1543 Salemoni,

2071 1570 2177 1635 Qui
2210 1570 2474 1641 genitore
2507 1587 2611 1624 suo
2647 1572 2934 1641 prresente
2958 1567 3323 1639 jubenteque
3354 1569 3567 1620 saneto

2072 1658 2283 1729 Optata
2316 1676 2560 1729 regnum
2595 1657 2855 1729 suscepit
2888 1673 3025 1727 pace
3059 1659 3394 1727 paternum,

2076 1747 2269 1817 Ipsius
2302 1746 2566 1817 exemplo
2600 1752 2655 1800 te
2686 1750 3028 1800 contentum
3061 1744 3182 1797 fore
3212 1759 3420 1813 spero;

1996 1799 2043 1863 Β
2078 1834 2184 1899 Qui
2217 1852 2351 1889 eum
2389 1835 2685 1905 regnando
2718 1833 2999 1887 resideret
3029 1832 3089 1887 in
3123 1848 3253 1886 arce
3284 1831 3572 1903 superba,

2077 1924 2402 1978 Prudenter
2433 1924 2627 1993 legum
2661 1922 2919 1976 condens
2951 1922 3186 1975 decreta
3216 1936 3524 1975 sacrarum

2072 2014 2151 2067 Ac
2184 2016 2498 2084 penetrans
2530 2012 2725 2067 animo
2752 2028 2947 2065 rerum
2980 2013 3204 2065 secreta
3236 2008 3560 2080 profundo,

2074 2102 2241 2155 Nunc
2271 2101 2411 2155 libet
2437 2107 2493 2155 et
2520 2100 2784 2154 minimis
2818 2103 3075 2153 mentem
3109 2096 3303 2151 laxare
3336 2095 3654 2167 rimandis,

2074 2191 2185 2245 Sed
2220 2208 2324 2243 nec
2354 2189 2691 2244 conflictum
2721 2188 2949 2243 fastidit
2982 2188 3089 2241 rite
3120 2186 3373 2241 duarum

2073 2278 2305 2333 Solvere
2327 2278 2529 2349 juditii
2562 2277 2734 2333 celeri
2768 2275 3110 2331 discrimine
3142 2273 3304 2344 recti,

2073 2367 2300 2421 Prelem
2330 2368 2557 2422 restitui
2590 2385 2736 2422 vera:
2769 2366 3057 2420 mandans
3089 2362 3376 2437 genitrici.

2071 2456 2216 2511 Ilinc
2239 2457 2483 2528 supplex
2502 2461 2555 2510 te
2575 2473 2749 2527 posco
2767 2454 3004 2527 quidem
3029 2458 3297 2507 nostrum
3318 2451 3697 2507 Salomonem

2070 2545 2139 2599 Et
2170 2545 2305 2600 licet
2338 2545 2565 2616 imperii
2590 2544 2843 2599 tenearis
2874 2540 3229 2597 sollicitandi

2070 2634 2240 2699 Cura,
2276 2633 2536 2704 digneris
2569 2640 2766 2688 tamen
2798 2638 2855 2687 et
2886 2630 3131 2702 propriae
3163 2628 3441 2685 monialis

2072 2722 2350 2776 Ludende
2386 2723 2448 2755 ¹⁶⁵
2481 2720 2691 2776 seriem
2724 2738 2881 2775 nunc
2908 2718 3170 2774 lectitare
3201 2720 3522 2785 recentem,

2070 2812 2192 2875 Quo
2225 2809 2377 2864 male
2407 2809 2749 2881 compositis
2772 2808 2961 2863 verbis
2994 2824 3129 2861 mox
3158 2806 3390 2861 decidat
3419 2806 3620 2861 omnis

2071 2897 2410 2965 Rustieitas,
2445 2898 2564 2953 oris
2594 2896 2957 2952 detractibus
2979 2894 3301 2967 imperialis
3322 2896 3437 2962 (49)

2067 2987 2335 3042 Nominis
2367 2992 2422 3042 et
2452 2986 2622 3042 titulo
2654 2987 2885 3059 signata
2916 2985 3001 3040 tui
3032 2984 3360 3039 venerando

1994 3059 2037 3125 Ε
2073 3079 2392 3148 Despectus
2416 3077 2599 3132 nimia
2639 3076 2830 3131 meriti
2861 3077 3104 3131 tuantur
3127 3074 3199 3129 ab
3230 3091 3413 3128 aura..

1167 3361 1841 3503 INCIPIT
1888 3454 1911 3470 -
1947 3365 2871 3503 HISTORIA.

380 3583 696 3653 Postquam
729 3599 825 3636 rex
857 3597 1081 3652 regum,
1115 3582 1215 3653 qui
1250 3582 1411 3638 solus
1446 3583 1504 3637 in
1537 3600 1721 3637 aevum

309 3672 415 3728 Per
445 3689 507 3726 se
537 3676 880 3726 cunctorum
914 3674 1317 3727 transmutans
1342 3676 1604 3743 tempera
1626 3690 1852 3746 regum,

306 3760 496 3818 Jussit
527 3762 881 3816 Francorum
917 3761 1219 3815 transferri
1256 3762 1449 3816 nobile
1479 3779 1726 3833 regnum

306 3850 392 3905 Ad
423 3848 641 3904 claram
672 3852 904 3920 gentem
937 3848 1232 3902 Saxonum
1285 3849 1350 3883 ¹⁶⁶
1398 3852 1513 3918 (an.
1565 3851 1713 3921 919),
1748 3866 1962 3904 nomen

1624 3937 1962 4010 [habentem

305 4024 390 4078 Ad
424 4042 561 4081 saxo
593 4043 695 4097 per
723 4024 1010 4080 duriciam
1039 4025 1253 4080 mentis
1282 4026 1428 4080 bene
1460 4026 1715 4097 ﬁrmam,

309 4111 492 4168 Filius
522 4112 780 4167 Oddonis
811 4110 1009 4182 magni
1040 4112 1207 4166 ducis
1238 4116 1297 4167 et
1324 4114 1661 4182 venerandi,

307 4199 541 4255 Scilicet
570 4199 875 4265 Henricus,
903 4200 1163 4271 suscepit
1196 4201 1354 4271 regia
1385 4201 1613 4272 primus
1738 4204 1958 4270 [renda.

308 4290 523 4346 Fausto
550 4289 613 4321 ¹⁵τ
646 4305 748 4359 pro
784 4287 998 4360 pepulo
1051 4289 1114 4322 “‘3
1167 4289 1567 4345 moderamine
1600 4300 1829 4364 sceptra
1859 4310 1963 4365 ge-

377 4377 482 4433 Hic
513 4375 739 4448 pellens
771 4380 1001 4448 quanta:
1032 4377 1222 4433 fuerat
1251 4379 1531 4435 bonitatis
1562 4380 1805 4452 honore,

307 4467 379 4522 Et
409 4470 631 4538 quanta
654 4465 908 4538 populos
940 4465 1087 4521 rexit
1118 4465 1335 4539 pietate
1366 4468 1663 4539 subactos,

306 4554 567 4621 Qualiter
594 4560 653 4610 et
682 4571 848 4628 reges
879 4554 1107 4611 meritis
1137 4560 1280 4610 tunc
1302 4556 1582 4628 temporis
1613 4573 1819 4614 omnes

307 4642 617 4697 Prmminet
642 4643 893 4710 eximiis,
929 4644 1156 4699 excedit
1187 4644 1441 4716 denique
1472 4644 1604 4701 vilis

308 4730 496 4801 Hujus
523 4730 835 4785 earminuli
867 4735 1092 4787 textum
1125 4731 1377 4787 nimium
1411 4733 1636 4788 viciesi.

307 4818 456 4874 Nam
488 4819 599 4874 fuit
629 4819 875 4875 immitis
908 4820 1464 4892 reprobis,blandus
1498 4839 1729 4895 quoque
1754 4824 1959 4896 justis,

309 4907 554 4963 Summo
585 4924 937 4965 conservans
967 4909 1163 4965 studio
1195 4908 1408 4982 legalia
1428 4912 1587 4982 jura,

379 4993 546 5051 Vers.
580 4996 667 5051 15.

1982 3592 2031 3656 1)
2062 3585 2249 3656 [Equa
2265 3584 2406 3640 satis
2425 3582 2650 3638 meritis
2666 3583 2915 3638 reddens
2928 3598 3161 3655 quoque
3185 3581 3424 3654 prasmia
3445 3579 3689 3645 cunctis,

2073 3673 2220 3729 Huic
2251 3690 2347 3728 rex
2380 3673 2661 3745 pacificus
2693 3671 2932 3726 dederat
2962 3672 3031 3726 de
3062 3670 3251 3725 sidere
3285 3671 3350 3704 ¹⁶⁰
3379 3669 3649 3725 Christus

2072 3763 2216 3834 Ejus
2246 3762 2473 3817 civilem
2504 3762 2633 3816 vita:
2668 3778 2771 3831 per
2792 3764 3057 3831 tempera
3081 3776 3314 3831 pacem;

2072 3850 2280 3906 Omine
2312 3850 2462 3905 felici
2494 3849 2684 3904 tenuit
2713 3866 2949 3921 quoque
2980 3847 3240 3903 culmina
3272 3847 3456 3918 regni,

2072 3940 2142 3995 Ni
2174 3939 2362 4007 fallor,
2397 3939 2579 3993 denos
2610 3937 2862 3993 labentis
2896 3936 3175 4009 temporis
3207 3953 3393 3991 annos

2072 4029 2308 4084 Necnon
2341 4028 2432 4083 bis
2464 4032 2663 4083 ternos
2694 4025 2949 4081 multum
2982 4026 3228 4082 feliciter
3256 4028 3439 4089 actos,

2072 4117 2479 4189 Cenregnante
2511 4132 2619 4172 sua
2650 4115 2933 4171 Mathilda
2965 4116 3212 4185 conjuge
3244 4112 3421 4180 clara,

2072 4205 2178 4261 Cui
2210 4206 2276 4240 ¹⁷⁰
2307 4222 2464 4260 nunc
2494 4204 2553 4259 in
2587 4221 2765 4276 regno
2797 4222 2914 4259 non
2946 4202 3426 4276 compcnsabilur
3457 4201 3598 4267 ulla,

2073 4296 2208 4359 Quae
2242 4298 2441 4365 posset
2472 4292 2697 4348 meritis
2729 4292 2889 4348 illam
2923 4308 3201 4363 superare
3232 4290 3551 4362 supremis.

2144 4381 2323 4437 Trina
2353 4381 2569 4452 quibus
2600 4380 2796 4436 Deitas
2830 4381 3067 4435 dederat
3096 4384 3216 4435 tres
3247 4377 3505 4449 denique
3537 4378 3709 4440 natos,

2071 4470 2204 4527 Jam
2236 4474 2398 4539 tunc,
2430 4469 2583 4526 felici
2621 4469 2985 4542 disponendo
3017 4468 3109 4541 pie
3141 4466 3321 4541 genti,

2072 4559 2155 4615 Ne
2184 4562 2318 4631 post
2346 4556 2582 4614 Henrici
2612 4561 2883 4626 mortem,
2919 4556 3073 4631 regis
3099 4555 3438 4622 venerandi,

2073 4646 2395 4719 Imperium
2428 4645 2592 4718 regni
2624 4645 2777 4703 male
2808 4645 3172 4718 surriperent
3202 4642 3501 4711 scelerosi,

2075 4736 2142 4791 Hi
2175 4736 2276 4791 sed
2311 4734 2528 4808 regalis
2560 4735 2681 4790 nati
2714 4736 2785 4790 de
2817 4734 3081 4807 germine
3111 4732 3315 4805 stirpis

2074 4824 2382 4879 chissent
2412 4840 2657 4896 regnum
2690 4822 2962 4880 concordi
2997 4840 3135 4895 pace
3167 4824 3505 4894 paternum,

2075 4912 2352 4979 Quamvis
2383 4911 2704 4969 dissimiles
2735 4912 2830 4968 his
2862 4915 3236 4970 servarentur
3264 4909 3541 4976 honores,

2146 5001 2311 5058 Vers.
2346 5002 2437 5057 3t.

1670 5125 1913 5182 VARIIE
1954 5126 2374 5182 LECTIONES.

383 5244 449 5278 ¹⁵³
479 5244 558 5298 ita
584 5246 635 5298 1.
667 5253 719 5299 et
746 5245 1143 5317 Schurzﬂeieh.

313 5402 448 5439 rens
472 5389 710 5441 correxit
735 5390 789 5439 2.
869 5387 934 5420 ¹⁶⁶
966 5404 1236 5443 saxorum
1269 5408 1407 5445 corr.
1442 5409 1727 5447 saxonum
1758 5387 1806 5447 1-.

316 5457 451 5511 dere
482 5472 625 5512 corr.
656 5458 727 5513 de
755 5456 947 5512 sidere
980 5460 1029 5511 1.
1112 5461 1175 5493 ¹τ⁰
1207 5462 1313 5525 Qui
1350 5464 1399 5529 1,
1434 5466 1674 5518 correxit
1701 5469 1755 5518 2.

1249 5250 1314 5283 ’⁵ο
1346 5250 1623 5303 seelcrem
1649 5267 1792 5305 corr.
1826 5251 2073 5307 celerem
2107 5253 2157 5306 1.

312 5315 533 5369 darem.
614 5315 962 5396 ’53Lperfer‘re
991 5318 1110 5371 cdd.
1191 5320 1257 5353 '6‘
1288 5322 1359 5375 ita
1393 5324 1446 5383 2,
1484 5322 1744 5378 monitus
1776 5330 2021 5396 proptus
2055 5340 2256 5394 parare
2288 5324 2339 5377 1.

1889 5391 1951 5430 ί⁶⁷
1982 5391 2153 5451 Juste
2184 5395 2423 5449 correxit
2450 5402 2501 5448 et
2524 5394 2696 5448 edidit
2725 5391 2792 5449 2.‘
2859 5394 2924 5427 ¹⁶⁸
2966 5391 3163 5465 populi
3215 5391 3369 5445 Meib.

2266 5252 2331 5285 ¹⁶⁰
2364 5253 2403 5305 ἰ.
2436 5266 2483 5305 e.
2521 5252 2626 5304 tui.
2736 5253 2797 5287 ¹⁶¹
2835 5254 2911 5305 ita
2947 5253 2970 5305 1
3016 5254 3073 5305 et
3115 5249 3393 5319 Selium/'1.
3502 5246 3568 5282 ³⁸⁸
3613 5243 3710 5298 Au-

2421 5324 2485 5356 ’⁵⁵
2517 5324 2593 5377 ita
2631 5326 2914 5393 rorrz‘gcto,
2969 5322 3245 5394 Lugendo
3304 5322 3354 5384 1,
3410 5320 3711 5389 Transcurf

2421 5402 2501 5439 'nt
2524 5394 2696 5439 allidit
2725 5401 2775 5439 9.,
2859 5394 2924 5427 ¹⁶⁸
2967 5392 3161 5439 nnnnli
3216 5391 3369 5439 Heib.
3454 5391 3519 5424 ¹⁶⁹
3559 5388 3714 5439 desst-

3596 5398 3678 5438 688

1908 5590 2142 5647 NOTAE.

393 5679 506 5751 (49)
538 5679 598 5735 Id
634 5685 724 5736 est
753 5683 1019 5735 detracta
1049 5686 1291 5752 aspectu
1325 5685 1499 5754 regis.
