3904 6398
158 428 329 487 1153

156 562 333 615 Binis
367 560 633 632 regnanti
667 559 947 630 subjectis
979 560 1201 614 scilicet
1234 561 1355 615 uni.

237 650 407 705 Inter
434 667 583 720 quos
617 650 843 721 primus
871 649 1031 703 fulsit
1063 668 1165 703 ceu
1199 650 1407 704 lucifer
1437 655 1602 706 ortus

159 740 360 804 Oddo,
399 739 623 792 micans
657 738 833 791 radiis
870 738 1115 792 nimium
1150 739 1315 792 clara‘
1352 740 1652 807 bonitatis,

159 829 376 884 Gratia
410 844 582 898 quem
620 826 772 897 regis
804 827 977 880 solita
1012 826 1221 897 pietate
1258 828 1529 897 perennis

162 918 483 971 Rectorem
519 916 671 986 plebi
707 916 967 987 prawidit
994 915 1096 969 rite
1129 917 1303 970 fideli.

164 1006 273 1060 Hic
308 1010 481 1058 aetate
518 1006 673 1075 prior
709 1007 912 1069 fuerat,
951 1006 1175 1060 meritis
1208 1025 1437 1077 quoque
1481 1008 1689 1076 major,

164 1095 573 1164 Congruusmt
610 1095 855 1165 sceptris
887 1095 1158 1147 defuncto
1196 1102 1355 1166 patre
1390 1098 1682 1165 geri-udis.

165 1184 297 1238 Non
331 1201 484 1253 opus
515 1187 620 1248 est,
655 1184 847 1237 verbis
880 1184 1008 1251 ejus
1040 1202 1331 1236 summam
1372 1185 1676 1254 probitatis

168 1272 400 1337 Dicere,
435 1272 519 1325 vel
554 1272 714 1342 pueri
750 1272 1023 1325 meritum
1060 1272 1349 1326 laudabile
1384 1275 1549 1340 tanti,

168 1360 278 1415 Cui
305 1360 578 1415 Christus
605 1361 777 1414 talem
803 1361 929 1429 jam
965 1379 1117 1415 nunc
1151 1362 1413 1431 augescit
1436 1365 1496 1396 ‘7‘
1532 1362 1832 1430 honorem,

170 1449 449 1504 Possidet
482 1454 546 1503 ut
578 1450 820 1503 Romam
854 1449 1090 1519 pollenti
1116 1451 1251 1519 jure
1284 1453 1621 1522 superbam,

169 1539 312 1602 Quae
348 1554 585 1608 semper
612 1538 842 1592 stabilis
881 1556 1181 1593 summum
1229 1541 1413 1593 fuerat
1444 1546 1620 1611 caput
1653 1541 1833 1607 orbis,

170 1627 430 1681 Edomat
463 1630 519 1680 et
549 1631 774 1696 gentes,
809 1626 1037 1681 (.hristo
1073 1630 1315 1693 favente,
1353 1630 1591 1695 feroces,

171 1717 313 1779 Qua:
349 1714 517 1786 prius
549 1714 854 1768 ecclesiam
890 1714 1185 1769 laniabant
1217 1735 1366 1788 sznpe
1399 1726 1710 1773 sacratam.

174 1804 316 1859 Post
350 1804 511 1858 hunc
542 1803 827 1858 llenricus
852 1805 1037 1859 fuerat
1070 1806 1314 1861 feliciter
1344 1813 1528 1873 ortus,

174 1892 751 1965 Inpositoquepatris
784 1893 1044 1947 famosus
1077 1896 1309 1949 nomine
1343 1897 1514 1967 regis,

174 1982 433 2037 Provida
463 1998 637 2051 quem
671 1982 890 2035 domini
926 1984 1143 2053 pariter
1172 1985 1459 2055 sapientia
1490 1987 1701 2042 Christi

173 2070 477 2141 Dignatur
507 2071 619 2140 (50)
650 2087 877 2125 servare
909 2073 1116 2125 ducem
1152 2074 1361 2145 populo
1395 2076 1536 2129 bene
1570 2074 1797 2144 fortem,

178 2159 438 2229 Belliger
468 2162 533 2212 ut
563 2158 749 2226 fortis,
785 2159 917 2213 belli
952 2161 1327 2217 doctissimus
1359 2165 1525 2230 artis,

177 2247 439 2303 Fortiter
469 2245 776 2301 ecclesiam
809 2249 1185 2319 prccmuniret
1210 2253 1622 2319 venerandam,

176 2338 293 2391 Ceu
328 2353 544 2390 murus
566 2336 783 2407 jaculis
814 2338 1055 2393 obstans
1090 2340 1445 2395 fortissimus
1479 2342 1685 2397 hostis.

177 2426 315 2481 Post
346 2426 511 2480 hunc
542 2424 799 2479 ecclesia:
828 2432 1029 2496 pastor
1057 2428 1212 2483 Brun
1249 2430 1511 2484 nascitur
1542 2431 1729 2497 alma),

178 2514 385 2570 Gratia
421 2514 716 2587 pontificis
747 2533 922 2586 quem
955 2517 1119 2571 duxit
1151 2535 1385 2573 summa
1412 2521 1685 2590 perennis

182 2604 440 2675 Dignum
473 2603 744 2659 catholici
778 2622 978 2660 curam
1012 2612 1237 2677 gestare
1270 2609 1478 2681 pepelli
1506 2628 1519 2676 ;

180 2694 330 2750 Hinc
362 2709 601 2765 quoque
634 2692 829 2747 divino
864 2698 1008 2747 nutu
1044 2695 1227 2765 patris
1262 2696 1358 2765 pia
1389 2714 1530 2751 cura

189 2785 395 2855 Ipsum
424 2784 489 2816 ³⁷³
520 2781 753 2837 servitio
786 2782 998 2837 Christi
1030 2782 1161 2838 fecit
1192 2784 1421 2855 religari
1446 2788 1528 2853 ‘73,

182 2873 563 2927 Abstractum
590 2871 811 2942 gremio
842 2888 986 2925 carm
1019 2872 1267 2927 nutricis
1298 2876 1569 2943 amando,

185 2961 259 3017 Ut
289 2960 455 3033 regni
488 2960 718 3031 pompis
752 2965 949 3031 posset
978 2966 1246 3016 constare
1280 2963 1497 3019 relictis

186 3049 354 3105 Miles
386 3047 685 3119 stelligera
714 3065 946 3119 semper
976 3051 1274 3119 regnantis
1306 3052 1364 3105 in
1398 3052 1551 3107 aula.

184 3140 256 3193 At
284 3137 575 3201 Christus,
612 3137 797 3192 Patris
828 3138 1117 3208 sapientia
1148 3156 1280 3194 vera
1312 3143 1607 3211 perennis,

187 3227 465 3283 Tironem
494 3226 802 3280 refovendo
835 3244 1007 3282 suum
1032 3226 1379 3283 clementius
1411 3230 1589 3287 istum

188 3315 301 3386 Ipsi
337 3317 495 3370 dona
525 3314 685 3369 dedit
716 3319 888 3368 tantm
922 3316 1198 3385 praeclara
1227 3318 1467 3389 Sophia),

189 3405 348 3469 Quod
384 3421 501 3457 non
534 3408 623 3458 est
653 3405 764 3473 (51)
795 3403 895 3458 illo
929 3404 1160 3475 penitus
1194 3408 1513 3477 sapientior
1544 3410 1701 3466 ullus

188 3492 341 3547 Inter
368 3492 649 3547 mortales
683 3492 903 3563 fragilis
941 3495 1143 3547 mundi
1177 3496 1493 3566 sapientes.

259 3582 360 3637 His
395 3582 577 3652 igitur
607 3580 802 3651 pueris
836 3582 1012 3651 regali
1047 3600 1208 3637 more
1241 3586 1498 3652 nutritis,

191 3669 459 3739 Ipsorum
494 3670 640 3739 patri
676 3670 898 3724 famoso
926 3672 1180 3742 denique
1212 3675 1329 3743 regi

189 3756 439 3813 Henrico
470 3757 711 3829 placuit,
746 3759 919 3814 factis
950 3761 1101 3829 quod
1138 3762 1247 3815 rite
1280 3762 1539 3834 replevit,

190 3845 278 3914 Ut,
310 3848 442 3901 vita:
475 3846 696 3903 calidas
729 3864 929 3918 sospes
961 3849 1103 3903 dum
1128 3857 1389 3921 carperet
1419 3870 1612 3921 auras,

191 3933 317 4004 Ipse
348 3953 456 3991 suo
488 3935 873 4007 primogenito
908 3937 1144 4008 regique
1176 3939 1374 3994 futuro

190 4021 412 4079 Oddoni
445 4024 685 4094 dignam
710 4025 836 4093 jam
868 4024 1239 4096 disponsaret
1270 4028 1542 4098 amicam,

190 4112 321 4175 Quae
351 4112 602 4185 propria:
632 4113 776 4183 proli
811 4114 986 4185 digne
1017 4121 1213 4186 posset
1245 4118 1450 4173 sociari
1486 4121 1598 4190 (an.
1634 4121 1782 4189 O29).

191 4198 347 4255 Hanc
379 4219 497 4256 non
529 4202 587 4255 in
621 4203 852 4273 proprio
877 4205 941 4237 ‘7‘
971 4203 1152 4258 voluit
1183 4208 1523 4277 conquirere
1556 4226 1751 4281 regno,

190 4287 376 4345 Trans
407 4307 570 4347 mare
600 4290 819 4362 legatos
851 4293 950 4347 sed
986 4294 1315 4349 transmisit
1348 4297 1490 4352 bene
1522 4306 1721 4355 cautos

192 4374 392 4435 Gentis
425 4380 499 4435 ad
528 4380 851 4451 Anglorum
884 4385 1097 4437 terram
1130 4388 1220 4437 sat
1251 4384 1609 4454 deliciosam,

191 4462 587 4536 Demandans,
622 4472 687 4523 ut
718 4470 993 4526 continuo
1022 4488 1156 4526 cum
1189 4489 1430 4529 munere
1455 4477 1519 4509 ‘75
1550 4477 1731 4533 misso

190 4552 485 4611 .Edwardi
522 4556 674 4628 regis
706 4562 901 4612 natam
932 4564 1190 4631 peterent
1222 4563 1551 4631 Eaditham,

1260 427 1584 487 CAIlMEN
1634 428 1732 486 DE
1778 421 2051 488 GESTIS
2100 429 2433 490 OTTONIS
2481 430 2527 491 Ι.

3445 438 3600 499 115M

1860 559 1917 627 Α
1948 559 2126 616 Istius
2154 564 2397 635 egregia:
2430 564 2680 634 genitrix
2712 565 3040 623 clarissima
3070 569 3318 635 domum,

1946 649 2142 705 Altera
2176 653 2275 705 sed
2311 654 2543 723 generis
2574 653 2869 709 muliermi
2902 657 3046 711 satis
3080 658 3370 716 inferioris
3401 663 3538 731 (54).

2017 739 2145 792 Il:ec
2183 758 2313 794 nam
2352 742 2652 796 versiculis
2686 743 2872 813 proles
2905 762 3081 816 quam
3119 747 3383 817 scriptito
3422 751 3595 822 regis,

1948 827 2095 880 llarc.
2134 828 2396 899 inquam,
2435 834 2587 884 fama
2622 834 2847 887 cunctis
2881 834 3069 888 fuerat
3101 836 3245 890 bene
3277 842 3442 905 nota;

1946 916 2255 970 Nobilitate
2290 926 2516 989 potens,
2556 920 2761 990 primis
2795 924 3020 975 meritis
3052 942 3279 996 quoque
3313 925 3557 997 pollens,

1948 1005 2111 1058 l'l'lita
2149 1025 2493 1075 magnorum
2532 1027 2765 1063 summo
2798 1012 2866 1063 de
2901 1012 3160 1081 germine
3192 1032 3416 1085 regum.

1946 1096 2125 1163 Cujus
2160 1098 2434 1166 prmi-lare
2469 1098 2644 1152 facies
2677 1101 2925 1153 candore
2957 1119 3180 1169 serena,

1950 1182 2179 1252 ltegalis
2213 1187 2408 1237 forma)
2441 1185 2587 1239 miro
2622 1187 2899 1243 rutilabat
2931 1190 3175 1255 henore;

1948 1272 2193 1342 Ipsaque
2224 1276 2492 1343 perfectio
2526 1276 2705 1327 radiis
2740 1276 2966 1345 fulgens
2999 1277 3298 1345 bonitatis,

1949 1360 2009 1413 In
2044 1361 2229 1430 patria
2262 1361 2395 1415 talis
2428 1362 2637 1415 meruit
2672 1364 2958 1433 pra-conia
2994 1365 3205 1432 laudis,

1949 1448 2019 1503 Ut
2053 1451 2171 1502 fore
2195 1450 2419 1518 judicio
2452 1450 2638 1521 plebis
2671 1452 3007 1505 decernitur
3038 1455 3233 1508 omnis

1947 1537 2181 1608 Optima
2213 1544 2583 1605 cunctarum,
2617 1558 2745 1610 qua:
2789 1545 2927 1595 tunc
2975 1543 3224 1610 fuerant,
3261 1544 3597 1601 mulierum.

1948 1627 2061 1681 Nec
2095 1626 2309 1680 mirum
2345 1628 2568 1682 meritis
2602 1629 2649 1682 si
2689 1628 2921 1683 lucebat
2951 1631 3096 1685 bene
3128 1632 3357 1703 primis,

1949 1716 2195 1769 Germen
2231 1721 2564 1769 sanctorum
2600 1734 2774 1787 quam
2804 1718 3164 1788 producebat
3192 1738 3461 1791 avorum;
3511 1724 3523 1734 ’

1949 1803 2106 1857 Hanc
2141 1803 2379 1856 tradunt
2411 1820 2546 1873 ergo
2580 1808 2779 1858 natam
2812 1805 2881 1859 de
2908 1804 3087 1877 stirpe
3120 1808 3290 1863 beata

1867 1924 1916 1988 Β
1950 1892 2209 1947 Oswaldi
2243 1893 2414 1963 regis,
2449 1892 2681 1947 laudem
2714 1894 2884 1963 cujus
2915 1895 3074 1949 canit
3103 1896 3283 1965 orbis,

1948 1983 2018 2035 Se
2050 1981 2187 2052 quia
2221 1982 2559 2035 subdiderat
2600 1982 2770 2036 morti
2815 1999 2917 2053 pro
2959 1983 3193 2040 nomine
3223 1986 3435 2043 Christi
3454 1990 3595 2061 (55).

2016 2073 2086 2125 At
2120 2070 2271 2139 regis
2305 2070 2485 2123 nostri
2520 2071 2815 2125 venientes
2845 2072 3096 2143 denique
3128 2074 3295 2130 missi

1945 2160 2030 2214 Ad
2064 2160 2300 2213 fratrem
2333 2160 2559 2213 domnae
2582 2160 2709 2230 jam
2744 2166 2881 2214 tunc
2910 2161 3219 2217 residentis
3247 2164 3307 2219 in
3339 2183 3489 2233 arce,

1948 2249 2034 2304 Illi
2072 2248 2393 2316 nudabant,
2427 2265 2812 2320 quazcumque
2843 2255 3066 2305 secreta
3097 2252 3376 2311 ferebant.

1948 2340 2081 2402 Qua:
2114 2337 2224 2391 sibi
2256 2344 2514 2408 percerte
2546 2344 2843 2409 comperta
2874 2340 3017 2395 satis
3046 2341 3335 2412 placuere,

1950 2427 2197 2498 Moxque
2230 2445 2347 2481 sum
2380 2426 2536 2481 dulci
2569 2428 2845 2482 narrabat
2874 2446 3011 2483 voce
3042 2431 3248 2501 sorori,

1948 2516 2232 2570 Exortans
2264 2515 2425 2570 illam
2455 2516 2573 2587 regi
2607 2533 2808 2587 parere
2841 2517 3020 2586 fideli,

1953 2603 2115 2658 Illam
2147 2605 2248 2675 qui
2284 2604 2527 2676 propria:
2560 2604 2708 2676 proli
2738 2604 2922 2660 voluit
2953 2607 3184 2662 sociari.

1950 2696 2211 2764 Cumque
2243 2711 2360 2748 sure
2394 2693 2633 2747 monitis
2665 2692 2846 2747 menti
2878 2692 3191 2751 instillaret
3217 2698 3424 2754 amicis

1950 2784 2210 2839 Oddonis
2242 2782 2498 2847 dulcem,
2531 2782 2694 2853 pueri
2723 2781 2954 2853 regalis,
2988 2800 3268 2853 amorem,

1951 2871 2195 2943 Collegit
2226 2872 2565 2925 innumeras
2599 2888 2833 2926 summo
2865 2872 3172 2928 conamine
3202 2891 3397 2946 gazas.

1949 2964 2054 3015 Ast
2078 2961 2173 3015 ubi
2206 2960 2431 3015 collecti
2459 2960 2652 3014 visum
2686 2960 2873 3015 fuerat
2897 2960 3041 3016 satis
3070 2962 3205 3033 ipsi,

1954 3050 2292 3104 Praedictum
2326 3048 2501 3103 sociis
2534 3049 2811 3103 domnam
2839 3049 3257 3107 comitantibus
3288 3052 3441 3124 aptis

1952 3140 2140 3194 Trans
2172 3155 2331 3193 mare
2362 3141 2619 3208 percerte
2652 3154 2885 3192 summo
2916 3137 3127 3194 direxit
3155 3139 3375 3197 honore

1951 3229 2300 3282 Condonans
2334 3227 2414 3280 illi
2448 3244 2619 3298 gazas
2654 3226 2903 3280 nimium
2939 3228 3253 3298 preciosas.

1953 3318 2186 3371 Necnon
2212 3334 2553 3387 germanam
2575 3332 2773 3370 secum
2800 3317 3131 3371 transmisit
3154 3318 3398 3374 Adivam
3434 3321 3567 3391 (56),

1953 3410 2087 3472 Qua)
2125 3406 2231 3459 fuit
2258 3404 2442 3459 a'tatis
2476 3404 2666 3457 meriti
2697 3404 3025 3474 pariterque
3058 3405 3324 3473 minoris,

1953 3498 2074 3560 Quo
2107 3495 2190 3549 sic
2224 3494 2506 3562 majorem
2539 3509 2781 3562 prorsus
2812 3493 3099 3547 conferret
3130 3494 3411 3551 honorem

1951 3584 2196 3649 Oddoni,
2231 3587 2366 3636 nato
2402 3580 2608 3635 famosi
2642 3579 2794 3651 regis
2826 3581 3098 3648 amando,

1950 3672 2192 3744 Egregie
2225 3671 2393 3726 binas
2424 3668 2623 3739 stirpis
2655 3668 2939 3723 mittendo
2971 3668 3216 3739 puellas,

1950 3762 2022 3817 Ut
2052 3762 2163 3817 sibi
2196 3776 2371 3831 quam
2404 3757 2573 3813 vellet
2602 3774 2881 3828 sponsam
2911 3756 3070 3813 licito
3102 3759 3351 3815 sociat-et

1948 3854 2200 3922 Aspectu
2232 3848 2419 3920 primo
2444 3847 2543 3902 sed
2575 3862 2710 3901 mox
2738 3845 2908 3901 Eadit
2934 3848 3283 3915 veneranda,

1948 3941 2086 3996 Jure
2118 3937 2355 4010 placens
2385 3935 2614 3990 cunctis
2645 3934 2851 3989 habitu
2885 3936 2947 3970 "7
2980 3953 3228 3992 summa:
3260 3938 3562 4007 bonitatis,

1950 4028 2149 4099 Regali
2183 4032 2318 4081 nato
2349 4028 2625 4080 censetur
2654 4040 2907 4095 congrue
2938 4024 3135 4096 digna;

1949 4120 2080 4173 Haec
2113 4116 2195 4170 illi
2227 4114 2457 4170 dulcem
2491 4113 2714 4185 peperit
2744 4113 3074 4169 clarissima
3105 4115 3329 4186 prolem

1947 4206 2195 4265 Nomine
2231 4204 2594 4270 Liudult‘um,
2626 4202 2804 4258 tantis
2837 4203 3202 4274 genitoribus
3232 4210 3459 4278 aptum,

1949 4300 2132 4363 Quem
2164 4294 2419 4367 populus
2452 4291 2658 4347 merito
2692 4291 2896 4348 dilexit
2925 4309 3123 4349 amore
3156 4294 3388 4361 tenella,

1948 4388 2244 4458 Ex0ptans
2276 4380 2612 4454 prolongari
2641 4379 2820 4435 vitam
2854 4380 2996 4435 satis
3026 4380 3162 4452 ipsi.

2022 4475 2204 4531 IIistis
2236 4472 2321 4527 sic
2351 4470 2590 4535 habitis,
2624 4468 2883 4524 instabat
2915 4469 3167 4540 denique
3201 4470 3334 4525 finis

1950 4562 2179 4621 llenrici
2211 4560 2384 4631 regis,
2419 4559 2590 4629 cujus
2621 4561 2870 4612 mortem
2902 4557 3085 4628 gemit
3114 4558 3308 4616 omnis

191 4641 320 4705 Quae
352 4649 516 4716 patre
537 4647 648 4716 (52)
682 4646 954 4703 defuncto
977 4648 1091 4717 iam
1119 4654 1256 4705 tunc
1289 4652 1581 4707 residebat
1603 4654 1660 4709 in
1685 4656 1839 4724 aula,
1870 4649 1921 4716 D
1950 4654 2110 4711 Illius
2144 4649 2387 4721 imperio
2417 4646 2671 4719 populus
2693 4645 2933 4716 jurique
2963 4645 3263 4701 subactus.

192 4728 383 4787 Fratre
414 4736 529 4805 (53)
561 4752 669 4790 suo
700 4736 862 4807 regni
896 4742 1193 4808 sceptrum
1222 4746 1488 4809 gestante
1518 4746 1775 4814 paterni;

191 4817 366 4880 Quem
398 4823 625 4894 peperit
656 4825 775 4897 regi
808 4843 1048 4882 consors
1083 4846 1196 4884 non
1228 4829 1431 4885 inclita
1462 4833 1644 4904 regni,

256 4907 416 4965 Vers.
449 4914 538 4966 80.

1953 4749 2073 4812 Quo
2108 4758 2242 4795 nam
2275 4739 2549 4793 defuncto
2581 4736 2691 4807 (an.
2726 4735 2874 4801 936),
2911 4751 3155 4806 regnum
3195 4740 3534 4808 susceperat

1952 4832 2229 4906 Ejusdem
2264 4825 2690 4899 primogenitus
2718 4823 2869 4895 regis
2891 4824 3278 4892 venerandus,
3394 4824 3599 4896 [Oddo,

2020 4924 2184 4978 Vers.
2222 4917 2342 4973 129.

1543 5049 1786 5108 VARL‘E
1826 5048 2243 5113 LECTIONES.

259 5130 320 5165 ¹⁷¹
353 5136 614 5208 augessit
646 5139 696 5192 1.

193 5212 499 5262 commune
532 5209 582 5263 1.
618 5210 947 5267 tardamine
966 5219 1019 5268 2.
1101 5218 1165 5249 ¹⁷⁶
1198 5217 1390 5272 milier
1422 5220 1470 5272 1.

777 5140 1026 5222 ‘I’IMcib.
1060 5146 1244 5199 versui
1274 5145 1403 5201 huic
1429 5158 1741 5219 sequentem
1770 5152 2083 5236 praemittit.
2162 5146 2229 5181 ¹⁷³
2262 5140 2481 5213 religati
2519 5142 2569 5194 1·
2649 5139 2713 5172 m
2745 5136 2978 5209 Propria
3012 5138 3061 5191 1·
3143 5137 3207 5171 ¹⁷⁵
3239 5138 3316 5193 ita
3342 5138 3603 5205 νεδίίίιιοί

777 5228 947 5267 mee
966 5219 1019 5268 2.
1101 5218 1165 5249 ¹⁷⁶
1198 5217 1390 5272 milier
1422 5220 1470 5272 1.
1552 5222 1615 5255 “7
1647 5222 1885 5281 habitus
1917 5227 1970 5281 1.

1768 5242 1885 5281 ιιιιε
1917 5242 1970 5281 1.

1764 5349 1999 5407 NOTIE.

259 5424 371 5496 (50)
397 5429 457 5486 Id
492 5438 582 5487 est
613 5434 669 5489 di
716 5440 855 5492 nata
880 5443 988 5495 est.

259 5498 366 5578 {5.1)
399 5503 484 5578 An
516 5503 640 5578 loco
665 5452 814 5578 lgna?
859 5510 988 5565 Prae:

257 5498 366 5585 $5.1)
399 5503 486 5585 An
516 5503 640 5585 loco
665 5498 814 5585 fuit?
859 5510 1120 5585 Praesens
1150 5530 1329 5585 supra
1356 5530 1411 5569 V.
1446 5514 1516 5569 49
1556 5516 1841 5573 usitatum

192 5561 431 5658 flgitium
460 5574 617 5641 facit,
641 5561 841 5658 utrum
865 5580 959 5637 hic
982 5584 1051 5639 de
1073 5584 1198 5639 vivo
1224 5561 1298 5639 an
1324 5586 1392 5640 de
1418 5586 1543 5658 jam
1558 5561 1840 5645 ’ἆξυῇξῶ

195 5632 459 5699 Brunone
491 5632 697 5704 sermo
712 5632 810 5707 sit.

262 5707 371 5787 (52)
402 5715 748 5781 Eadwardo.

2044 5444 2135 5508 53)
2170 5435 2549 5496 )Ethclstano.

2043 5502 2132 5580 5t)
2164 5508 2446 5580 Ecgvina;
2482 5508 2671 5580 mater
2699 5504 3000 5580 Eadgithze
3031 5506 3145 5580 fuit
3174 5502 3433 5559 IElﬂeda.

2023 5514 2111 5587 (5’:
2164 5514 2446 5580 Ecgvina;
2482 5514 2671 5587 mater
2702 5514 3000 5577 Eadgithaz
3031 5514 3145 5561 fuit
3174 5514 3341 5559 [Eme

2021 5514 2132 5655 (ssi
2165 5584 2248 5657 91;-
2280 5577 2836 5657 .139.<.1.w.H1.st_--A.ng1-
2858 5595 2955 5657 ,ιιιν
2988 5579 3098 5657 2-9.-
3222 5644 3236 5657 .
3285 5643 3341 5657 ..

2019 5644 2132 5728 (56)
2162 5652 2245 5709 Cf.
2280 5647 2563 5708 Willelmi
2608 5644 2914 5707 Maluiesb.
2943 5644 3025 5705 et
3074 5644 3347 5721 Ingulphi
3398 5657 3597 5700 narra-

1949 5729 2159 5791 tiones.
