3904 6382
192 459 199 466 .
289 411 446 472 1155

288 547 358 601 Et
385 550 518 602 voto
549 545 744 600 cuncti
772 544 899 614 jam
931 540 1317 612 respondente
1349 537 1584 610 popelli,

293 635 583 708 Unguitur
611 633 670 688 in
705 648 922 705 regem,
948 629 1178 685 Christo
1206 631 1541 700 praestante,
1566 630 1883 698 potentem.

287 726 390 780 Cui
423 742 521 779 rex
550 721 808 795 gratiolze
841 719 966 775 cceli
998 716 1355 773 munuscula
1385 721 1563 772 tanta)

287 813 564 878 Contulit,
599 814 665 865 ut
693 809 868 881 digne
899 807 1129 862 cunctis
1160 805 1578 861 celeberrimus
1613 805 1738 876 ipse

288 905 594 957 Gestorum
629 916 796 970 reges
829 899 985 952 fama
1016 895 1369 968 prawcelleret
1399 911 1627 960 omnes,

286 993 552 1048 Oceanus
584 989 782 1044 reﬂuis
815 1004 964 1059 quos
987 987 1114 1058 jam
1147 984 1506 1040 circumfluit
1538 984 1735 1038 undis.

288 1087 534 1152 insuper
564 1096 594 1134 e
625 1077 805 1133 tantis
835 1076 1030 1148 ipsum
1065 1091 1230 1129 sacra
1251 1075 1465 1128 dextra
1496 1071 1750 1143 potentis

287 1169 545 1242 Protegit
575 1167 808 1222 insidiis
839 1164 1066 1220 occulta
1099 1163 1302 1218 fraude
1335 1161 1572 1234 paratis.

287 1262 356 1315 Et
385 1265 504 1315 tam
537 1255 868 1330 magnificis
899 1257 1068 1308 ornat
1097 1242 1352 1324 perszepe
1383 1249 1722 1321 triumphis.

286 1349 360 1406 Ut
391 1349 615 1414 credas,
649 1361 844 1417 regem
877 1343 1057 1398 David
1088 1358 1332 1414 regnare
1364 1338 1616 1406 fidelem,

283 1440 416 1496 Jam
449 1433 901 1506 nunc'antiquis
933 1431 1252 1505 fulgentem
1284 1429 1393 1486 rite
1423 1427 1765 1500 triumphis.

284 1529 401 1585 Nec
431 1527 623 1584 solum
653 1527 859 1597 gentes
891 1520 1071 1576 frenis
1101 1521 1365 1575 moderat
1392 1517 1693 1584 bonitatis,

285 1621 423 1685 Qum
456 1616 622 1690 prius
655 1611 900 1685 imperio
930 1611 1116 1682 patris
1147 1609 1429 1664 dederant
1458 1624 1566 1662 sua
1593 1605 1761 1673 colla,

283 1707 398 1764 Sed
430 1703 616 1762 multo
649 1701 846 1775 plures
875 1704 1031 1754 certe
1062 1698 1174 1753 sibi
1205 1697 1462 1752 vindicat
1489 1695 1636 1768 ipse,

283 1795 556 1852 Subdens
585 1790 835 1864 gentiles
863 1787 1078 1843 Christi
1112 1785 1296 1842 servis
1328 1785 1602 1852 ditiones,

282 1887 406 1950 Quo
439 1900 552 1955 pax
581 1878 836 1936 ecclesia:
868 1879 1032 1932 fieret
1053 1878 1117 1912 “3
1149 1875 1412 1931 stabilita
1441 1877 1700 1929 sacratze.

277 1973 366 2028 Ad
397 1970 617 2028 bellum
649 1973 806 2024 certe
835 1966 1065 2038 quoties
1097 1968 1459 2038 processerat
1490 1963 1634 2034 ipse,

279 2063 408 2118 Non
439 2059 548 2116 fuit
570 2060 636 2094 ‘7’
665 2057 938 2132 populus,
975 2053 1242 2128 quamvis
1271 2053 1482 2108 virtute
1514 2051 1824 2124 superbus,

281 2152 514 2207 Lzedere
544 2148 644 2222 qui
677 2151 875 2220 posset
903 2145 989 2200 vel
1017 2159 1368 2215 exsuperare
1397 2141 1616 2197 valerat

280 2241 480 2312 Ipsum
513 2235 765 2293 ccelestis
797 2234 1013 2290 fultum
1046 2232 1331 2288 solamine
1363 2232 1545 2304 regis;

279 2330 422 2400 Ejus
454 2344 558 2383 nec
589 2326 766 2384 cessit
793 2324 926 2380 telis
958 2322 1244 2378 exercitus
1275 2320 1432 2388 ullis,

279 2418 348 2473 Ni
381 2415 489 2472 sua
519 2414 890 2488 supernendo
922 2413 1118 2467 forsan
1151 2409 1372 2481 regalia
1393 2411 1565 2481 jussu

281 2507 404 2562 lllic
433 2507 742 2578 pugnaret,
775 2519 891 2574 quo
926 2518 1022 2555 rex
1053 2501 1210 2554 idem
1244 2499 1594 2570 prohiberet.

349 2598 421 2650 At
447 2596 566 2649 dux
597 2591 901 2656 Henricus,
935 2590 1116 2644 frater
1144 2587 1298 2660 regis
1328 2587 1718 2651 venerandus,

279 2685 556 2755 Princeps
588 2683 648 2736 in
681 2697 858 2752 regno
888 2679 1080 2734 fuerat
1109 2681 1250 2732 tunc
1285 2693 1492 2748 nempe
1522 2676 1720 2748 quieto

281 2775 416 2830 Post
447 2787 661 2844 regem,
696 2768 849 2842 plebi
884 2767 1090 2822 merito
1121 2764 1468 2821 venerabilis
1499 2765 1690 2833 omni;

281 2862 388 2929 Qui
421 2860 533 2915 sibi
567 2859 856 2930 condigne
886 2855 1054 2927 legali
1079 2853 1279 2925 junxit
1309 2871 1506 2909 amore

280 2949 504 3006 Arnulfi
540 2952 762 3003 natam.
791 2949 906 3014 (an.
930 2947 1080 3013 938),
1107 2943 1274 2999 ducis
1304 2943 1542 3016 egregii,
1567 2959 1932 3016 generosam,

280 3039 526 3094 Nomine
557 3036 860 3101 Judittam,
893 3033 1092 3089 vultus
1123 3033 1434 3104 splendore
1465 3049 1768 3087 coruscam

275 3131 357 3184 Ac
391 3126 615 3198 fulgore
646 3123 834 3197 magis
865 3127 1088 3178 cunctae
1120 3121 1366 3176 nitidam
1399 3121 1701 3176 bonitatis.

280 3217 383 3272 His
414 3216 496 3270 ita
527 3214 790 3286 digestis,
825 3213 1014 3266 fuerat
1044 3229 1154 3282 pax
1184 3211 1444 3282 undique
1478 3211 1694 3265 nostris

1062 407 1597 468 HROTSUITIIJE
1641 401 2018 465 MONIALIS
2065 403 2887 466 GANDERSHEIMENSIS.

1969 537 2028 604 Α
2056 536 2137 592 Ex
2161 537 2478 609 improviso
2511 537 2752 593 mittens
2784 538 2897 593 sub
2927 543 3094 594 nocte
3125 537 3364 612 nigella,

3557 403 3736 466 1156

2056 625 2232 682 Duxit
2261 626 2557 698 captivum
2588 627 2827 682 fratrem
2866 626 3018 700 regis
3049 643 3422 701 generosum,

2057 717 2390 783 Henricum,
2423 715 2632 772 vinclis
2664 715 2894 788 palmas
2923 715 3264 789 stringendo
3295 716 3565 772 cruentis

2056 806 2196 877 Ejus
2227 804 2590 870 candidolas,
2623 805 2986 860 ornamentis
3016 805 3208 878 magis
3238 808 3436 877 aptas;

2054 897 2242 966 Atque
2275 912 2414 950 suas
2444 911 2619 966 gazas
2649 894 2996 965 disperdcns
3028 895 3445 952 innumerosas
3471 895 3540 930 η’

2053 985 2138 1038 Ad
2171 1001 2280 1040 sua
2308 999 2443 1038 mox
2475 983 2695 1054 prolem
2731 1000 2930 1039 secum
2962 983 3206 1040 deduxit
3236 983 3508 1051 herilem,

2054 1073 2252 1129 Utitur
2283 1077 2348 1128 ut
2379 1073 2536 1128 socio
2569 1073 2788 1144 proprii
2818 1073 3043 1128 domini
3075 1089 3310 1146 quoque
3339 1077 3500 1129 nato.

2053 1166 2176 1230 Quo
2209 1180 2309 1218 rex
2340 1167 2661 1234 comperto,
2696 1179 2952 1218 mmrens
2981 1162 3092 1218 sub
3125 1163 3296 1218 corde
3325 1166 3577 1228 secreto,

2051 1253 2294 1308 Deflevit
2325 1251 2511 1306 tristis
2543 1250 2795 1306 nimium
2828 1250 3162 1306 miserabile
3192 1251 3440 1319 factum;

2048 1341 2156 1396 Vix
2188 1357 2420 1414 quoque
2469 1339 2734 1412 germani
2776 1340 3060 1396 damnum
3091 1340 3330 1412 paciens
3359 1356 3538 1414 grave
3565 1341 3723 1408 cari,

2048 1429 2255 1487 Nobile
2283 1447 2420 1486 mox
2443 1428 2688 1485 Abraha:
2721 1429 2942 1486 factum
2974 1429 3246 1502 sequitur
3273 1429 3651 1502 patriarcha,

2049 1520 2212 1586 Quod
2245 1519 2534 1575 miserans
2563 1518 2682 1592 egit
2711 1519 2853 1574 dum
2887 1517 3034 1574 Loth
3065 1534 3134 1574 ex
3163 1517 3332 1576 hoste
3363 1518 3660 1588 redemit;

2049 1609 2452 1680 Militibusque
2483 1607 2610 1664 suis
2639 1624 2874 1664 summo
2905 1606 3212 1664 conamine
3239 1606 3429 1678 lectis,

2047 1699 2282 1754 Necnon
2313 1696 2632 1753 immodica
2661 1701 2786 1753 tota
2815 1697 2886 1752 de
2915 1700 3090 1770 gente
3117 1701 3370 1766 caterva,

2047 1789 2268 1860 Pompa
2296 1785 2476 1859 regali
2503 1786 2694 1859 pergit
2724 1784 3016 1842 solamina
3045 1786 3210 1842 fratri

1965 1907 2014 1972 Β
2046 1878 2237 1944 Ferre,
2273 1877 2382 1933 sub
2416 1875 2640 1949 ingenti
2671 1875 2865 1932 cordis
2893 1875 3194 1948 languore,
3228 1875 3427 1933 dolore
3451 1877 3542 1931 ¹⁸³.

2044 1966 2158 2022 Nec
2189 1982 2373 2033 mora,
2406 1981 2580 2038 quem
2609 1965 2768 2020 venit
2797 1965 3037 2020 fratrem
3069 1965 3346 2034 refovere,
3381 1965 3661 2034 redemit,

2041 2057 2325 2111 Auctores
2356 2053 2505 2110 tanti
2535 2053 3100 2127 condempnavitque
3129 2053 3326 2128 piacli,

2044 2144 2424 2216 Suspendens
2458 2145 2748 2216 quosdam
2778 2143 2939 2216 ligno
2971 2143 3234 2216 reprobis
3264 2148 3556 2216 reparato,

2044 2233 2337 2300 Quosdam
2371 2233 2442 2288 de
2473 2233 2665 2305 patria
2693 2233 2986 2289 mandans
3015 2233 3314 2290 discedere
3343 2249 3500 2290 cara.

2113 2323 2237 2395 (An.
2254 2322 2404 2394 939.)
2419 2322 2521 2378 His
2542 2323 2689 2378 bene
2707 2321 3011 2394 dispositis
3030 2337 3182 2394 regis
3195 2323 3373 2394 jussu
3391 2322 3704 2396 sapientis,

2043 2411 2292 2467 Protulit
2321 2411 2548 2483 antiqui
2577 2427 2817 2466 rursum
2849 2409 3007 2466 mala
3035 2411 3196 2466 fraus
3227 2411 3454 2466 inimici

2044 2501 2352 2556 Inventum
2385 2499 2622 2555 sceleris
2655 2497 2844 2572 primo
2876 2515 3048 2573 mage
3076 2497 3380 2556 deterioris
3401 2501 3488 2569 m,

2043 2589 2286 2645 Cunctis
2306 2589 2664 2644 horrendum
2687 2587 2860 2644 seclis
2882 2589 2948 2623 ¹⁸³
2969 2589 3292 2662 meritoque
3315 2591 3701 2662 stupendum.

2043 2679 2306 2750 Denique
2339 2677 2654 2750 praedictus
2695 2682 3011 2750 postquam
3054 2678 3287 2734 rediens
3318 2679 3704 2738 Evurhardus

2044 2767 2263 2824 Praeses
2294 2767 2368 2822 ab
2397 2767 2588 2834 exilio,
2623 2765 2874 2838 patriam
2906 2767 3205 2822 remeabat
3225 2768 3290 2802 ¹⁸⁶
3321 2769 3661 2838 amandam,

2044 2858 2162 2912 lloc
2194 2857 2306 2912 sibi
2337 2855 2596 2929 graciola
2625 2856 2779 2928 regis
2808 2860 3120 2928 prmstante
3150 2857 3425 2931 benigna,

2045 2943 2376 3000 Gislbertho
2403 2942 2605 3000 comiti
2635 2943 2845 3000 vinclis
2876 2944 3135 3000 sociatus
3164 2947 3402 3014 amoris,

2045 3032 2370 3088 Consilium
2401 3033 2660 3100 dederat,
2687 3033 2840 3104 quod
2865 3050 2980 3088 non
3011 3032 3118 3088 tibi
3141 3033 3369 3090 Christe
3399 3034 3696 3106 placebat!

2045 3123 2119 3178 Ut
2149 3125 2425 3193 caperent
2447 3123 2682 3193 justum
2711 3139 2906 3194 regem
2939 3122 3170 3178 Domini
3203 3123 3598 3192 benedictum,

2045 3212 2114 3266 Et
2143 3211 2297 3282 quod
2333 3209 2486 3281 plus,
2513 3211 2680 3281 justo
2710 3227 2826 3266 non
2849 3210 3078 3281 justam
3106 3211 3224 3266 vim
3256 3211 3543 3280 faciendo,

278 3305 364 3360 Ad
398 3274 634 3374 tempus
667 3274 964 3356 modicum
995 3274 1278 3370 libitoque
1309 3274 1508 3354 minus
1539 3298 1890 3371 popularum
1966 3274 2011 3342 (ἶ
2045 3274 2216 3357 Illum
2251 3274 2384 3354 mox
2411 3274 2644 3371 proprio
2675 3274 3044 3371 deprivarent
3073 3299 3224 3356 male
3253 3317 3452 3373 regno.

282 3393 574 3449 Bellorum
607 3394 762 3446 certe
796 3406 944 3444 saevo
977 3387 1246 3458 clangore
1277 3391 1525 3443 tacente.

351 3482 396 3538 Ο
427 3497 607 3554 quam
638 3477 1028 3550 trunquillum
1070 3477 1268 3532 ridens
1299 3476 1611 3532 deduceret
1641 3495 1827 3534 aevum

283 3574 604 3629 Fortunata
633 3570 779 3626 satis
815 3573 1026 3624 nostrae
1059 3585 1150 3624 res
1179 3566 1417 3638 publica
1445 3567 1659 3639 gentis,

277 3665 412 3729 Quas
440 3661 618 3718 nimis
650 3659 896 3732 imperio
929 3657 1084 3729 regis
1118 3657 1340 3729 regitur
1369 3657 1672 3728 sapientis,

278 3751 336 3808 Si
371 3768 485 3806 non
517 3748 746 3822 antiqui
777 3747 934 3804 mala
962 3746 1250 3802 calliditas
1280 3745 1506 3802 inimici

277 3841 565 3896 Turbaret
597 3843 866 3894 nostrum
899 3841 1125 3891 secreta
1149 3835 1352 3890 fraude
1383 3851 1657 3890 serenum
1683 3836 1695 3890 !

278 3929 540 4002 Denique
571 3925 816 3984 devictis
842 3925 1296 3997 aligenorum‘"0
1325 3925 1471 3980 bene
1501 3923 1654 3993 telis,

275 4017 548 4074 Exoritur
576 4015 793 4072 nostris
823 4014 1019 4069 subito
1049 4013 1346 4068 discordia
1372 4011 1558 4082 fortis,

279 4107 532 4162 Laeserat
560 4109 619 4160 et
650 4103 881 4175 plebem
913 4101 1136 4157 bellum
1166 4100 1332 4156 civile
1359 4101 1592 4158 fidelem

280 4195 417 4250 Plus
449 4210 626 4266 quam
660 4191 948 4246 bellorum
982 4194 1281 4246 structura
1312 4190 1588 4262 frequens
1613 4193 1930 4250 variorum.

278 4283 468 4355 Hujus
499 4298 678 4338 causa
708 4279 848 4335 mali
882 4280 1074 4334 fuerat
1104 4296 1219 4334 non
1250 4296 1427 4351 parva
1455 4279 1689 4338 dolendi

278 4372 540 4444 Denique
573 4369 881 4426 conflictus
913 4371 1283 4442 quorundam
1315 4385 1429 4424 non
1462 4370 1820 4440 moderatus,

278 4463 360 4518 Ex
385 4461 603 4534 quibus
635 4459 882 4516 Henrico
913 4458 1180 4530 quaedam
1212 4475 1347 4530 pars
1377 4464 1573 4516 mente
1605 4460 1860 4534 benigna

279 4549 518 4606 Devovit
550 4549 702 4621 regis
731 4547 894 4603 fratri
917 4548 976 4582 ¹³¹
1001 4549 1106 4619 jus
1137 4547 1527 4615 vernulitatis,

281 4639 420 4694 Pars
451 4637 790 4694 Evurhardo
823 4636 1019 4692 comiti
1053 4635 1317 4691 studium
1349 4636 1696 4694 famulandi.

279 4729 352 4782 At
381 4743 518 4783 cum
550 4725 801 4799 quisque
833 4725 924 4781 sui
958 4729 1179 4796 peteret
1206 4723 1496 4780 solamina
1525 4726 1752 4798 domni,

282 4816 428 4870 Hinc
458 4815 687 4888 gravior
717 4814 973 4870 dominis
1005 4813 1300 4868 discordia
1331 4814 1594 4870 nascitur
1624 4815 1790 4888 ipsis.

281 4905 543 4960 Tandem
579 4908 836 4976 percerte
867 4903 1139 4958 conflictu
1174 4903 1598 4974 progrediente,

285 4993 601 5048 Praedictus
631 5010 845 5064 praeses
877 4991 1027 5046 male
1059 4990 1330 5046 collectas
1362 4991 1619 5064 legiones

286 5081 418 5136 Mox
446 5081 517 5135 ad
550 5080 858 5136 castellum
891 5079 1159 5136 Baduliki
1192 5082 1302 5153 (57)
1335 5081 1685 5152 capiendum

355 5168 520 5224 Vers.
556 5170 675 5225 181.

2045 3391 2164 3445 Hoc
2193 3405 2429 3462 quoque
2461 3388 2774 3444 consilium
2805 3405 3076 3462 perversa
3103 3393 3296 3445 mente
3327 3396 3624 3463 repertum

2045 3478 2290 3535 Henrico
2322 3478 2476 3550 regis
2508 3478 2672 3534 fratri
2704 3495 2940 3535 suasere
2975 3478 3194 3547 fideles,

2045 3567 2368 3624 Mulcentes
2400 3567 2652 3624 nimium
2683 3567 2877 3624 verbis
2907 3567 3105 3640 ipsum
3136 3567 3288 3626 male
3313 3567 3569 3639 blandis,

2045 3659 2168 3723 Quo
2199 3657 2364 3730 prius
2395 3655 2624 3712 illatum
2656 3655 2838 3712 nollet
2859 3657 2986 3728 jam
3018 3656 3259 3714 reddere
3289 3657 3599 3725 damnum,

2046 3749 2314 3818 Ipsorum
2345 3745 2498 3802 votis
2530 3746 2632 3802 sed
2663 3743 2797 3818 plus
2833 3745 3091 3818 parendo
3121 3746 3408 3816 nefandis,

2045 3836 2381 3908 Susciperet
2412 3851 2683 3908 regnum,
2714 3833 2958 3906 depulso
2990 3835 3186 3902 fratre,
3219 3837 3564 3910 regendum.

2043 3926 2151 3992 Qui
2184 3923 2336 3980 male
2366 3923 2650 3981 blanditis
2677 3924 2917 3980 tandem
2948 3923 3138 3980 victus
3169 3925 3452 3994 suadelis,

2043 4015 2152 4070 Pro
2189 4013 2391 4070 dolor!
2443 4013 2711 4086 ipsorum
2760 4029 2823 4068 se
2870 4011 3142 4086 promisit
3189 4013 3310 4070 fore
3361 4021 3703 4089 promptum

2040 4103 2226 4172 Votis,
2259 4118 2326 4158 ac
2357 4101 2544 4157 firmis
2574 4100 2684 4157 hoc
2715 4101 3162 4158 conflrmaverat
3192 4101 3370 4171 orsis;

2041 4193 2154 4249 Sed
2185 4207 2354 4264 spero
2387 4194 2562 4258 certe,
2595 4206 2712 4245 non
2745 4206 2808 4245 se
2838 4189 2922 4245 sic
2955 4190 3129 4246 corde
3155 4194 3372 4260 tenere,

2041 4281 2163 4338 Illis
2193 4295 2548 4336 consensum
2582 4279 2684 4335 sed
2715 4279 2769 4334 vi
2802 4277 3060 4352 praebere
3085 4284 3370 4338 coactum.

2040 4371 2148 4438 Qui
2181 4369 2332 4425 male
2363 4385 2620 4441 namque
2652 4367 2776 4440 spei
2807 4383 3001 4424 vacuae
3033 4367 3318 4426 solamine
3349 4372 3526 4444 capti,

2039 4460 2365 4532 Sperabant
2395 4474 2591 4531 regem
2623 4455 2870 4530 populos
2901 4455 3042 4514 olim
3072 4457 3475 4516 dominantem

2038 4551 2308 4622 Ipsorum
2340 4545 2531 4620 fragili
2563 4545 2738 4603 citius
2767 4546 3125 4618 subjungere
3145 4545 3304 4619 juri;

1961 4647 2009 4714 1)
2031 4639 2154 4702 Sed
2186 4655 2283 4694 rex
2313 4637 2384 4692 de
2418 4635 2600 4702 caelis,
2627 4635 2813 4708 judex
2841 4634 3216 4706 aequissimus
3248 4636 3428 4704 orbis,

2046 4729 2400 4784 Cunctorum
2433 4724 2596 4780 solus
2624 4725 2725 4796 qui
2758 4724 3056 4799 cognoscit
3085 4725 3374 4797 cogitatus

2045 4819 2323 4889 Vanaque
2347 4816 2410 4850 ίθτ
2442 4811 2704 4869 mortalis
2738 4813 2890 4886 potis
2918 4817 3008 4868 est
3028 4812 3363 4886 disperdere
3392 4816 3609 4885 cordis,

2045 4908 2458 4964 Commentum
2489 4903 2637 4958 tanti
2671 4900 2906 4957 sceleris
2936 4901 3148 4957 virtute
3179 4904 3434 4974 potentis

2047 4997 2268 5052 Dextra:
2301 4991 2606 5064 confregit,
2639 5007 2759 5062 qua
2789 4995 3002 5046 cuncta
3029 4995 3224 5046 creata
3250 4993 3494 5063 creavit;

2047 5085 2282 5142 Scilicet
2312 5081 2558 5137 insidias
2589 5079 2808 5136 christo
2840 5079 3070 5136 Domini
3099 5080 3164 5116 ¹⁸³
3195 5087 3496 5154 reparatas

2118 5173 2282 5229 Vers.
2313 5172 2438 5226 233.

1646 5287 1886 5346 VARIZE
1925 5289 2344 5350 LECTIONES.

359 5386 422 5458 ³⁷8
457 5383 708 5458 fiere__1_._
755 5381 1056 5458 "‘{Nullus
1082 5389 1210 5458 erat
1237 5387 1293 5439 2.
1371 5385 1452 5458 'f’f’w
1467 5383 1862 5458 alienigenum
1889 5393 1944 5446 2.
2023 5391 2086 5426 ¹⁸¹
2120 5391 2196 5446 ita
2225 5392 2279 5442 2.
2314 5386 2432 5458 regi
2467 5384 2747 5458 fratris1.
2828 5383 2894 5418 ¹⁸²
2925 5385 3335 5458 innumerosos
3369 5387 3422 5443 1.
3500 5387 3568 5422 ¹⁶³
3597 5388 3704 5444 do-

287 5456 426 5533 lenti
457 5459 512 5509 2.
587 5453 657 5533 13‘
686 5455 780 5533 ἱᾳρη
915 5453 1316 5533 deteriores_1._
1365 5453 1676 5533 ξδδ-ἰια-ἓῖ
1715 5461 1972 5533 βθᾱὶεᾼ.
2050 5462 2116 5498 ἐδ
2148 5453 2410 5518 remebat
2447 5458 2492 5512 1.
2573 5457 2634 5490 ’⁸⁷
2667 5457 2743 5512 ita
2790 5458 3037 5528 corrigo;
3088 5457 3212 5516 Eua
3263 5474 3524 5532 namque
3556 5461 3606 5516 1.
3637 5489 3706 5502 --

288 5530 552 5596 Quanam
582 5527 634 5580 2.
717 5525 781 5560 ⁸⁸⁸
813 5525 888 5578 ita
918 5527 1164 5596 corrigo;
1195 5527 1400 5582 christi
1432 5528 1671 5584 domino
1706 5531 1730 5585 1
1763 5539 1816 5589 et
1843 5532 1964 5590 add.

360 5705 472 5786 (57)
504 5701 720 5773 Belike,
750 5717 780 5758 e
813 5701 1054 5760 meridie
1085 5703 1338 5764 civitatis
1371 5705 1699 5786 Lippstadt.
1878 5639 2112 5779 NCT/E1.
