3936 6378
99 408 199 467 237
994 408 1644 482 PRJELOQUIORUM
1691 412 1898 474 LIBRI
1941 413 2117 477 SEX.
2150 447 2227 461 —
2265 416 2412 477 LIB.
2460 416 2569 479 III.
3378 418 3500 480 238

98 557 209 597 cere
228 540 337 596 nisi
352 539 703 613 Deus,quod
728 542 1044 598 concedere
1067 542 1179 599 nisi
1209 544 1475 600 omnium
1503 548 1731 617 poterat
1759 550 1813 616 Α
1841 547 2018 616 modo,
2051 548 2266 621 inquit,
2292 550 2699 621 praedicabunt,
2730 553 2846 607 nisi
2873 553 3171 607 mittantur
3189 554 3213 603 .9
3239 552 3414 620 (Rom.
3438 568 3494 620 x,

94 629 375 697 Dominus,
406 629 675 702 ipsaque,
708 646 826 686 non
857 630 1061 698 altera,
1094 631 1226 703 ipsa
1254 633 1364 699 vis,
1401 633 1531 705 ipsa
1564 638 1728 706 pote-
1842 636 1948 709 15.)
1981 640 2026 692 Α
2055 654 2172 709 quo
2203 637 2542 706 mittuntur,
2576 657 2795 712 quaeso,
2828 640 2940 695 nisi
2992 641 3064 696 ab
3094 657 3160 695 eo
3191 639 3291 711 qui
3337 640 3494 695 dixe-

92 718 341 791 stas,ipse
367 717 707 791 nutus,ipsa
726 720 1490 793 majestaszszteculatorem,
1512 720 1727 794 inquit,
1835 732 1966 781 rat:
2003 731 2111 797 Ego
2139 728 2269 782 misi
2294 744 2381 783 vos
2420 732 2623 785 metere
2651 729 2792 801 quod
2836 745 2929 785 vos
2979 744 3090 783 non
3134 729 3498 784 seminastis?

89 807 197 863 dedi
221 815 269 863 te
294 806 483 863 domui
508 808 682 864 Israel
716 807 973 881 :aliique
997 811 1059 880 [Ῑ.
1086 809 1370 882 alibique]
1398 812 1520 876 ,‘Ad
1540 814 1729 868 omnia
1832 817 2022 880 (Joan.
2054 833 2132 881 IV,
2163 815 2277 888 38.)

88 913 193 969 quae
217 899 431 952 mittam
458 906 510 952 te
540 898 648 953 ibis
670 898 883 969 (Ezech.
908 915 992 961 ιιι,
1021 899 1155 967 17;)
1186 904 1237 955 et
1264 918 1283 955 :
1314 902 1444 957 Ecce
1461 903 1727 957 constitui
1904 904 1993 959 35.
2047 904 2238 961 Habes
2281 905 2548 971 breviter,
2600 906 2703 962 sed
2757 905 3120 962 sufﬁcienter
3177 903 3489 962 sacerdotii

86 985 298 1041 telwdie
322 1002 487 1058 super
515 991 702 1057 gentes
730 995 782 1042 et
810 1004 977 1059 super
1033 1004 1223 1059 regna,
1274 993 1333 1044 ut
1390 991 1610 1057 evellas,
1668 995 1725 1046 et
1822 993 1965 1064 jura
1994 994 2066 1048 ab
2099 993 2227 1066 ipso
2258 994 2373 1050 Deo
2432 1010 2535 1066 per
2575 995 2863 1067 Spiritum
2925 1000 3197 1051 sanetum
3257 993 3486 1050 collata.

86 1076 328 1143 desimus,
387 1084 442 1132 et
496 1076 801 1148 disperdas,
830 1081 881 1133 et
936 1078 1190 1150 dissipes,
1245 1087 1295 1135 et
1347 1079 1611 1150 aediﬁces,
1669 1084 1724 1137 et
1830 1072 2030 1138 Cesset
2059 1098 2195 1153 ergo
2227 1083 2360 1153 quis
2390 1084 2581 1139 dicere
2624 1084 2977 1149 humanum,
3005 1084 3161 1155 quod
3189 1082 3490 1155 specialis-

82 1166 271 1237 plantes
296 1166 517 1236 (Jerem.
541 1182 643 1233 vn,
678 1166 790 1237 10.)
823 1164 1072 1222 Pulchre
1101 1184 1234 1223 vero
1273 1184 1378 1223 nec
1409 1169 1719 1224 dissonum
1829 1170 1978 1226 sime
2001 1176 2091 1227 est
2119 1171 2219 1227 Dei
2253 1172 2514 1235 donum;
2545 1172 2777 1227 desinat
2805 1172 2915 1227 hac
2937 1172 3281 1227 auctoritate
3297 1171 3486 1226 victus

85 1272 114 1310 a
138 1272 270 1310 novo
302 1272 316 1309 :
352 1256 719 1327 Quaecunque,
778 1254 937 1310 enim
991 1254 1152 1323 dicit,
1213 1258 1518 1329 ligaveritis
1554 1274 1721 1329 super
1827 1258 2097 1330 quilibet,
2129 1258 2239 1315 etsi
2262 1260 2550 1319 nesciens.
2592 1261 2777 1316 Deum
2810 1265 3008 1319 tamen
3041 1259 3484 1332 blasphemans,

83 1352 282 1413 terram,
312 1351 475 1399 erant
506 1344 684 1411 ligata
709 1352 761 1399 et
788 1345 846 1398 in
876 1344 1009 1401 caelo
1030 1363 1054 1409 ;
1083 1353 1136 1400 et
1160 1361 1505 1419 quaecunque
1543 1346 1717 1402 solve-
1826 1347 1965 1403 dicit
1995 1348 2111 1404 Deo
2139 1350 2286 1418 ;Ego
2330 1350 2494 1404 illum
2523 1353 2573 1405 et
2632 1350 2795 1405 illum
2822 1351 2936 1421 feci
2987 1351 3142 1417 (Isai,
3187 1366 3304 1416 xxv,
3363 1348 3482 1419 13,)

79 1436 187 1489 ritis
210 1449 376 1504 super
404 1441 634 1499 terram,
693 1440 855 1488 erunt
912 1434 1085 1489 soluta
1115 1438 1166 1489 et
1219 1437 1277 1490 in
1309 1437 1445 1491 caelo
1502 1435 1714 1505 (Matth.
1825 1452 1918 1503 ne,
1952 1438 2095 1492 dum
2119 1438 2236 1493 Deo
2259 1454 2320 1493 se
2345 1454 2649 1510 coaaquare
2674 1438 2800 1493 vult
2828 1438 2889 1492 in
2923 1437 3143 1510 aliquo,
3175 1437 3486 1508 dejiciatur

79 1537 214 1589 ινιη,
248 1524 314 1577 18
343 1522 383 1592 :)
418 1522 577 1595 quod
604 1527 661 1577 et
679 1538 748 1576 ex
772 1522 867 1577 his
890 1540 1045 1579 unus
1076 1541 1088 1579 :
1114 1523 1274 1591 Aliis,
1297 1525 1598 1597 inquiens,
1620 1540 1714 1580 su-
1824 1543 1964 1581 cum
1994 1542 2081 1592 eo,
2116 1527 2219 1598 qui
2258 1526 2475 1582 solium
2508 1532 2713 1582 contra
2770 1544 2905 1585 cum
2933 1525 3120 1582 voluit
3171 1526 3393 1597 erigere
3424 1526 3484 1579 in

76 1629 177 1667 mus
203 1612 331 1668 odor
360 1612 556 1668 mortis
587 1613 645 1666 in
676 1620 925 1679 mortem,
960 1613 1091 1668 aliis
1124 1612 1260 1669 odor
1290 1615 1425 1671 vitae
1457 1614 1515 1668 in
1546 1617 1718 1669 vitam
1825 1614 1992 1669 coelo.
2025 1615 2374 1671 Creatricem
2406 1617 2563 1670 enim
2606 1619 2863 1671 creatam
2917 1613 3140 1669 nullam
3180 1630 3309 1669 esse
3340 1614 3482 1669 sub-

77 1703 134 1771 (ll
159 1701 272 1757 Cor.
305 1717 367 1767 ιι,
402 1700 546 1773 (16).
581 1700 717 1773 Ipsa
774 1697 953 1756 etiam
981 1701 1282 1771 Sapientia
1315 1719 1329 1756 :
1362 1703 1469 1756 Per
1495 1718 1584 1756 me
1612 1701 1713 1769 ait,
1826 1702 2106 1759 stantiam
2142 1703 2222 1757 ita
2246 1705 2471 1759 cunctis
2504 1710 2775 1759 tenemus
2805 1702 3150 1769 certissime,
3175 1706 3239 1758 ut
3266 1701 3314 1757 si
3348 1702 3483 1774 quis

76 1806 203 1859 reges
224 1798 484 1860 regnant,
532 1796 585 1844 et
642 1789 950 1845 conditores
1010 1790 1192 1857 legum
1211 1792 1365 1861 justa
1421 1789 1718 1845 decernunt
1826 1790 2050 1863 aliquid
2109 1796 2272 1846 retur
2310 1791 2509 1864 procul
2568 1791 2807 1859 dubius,
2844 1791 2923 1846 nil
2985 1790 3242 1846 invenire
3280 1790 3385 1847 94
3414 1807 3481 1846 eo

77 1880 230 1949 (Prov.
257 1895 387 1944 vm,
428 1876 565 1949 15;)
597 1893 748 1949 quos
807 1877 1141 1933 conditores
1171 1879 1274 1934 93
1314 1877 1589 1951 intelligit
1635 1877 1715 1935 le-
1748 1921 1791 1953 η
1831 1885 2009 1953 queat
2036 1880 2326 1936 insanius.
2382 1879 2543 1943 Quod
2577 1880 2625 1935 si
2676 1881 2987 1952 episcopus
3045 1878 3377 1952 specialiter
3405 1879 3478 1934 ab

77 1984 189 2039 gum
204 1967 311 2023 nisi
339 1970 708 2023 reseratores
728 1966 1166 2036 Scripturarum
1189 1966 1216 2021 ‘l
1239 1967 1340 2039 qui
1359 1971 1500 2022 tunc
1521 1968 1714 2023 viden-
1744 1966 1792 1986 ”
1824 1968 2065 2025 homine
2103 1974 2193 2024 est
2244 1970 2452 2036 factus,
2513 1985 2647 2024 cum
2695 1968 3043 2040 generaliter
3071 1985 3106 2023 a
3136 1968 3251 2024 Deo
3313 1972 3477 2024 totus

77 2063 154 2112 tur
177 2057 267 2113 Dei
287 2055 462 2128 leges
494 2055 769 2122 condere,
794 2069 930 2109 cum
963 2056 1203 2111 student
1219 2056 1471 2112 enodare
1499 2074 1512 2124 ;
1541 2056 1710 2128 quasi
1819 2062 2051 2114 creatus
2072 2058 2150 2113 sit
2177 2057 2455 2123 mundus,
2474 2056 2980 2121 ridiculum.Quod
3006 2056 3054 2112 si
3082 2074 3198 2113 non
3220 2057 3473 2125 adorari,

75 2147 217 2202 nulla:
246 2147 407 2203 enim
445 2148 591 2201 sunt
620 2142 921 2213 nescienti,
963 2134 1115 2199 sicut
1145 2150 1201 2200 et
1229 2146 1599 2218 coinquinatis
1623 2146 1708 2201 nil
1814 2146 2077 2203 venerari
2107 2151 2304 2201 tamen
2337 2145 2528 2201 adhuc
2550 2147 2860 2202 videantur
2889 2144 3225 2215 simulacra,
3251 2146 3475 2201 dictum

68 2237 305 2292 mundum
338 2236 466 2307 (Tit.
503 2250 542 2298 ι,
577 2231 693 2302 15.)
725 2231 888 2295 Quod
923 2232 973 2287 si
1006 2232 1112 2287 tibi
1146 2233 1263 2289 ista
1292 2234 1537 2289 forsitan
1584 2233 1704 2289 dis-
1814 2240 1903 2292 est
1933 2235 2090 2291 enim
2120 2234 2180 2289 in
2209 2234 2441 2291 Psalmo
2475 2251 2488 2289 :
2516 2235 2831 2290 Simulacra
2858 2237 3102 2303 gentium
3152 2251 3315 2307 opera
3353 2252 3473 2291 ma-

70 2325 239 2401 plicet,
271 2324 391 2381 alia
416 2320 598 2379 editio
630 2320 999 2377 enucleatius
1029 2321 1246 2394 profert
1275 2338 1288 2401 ξ
1316 2328 1426 2378 Per
1476 2339 1579 2389 me,
1612 2321 1704 2376 in-
1813 2342 1989 2381 nuum
2020 2325 2328 2390 hominum,
2363 2324 2534 2395 (Paul.
2567 2341 2723 2392 CXIII,
2756 2325 2789 2377 4
2818 2328 2857 2391 ;)
2889 2323 3074 2379 multo
3105 2328 3301 2380 autem
3341 2340 3473 2397 per-

70 2397 271 2485 quiens,
302 2428 459 2484 reges
489 2412 749 2479 regnant,
782 2413 836 2464 et
860 2413 1104 2481 potentes
1134 2397 1381 2466 scribunt
1398 2412 1700 2482 justitiam,
1810 2415 2040 2470 versius
2069 2413 2287 2477 adhuc,
2313 2413 2843 2484 Deus,inquit,ossa
2861 2417 2912 2467 et
2936 2429 3159 2467 carnem
3184 2414 3275 2467 illi
3292 2413 3471 2474 dedit;

70 2504 146 2558 cui
170 2502 425 2559 concinit
441 2502 573 2571 jam
605 2515 780 2555 carne
807 2498 1018 2565 velata,
1069 2499 1170 2554 scd
1203 2499 1334 2572 ipsa
1381 2500 1703 2571 eademque
1811 2520 1948 2558 nam
1978 2511 2181 2560 caetera
2210 2518 2304 2572 ego
2333 2503 2558 2557 contuli.
2610 2500 2803 2555 Habes
2833 2500 2929 2555 hic
2986 2499 3475 2555 inaestimabiliter

70 2593 339 2663 Sapientia
373 2609 386 2646 :
422 2589 567 2657 Ideo,
601 2586 899 2659 inquiens,
953 2589 1130 2644 omnis
1188 2590 1378 2644 scriba
1427 2588 1615 2644 doctus
1642 2590 1703 2644 in
1811 2592 2036 2649 homini
2071 2590 2447 2663 suppositum
2474 2594 2680 2644 Deum.
2715 2591 3009 2654 Quantum
3042 2588 3201 2644 enim
3234 2604 3303 2644 ea
3332 2588 3472 2643 cha-

70 2697 210 2752 regno
235 2682 507 2737 calorum
549 2678 758 2733 similis
786 2684 864 2732 est
892 2677 1107 2732 homini
1149 2678 1566 2749 patrifamilias,
1608 2679 1706 2750 qui
1813 2681 2130 2736 rismatum
2162 2678 2422 2750 insignia
2452 2678 2742 2743 differant,
2775 2675 2992 2748 quibus
3022 2676 3199 2733 homo
3232 2681 3476 2733 vocatur

68 2774 251 2842 profert
277 2771 343 2826 de
376 2771 634 2825 thesauro
672 2781 769 2821 suo
821 2782 963 2821 nova
1013 2774 1065 2821 et
1116 2775 1297 2821 vetera
1321 2766 1529 2834 (Matth.
1578 2783 1701 2833 xui,
1814 2769 2082 2842 angelus,
2118 2767 2236 2822 imo
2267 2767 2443 2832 Deus,
2474 2767 2545 2821 ab
2579 2783 2648 2822 ea
2678 2765 3031 2832 conditione,
3076 2781 3195 2838 qua
3236 2769 3476 2822 vocatur

67 2862 173 2931 52.)
200 2861 328 2925 Quin
360 2864 415 2915 et
449 2856 588 2924 alio,
621 2856 723 2912 sed
757 2860 954 2909 tamen
988 2859 1046 2910 et
1076 2854 1373 2928 Evangelii
1395 2854 1542 2926 loco,
1577 2855 1702 2921 uni,
1813 2858 2006 2931 pulvis
2032 2861 2089 2912 et
2108 2856 2281 2923 cinis,
2305 2856 2476 2911 credo
2495 2856 2650 2928 quod
2675 2853 3117 2928 nullusignoret
3146 2855 3473 2912 rationalis.

67 2951 189 3005 etin
213 2967 278 3007 eo
308 2948 585 3019 ejusdem
617 2943 844 3000 ordinis
865 2943 1165 3011 omnibus,
1196 2942 1310 3016 ipsi
1343 2949 1540 2999 tamen
1569 2961 1702 3017 spe-
1811 2947 1957 3002 Vide
1987 2962 2147 3018 ergo,
2181 2950 2473 3016 quantum
2525 2943 2621 2999 ille
2651 2943 2732 3016 [id
2760 2947 2837 2999 est
2868 2944 3011 3015 rex,]
3045 2943 3096 2999 si
3151 2948 3348 3000 tamen
3405 2961 3474 3000 eo

68 3037 468 3101 cialius:Tibi,
525 3033 739 3105 inquit,
800 3031 939 3088 dabo
995 3033 1173 3087 claves
1229 3035 1388 3104 regni
1441 3034 1703 3089 caelorum
1813 3053 2012 3099 sensu,
2047 3035 2167 3089 imo
2216 3032 2456 3088 vesania
2484 3032 2601 3087 duo
2662 3036 2821 3097 sunt,
2864 3033 3188 3104 praefertur,
3245 3032 3348 3104 qui
3404 3049 3476 3087 ex

67 3128 251 3194 (Matth.
284 3144 400 3192 xvi,
436 3124 545 3192 19;
578 3122 839 3192 itemque
870 3120 922 3176 si
979 3120 1093 3176 dici
1126 3122 1215 3179 fas
1246 3122 1324 3177 sit
1380 3126 1542 3177 tanta
1576 3139 1703 3177 ma-
1812 3124 2050 3198 pulvere
2068 3121 2442 3194 angelum,ex
2462 3121 2654 3178 cinere
2672 3122 3057 3194 potuitDeum
3081 3121 3270 3179 facere
3290 3121 3472 3193 (quod

62 3217 157 3287 jori
183 3213 553 3279 auctoritate,
578 3214 801 3283 quanto
849 3210 978 3280 jam
1036 3210 1266 3265 devicta
1323 3209 1700 3277 mortalitate,
1813 3231 1878 3270 se
1909 3213 2050 3270 dicit
2080 3213 2190 3268 iste
2232 3210 2459 3279 fecisse,
2490 3211 2599 3281 illi,
2659 3210 2760 3283 qui
2792 3214 3024 3265 tantum
3082 3209 3387 3282 pulverem
3421 3215 3479 3265 et

68 3305 405 3379 triumphata
421 3305 636 3367 morte,
656 3298 1701 3367 indutaimmortalitate,imminente
1730 3292 1773 3358 C
1813 3303 2069 3359 cinerem
2095 3299 2677 3374 potuitcreare,quod
2690 3298 3102 3354 tantummodo
3121 3297 3474 3353 videturDeo

71 3394 401 3459 ascensione,
435 3394 678 3464 peracta
734 3387 1158 3443 resurrectione
1191 3404 1205 3442 :
1238 3394 1427 3456 Pasce,
1488 3388 1701 3460 inquit,
1813 3393 2129 3448 concedere
2174 3390 2303 3459 (145
2326 3394 2370 3457 ;)
2399 3388 2554 3459 quod
2609 3387 2738 3458 ipso
2771 3386 2977 3441 auditu
3030 3383 3478 3440 intolerabiliter

72 3501 170 3541 oves
195 3500 335 3542 meas
366 3484 553 3555 (Joan.
579 3477 781 3545 xx1,17
806 3481 845 3545 ;)
870 3493 1056 3542 meas,
1080 3476 1289 3549 inquit,
1315 3494 1477 3533 meas
1501 3495 1514 3544 ;
1541 3493 1704 3532 meas
1815 3482 2137 3537 obscenum
2171 3482 2225 3533 et
2286 3475 2523 3548 penitus
2583 3473 2946 3539 detestabile,
2978 3472 3115 3527 licet
3160 3488 3468 3542 nunquam

68 3576 347 3642 creatione,
380 3587 549 3628 meas
581 3566 1002 3639 redemptione,
1029 3582 1191 3622 meas
1214 3566 1374 3636 jure,
1403 3582 1568 3622 meas
1585 3582 1701 3620 non
1816 3569 1934 3625 nisi
1960 3568 2072 3623 hac
2104 3570 2324 3631 nostra,
2358 3564 2504 3635 proh
2536 3563 2701 3617 nefas
2728 3561 2740 3616 l
2792 3561 3017 3616 dictum
3065 3560 3154 3615 vel
3199 3560 3469 3616 auditum

66 3670 197 3735 tuas,
229 3680 388 3720 meas
419 3677 541 3716 non
573 3655 817 3720 Tiberii,
854 3671 1019 3711 meas
1077 3670 1194 3709 non
1253 3653 1504 3719 Claudii,
1540 3668 1704 3707 meas
1815 3657 1991 3712 fuerit
2012 3659 2178 3710 aetate
2202 3671 2216 3720 ;
2240 3658 2437 3708 tamen
2473 3651 2698 3706 testimo
2724 3649 2958 3705 cuidam
2983 3666 3015 3704 a
3038 3648 3322 3721 propheta
3345 3646 3469 3703 dic-

68 3771 164 3809 non
189 3748 584 3812 Constantini,
618 3761 784 3801 meas
816 3760 935 3799 non
969 3742 1306 3810 Theodosii,
1364 3758 1527 3797 meus
1584 3757 1702 3795 non
1814 3751 1941 3801 tum
1963 3761 2091 3801 esse
2117 3760 2129 3798 :
2155 3743 2195 3798 0
2225 3749 2411 3814 pastor
2438 3744 2488 3796 et
2520 3740 2727 3796 idolum
2766 3739 3148 3812 derelinquens
3204 3744 3465 3813 gregem!

70 3841 504 3908 Mauritii,meas
524 3852 644 3892 non
669 3830 1291 3902 Caroli.0mnibusque
1314 3828 1700 3902 generaliter:
1813 3835 2100 3905 (luctum,
2137 3832 2246 3902 17.)
2295 3832 2579 3886 Pastorem
2634 3846 2770 3886 eum
2830 3828 3054 3885 scilicet
3108 3828 3301 3886 usuali
3364 3845 3468 3901 pro

67 3932 298 4003 Accipite,
329 3926 551 4001 inquit,
586 3925 859 3996 Spiritum
887 3930 1178 3985 sanctum;
1204 3934 1437 3992 quorum
1478 3920 1703 3974 remise-
1811 3924 2003 3981 officia
2032 3939 2246 3979 vocans
2269 3920 2496 3976 dicendi
2528 3935 2756 3993 genere,
2778 3918 2987 3975 idolum
3018 3936 3153 3976 vero
3181 3918 3335 3992 quod
3359 3918 3469 3974 hoc

68 4022 175 4076 ritis
212 4021 290 4077 vel
318 4015 668 4076 retinueritis
692 4020 932 4085 peccata,
965 4012 1192 4066 remissa
1226 4010 1308 4065 vel
1339 4012 1547 4064 retenta
1575 4016 1703 4064 sunt
1810 4013 1922 4071 sibi
1953 4013 2173 4069 donum
2205 4010 2286 4084 [id
2306 4018 2384 4067 est
2413 4010 2837 4081 episcopatum]
2862 4009 2936 4063 ab
2962 4008 3199 4064 homine
3218 4007 3471 4063 aestimet

67 4109 219 4173 (toan.
249 4128 338 4177 xx,
375 4110 443 4163 13
470 4106 514 4177 ;)
543 4109 601 4161 et
632 4120 645 4158 :
683 4105 884 4158 Euntes
916 4102 979 4156 in
1035 4098 1309 4154 mundum
1360 4099 1697 4164 universum,
1810 4103 2088 4159 collatum
2115 4120 2129 4169 ;
2157 4107 2215 4185 et
2244 4100 2375 4155 ideo
2396 4098 2729 4169 derelinquit
2749 4113 2987 4165 gregem,
3012 4096 3073 4151 in
3095 4096 3467 4185 necessitate,

69 4196 339 4265 pnedicate
366 4192 746 4261 Evangelium
772 4190 926 4245 omni
945 4198 1219 4245 creaturae
1240 4187 1452 4258 (Marc,
1473 4203 1589 4256 xvr,
1611 4187 1699 4257 15)
1811 4191 1951 4265 quia
1975 4184 2356 4259 nescitquod,
2380 4187 2469 4242 vel
2492 4203 2654 4258 aquo
2672 4190 3057 4258 percepturus
3081 4185 3131 4239 si
3154 4184 3469 4256 praemium

72 4282 207 4345 Quod
236 4284 625 4342 reminiscens
656 4278 753 4334 ille
774 4277 1071 4342 lscilicelS.
1097 4275 1348 4348 Petl'US,]
1381 4275 1476 4330 cui
1510 4274 1701 4346 primo
1811 4298 1915 4354 pro
1939 4277 2303 4341 defensione,
2328 4274 2556 4346 judicio
2586 4274 2776 4328 vietus
2797 4271 3163 4327 conscientia:
3188 4295 3203 4337 ;
3234 4285 3473 4342 praeser-

73 4377 115 4426 et
142 4373 191 4428 in
221 4390 331 4447 quo
353 4376 570 4431 cuncto
589 4373 681 4426 est
702 4371 1060 4440 praeceptum
1082 4364 1533 4437 praedicatorum
1553 4367 1701 4418 cata-
1810 4370 1921 4427 tim
1971 4383 2107 4423 cum
2156 4370 2213 4421 et
2247 4364 2357 4419 hac
2386 4363 2726 4433 conjectura
2774 4360 3007 4415 credere
3052 4358 3241 4431 possit
3277 4357 3471 4447 putari

72 4459 183 4530 Ιοςο
213 4445 254 4516 ε’
281 4462 549 4534 Prwcipit
598 4458 754 4514 nobis
813 4457 1089 4512 Dominus
1146 4453 1449 4526 prmdicare
1498 4453 1702 4524 populo
1814 4457 2038 4531 aliquid
2070 4470 2243 4528 posse
2274 4452 2402 4508 sine
2437 4453 2546 4507 Deo
2579 4449 2727 4505 ﬁeri.
2760 4449 2922 4505 Eheu
2954 4452 3153 4504 autem
3194 4445 3472 4503 intolera-

76 4553 192 4615 (Αείο
221 4569 274 4608 Χ.
305 4554 373 4607 42
397 4554 433 4619 ;)
466 4552 847 4618 statutusque
877 4544 957 4617 [id
986 4552 1065 4599 σεε
1093 4542 1468 4608 constitutus]
1504 4557 1700 4596 60mm
1812 4547 1948 4603 bilis
1980 4540 2189 4600 animae
2222 4540 2480 4609 miseria,
2515 4539 2606 4595 sui
2660 4538 2893 4611 penitus
2924 4536 3214 4594 Creatoris
3273 4552 3471 4593 carere

77 4639 407 4714 principibus
433 4644 495 4697 et
526 4634 1006 4710 magistratibus:
1042 4633 1288 4726 Qbedire,
1312 4630 1524 4726 inquit,
1549 4646 1703 4701 opor-
1736 4661 1782 4726 Β
1814 4633 2061 4726 notitiai

77 4730 135 4781 tet
162 4731 255 4785 Deo
277 4732 454 4801 magis
483 4745 653 4801 quam
683 4724 998 4781 hominibus
1031 4722 1165 4795 (Act.
1196 4738 1253 4789 v,
1297 4720 1413 4791 29.)
1446 4720 1705 4807 Ejusque
1736 4716 1777 4726 ”
1884 4726 1973 4778 24.
2009 4722 2123 4778 Nec
2167 4721 2382 4776 desunt
2443 4717 2683 4807 interea,
2743 4720 2810 4772 ut
2863 4716 2934 4772 ad
2993 4716 3313 4807 inemptum
3373 4732 3469 4807 re-

78 4816 127 4870 in
152 4819 407 4889 passione
439 4817 667 4888 collega
697 4814 914 4871 Paulus
943 4812 1005 4868 in
1030 4810 1292 4883 Epistola
1319 4827 1332 4866 :
1358 4812 1464 4866 Pro
1488 4803 1706 4865 Christo
1815 4815 2013 4880 deum,
2043 4810 2220 4865 etiam
2253 4809 2312 4863 in
2344 4806 2641 4879 episcopio
2677 4822 3029 4873 corrosores,
3073 4805 3174 4877 qui
3205 4803 3470 4876 exemplo

80 4904 318 4973 legatione
363 4909 667 4981 fungimur
696 4905 767 4978 (ll
798 4903 919 4960 Cor.
975 4918 1029 4970 ν,
1063 4900 1194 4972 20;)
1237 4904 1293 4955 et
1352 4897 1491 4954 alibi
1527 4916 1539 4953 :
1592 4900 1631 4967 ρ

1917 4920 2041 4970 um,
2075 4899 2175 4972 qui
2222 4915 2375 4953 anno
2408 4897 2558 4968 (146)
2606 4912 2640 4951 a
2693 4895 2983 4969 praeterito
3044 4895 3223 4950 altero
3282 4891 3471 4965 Thye-

141 5064 271 5137 (HS)
295 5067 349 5121 Si
380 5066 666 5121 nimirum
698 5064 814 5137 duo
839 5062 1068 5117 diversa
1097 5062 1237 5137 sunt
1254 5059 1438 5137 pulvis
1466 5067 1517 5114 et
1542 5060 1703 5137 cinis.
1818 5078 2013 5121 creare
2045 5057 2299 5137 potuerit
2324 5074 2338 5125 ;
2366 5054 2507 5128 quod
2536 5056 2652 5126 ipso
2682 5053 2877 5109 auditu
2906 5052 3330 5110 intolerabiliter
3359 5050 3473 5107 obs-

84 5130 493 5208 Construendus
525 5140 724 5192 autem
756 5134 851 5189 hic
881 5132 1189 5208 textussic
1226 5130 1708 5208 :Yutdqurntum
1816 5130 2139 5208 cenum‘est,
2172 5134 2282 5208 etc:
2336 5199 2370 5208 Α
2467 5198 2477 5208 θ
2652 5197 2686 5208 ,ι
2884 5198 2894 5208 .
2972 5198 2981 5208 ,

84 5206 164 5281 ille
190 5210 263 5277 (id
284 5216 371 5265 est
394 5214 516 5277 rex)
544 5209 645 5281 qui
673 5222 742 5262 ex
756 5207 1000 5281 pulvere,
1026 5203 1249 5259 scilicet
1273 5197 1710 5281 homine,potui_t
1890 5205 2039 5276 (146)
2074 5198 2560 5281 Ηᾷξεᾘξιῐὴθι-ἱυξ
2614 5197 2796 5279 altero
2817 5269 2828 5281 _
2849 5198 3106 5281 circiter.
3133 5212 3283 5281 anno
3341 5197 3476 5281 pust

84 5266 241 5345 facere
254 5266 531 5349 angelum,
555 5266 624 5334 'id
652 5285 741 5334 est
756 5266 1135 5349 episcopum,
1161 5283 1211 5349 et
1234 5290 1304 5330 ex
1326 5275 1509 5329 cinere
1533 5266 1711 5345 potuit
1821 5266 1988 5334 suam
2025 5266 2415 5346 captivitatem
2450 5270 2759 5349 scripsisse
2782 5269 3027 5349 videtur,
3053 5267 3109 5322 id
3132 5272 3221 5322 est
3228 5266 3471 5349 33.936.

85 5338 239 5429 [acere
267 5338 455 5419 Davum,
513 5338 657 5423 quod
717 5338 824 5429 iste:
841 5422 850 5429 _
875 5338 1011 5429 dicit
1037 5338 1358 5429 seéfecisse,
1418 5338 1708 5429 quantum,
1820 5350 1963 5429 Hinc
1995 5338 2230 5402 amiusa
2248 5343 2530 5429 prmterito
2562 5338 2946 5429 alteri‘nd'i‘cat
2974 5338 3473 5429 ειῐὶῐιιξῐξὶρὲῧζ

86 5412 319 5497 inquam,
352 5428 399 5481 is
423 5412 732 5497 pri’ferlur
760 5421 869 5497 illi,
892 5420 950 5474 id
985 5423 1073 5474 est
1095 5412 1209 5473 Deo
1232 5412 1470 5497 ipsi_,qui
1500 5412 1711 5497 tantum
1822 5421 2059 5497 quidem
2095 5412 2402 5497 sequentia
2432 5417 2786 5494 congruunt.
2818 5412 3139 5497 Designant
3160 5412 3475 5497 enimsunt

86 5435 133 5474 ω
174 5440 319 5489 nam,
352 5434 399 5481 is
423 5434 732 5497 praefertur
760 5434 869 5483 tllt,
892 5434 950 5474 ια
985 5434 1073 5474 eSL
1096 5434 1468 5489 ue01ps1,qut
1500 5434 1711 5472 tantum
1822 5434 2059 5494 quidem
2095 5434 2402 5540 seiuenua
2432 5434 2786 5494 congruunt.
2818 5434 3139 5494 pesrgnant
3160 5434 3317 5463 euuu
3343 5434 3474 5462 cum

84 5439 329 5563 pulverem
352 5505 404 5552 et
430 5498 675 5552 cinerem
701 5494 875 5565 potuit
912 5506 1119 5565 creare,
1148 5488 1287 5561 quod
1321 5488 1713 5565 tantummodo
1822 5487 3156 5565 multorum__’eronen51umconspirationem.
3193 5479 3474 5565 adversus

89 5547 871 5636 ieiunaieiunaDatami
895 5547 1521 5636 nimirumrcxlribuit
1542 5576 1714 5632 posse
1821 5547 2126 5636 Hugouem
2160 5557 2337 5636 Italiae
2368 5572 2583 5636 regem,
2620 5554 2677 5609 in
2706 5547 2824 5625 qua
2876 5551 3045 5633 multi
3084 5548 3258 5636 etiam
3292 5547 3473 5636 coge;

93 5618 257 5717 (acti-'3
276 5618 666 5717 initiatis
695 5618 811 5695 Deo
830 5632 1237 5717 tantummodo
1258 5630 1488 5717 videtur
1508 5618 1712 5715 conce-
1822 5618 2044 5717 sias’tici
2078 5634 2245 5714 erant
2263 5618 2842 5717 limpliciti‘iquaéneu
2855 5641 2923 5717 rn-
2935 5618 3480 5717 ineuntegnnq

93 5688 1175 5793 diE,‘qifd&"§5iiéiein§timerem,
1226 5719 1327 5763 seu
1388 5702 1715 5777 hominem,
1824 5688 1978 5787 male
2004 5688 2305 5779 cessisset,
2338 5688 2470 5758 aliis
2500 5688 2675 5772 atque
2706 5695 2838 5754 allis
2859 5691 3089 5763 occisis,
3126 5688 3248 5761 alii,
3285 5688 3386 5765 qui
3416 5701 3481 5749 se
