3904 6394
182 437 337 496 115⁸1

180 568 367 623 Vertit
395 567 455 621 in
487 571 754 622 auctores
786 564 934 621 tanti
967 567 1291 637 meritoque
1325 566 1494 637 piacli
1522 585 1534 627 ;

181 654 407 727 Quique
439 671 546 709 suo
579 654 821 725 laqueos
852 653 1088 707 domino
1118 655 1356 709 tendere
1381 654 1691 725 malignos,

180 744 261 798 Ex
291 742 439 815 ipsis
470 742 581 814 ipsi
614 743 874 814 primum
908 748 1048 796 sunt
1074 742 1398 813 illaqueati.

252 832 377 886 Non
410 848 501 886 me
525 830 657 902 plus
691 831 848 886 licito
880 834 1054 885 tanta‘
1085 832 1301 901 sophia:
1334 831 1453 884 fore
1487 834 1551 866 “59
1574 834 1758 902 jaeto,

177 920 250 975 Ut
279 936 510 991 sperem
544 920 712 990 plene
746 919 938 973 verbis
970 920 1194 973 edicere
1229 922 1292 953 ¹ί⁸υ
1323 937 1514 990 posse,

178 1010 409 1075 Quanta
438 1006 712 1079 graeiolre
745 1006 1017 1061 Christus
1048 1007 1257 1060 virtute
1290 1025 1553 1078 superum

181 1095 407 1167 Saepius
438 1095 597 1150 hunc
631 1097 825 1166 ipsum
856 1114 1048 1163 regem
1087 1096 1258 1163 digne
1290 1097 1657 1149 benedictum

183 1183 337 1239 Fecit
369 1182 730 1254 multiplices
764 1182 989 1237 salvum
1023 1200 1357 1254 percurrere
1392 1184 1625 1237 fraudes

180 1273 415 1326 Necnon
448 1271 694 1326 insidias
727 1271 927 1325 hostili
960 1276 1121 1341 parte
1154 1276 1387 1343 paratas
1414 1290 1425 1337 ;

180 1360 289 1416 Sed
320 1375 429 1414 nec
459 1360 569 1414 hoc
601 1359 826 1431 fragilis
858 1360 946 1415 fas
980 1376 1107 1414 esse
1140 1377 1269 1414 reor
1298 1360 1564 1415 mulieris

180 1449 333 1504 Inter
365 1447 614 1503 cmnobii
648 1448 847 1519 positae
880 1453 1104 1503 secreta
1134 1448 1340 1519 quieti,

178 1536 250 1592 Ut
280 1535 502 1592 bellum
533 1537 732 1604 dictet,
768 1538 925 1609 quod
953 1554 1068 1592 non
1100 1555 1451 1609 cognoscere
1486 1539 1656 1593 debet
1690 1555 1702 1591 ;

178 1610 307 1681 Haec
338 1624 732 1697 perfectorum
766 1630 907 1681 sunt
938 1627 1337 1681 conservanda
1368 1626 1647 1681 virorum.

177 1712 538 1785 Principium
582 1714 739 1784 quod
790 1719 1138 1769 cunctorum
1178 1715 1311 1769 finis
1345 1732 1577 1786 quoque
1609 1732 1836 1786 regum,

177 1803 292 1857 Hoc
324 1802 459 1857 dico
486 1802 701 1870 solum,
734 1808 888 1857 recte
918 1803 1073 1875 quod
1108 1802 1298 1858 dicere
1329 1820 1593 1873 possum.

178 1887 387 1943 Sudori
423 1888 557 1958 quis
590 1888 650 1923 ¹⁹¹
686 1905 857 1960 posse
888 1888 1049 1944 dedit
1081 1888 1369 1959 sapientia
1398 1892 1616 1944 mentis

177 1976 382 2033 Omnia
415 1978 760 2049 compositis
792 1978 1090 2049 sapienter
1116 1978 1307 2033 dicere
1336 1978 1525 2033 verbis
1549 1980 1575 2032 ’2

178 2065 284 2131 Qui
316 2064 484 2121 solus
514 2080 749 2137 semper
777 2065 911 2120 fecit
942 2066 1209 2119 miranda
1242 2072 1524 2137 potenter.

180 2154 409 2226 Quique
435 2153 614 2209 David
649 2170 844 2225 regem
876 2155 1047 2209 toties
1080 2155 1150 2209 de
1180 2155 1382 2209 fraude
1412 2156 1644 2211 fidelem

182 2240 450 2313 Eripiens
477 2242 657 2309 Sauli,
693 2247 989 2313 sceptrum
1024 2243 1187 2314 regni
1220 2243 1380 2297 dedit
1412 2243 1544 2314 ipsi,

181 2329 347 2386 Hunc
378 2329 599 2401 pariter
630 2346 827 2402 regem
858 2332 972 2400 (58)
1003 2330 1182 2385 David
1233 2331 1446 2402 pietate
1496 2337 1838 2403 sequentem

183 2418 433 2474 Protexit
464 2419 536 2474 de
565 2418 822 2474 millenis
848 2436 1104 2491 persaepe
1134 2419 1389 2490 periclis.

185 2505 446 2579 Denique
477 2524 612 2562 cum
643 2507 823 2576 solus,
858 2525 1149 2579 perpauco
1182 2508 1368 2564 milite
1400 2515 1625 2582 septus,

184 2595 355 2651 Esset
382 2595 459 2652 ab
490 2596 749 2652 adversis
780 2597 1179 2652 circumdatus
1207 2598 1467 2670 undique
1499 2599 1732 2665 turmis,

193 2683 437 2756 Insuper
468 2688 642 2756 atque
674 2686 871 2757 fugam
902 2685 1147 2757 propriae
1198 2688 1382 2757 partis
1433 2688 1583 2743 male
1628 2689 1840 2743 factam

192 2772 425 2828 Pectore
459 2773 728 2830 maerenti
762 2774 938 2828 ferret
970 2773 1336 2845 nimiumque
1367 2775 1612 2843 dolenti,

189 2861 432 2918 Credere
464 2879 569 2919 nec
597 2864 801 2935 paucis
833 2880 960 2919 sese
990 2870 1367 2935 prazsumeret
1397 2863 1560 2935 ipsis,

192 2950 359 3005 Illum
391 2951 493 3023 qui
527 2952 767 3023 reliquis
801 2969 916 3006 non
949 2954 1255 3007 deseruere
1288 2953 1555 3023 relapsis,

192 3039 301 3094 Sed
324 3046 487 3095 ratus
517 3045 769 3107 tantum,
800 3058 862 3096 se
895 3058 1024 3095 mox
1056 3043 1307 3113 graviter
1337 3043 1688 3097 moriturum
1719 3061 1729 3097 :

193 3128 357 3183 Otius
388 3128 593 3183 auxilii
624 3128 809 3190 fultus
839 3130 1051 3183 virtute
1082 3130 1341 3201 superni,

192 3216 434 3273 Miratur
464 3218 646 3272 turba)
677 3236 737 3273 se
757 3219 882 3288 jam
917 3236 1194 3290 superare
1222 3224 1473 3273 cruentae

192 3306 404 3362 Tantas
439 3306 660 3378 absque
686 3326 805 3362 sua:
840 3308 1073 3362 fraudes
1104 3307 1442 3363 discrimine
1474 3310 1621 3362 vita}.

191 3395 261 3449 At
286 3394 334 3450 si
366 3396 513 3450 forte
545 3412 706 3462 suos,
742 3413 939 3467 pugna
968 3401 1261 3451 crescente
1293 3396 1551 3463 sinistra,

188 3482 417 3539 Audivit
447 3483 638 3539 socios
669 3483 844 3539 ltetali
875 3485 1111 3539 vulnere
1144 3485 1331 3551 laesos,

191 3569 449 3627 Prtedicti
483 3572 637 3644 regis
663 3571 979 3629 lacrimans
1013 3590 1146 3627 mox
1178 3574 1361 3628 utitur
1381 3574 1551 3639 orsis,

190 3658 320 3725 Qua:
350 3676 589 3716 morens
621 3660 782 3726 dixit,
820 3661 973 3715 tristi
1003 3678 1138 3716 cum
1166 3666 1395 3734 pectore
1426 3662 1608 3717 sensit

191 3744 405 3805 Ictibus
436 3748 686 3821 angelici
720 3750 1001 3821 populum
1030 3750 1207 3822 gladii
1242 3751 1568 3822 periturum
1601 3766 1614 3804 :

191 3855 218 3883 «
247 3835 350 3904 En,
384 3836 489 3909 qui
518 3838 768 3908 peccavi,
802 3838 968 3905 dixit,
997 3838 1339 3909 facinusque
1371 3838 1564 3911 peregi
1595 3840 1729 3911 (59),

190 3921 332 3979 Hinc
362 3941 470 3997 ego
499 3924 766 3980 vindictae
798 3926 1013 3997 dignus
1047 3944 1178 3981 sum
1210 3926 1464 3998 denique
1496 3931 1668 3983 tantae
1695 3928 1708 3983 l

190 4008 255 4064 Hi
284 4014 425 4083 quid
458 4014 720 4069 fecerunt
748 4015 1034 4069 damnum
1066 4016 1165 4086 qui
1198 4015 1311 4070 tale
1342 4015 1649 4071 tulerunt?

188 4098 316 4155 Jam
339 4117 519 4169 nunc,
534 4101 783 4171 Christe,
800 4103 918 4159 tuis
936 4120 1182 4175 parcens
1201 4104 1477 4163 miserere
1499 4105 1835 4178 redemptis,

189 4186 268 4243 Ne
299 4194 531 4261 premat
558 4189 820 4246 insontes
844 4192 1009 4261 justo
1036 4191 1170 4263 plus
1200 4191 1287 4246 vis
1318 4191 1557 4247 inimica
1583 4193 1595 4247 !
1630 4214 1659 4243 »

188 4276 300 4331 llas
332 4278 517 4351 igitur
543 4278 814 4350 perculas
849 4280 1135 4337 miserans
1166 4280 1364 4335 divina
1393 4285 1673 4352 potestas,

188 4363 462 4423 Parcebat
493 4367 648 4441 regis
677 4368 851 4423 solita
880 4369 1095 4441 pietate
1127 4369 1441 4438 ministris,

186 4453 252 4508 Et
280 4454 438 4511 dedit
470 4459 735 4528 optatum
769 4458 1057 4514 miserans
1086 4475 1155 4513 ex
1185 4458 1350 4513 hoste
1380 4459 1773 4532 triumphum,

184 4539 348 4598 Justo
378 4544 690 4616 prmdictos
721 4546 966 4603 comites
994 4546 1258 4601 examine
1290 4547 1561 4617 perdens.

185 4628 312 4700 Ipso
342 4649 601 4704 namque
633 4632 747 4703 die,
782 4651 898 4705 quo
930 4634 1157 4707 decepti
1191 4652 1375 4689 vacua
1405 4652 1528 4707 spe,

186 4717 496 4790 Speravere
528 4722 652 4778 suis
684 4724 1206 4795 constringendum
1239 4725 1359 4778 fore
1390 4724 1597 4780 vinclis

186 4805 417 4885 Regem,
451 4810 553 4882 qui
586 4812 795 4867 merito
829 4814 1018 4869 tenuit
1048 4812 1268 4884 regalia
1299 4819 1550 4885 sceptra,

185 4892 262 4949 Ex
290 4882 587 4970 inproviso
620 4917 834 4971 praeses
865 4882 1214 4974 proruperat
1244 4902 1388 4970 Udo,

182 4981 535 5042 Adducendo
567 4988 804 5059 quidem
837 4989 1087 5045 multam
1119 5008 1319 5047 secum
1354 4991 1665 5063 legionem,

183 5070 258 5123 Ac
287 5072 467 5129 subiit
496 5075 756 5132 validum
787 5078 917 5133 forti
948 5078 1265 5134 luctamine
1296 5079 1538 5134 bellum.

250 5158 410 5218 Vers.
442 5166 571 5220 285.

1265 433 1581 495 CAltMEN
1629 431 1729 494 DE
1775 432 2048 495 GESTIS
2094 433 2429 496 O'I‘TUNIS
2476 434 2523 496 Ι.

3437 440 3593 500 1158

1864 568 1919 635 Α
1950 567 2062 621 Nec
2095 584 2278 633 mora,
2313 584 2625 637 percussus
2656 569 2829 639 periit
2859 568 3072 639 gladiis
3106 570 3506 640 Evurhardus,

1948 654 2317 709 Gislberhtus
2350 654 2511 710 saevis
2546 656 2773 725 fugiens
2805 674 3037 727 quoque
3085 658 3369 730 mergitur
3398 661 3593 715 undis.

1946 744 2017 797 At
2051 760 2146 797 rex
2178 743 2398 797 interea
2429 744 2613 798 nescit
2638 751 2759 801 tam
2794 746 2965 799 fortia
2996 745 3165 813 bella,

1947 833 2157 887 Averso
2191 830 2392 902 quidni
2430 833 2540 901 (GU)
2574 832 2833 886 residens
2867 833 2921 886 in
2955 832 3147 889 littore
3182 835 3343 902 Reni,

1950 921 2061 973 Nec
2095 926 2233 973 tunc
2270 920 2464 973 auxilii
2501 921 2667 974 scivit
2697 921 2983 975 solamina
3014 922 3182 988 tanti,

1947 1009 2099 1073 Jam,
2134 1009 2447 1061 miserante
2482 1010 2614 1076 Deo,
2649 1009 2843 1063 subito
2874 1026 3011 1064 casu
3040 1010 3149 1064 sibi
3187 1011 3387 1067 missa.

1949 1096 2208 1166 Denique
2242 1097 2379 1149 dum
2413 1114 2616 1167 pugua‘
2651 1097 2833 1151 sensit
2866 1097 3206 1153 discrimina
3233 1104 3408 1154 tanta:

1950 1184 2097 1236 lluut
2131 1185 2395 1252 gaudens
2424 1184 2794 1237 inimicorum
2829 1185 2899 1237 de
2932 1191 3116 1239 morte
3149 1204 3414 1255 suorum,

1950 1273 2060 1325 Sed
2093 1271 2227 1343 plus
2258 1276 2555 1325 tantorum
2588 1290 2839 1325 moerens
2870 1274 2941 1326 de
2972 1274 3144 1327 corde
3174 1275 3451 1345 virorum,

1950 1360 2216 1431 Sumpsit
2253 1378 2367 1414 non
2394 1360 2953 1428 modieum,Davidis
2976 1378 3135 1416 more
3157 1362 3594 1432 19’,lamentum,

1950 1449 2057 1514 Qui
2089 1466 2265 1519 super
2294 1449 2551 1503 occisum
2584 1447 2770 1503 doluit
2792 1466 2986 1520 regem
3018 1450 3110 1520 pie
3143 1450 3407 1507 Saulum.

2019 1539 2121 1592 Ast
2150 1538 2249 1591 ubi
2284 1537 2527 1592 victores
2555 1537 2671 1591 lzeti
2702 1554 2929 1604 venere,
2964 1538 3229 1594 videntes

1951 1626 2090 1681 llius
2122 1626 2269 1680 fusis
2293 1625 2520 1680 vultum
2556 1625 2815 1680 lacrimis
2844 1626 3261 1693 madefactum,

1950 1716 2100 1769 llaut
2129 1719 2331 1785 aptum
2362 1719 2524 1768 tanto
2557 1713 2781 1769 luctum
2808 1714 3001 1769 dixere
3027 1715 3348 1786 triumpho,

1950 1804 2060 1857 Sed
2095 1802 2255 1857 reddi
2285 1807 2479 1873 grates
2510 1802 2629 1873 regi
2663 1804 2871 1857 debere
2902 1803 3162 1875 perenni,

1950 1892 2057 1958 Qui
2087 1895 2227 1945 tunc
2260 1890 2491 1962 impleri
2524 1892 2657 1945 fecit
2688 1891 2901 1962 pietate
2933 1891 3087 1947 fideli

1950 1980 2111 2046 Quod
2144 1984 2300 2049 patet
2332 1980 2389 2034 in
2420 1979 2566 2033 libro
2599 1980 2752 2050 regis
2785 1979 3071 2050 scriptum
3105 1980 3454 2051 Salomonis,

1950 2068 2229 2133 Dicentis,
2256 2069 2487 2138 justum
2520 2068 2592 2122 de
2623 2067 2871 2122 tristicia
2899 2067 3269 2124 liberandum

1949 2156 2184 2211 Necnon
2215 2155 2503 2227 injustum
2536 2173 2639 2227 pro
2661 2158 2829 2227 justo
2860 2174 2994 2212 mox
3023 2157 3143 2212 fore
3169 2158 3430 2215 dandum
3462 2161 3599 2230 (61).

1954 2244 2051 2298 llis
2082 2248 2337 2300 mentem
2370 2245 2524 2316 regis
2556 2245 2940 2300 demulcendo
2972 2245 3254 2315 suadelis,

1952 2333 2149 2403 Ipsum
2179 2332 2488 2387 tristiciam
2522 2336 2737 2404 cogunt
2768 2334 3056 2406 deponere
3086 2338 3335 2404 tantam,

1949 2423 2018 2476 Et
2050 2423 2195 2477 bene
2222 2421 2443 2476 victrici
2477 2423 2942 2494 congaudentem
2976 2422 3192 2495 legioni

1951 2512 2022 2566 Sc
2046 2514 2176 2582 post
2201 2510 2353 2564 bella
2384 2511 2507 2565 suis
2542 2510 2828 2566 blandum
2862 2512 3117 2582 praebere
3150 2511 3462 2569 ministris.

1949 2600 2055 2664 Qui
2090 2616 2225 2653 nam
2256 2598 2525 2653 lmticiam
2555 2598 2720 2655 vultu
2745 2604 3082 2656 monstrans
3113 2603 3496 2671 moderatam,

1950 2689 2059 2743 Sed
2094 2688 2244 2742 clam
2280 2688 2623 2742 subtristem
2653 2705 2893 2743 servans
2924 2690 2981 2743 in
3012 2690 3184 2744 corde
3213 2690 3474 2746 dolorem

1952 2777 2253 2832 Reddebat
2284 2780 2510 2847 gratres
2540 2776 2658 2831 imo
2691 2777 2761 2831 de
2792 2781 3022 2848 pectore
3052 2776 3302 2846 Christo,

1951 2865 2076 2920 Non
2107 2864 2347 2918 dederat
2378 2864 2629 2934 propriis
2660 2863 2855 2934 ipsum
2886 2864 3027 2935 quia
3056 2868 3194 2920 tunc
3224 2864 3481 2923 inimicis

1952 2951 2231 3017 Praedam,
2268 2952 2369 3005 sed
2402 2952 2605 3005 dextra
2634 2950 2885 3022 protegit
2916 2951 3023 3006 rite
3056 2969 3327 3024 superna.

1884 3110 1891 3117 _
1954 3040 2142 3111 Ipsius
2175 3039 2411 3094 titulum
2446 3041 2593 3094 tanti
2627 3040 2969 3111 clarumque
2998 3040 3284 3112 triumphi

1952 3129 2077 3183 Non
2110 3128 2244 3193 sibi,
2278 3130 2377 3182 sed
2411 3128 2624 3182 Christi
2656 3129 2983 3200 designavit
3014 3130 3227 3200 pietate
3256 3132 3340 3185 ’93.

1990 3218 2150 3288 (ΛΠ-,9
2162 3219 2217 3271 41
2233 3221 2268 3283 .)
2282 3219 2316 3269 ll
2331 3218 2377 3271 is
2392 3218 2470 3270 ita
2484 3217 3053 3288 digestis,modicum
3071 3222 3306 3291 tempus
3324 3221 3605 3291 requievit

1868 3302 1912 3369 C
1951 3306 2149 3361 Civilis
2179 3306 2314 3360 belli
2347 3306 2600 3377 populus
2636 3305 2952 3361 luctamine
2978 3306 3193 3363 lassus.

1953 3395 2063 3449 Sed
2098 3411 2200 3449 nec
2228 3396 2311 3450 sic
2344 3395 2552 3450 veteris
2582 3397 2759 3449 finem
2786 3396 3045 3467 sumpsit
3075 3396 3245 3452 dolus
3277 3398 3486 3465 hostis,

1951 3483 2058 3549 Qui
2091 3501 2321 3554 semper
2351 3483 2583 3555 fragiles
2617 3487 2862 3553 temptat
2891 3488 3217 3554 pervertere
3248 3491 3494 3553 mentes,

1950 3571 2086 3625 Post
2118 3573 2335 3626 factum
2367 3570 2593 3626 facinus
2615 3574 2870 3625 suadens
2902 3572 3294 3643 superaddere
3325 3575 3514 3644 pejus.

1951 3660 2155 3714 Fertur
2183 3664 2438 3731 percerte
2469 3660 2838 3730 quorundam
2873 3664 3106 3731 pectora
3141 3660 3207 3695 ‘9‘
3238 3660 3353 3715 bile

1949 3748 2137 3803 Tanto
2168 3747 2426 3819 pestiferi
2454 3748 2688 3802 tandem
2716 3751 3019 3819 penetrare
3047 3749 3277 3817 veneni,

1950 3836 2023 3892 Ut
2053 3842 2301 3892 mortem
2334 3836 2455 3908 regi
2484 3833 2697 3890 vellent
2727 3835 2940 3891 inferre
2971 3835 3150 3906 ﬁdeli,

1950 3926 2140 3997 Ipsius
2167 3929 2222 3980 et
2252 3925 2490 3979 fratrem
2516 3922 2731 3995 populo
2763 3941 3099 3996 praeponere
3132 3943 3326 3998 regem
3352 3946 3364 3996 ;

1949 4015 2063 4069 Nec
2096 4013 2343 4069 timuere
2373 4013 2528 4068 diem
2560 4013 2788 4085 pascha:
2820 4014 3019 4085 (April.
3057 4015 3146 4084 18)
3170 4021 3443 4073 sanctum
3471 4034 3600 4074 ma-

1949 4103 2007 4158 Si
2041 4107 2239 4174 posset
2270 4102 2393 4157 fieri
2426 4102 2554 4157 fuso
2585 4118 2720 4157 cum
2752 4103 3039 4175 sanguine
3061 4104 3236 4174 justi.
3359 4105 3598 4178 [culare,

1949 4191 2060 4247 Sed
2093 4208 2205 4245 non
2240 4190 2538 4246 consensit
2568 4190 2714 4246 tanti
2744 4192 3062 4247 commissa
3094 4193 3269 4264 piacli

1945 4282 2147 4352 Agnus
2177 4278 2489 4351 paschalis,
2523 4281 2622 4352 qui
2653 4297 2755 4351 pro
2786 4281 2956 4335 nobis
2984 4282 3344 4339 redimendis

1948 4369 2021 4424 So
2051 4367 2212 4423 dedit
2236 4367 2488 4422 electum
2521 4367 2673 4438 patri
2706 4368 2963 4423 moriens
2995 4368 3408 4426 holocaustum
3441 4389 3454 4439 ;

1947 4457 2058 4512 Sed
2089 4474 2223 4511 mox
2252 4455 2563 4511 consilium
2593 4456 2823 4510 cunctis
2854 4455 3095 4510 nudavit
3125 4473 3348 4525 eorum,

1946 4546 2015 4601 Et
2046 4545 2129 4600 sic
2163 4543 2413 4600 insontis
2445 4542 2704 4598 salvatus
2733 4548 2860 4598 erat
2886 4544 3033 4599 bene
3064 4545 3306 4616 sanguis
3334 4563 3347 4613 ;

1870 4670 1917 4734 D
1950 4634 2176 4706 Quique
2210 4632 2288 4688 rei
2323 4631 2523 4704 placiti
2556 4633 2619 4665 ‘95
2654 4635 2791 4686 sunt
2821 4630 3038 4686 inventi
3069 4631 3364 4702 scelerosi,

1950 4723 2056 4780 Pro
2090 4722 2326 4778 modulo
2358 4720 2540 4792 culpae
2571 4720 2757 4792 pomis
2789 4721 3147 4775 damnantur
3172 4720 3389 4776 amaris
3423 4738 3435 4776 :

1947 4812 2194 4879 Quidam
2219 4810 2446 4883 judicio
2474 4810 2679 4881 quidni
2712 4810 2928 4865 dantur
2961 4810 3024 4845 ³9⁸
3056 4809 3311 4881 capitali,

1946 4900 2195 4968 Quidam
2227 4901 2297 4955 de
2328 4898 2518 4970 patria
2546 4898 2717 4969 longe
2749 4898 3049 4970 pelluntur
3080 4899 3354 4955 amanda.

2018 4990 2154 5045 Post
2184 4989 2305 5043 haec
2341 4988 2621 5042 llenricus
2649 4989 2827 5042 frater
2858 4987 3009 5059 regis
3041 5004 3382 5059 generosus,

1944 5077 2157 5133 Christi
2189 5076 2435 5150 gratiola
2466 5080 2660 5132 tactus
2691 5076 2799 5131 sub
2832 5076 3003 5131 corde
3036 5083 3280 5145 secreto,

2014 5167 2177 5221 Vers.
2211 5167 2335 5221 337.

1536 5264 1777 5322 VARI/E
1816 5264 2235 5322 LECTIONES.

249 5356 315 5392 ¹⁸⁰
344 5359 420 5415 ita
448 5363 504 5415 2.
539 5360 686 5417 forte
718 5364 770 5418 1.
869 5365 935 5398 ¹⁹⁰
955 5381 1007 5421 v.
1044 5381 1136 5419 me
1167 5381 1215 5419 e.
1246 5365 1302 5420 2.

1400 5364 1461 5398 ¹⁹¹
1494 5362 1728 5435 Sudori.
1762 5364 1896 5435 quis
1931 5364 1980 5435 1.

2082 5363 2256 5434 mite
2285 5363 2532 5434 2,_mere
2565 5360 2651 5434 1η
2714 5361 2779 5393 ¹⁹⁵
2810 5362 2849 5434 ί.
2883 5378 2930 5416 c.
2967 5361 3191 5434 pietati.
3270 5365 3336 5398 ¹⁰⁴
3364 5365 3439 5418 ita
3470 5362 3519 5417 1.
3550 5369 3601 5417 et

179 5423 591 5501 Srhumﬂeisch.
635 5435 702 5469 “'5
734 5436 810 5490 ita
846 5437 867 5488 1
902 5436 1148 5499 b6110;h.
1184 5452 1230 5491 θ.
1267 5440 1324 5489 et
1356 5436 1456 5506 qui
1488 5434 1704 5489 inventi
1736 5423 1877 5491 sunt
1907 5434 1987 5489 rei
2020 5433 2218 5505 placiti
2252 5423 2547 5488 scelerosi.
2593 5433 2658 5466 ³9⁸
2690 5423 3179 5491 condemnentur
3208 5440 3264 5491 2.

1769 5532 2005 5597 NOT/E.

250 5624 359 5694 (58)
388 5626 680 5685 Ottonem.

250 5695 360 5776 (59)
394 5698 447 5758 ΙΙ
476 5700 636 5764 Sam.
667 5719 819 5776 xxxv,
855 5704 940 5761 17.

2017 5629 2127 5700 (60)
2158 5629 2201 5683 1.
2235 5644 2284 5683 e.
2320 5627 2580 5699 quidem.

2018 5702 2126 5775 (61)
2156 5700 2317 5757 Prov.
2349 5715 2426 5774 x1,
2458 5703 2512 5758 8.
