3904 6404
376 429 532 488 1159
1179 426 1713 487 llROTSUITH/E
1758 424 2138 486 MONIALIS
2183 425 2982 489 GANDERSHEIMENSIS
3635 425 3777 488 1160

376 564 588 617 Secum
619 559 885 615 tractavit
914 574 1267 629 summoque
1297 557 1493 612 dolore
1524 556 1782 625 revolvit,
2055 562 2111 628 Α
2142 557 2483 630 Inpugnans
2528 562 2763 631 gentem
2813 558 3042 615 cunctis
3062 562 3216 615 retro
3236 575 3490 633 namque
3517 557 3776 617 rebellem

375 652 587 706 Contra
610 648 916 721 justiciam
949 646 1227 719 quiequid
1262 650 1584 718 pertecerat
1614 662 1899 717 unquam.
2139 646 2392 715 Scilicet,
2424 650 2483 702 et
2512 647 2714 718 spoliis
2745 664 2942 703 rerum
2974 649 3162 719 captis
3190 649 3507 717 variarum,

377 741 491 794 Iloc
522 754 756 810 quoque
787 736 1018 791 deflevit
1048 734 1248 790 nimiis
1281 752 1537 807 persaepe
1568 735 1864 802 lamentis,
2138 736 2294 801 Quas
2326 735 2439 791 sibi
2468 752 2813 792 communes
2844 735 3210 810 collegerunt
3238 737 3403 810 prius
3432 737 3635 795 hostes

372 829 535 895 Quod
568 826 720 881 male
751 824 1030 880 blanditis
1063 825 1272 879 horum
1306 824 1485 878 cessit
1514 823 1794 892 suadelis,
2137 822 2308 880 Orbis
2338 824 2641 895 perplures
2671 826 3045 881 devastantes
3075 824 3361 899 regiones,

373 918 570 988 Ipsum
603 916 701 987 qui
732 914 924 969 verbis
956 917 1343 985 corruperunt
1372 912 1686 967 simulatis.
2136 910 2353 967 Uxores
2391 929 2723 983 procerum,
2758 912 2990 969 soboles
3036 914 3231 986 rapuit
3277 932 3509 988 quoque
3548 914 3773 982 dulces;

370 1008 479 1062 Sed
513 1003 781 1077 quamvis
812 1002 987 1057 talem
1022 1004 1196 1057 ferret
1226 1003 1335 1055 sub
1367 1003 1541 1055 corde
1570 1002 1852 1065 dolorem,
2135 1001 2205 1055 Et
2236 1001 2319 1055 sic
2352 1001 2660 1072 prostratis
2692 1001 2864 1057 rediit
2892 1004 3157 1074 gaudens
3189 1004 3467 1060 inimicis.

370 1096 723 1151 Prmsentare
753 1098 950 1147 tamen
983 1083 1165 1164 spacii
1196 1108 1298 1161 per
1322 1096 1583 1162 tempora
1615 1090 1773 1162 longi
2208 1089 2340 1145 Istis
2373 1091 2441 1124 ²⁰²
2472 1090 2557 1145 sic
2588 1090 2826 1158 habitis,
2862 1096 3175 1163 properata
3204 1093 3433 1149 diecula
3460 1093 3647 1149 tristis

368 1185 495 1239 Non
527 1200 588 1237 se
620 1181 795 1253 regali
831 1181 1224 1252 praesumebat
1255 1179 1417 1233 faciei
1445 1197 1457 1247 ;
2132 1176 2959 1251 Venerat(Jun.26),ingcntem
2976 1181 3195 1237 nostris
3217 1182 3484 1255 augendo
3504 1180 3772 1247 dolorem,

364 1273 592 1327 Absens
622 1272 720 1325 sed
755 1269 947 1324 cordis
979 1269 1174 1323 studio
1206 1270 1445 1323 ﬂorente
1475 1266 1728 1322 dolentis
2133 1265 2196 1319 In
2229 1282 2346 1337 qua
2375 1268 2730 1340 prmfulgens
2763 1268 2989 1325 meritis
3021 1270 3223 1342 regina
3253 1271 3548 1343 supremis

365 1361 640 1433 Optabat,
667 1359 846 1414 venia:
878 1357 1004 1411 dari
1036 1374 1255 1411 munus
1286 1355 1397 1411 sibi
1428 1355 1617 1411 dulce.
2130 1354 2285 1410 AEdit
2314 1355 2621 1426 praesentis
2648 1356 2775 1411 vita:
2807 1356 3080 1413 discessit
3106 1359 3179 1413 ab
3212 1358 3392 1426 horis,

366 1450 629 1505 Tandem
662 1452 919 1519 percerte
949 1444 1081 1500 forti
1114 1444 1377 1499 devictus
1409 1460 1628 1509 amore,
2132 1441 2323 1513 Ipsius
2354 1444 2600 1516 imperio
2630 1445 2791 1517 genti
2822 1445 3043 1502 faciens
3073 1446 3386 1503 famulanti

366 1537 527 1593 Illico
560 1535 847 1608 poenalem
880 1533 1090 1605 proicit
1121 1534 1191 1587 de
1220 1533 1393 1587 corde
1420 1532 1712 1597 timorem,
2129 1529 2463 1586 Tristiciam
2496 1549 2720 1587 necnon
2754 1532 3006 1588 nimium
3037 1533 3230 1589 cordis
3261 1533 3589 1589 cruciatum

364 1627 435 1682 Et
466 1626 576 1681 sub
607 1622 911 1679 nocturnis
941 1621 1191 1676 nimium
1224 1624 1444 1675 secreto
1476 1618 1735 1674 tenebris
2129 1619 2270 1689 Ejus
2302 1620 2361 1675 in
2385 1621 2632 1676 abcessu
2658 1640 2671 1690 ;
2706 1638 2920 1694 magno
2953 1639 3133 1695 quam
3165 1623 3419 1695 denique
3449 1622 3613 1679 luctu

362 1714 713 1779 Adveniens,
746 1712 805 1765 in
839 1709 1092 1782 regalem
1127 1726 1187 1764 se
1213 1708 1466 1763 contulit
1496 1708 1701 1762 urbem
1725 1707 1869 1777 (Dec.
1900 1706 2015 1777 25),
2126 1708 2197 1763 Et
2230 1725 2345 1763 non
2376 1709 2651 1766 inmerito
2682 1710 2839 1765 ﬂevit
2869 1711 3173 1782 plebecula
3195 1716 3425 1780 cuncta,

364 1804 427 1859 In
462 1820 581 1875 qua
604 1800 857 1857 natalem
890 1799 1044 1871 regis
1076 1797 1371 1852 celebrare
1404 1795 1678 1868 perennis
2127 1798 2313 1863 Quam
2345 1796 2480 1870 plus
2512 1803 2789 1853 materna
2821 1799 2963 1855 fovit
2992 1800 3229 1872 pietatis
3261 1816 3480 1868 amore,

364 1893 482 1948 Rex
507 1892 639 1963 pius
668 1888 969 1960 obsequiis
998 1887 1173 1959 cmpit
1201 1885 1607 1957 sollempniter
1632 1884 1784 1957 aptis
1807 1903 1820 1953 ;
2047 1935 2095 2000 B
2127 1887 2314 1952 Quam
2344 1886 2752 1943 dominatricis
2774 1887 2963 1959 jussis
2990 1888 3382 1961 confringeret
3409 1888 3577 1945 artis.

364 1982 430 2000 n,
465 1998 509 2000 ,-
533 1980 765 2000 λαμ-η-
802 1978 922 2000 --_:-
959 1975 1314 2000 -_..-....,...L:-
1347 1975 1624 2000 ...ωηεν-ε..
2126 1972 2225 2000 1‘“:
2259 1972 2391 2000 H-..L
2427 1992 2452 2000 ,ι
2489 1974 2713 2000 nl-..:-i..
2748 1976 3004 2000 ..Α---ξυμ
3043 1976 3165 2000 _:._-
3201 1979 3312 2000 η..-
3342 1993 3577 2000 _-..-__.

360 1980 770 2053 Depositisque
800 1978 924 2033 suis
955 1975 1315 2032 ornamentis
1347 1975 1648 2046 preciosis,
2047 1972 2095 2000 υ
2126 1972 2228 2028 Cui
2259 1972 2396 2029 licet
2426 1992 2460 2029 a
2489 1974 2717 2030 Christo
2748 1976 3009 2047 requiem
3041 1976 3169 2033 sine
3200 1979 3317 2034 fine
3341 1993 3657 2050 perennem

360 2069 658 2142 Simplicis
689 2073 745 2123 et
774 2066 968 2122 tenuis
1000 2065 1215 2120 fruitur
1241 2064 1527 2119 velamine
1551 2063 1749 2130 vestis,
2123 2062 2357 2117 Necnon
2390 2062 2652 2118 laetitiam
2677 2064 2860 2135 justis
2891 2070 3044 2122 retro
3076 2070 3407 2138 reparatam

360 2160 519 2215 Inter
549 2159 613 2193 ‘97
646 2160 906 2211 sacratos
937 2154 1125 2209 noctis
1154 2152 1502 2208 venerabilis
1534 2152 1783 2223 hymnos
2126 2151 2393 2207 Praestari
2427 2150 2601 2207 citius
2621 2154 2749 2225 jam
2782 2170 2897 2208 non
2929 2154 3284 2211 dubitaverit
3303 2153 3485 2223 ullus,

361 2250 591 2303 latrans
623 2246 862 2301 nudatis
893 2243 1094 2315 templi
1128 2260 1295 2298 sacra
1323 2241 1529 2295 limina
1558 2239 1795 2312 plantis.
2125 2240 2234 2306 Qui
2265 2240 2543 2295 meritum
2574 2241 2702 2296 vitae
2735 2242 2904 2297 scivit
2930 2242 3226 2299 laudabile
3247 2248 3422 2300 castis

359 2338 473 2393 Nec
504 2336 701 2391 horret
730 2333 941 2388 hiemis
973 2348 1188 2385 szevum
1219 2331 1406 2403 frigus
1436 2329 1727 2393 furicntis,
2123 2327 2317 2400 Ipsius
2346 2346 2413 2384 ac
2443 2329 2646 2385 mitem
2676 2330 2863 2403 gessit
2889 2347 3067 2403 quam
3098 2333 3350 2404 denique
3377 2338 3664 2403 mentem;

360 2426 471 2482 Sed
505 2441 687 2497 prono
719 2439 947 2477 sacram
969 2421 1130 2476 vultu
1165 2424 1494 2492 prostratus
1528 2419 1598 2473 ad
1625 2434 1809 2484 aram,
2119 2418 2388 2473 Attamen
2421 2417 2693 2474 humanm
2723 2437 2827 2492 pro
2853 2420 3274 2477 consuetudine
3300 2439 3493 2477 causa;

357 2515 581 2586 Corpus
614 2511 870 2584 frigoreze
902 2508 1143 2565 sociavit
1172 2508 1365 2563 nobile
1387 2512 1573 2571 terrm,
2121 2505 2248 2561 Non
2278 2506 2777 2579 mirum,popu1us
2808 2508 3106 2580 planctum
3123 2510 3175 2566 si
3196 2511 3458 2582 sumpsit
3483 2527 3753 2577 amarum,

357 2604 453 2659 Sic
483 2603 567 2657 sic
595 2600 893 2656 mcerentis
924 2604 1044 2653 toto
1078 2598 1385 2653 conamine
1416 2596 1608 2651 cordis
2121 2593 2273 2650 Dum
2302 2596 2414 2651 sibi
2442 2602 2561 2651 tam
2593 2596 2789 2653 subito
2825 2599 3016 2653 fuerat
3036 2616 3170 2671 spes
3198 2603 3365 2656 tanta
3393 2606 3659 2657 retracta.

356 2693 649 2764 Exoptans
676 2689 857 2745 venire
889 2689 1007 2742 dux
1040 2686 1300 2758 prmstari
1335 2684 1446 2740 sibi
1479 2701 1696 2739 munus
1728 2685 1811 2737 ωδ.
2119 2684 2189 2739 Ει
2209 2685 2386 2741 facies
2417 2686 2645 2741 domnae
2674 2686 2927 2743 nimium
2960 2687 3174 2760 regalis
3204 2691 3477 2745 amanda)

354 2784 478 2848 Quo
510 2798 608 2835 rex
637 2782 956 2849 comperto,
989 2776 1178 2831 victus
1211 2776 1422 2846 pietate
1451 2774 1705 2845 benigna
2120 2772 2356 2829 Necnon
2388 2775 2638 2845 subjecti
2669 2775 3022 2848 praefulgens
3052 2776 3242 2849 gloria
3271 2778 3439 2850 regni

355 2868 751 2939 Instantisque
784 2883 1008 2920 memor
1042 2863 1170 2919 fosti
1201 2863 1429 2918 cunctis
1456 2862 1790 2930 venerandi,
2120 2860 2432 2917 Mandatur
2462 2866 2648 2933 terrm,
2683 2865 2906 2936 gremio
2939 2866 3224 2922 servanda
3251 2867 3362 2922 sub
3389 2866 3607 2941 amplo,

352 2960 416 3014 In
448 2975 564 3030 quo
595 2955 862 3012 caelicolae
894 2971 1095 3026 pacem
1127 2953 1348 3008 mundo
1382 2952 1661 3019 cecinere,
2117 2950 2310 3006 Donec
2342 2957 2632 3025 assurgat,
2667 2970 2782 3008 non
2815 2959 3278 3028 corruptumque
3309 2961 3593 3026 resumat,

354 3047 491 3103 Laeti
524 3063 657 3118 rege
687 3062 795 3100 suo
826 3048 1027 3099 tenera
1057 3043 1128 3097 de
1157 3041 1384 3114 virgine
1407 3047 1542 3096 nato
2117 3040 2280 3106 Quod
2314 3057 2471 3095 nunc
2502 3040 2753 3096 includit
2785 3043 3075 3111 tumulus,
3107 3045 3427 3116 prisnobile
3458 3062 3663 3118 corpus

349 3136 423 3191 Ut
452 3136 545 3207 pie
576 3134 825 3190 salvaret
855 3131 1144 3186 mundum
1179 3130 1386 3185 merito
1417 3130 1766 3201 periturum,
2120 3130 2246 3183 llaec
2277 3128 2460 3201 igitur
2489 3147 2737 3202 puerum
2770 3149 2953 3203 supra
2981 3132 3187 3204 paucis
3215 3139 3610 3192 memoratum

349 3226 457 3280 Pro
483 3224 596 3279 diei
630 3228 801 3277 tantae
830 3238 1033 3292 pacem
1066 3218 1356 3291 portantis
1386 3219 1601 3273 honore
2112 3217 2336 3272 Acriter
2364 3219 2636 3274 orbatum
2668 3220 3003 3277 dimittebat
3029 3222 3392 3291 Liudulfum,

348 3312 679 3379 Condoluit,
712 3311 1002 3366 miserans
1035 3308 1198 3363 fratri
1231 3307 1550 3363 commissa
1582 3306 1804 3373 fatenti,
2033 3303 2075 3369 C
2116 3305 2371 3362 Feminei
2404 3306 2637 3363 dulcem
2670 3326 2844 3365 sexus
2877 3327 3057 3365 unam
3088 3328 3322 3383 quoque
3354 3312 3603 3385 prolem,

344 3405 532 3474 Atque
564 3417 731 3455 suam
766 3399 858 3470 pie
887 3396 1196 3469 gratiolam
1228 3395 1518 3451 concessit
1546 3395 1878 3450 habendam
2109 3394 2355 3451 Nomine
2386 3395 2801 3469 Liudgardam,
2837 3416 3075 3455 summa
3105 3401 3368 3457 bonitate
3433 3417 3740 3470 coruscam,

348 3491 434 3547 llli
469 3506 603 3545 cum
633 3488 814 3543 venia:
845 3487 1056 3541 dilecto
1090 3501 1331 3539 munere
1361 3483 1545 3556 plena:
1572 3503 1584 3552 ;
2109 3484 2372 3541 Moribus
2402 3490 2459 3541 et
2489 3486 2635 3542 facie
2666 3487 2921 3545 similem
2952 3489 3126 3546 matri
3148 3492 3516 3547 veneranda).

344 3581 729 3650 Necnon'post
747 3576 968 3648 aliquot
989 3574 1162 3647 spatii
1187 3573 1555 3645 tempuscula
1571 3572 1729 3645 parvi
1748 3572 1996 3643 (αη.946)
2108 3573 2172 3629 In
2205 3591 2352 3646 quas
2384 3580 2642 3647 percerte
2673 3576 2905 3633 soboles
2936 3595 3071 3633 mox
3102 3579 3305 3652 stirpis
3336 3581 3603 3636 amandas

344 3669 536 3740 Ipsius
559 3666 679 3739 juri
713 3681 978 3739 proceres
1011 3664 1396 3734 subjunxerat
1425 3680 1629 3719 omnes
2104 3662 2328 3718 Afi'ectu
2359 3664 2552 3719 cordis
2581 3665 2835 3737 pOpulus
2855 3667 2923 3701 ²⁰³
2952 3666 3261 3722 deducitur
3287 3668 3487 3725 omnis

345 3759 602 3813 Famosze
636 3756 886 3811 nimium
919 3754 1109 3827 gentis
1142 3753 1565 3823 Bajoariorum,
2108 3750 2340 3824 Magno,
2373 3769 2476 3824 pro
2507 3753 2733 3810 meritis
2763 3754 3016 3810 summis
3051 3755 3359 3827 utriusque
3390 3756 3664 3830 parentis.

343 3848 544 3918 Ipsum
578 3860 786 3916 nempe
817 3844 1025 3898 ducem
1061 3842 1268 3897 merito
1301 3842 1562 3897 faciendo
1595 3845 1912 3913 potentem.
2106 3840 2219 3897 Sed
2250 3841 2440 3913 magis
2471 3857 2538 3896 ac
2560 3843 2726 3913 juste
2757 3842 2913 3898 dulci
2947 3844 3206 3900 fervebat
3236 3862 3438 3902 amore

341 3936 411 3990 Et
439 3938 571 4008 post
600 3934 721 3989 haec
753 3932 909 3987 ultra
940 3933 1129 3986 fuerat
1160 3930 1455 3986 discordia
1486 3929 1649 3985 nulla
2104 3930 2255 4003 Ergo
2284 3929 2539 4003 regalem
2572 3947 2821 4003 puerum
2854 3933 3161 3989 dominum
3195 3933 3563 4005 Liudulfum,

342 4024 498 4080 Inter
525 4040 644 4090 eos,
678 4021 894 4077 animis
926 4022 1181 4075 fraterno
1215 4021 1423 4074 l'mdere
1446 4019 1693 4090 junctis.
2105 4019 2306 4091 Ipsum
2338 4036 2441 4091 spe
2473 4020 2687 4075 mentis
2709 4025 2829 4076 tota
2859 4021 3200 4093 complexus
3233 4024 3513 4080 amantis.

337 4114 671 4182 Avaresque
700 4110 898 4181 199(62)
929 4125 1031 4179 per
1060 4108 1217 4163 hunc
1248 4108 1381 4163 saevi
1413 4107 1736 4178 saepissime
1764 4108 1921 4174 victi,
2106 4108 2326 4180 llicquc
2355 4108 2468 4165 sibi
2499 4109 2795 4165 naturales
2826 4111 3067 4167 imitans
3099 4111 3247 4168 bene
3276 4128 3499 4181 mores,

341 4201 477 4256 Post
504 4200 626 4255 haec
656 4198 917 4254 Oddonis
947 4198 1013 4232 ²⁰⁰
1044 4213 1290 4269 regnum
1322 4196 1475 4269 regis
1506 4196 1830 4268 spatiosum
2102 4197 2387 4254 Extiterat
2416 4199 2644 4255 cunctis
2674 4199 2928 4257 blandus
2960 4200 3270 4257 dulcedine
3300 4202 3543 4272 mentis,

340 4289 465 4344 Non
497 4288 719 4344 laedunt
748 4285 878 4342 telis
908 4292 1190 4342 consueto
1220 4302 1383 4341 more
1411 4284 1690 4353 cruentis,
2103 4287 2471 4357 Mansuetus,
2501 4287 2783 4357 clemens,
2818 4289 3089 4358 humilis,
3122 4289 3501 4365 nimiumque
3547 4287 3732 4347 ﬁdelis.

340 4379 602 4450 Tangere
634 4392 738 4432 nec
770 4375 1174 4448 contingentes
1207 4376 1426 4430 audent
1455 4374 1745 4441 nationes,
2103 4377 2248 4433 Hinc
2279 4394 2512 4449 quoque
2540 4376 2879 4450 graciolam,
2908 4378 3138 4435 Christo
3160 4382 3481 4450 praestante
3508 4378 3734 4450 benigno

338 4468 419 4524 Ex
447 4472 666 4524 terrore
696 4465 864 4520 ducis
894 4464 1040 4521 tanti
1070 4464 1322 4519 nimium
1353 4462 1713 4529 tremefacti;
2102 4467 2353 4521 Tantam
2384 4467 2728 4539 promeruit,
2761 4468 3031 4524 meritam
3060 4467 3359 4541 digneque
3388 4468 3604 4542 recepit

337 4556 441 4613 Hic
471 4556 614 4629 quia
641 4555 949 4629 prudentis
980 4555 1217 4608 functus
1242 4551 1566 4607 valitudine
1596 4550 1831 4620 mentis,
2101 4555 2387 4611 Gentibus
2416 4554 2475 4610 in
2505 4557 2574 4591 ²⁰⁴
2605 4557 2834 4613 cunctis
2864 4558 3051 4629 patris
3079 4557 3326 4629 imperio
3354 4558 3630 4632 religatis,

338 4645 439 4702 His
468 4646 776 4701 hominum
808 4643 1089 4698 monstris
1122 4640 1291 4741 bellis
1318 4641 1559 4696 obstans
1588 4640 1831 4707 iteratis,
2020 4676 2068 4741 Β
2104 4644 2175 4700 Ut
2203 4644 2561 4716 quicumque
2588 4663 2707 4701 sua;
2738 4644 2938 4701 saltim
2968 4645 3329 4718 perpaucula
3359 4648 3532 4703 fama

335 4734 421 4788 Ad
453 4751 559 4789 nos
590 4731 868 4805 pergendi
899 4730 1077 4784 calles
1108 4727 1426 4784 sccluserat
1457 4744 1681 4783 omnes.
2020 4727 2064 4741 "
2097 4732 2353 4788 Verbula
2382 4733 2710 4806 conciperet
2739 4734 2981 4790 latebris
3010 4735 3366 4808 propensius
3398 4737 3582 4804 auris,

338 4823 584 4895 Insuper
613 4826 671 4877 et
698 4820 945 4892 primus,
974 4818 1189 4872 Christi
1216 4817 1286 4870 de
1316 4818 1380 4851 ²⁰¹
1415 4817 1653 4873 nomine
1681 4822 1863 4887 tutus,
2099 4822 2292 4893 Ipsius
2323 4822 2381 4877 in
2413 4822 2645 4879 dulcem
2678 4828 2839 4880 totus
2870 4828 3173 4896 raperetur
3202 4841 3495 4895 amorem,
3584 4884 3597 4895 _

335 4912 633 4966 Audenter
661 4925 795 4964 eum
828 4907 1104 4976 subjectae
1137 4905 1324 4976 plebis
1350 4904 1577 4977 legione
2094 4911 2413 4967 Absentem
2444 4928 2729 4968 venerans
2757 4912 2973 4967 animis
3004 4911 3314 4968 dominum
3337 4913 3639 4970 studiosis.

336 4999 613 5069 Ejusdem
642 4994 842 5069 populi
874 4997 1122 5066 patriam
1155 4993 1318 5067 petiit
1349 4993 1641 5064 scelerosi,
2096 5001 2281 5067 Quem
2312 5004 2477 5073 pater
2505 5001 2794 5073 egregius,
2827 5018 2923 5056 rex
2952 5006 3012 5056 et
3041 5001 3239 5057 senior
3263 5003 3646 5069 venerandus,

407 5084 573 5141 Vers.
603 5086 729 5140 388.

2164 5088 2330 5145 Vers.
2364 5089 2487 5144 439.

1691 5209 1932 5270 VARI/E
1970 5212 2394 5272 LECTIONES.

408 5339 472 5376 ³9⁸³
504 5339 577 5393 ita
608 5340 643 5392 2
674 5335 868 5413 Iter}.
937 5335 1110 5413 “fita
1140 5335 1351 5405 corrigo
1372 5355 1391 5401 ;
1424 5335 1718 5413 Exoptans
1766 5340 2031 5408 praestari
2070 5338 2270 5413 venia:
2328 5354 2573 5413 munus,
2602 5338 2712 5394 sibi
2769 5338 2887 5395 dux
2919 5340 2970 5395 1.
3005 5340 3174 5397 Celtas
3202 5340 3460 5398 emendat
3486 5360 3507 5398 :
3535 5340 3726 5413 Opta!!!

337 5429 393 5483 p.
422 5428 480 5483 v.
514 5427 598 5465 m.
629 5406 935 5483 s._dulcis.
966 5407 1394 5483 '9?_Avarosque
1425 5423 1565 5483 corr.
1598 5406 1929 5483 Avaresque
1964 5413 2014 5483 1.
2046 5412 2133 5483 ν²⁰⁰
2163 5410 2391 5467 Ottonis
2423 5412 2472 5464 1.
2514 5412 2577 5445 ²⁰¹
2608 5428 2787 5468 vocem
2817 5414 3034 5469 inserui
3062 5434 3080 5481 ;
3110 5414 3257 5470 bene
3282 5416 3341 5470 2.
3413 5414 3486 5450 ²⁰²
3510 5406 3611 5471 Ηοὶ
3634 5410 3725 5466 loco

336 5478 632 5539 codexnon
663 5479 974 5550 distinguit.
1016 5479 1084 5512 ²⁰³
1114 5479 1190 5533 ita
1219 5482 1272 5533 2.
1303 5478 1505 5551 populi
1540 5480 1588 5534 1.
1632 5481 1701 5514 ²⁰⁸
1730 5482 1808 5538 ita
1832 5478 1863 5538 1
1898 5490 1949 5539 et
1964 5482 2233 5553 Schurzﬂ.

1922 5606 2157 5668 NOT/E.

410 5708 521 5807 £62)
552 5705 612 5767 1d
642 5708 733 5766 est
761 5702 961 5779 Ungri.
