3904 6396
293 392 445 454 1163
1103 395 1636 458 IIltOTSUlTIl/E
1681 391 2055 458 MONIALIS
2103 393 2890 459 GANDERSHElMENSIS
3569 399 3762 464 “64

287 527 484 592 Ocius,
517 527 732 581 auxilio
764 526 976 580 Christi
1009 532 1294 599 praesente
1327 529 1586 602 benigni.
1971 529 2027 597 Α
2053 530 2316 602 Augusto
2348 531 2448 586 sed
2483 531 2728 586 Romani
2765 549 2919 588 nunc
2950 534 3202 608 denique
3232 537 3419 610 regni,

288 617 436 675 Nam
469 620 638 671 caute
669 617 829 670 fovea
852 616 1024 687 juxta
1052 617 1335 688 placitum
1368 624 1658 690 reparata,
2057 617 2290 674 Nullam
2317 619 2576 676 dicentes
2606 619 2782 676 aliam
2814 623 3135 680 consistere
3165 625 3406 698 dignam

290 706 528 762 Advenit
557 705 810 760 libertati
843 723 954 760 nox
981 710 1118 781 apta
1149 706 1364 762 recenti
1396 708 1554 778 (Aug.
1587 707 1702 779 20),
2057 709 2234 764 Tecta
2264 710 2374 765 sub
2409 710 2602 782 ipsius
2628 709 2874 766 thalami
2905 711 3126 786 regalia
3154 715 3289 772 duci

289 797 355 852 In
389 813 504 868 qua
535 795 676 849 dum
709 811 952 849 somnus
982 794 1169 866 plebis
1202 800 1563 868 perserpcret
1591 798 1653 830 ²¹¹
1689 800 1870 863 artus,
2058 797 2198 853 Post
2226 799 2453 854 obitum
2485 799 2736 854 dominae
2767 800 3029 858 flendum
3056 805 3286 861 cunctis
3319 807 3612 864 Eadithaa.

294 887 548 940 Tantum
579 900 714 938 cum
747 883 922 938 sociis
955 884 1158 956 regina
1190 885 1457 956 piissime
1486 885 1641 940 binis
1666 887 1734 919 ²¹²
2059 887 2128 940 Et
2157 903 2258 941 rex
2285 885 2517 943 lmtatus
2549 879 2724 944 tanta:
2754 889 3062 948 dulcedine
3093 894 3282 963 famze,

296 974 616 1030 Custodum
650 974 884 1028 fraudes
915 973 1148 1045 fugiens
1178 979 1440 1028 evaserat
1471 991 1695 1040 omnes,
2063 974 2296 1030 Pectore
2325 975 2592 1032 volvebat
2623 979 2798 1033 tacito
2829 997 2934 1052 per
2961 985 3226 1054 tempora
3255 985 3452 1060 longa,

294 1066 482 1133 Atque
505 1058 612 1117 Via)
647 1061 900 1133 spatium
934 1061 1122 1117 noctis
1152 1063 1262 1118 sub
1295 1068 1554 1134 tempore
1584 1067 1812 1118 tantum
2060 1065 2184 1130 Quo
2207 1068 2376 1135 pacto
2409 1064 2523 1120 sibi
2554 1067 2816 1138 reginam
2848 1070 3231 1144 conjungerct
3259 1058 3456 1145 istam,

298 1152 638 1218 Per-transit,
672 1150 888 1222 plantis
918 1156 1211 1222 quantum
1236 1151 1390 1206 valet
1423 1170 1559 1224 ergo
1591 1152 1840 1208 tenellis.
2061 1153 2196 1216 Quae
2230 1152 2341 1207 fuit
2371 1153 2608 1210 insidiis
2635 1155 2789 1228 regis
2819 1157 3182 1217 circumdata
3209 1165 3410 1222 tantis.

297 1241 410 1297 Sed
440 1258 574 1296 mox
605 1246 670 1296 ut
700 1239 902 1295 scissis
925 1241 1102 1296 cessit
1132 1259 1245 1296 nox
1275 1243 1440 1297 furva
1466 1243 1535 1277 ²¹³
1566 1243 1840 1308 tenebris,
2061 1239 2234 1296 Venit
2263 1245 2321 1296 οι
2349 1241 2410 1328 in
2444 1248 2720 1312 mentem,
2753 1247 3098 1318 prmdiclum
3131 1251 3384 1326 denique
3414 1275 3654 1332 regem,

294 1332 484 1402 Atque
513 1329 685 1401 polus
714 1329 894 1384 radiis
924 1331 1098 1400 coepit
1127 1329 1442 1401 pallescere
1475 1331 1636 1398 solis,
2064 1327 2172 1394 Qui
2203 1327 2498 1401 quondam
2532 1333 2738 1404 patriis
2771 1335 2960 1392 fuerat
2989 1337 3274 1412 depulsus
3305 1344 3380 1399 ab
3411 1327 3572 1403 arvis

295 1419 676 1475 Abscondens
708 1419 765 1472 in
799 1419 1038 1474 secretis
1069 1437 1130 1474 se
1161 1421 1392 1475 cautius
1423 1421 1628 1487 antris,

2063 1419 2204 1490 Ejus
2235 1425 2294 1475 et
2322 1420 2536 1476 auxilio
2563 1423 2740 1480 citius
2771 1425 3088 1483 miserante
3120 1431 3417 1502 reductus,

298 1508 466 1566 Nunc
497 1512 670 1580 vagat
697 1507 756 1562 in
789 1507 971 1575 silvis,
1007 1507 1198 1563 latitat
1228 1526 1384 1564 nunc
1417 1509 1670 1582 denique
1701 1509 1880 1566 sulcis
2066 1509 2365 1584 Ingratum
2398 1510 2519 1566 ΓΟΓΘ
2549 1529 2706 1568 nunc
2734 1513 2904 1571 dODiS
2937 1519 3110 1574 tanta}
3142 1519 3376 1592 pictai-is
3405 1542 3418 1592 ;

296 1598 455 1652 Inter
483 1602 744 1652 maturas
773 1598 840 1630 ’1‘
870 1596 1092 1652 Cereris
1126 1597 1440 1652 crescentis
1471 1598 1702 1666 aristas,
2069 1597 2212 1652 llinc
2236 1615 2470 1670 quoque
2487 1617 2622 1656 mox
2637 1602 2863 1658 aditum
2884 1605 3120 1662 sibimet
3145 1611 3478 1680 providerat
3495 1623 3755 1689 aptum,

298 1686 490 1742 Donec
521 1703 634 1740 nox
665 1684 853 1740 solitis
884 1684 1113 1740 rediens
1145 1685 1351 1740 induta
1377 1687 1656 1756 tenebris,
2067 1687 2260 1758 Ipsius
2291 1688 2561 1746 Italicum
2583 1691 2707 1762 juri
2739 1694 3098 1769 subjungere
3127 1715 3398 1772 regnum.

299 1773 532 1846 Obtegit
561 1789 799 1828 rursum
833 1771 1044 1828 nebulo
1074 1778 1293 1829 terram
1327 1775 1634 1831 tenebroso
1671 1793 1682 1831 :
2071 1777 2186 1832 Hoc
2217 1777 2317 1834 ubi
2351 1778 2640 1852 colloquio
2669 1783 2856 1838 sensit
2884 1791 3161 1844 narrante
3193 1771 3440 1862 paterno

300 1864 465 1918 Tunc
493 1863 697 1918 iterato
727 1861 880 1917 viam
911 1862 1140 1918 studuit
1170 1881 1505 1934 percurrere
1537 1870 1808 1938 coeptam.
1989 1899 2038 1964 B
2069 1865 2259 1964 Patris
2289 1883 2654 1964 amor‘verus
2685 1887 2820 1944 spes
2849 1876 2907 1927 et
2935 1875 3146 1946 gentis,
3183 1861 3520 1952 Liudulfus,

301 1951 564 2022 Denique
594 1951 868 2006 custodes
901 1950 1060 2006 illam
1095 1969 1210 2007 non
1243 1952 1628 2020 invenientes,
1989 1950 2037 1964 ”
2075 1953 2200 2013 Non
2231 1973 2340 2012 sua
2369 1957 2714 2028 sollicitans,
2751 1962 2936 2032 patris
2967 1965 3069 2020 sed
3101 1972 3414 2028 commoda
3444 1978 3757 2050 tractans,

303 2039 630 2096 Narrabant
661 2041 878 2094 factum
907 2039 1106 2095 comiti
1142 2041 1418 2095 nuntium
1450 2041 1516 2075 ²¹⁵
1549 2041 1894 2109 tremefacti,
2073 2043 2404 2116 Prmpaucis
2437 2063 2634 2103 secum
2670 2050 2836 2106 sotiis
2867 2057 3088 2132 secreto
3116 2061 3457 2132 resumptis,

302 2128 454 2184 Cura
485 2129 577 2183 cui
610 2129 1019 2184 conservanda:
1053 2129 1162 2184 fuit
1195 2129 1382 2186 indita
1413 2131 1660 2185 domum.
2073 2132 2302 2190 Italiam
2336 2137 2520 2208 petiit,
2554 2138 2806 2210 fortique
2837 2157 3018 2198 manu
3050 2128 3394 2218 penetravit,

308 2219 415 2285 Qui
450 2223 667 2274 terrore
697 2219 887 2290 gravis
920 2235 1234 2289 percussus
1262 2221 1435 2274 corde
1465 2220 1716 2286 timoris,
2070 2223 2356 2280 Exertans
2387 2227 2572 2298 patris
2602 2227 2847 2300 imperio
2873 2231 3157 2303 populum
3189 2236 3328 2294 dare
3360 2240 3585 2300 collum
3613 2265 3628 2315 ;

308 2308 499 2380 Pergit
525 2325 659 2362 cum
693 2307 858 2362 sotiis
890 2307 1050 2363 illam
1083 2309 1419 2380 perquirere
1452 2309 1693 2377 multis;
1990 2351 2003 2358 -
2072 2311 2320 2386 Moxque
2379 2315 2530 2371 redit
2575 2315 2800 2374 clarum
2851 2320 3108 2378 referens
3137 2323 3264 2382 sine
3293 2334 3484 2386 marte
3516 2307 3749 2392 trium-

307 2398 376 2451 Et
405 2413 540 2452 cum
573 2397 865 2464 deﬁceret,
901 2414 1004 2452 nec
1027 2399 1154 2469 jam
1188 2399 1490 2454 dinoscere
1514 2404 1732 2470 posset,
3419 2420 3664 2492 {phum},

305 2489 429 2552 Quo
460 2485 661 2557 regina
691 2502 866 2540 suum
900 2485 1096 2540 tulerit
1125 2487 1456 2542 clarissima
1485 2504 1778 2558 gressum,
2069 2493 2192 2557 Quo
2225 2509 2322 2547 rex
2351 2499 2672 2566 comperto,
2706 2497 2938 2568 populis
2968 2504 3370 2574 narrantibus,
3402 2508 3572 2567 Oddo
3604 2515 3704 2584 "9,

303 2573 522 2655 Qetulit
552 2575 624 2628 ad
659 2591 851 2644 regem
885 2574 1290 2646 Beringarium
1324 2575 1565 2630 timidus
1597 2593 1744 2669 rem.
2067 2578 2252 2636 Corde
2283 2598 2460 2653 super
2490 2587 2702 2654 natum
2726 2583 2856 2640 laeto
2887 2586 3202 2658 plaudebat
3231 2597 3583 2669 amandum,

308 2665 408 2718 llic
441 2679 676 2734 quoque
707 2663 983 2718 continuo
1015 2663 1257 2718 nimiam
1294 2681 1607 2720 conversus
1639 2665 1698 2718 in
1729 2665 1900 2735 iram,
2068 2669 2262 2742 Ipsius
2293 2689 2472 2729 causa
2502 2673 2748 2746 quijam
2782 2675 3124 2736 discrimine
3147 2685 3309 2739 tanto

301 2751 772 2822 Circumquaque
805 2767 944 2806 suos
977 2749 1169 2806 subito
1203 2751 1472 2806 mittebat
1504 2751 1798 2822 alumnos,
2063 2761 2352 2816 Audacter
2381 2762 2563 2818 subiit
2582 2768 2814 2835 gentem
2848 2767 3140 2826 turbando
3166 2771 3437 2831 ferocem.

301 2841 648 2912 Prcecipicns
683 2839 814 2895 illos
846 2839 1075 2894 nullum
1104 2841 1354 2896 transire
1386 2839 1678 2908 locellum,
2066 2848 2254 2921 thue
2284 2850 2451 2907 labor
2480 2851 2616 2908 talis
2647 2870 2762 2909 non
2796 2855 3177 2914 frustraretur
3205 2865 3443 2934 amoris,

299 2930 410 2986 Sed
443 2935 612 2984 caute
643 2933 884 2985 cunctas
908 2931 1035 3000 jam
1070 2929 1424 3000 perlustrare
1453 2929 1710 2988 latebras
1739 2934 1827 3002 "5,
2067 2938 2194 3010 Ipse
2223 2939 2460 3012 quidem
2493 2947 2728 3012 gentem
2760 2944 3012 3002 festinus
3041 2947 3222 3005 adivit
3249 2929 3520 3024 eandem,

297 3019 356 3074 Si
391 3019 586 3074 forsan
617 3018 856 3074 latebris
889 3019 1089 3091 regina
1115 3019 1321 3075 lateret
1351 3020 1409 3075 in
1441 3019 1604 3090 ullis,
2065 3027 2256 3084 Plebis
2288 3046 2404 3085 non
2436 3047 2613 3101 parva
2644 3032 2891 3104 propriae
2922 3036 3240 3095 comitante
3269 3018 3526 3112 caterva,

295 3109 542 3179 Ipseque
574 3125 709 3163 cum
741 3107 907 3164 fortis
937 3109 1208 3180 sequitur
1235 3109 1410 3164 turba
1440 3109 1708 3182 legionis,
2064 3117 2296 3190 Regalis
2327 3135 2554 3190 pompa:
2583 3120 2742 3176 vario
2774 3129 3164 3198 comptusque
3194 3129 3418 3201 decore,

294 3197 411 3252 Ceu
437 3196 535 3268 qui
568 3195 693 3251 vult
722 3195 917 3252 hostes
946 3196 1096 3251 bello
1130 3213 1408 3268 superare
1440 3200 1680 3267 feroces,
1989 3271 2024 3279 _
2059 3205 2306 3279 Alpibus
2338 3206 2632 3264 accinctae
2663 3209 2798 3266 altis
2829 3195 3151 3272 intraverat
3180 3217 3376 3276 horas.

291 3285 364 3340 Et
392 3285 595 3357 rapido
625 3288 880 3356 segetem
913 3301 1088 3340 cursu
1121 3286 1450 3356 peragravit
1479 3287 1747 3356 eandem,
1979 3271 2024 3338 (ἶ
2065 3271 2165 3350 His
2197 3293 2574 3382 Beringarius
2602 3299 2920 3370 compertis
2947 3301 3018 3337 ²²⁰
3045 3271 3511 3382 obstupefactus,

293 3375 357 3429 In
388 3373 559 3446 cujus
591 3371 774 3429 sulcis
805 3371 980 3428 latuit
1007 3376 1148 3428 tunc
1177 3374 1396 3430 domna
1427 3377 1681 3432 recurvis
2063 3382 2192 3441 Non
2223 3381 2444 3438 bellum
2477 3385 2660 3441 movit
2688 3385 2830 3459 regi,
2863 3404 2980 3444 non
3011 3371 3384 3464 obvius-exit,

293 3465 422 3518 IIzec
453 3478 629 3534 quam
662 3461 984 3533 quaerebat,
1017 3461 1244 3518 Cereris
1273 3467 1539 3519 contecta
1569 3465 1679 3521 sub
1711 3465 1841 3524 alis.
2062 3471 2173 3527 Sed
2206 3489 2267 3528 se
2297 3471 2644 3529 salvandum
2678 3475 2918 3534 castello
2949 3480 3216 3552 protinus
3245 3461 3382 3558 apto

288 3551 526 3609 Scilicet
549 3552 660 3624 (67)
681 3551 798 3606 huc
831 3550 1090 3623 illucque
1120 3551 1314 3606 locum
1343 3560 1708 3625 percurreret
1729 3557 1926 3630 ipsum
1935 3613 1957 3644 ³
2061 3561 2284 3630 Intulit,
2314 3560 2376 3618 in
2409 3561 2552 3618 tutis
2583 3564 2774 3636 posito
2806 3550 3111 3641 ﬁrmisque
3141 3550 3383 3630 locellis.

284 3642 349 3698 In
380 3658 496 3714 quo
527 3658 644 3696 non
677 3657 853 3712 parvo
876 3641 1068 3711 jacuit
1098 3644 1321 3697 terrore
1353 3649 1610 3714 gravata,
1937 3641 1950 3644 ⁷
2055 3653 2130 3706 At
2159 3667 2257 3706 rex
2287 3651 2550 3708 famosus
2583 3657 2798 3723 noster,
2830 3654 3043 3714 virtute
3072 3662 3383 3732 superbus,

282 3731 354 3786 Et
384 3730 654 3802 quamvis
686 3729 1138 3801 circumpositos
1170 3730 1511 3820 disjungere
1541 3733 1768 3793 culmos
2055 3740 2347 3796 Audacter
2375 3740 2520 3796 satis
2550 3741 2782 3814 ignotas
2811 3729 3163 3817 pertransiit
3185 3729 3385 3820 horas,

282 3819 524 3877 Nisibus
552 3822 784 3875 extenta
809 3818 1038 3874 cunctis
1063 3819 1434 3890 temptaverit
1463 3821 1654 3892 hasta,
2055 3828 2241 3885 Italici
2272 3829 2511 3902 Papiam
2535 3831 2699 3904 regni
2721 3833 2874 3906 cepit
2904 3852 3136 3910 quoque
3163 3818 3441 3902 domnam
3454 3847 3519 3882 ’³⁸

282 3908 408 3966 Non
439 3912 636 3964 tamen
668 3906 910 3975 invenit,
944 3906 1161 3963 Christi
1194 3924 1372 3980 quam
1405 3911 1596 3981 gratia
1625 3915 1786 3972 texit.
2355 3901 2370 3902 ί
2605 3901 2626 3904 ”
2787 3901 2808 3906 ”
2920 3901 2940 3907 ’
3040 3901 3058 3910 ’
3431 3901 3439 3902 ί

278 3999 382 4052 Ast
413 3997 511 4052 ubi
545 3997 826 4052 confusus
859 3995 1048 4062 rediit,
1085 3996 1336 4052 nimium
1373 4014 1606 4073 quoque
1637 4001 1852 4078 lassus,
2051 4010 2176 4076 Qua
2205 4012 2360 4064 certe
2389 4012 2578 4082 capta,
2613 4011 2812 4068 cuncti
2840 4012 2998 4070 velut
3027 4019 3262 4090 agmine
3294 4021 3447 4080 facto
3569 3989 3707 4062 '23}

278 4085 492 4144 Praesul
520 4085 890 4142 Adclhardus
923 4102 1056 4141 mox
1086 4087 1323 4142 advenit
1347 4091 1736 4162 venerandus,
2047 4099 2381 4166 Quaerentes
2411 4113 2606 4170 regem
2637 4115 2907 4170 proceres
2937 4085 3145 4162 vene—re
3175 4115 3486 4182 recentem,

276 4175 629 4246 Induxitquc
659 4190 827 4229 suam
863 4175 1140 4246 gaudenti
1174 4180 1403 4247 pectore
1429 4178 1709 4237 domnam
2043 4187 2474 4258 Certabantque
2505 4204 2612 4243 suo
2637 4188 2760 4258 juri
2791 4207 2855 4247 se
2884 4192 3136 4252 subdere
3164 4213 3380 4272 magno

276 4263 436 4320 Intra
466 4279 722 4335 namque
749 4280 867 4318 suae
900 4280 1100 4320 muros
1133 4265 1298 4321 urbis
1331 4265 1478 4322 bene
1508 4268 1730 4338 firmos,
2043 4277 2199 4344 Quos
2229 4291 2366 4331 nam
2399 4291 2559 4332 more
2590 4293 2699 4332 suo
2732 4281 2994 4354 suscepit
3025 4289 3220 4341 mente
3251 4263 3524 4362 benigna,

273 4353 492 4426 llicquc
523 4352 636 4408 sibi
667 4353 842 4426 digne
873 4356 990 4409 toto
1020 4353 1254 4410 servivit
1281 4354 1519 4425 honore,
2041 4365 2392 4420 Promittens
2425 4364 2572 4436 ipsis
2603 4365 2732 4437 ejus
2764 4352 2986 4426 munus
3007 4371 3264 4444 pietatis.

268 4442 462 4499 Donec
494 4443 777 4514 majorem
807 4442 1037 4500 Christo
1069 4445 1386 4500 miserante
1415 4446 1682 4504 decorem
2037 4453 2096 4510 Si
2130 4459 2262 4527 post
2293 4453 2415 4509 haec
2444 4453 2529 4508 illi
2561 4455 2850 4512 servirent
2880 4442 3072 4516 mente
3103 4462 3282 4520 ﬁdeli.

268 4531 451 4603 Regni
485 4532 764 4603 suscepit,
799 4531 1025 4603 pridem
1057 4551 1234 4604 quam
1268 4539 1475 4590 mmsta
1506 4536 1758 4609 reliquit.
2034 4542 2170 4598 Istis
2202 4541 2286 4598 sic
2317 4541 2558 4608 habitis,
2593 4544 2794 4600 crebro
2825 4551 3172 4608 tractamine
3203 4555 3396 4612 cordis

265 4621 528 4690 Denique
559 4624 854 4675 nostrates
888 4621 1150 4692 quidam,
1189 4626 1326 4677 tunc
1356 4623 1738 4695 experientes,
1951 4665 1997 4729 D
2032 4631 2262 4704 Regiam
2293 4631 2438 4687 satis
2466 4632 2710 4704 egregia:
2741 4651 2966 4692 memor
2989 4642 3078 4694 est
3103 4640 3498 4714 lEdelheithze,

587 4708 808 4729 LM,“
853 4708 1064 4729 AL“.-.
1201 4711 1224 4729 ..
1275 4728 1306 4729 η
1361 4727 1370 4729 _
2028 4721 2065 4729 ..
2188 4719 2202 4729 .
2439 4725 2447 4729 .
2642 4722 2653 4729 .
2980 4727 2989 4729 ς

263 4709 545 4780 Reginam
577 4708 814 4763 domino
846 4708 1167 4764 desolatam
1197 4711 1318 4764 fore
1350 4727 1503 4779 caro,
1951 4708 1996 4729 υ
2028 4719 2301 4794 Regalcm
2335 4725 2490 4776 certe
2520 4722 2766 4794 cupiens
2797 4727 3149 4800 quandoque
3180 4731 3377 4788 videre
3485 4788 3491 4792 _

261 4797 441 4866 Cujus
473 4796 824 4868 praedulcem
856 4801 1240 4866 gustaverunt
1269 4799 1544 4869 pietatem
2020 4811 2216 4883 Ipsius
2247 4811 2479 4879 faciem,
2514 4811 2685 4882 cujus
2719 4813 2925 4868 didicit
2954 4796 3298 4876 bonitatem.

258 4885 501 4952 Quando
531 4886 596 4919 ²¹τ
625 4902 730 4956 per
759 4883 986 4940 Italiam
1021 4891 1320 4957 coeperunt
1350 4904 1588 4959 pergere
1639 4892 1904 4960 Romam,
2018 4897 2181 4954 Unde
2212 4898 2452 4970 quidem
2485 4899 2836 4958 mandatelis
2867 4903 2935 4937 ²²²
2961 4907 3245 4964 secretius
3277 4909 3446 4982 actis,

256 4973 397 5042 Ejus
424 4973 489 5006 ²¹⁷
524 4971 910 5044 multiplicem
941 4973 1162 5028 recitati
1194 4980 1332 5029 sunt
1363 4977 1637 5046 pietatem
2015 4989 2151 5054 Qum
2179 4987 2410 5044 fuerant
2436 4988 2598 5060 pacis
2629 5006 2854 5046 necnon
2888 4995 3198 5065 prmdulcis
3227 5001 3448 5057 amoris

253 5060 526 5116 Crebrius
557 5059 782 5114 Oddoni
813 5061 900 5128 “9,
935 5077 1149 5132 magno
1182 5067 1322 5120 tunc
1353 5065 1607 5137 denique
1637 5071 1780 5143 regi,
2013 5075 2135 5132 Sub
2167 5077 2336 5150 signo
2364 5059 2497 5132 fidei
2530 5078 2712 5135 ﬁrmae
2745 5059 3126 5140 mandaverat
3157 5085 3262 5140 illi.

322 5147 486 5204 Vcrs.
517 5148 645 5202 593.

2082 5147 2248 5220 Vere:
2280 5165 2405 5221 643.

1601 5255 1842 5316 VARI/E
1890 5260 2311 5320 LECTIONES.

315 5345 1692 5444 "-1i‘ﬂif’ffg19333339.°T33:_f".MELSEO'Z-
1726 5357 1882 5444 binis
1916 5360 2006 5444 1.2.
2034 5360 2372 5444 Ἶ¹³ιεὲιδεηε.
2403 5365 2702 5444 iussit“?
2761 5367 2810 5420 1·
2861 5368 3035 5444 etiam
3073 5370 3255 5427 surda
3301 5375 3445 5444 ferri
3473 5388 3664 5444 posset

241 5415 310 5450 ²¹⁴
446 5414 984 5506 Πέιτέὺξζιωὶξϐηιίέξξνῖί
1016 5423 1277 5475 maturos
1311 5423 1360 5476 1,
1432 5424 1496 5456 επις
1529 5426 1784 5506 multum
1815 5435 1870 5485 2.
1940 5414 2545 5506 21_§_tsn'éisii1'§'2."'m"
2559 5414 3281 5500 ῖη
3473 5414 3665 5506 “'3:

243 5489 362 5542 toni
397 5491 444 5543 1.
486 5490 553 5522 ²¹⁹
584 5487 715 5542 Otto
750 5489 796 5541 1.
867 5487 933 5519 ²²⁰
963 5498 1298 5562 compertus
1329 5511 1468 5548 corr.
1505 5500 1820 5570 compertis
1852 5503 1902 5556 1.
1968 5503 2034 5537 ²²¹
2067 5487 2370 5560 dominam
2409 5507 2457 5560 1.
2523 5487 2864 5566 ’ii'mandat
2898 5529 2910 5566 :
2946 5487 3106 5568 elisi
3137 5487 3434 5590 {LW-£53;
3455 5537 3508 5576 υ.

311 5683 423 5770 (67)
457 5683 518 5739 Id
549 5689 636 5740 est
664 5687 802 5743 Nam
835 5687 976 5742 licet.
1835 5598 2068 5659 NOTAE.
