3904 6392
223 453 254 512 1
271 455 300 513 1
316 452 406 510 65
1332 454 1476 516 CAR
1489 457 1651 518 MEN
1698 455 1765 516 Dl

2165 459 2501 520 OTTONIS
2549 458 2597 519 Ι.
3512 461 3665 520 1166

221 585 364 640 Hoc
401 601 636 656 quoque
667 584 926 640 suadelis
961 585 1379 644 exhortabatur
1409 589 1638 656 amicis,
1936 599 1990 664 Α
2022 591 2138 646 Hac
2169 593 2235 625 ²²⁵
2263 591 2348 646 itu
2380 591 2591 646 lmticia
2622 591 2817 662 dignis
2845 592 3018 646 rebus
3051 591 3363 657 celebrata,

223 673 311 728 Ut
346 672 525 728 celeri
559 673 798 745 Papiam
831 691 1009 729 cursu
1039 679 1278 746 peteret,
1308 678 1655 749 populosam
2016 679 2261 734 Advenit
2291 679 2409 734 dux
2437 680 2742 734 Conradus
2773 696 2906 734 cum
2939 696 3079 752 pace
3109 697 3397 746 reversus,

221 761 485 830 Urbem,
520 779 699 834 quam
727 779 862 818 cum
895 762 1147 819 tristicia
1176 763 1402 822 dimisit
1433 784 1654 834 amara,
2015 768 2326 822 Adducens
2359 767 2762 840 Beringarium
2796 785 2977 840 supra
3010 771 3423 837 memoratum,

223 853 393 916 Quo,
428 855 742 924 praestante
773 869 939 908 sacra
971 853 1124 924 regis
1155 855 1370 926 pietate
1402 855 1696 927 perennis,
2017 855 2206 926 Ipsius
2235 855 2452 926 ingenii
2485 857 2836 927 captum,sic
2869 860 2990 911 arte
3022 857 3321 929 profundi,

223 939 346 994 llic
387 939 558 995 modo
589 939 905 995 sublimem
939 943 1204 1012 gaudens
1234 948 1496 1016 captaret
1526 944 1831 1009 honorem,
1968 930 1975 946 ’
2017 945 2208 998 Gratis
2239 950 2304 999 ut
2335 944 2562 1000 Oddoni
2593 946 2660 978 ²²⁶
2693 945 2848 999 venit
2879 962 2940 1000 se
2971 945 3220 1000 subdere
3251 945 3393 1018 regi.

221 1029 368 1093 Quo
403 1028 566 1100 prius
600 1028 898 1098 ingentem
941 1030 1128 1084 fuerat
1160 1048 1436 1104 perpessa
1478 1031 1758 1087 dolorem.
2015 1033 2179 1088 Tunc
2212 1033 2367 1087 idem
2402 1050 2516 1100 rex,
2551 1033 2652 1105 qui
2685 1051 2916 1104 semper
2948 1033 3080 1088 fecit
3113 1033 3425 1104 sapienter,

223 1116 344 1172 llis
393 1116 742 1172 mandatclis
772 1119 949 1173 cessit
983 1119 1185 1190 regina
1217 1119 1508 1190 benignis,
2016 1121 2179 1175 Ilunc
2213 1139 2404 1190 regem
2439 1127 2593 1176 certe
2623 1122 2800 1192 digno
2833 1123 3096 1194 suscepit
3128 1122 3366 1189 honore,

223 1205 304 1260 Et
336 1222 460 1276 quo
483 1205 658 1275 jussa
687 1205 819 1271 fuit,
854 1207 1070 1278 pariter
1099 1207 1512 1263 comitantibus
1551 1209 1654 1263 ivit
1817 1207 1822 1210 ’
2015 1210 2350 1264 Restituens
2382 1210 2463 1264 illi
2499 1209 2714 1265 sublati
2747 1209 3008 1265 culmina
3040 1211 3200 1282 regni

224 1292 563 1348 Permultis
591 1294 994 1365 subjectorum
1024 1297 1228 1350 cuneis
1263 1296 1638 1368 populorum.
2017 1299 2131 1352 Ista
2159 1303 2416 1370 perccrte
2448 1303 2679 1354 tantum
2713 1299 2822 1354 sub
2856 1299 3210 1367 conditione,

223 1383 310 1440 Ut
347 1400 454 1438 rex
485 1383 592 1440 bos
621 1385 828 1451 sensit,
853 1386 1022 1456 cujus
1057 1386 1437 1442 mandamine
1467 1386 1648 1455 venit,
2015 1386 2087 1442 Ut
2118 1391 2251 1458 post
2279 1387 2400 1442 hmc
2431 1387 2629 1442 causis
2661 1405 2777 1442 non
2811 1387 3236 1442 contradicerct
3263 1388 3401 1444 ullis

225 1471 441 1544 Ipsius
473 1472 785 1528 Henricum
819 1474 1055 1529 fratrem
1089 1475 1362 1548 praecepit
1399 1476 1721 1530 amandum
2012 1473 2206 1546 Ipsius
2239 1475 2487 1548 imperio
2520 1475 2726 1530 multis
2758 1475 2929 1547 longe
2963 1477 3278 1532 metuendo
3307 1478 3395 1543 m,

224 1561 438 1632 Hujus
466 1561 526 1616 in
558 1577 869 1618 occursum
903 1564 1125 1634 regredi
1159 1568 1323 1620 trans
1353 1565 1525 1621 litora
1559 1565 1721 1628 Padi,
2012 1563 2124 1618 Sed
2157 1580 2263 1619 ceu
2295 1564 2600 1635 subjectus
2618 1563 2807 1635 jussis
2841 1567 2999 1619 esset
3029 1563 3350 1621 studiosus.

225 1649 309 1705 Ut
344 1647 768 1705 sublimandan
802 1649 962 1722 regni
995 1651 1406 1722 splendoribus
1439 1670 1612 1707 teram
1647 1652 1756 1724 (68)
2012 1651 2128 1706 Hoc
2157 1668 2392 1724 quoque
2423 1652 2690 1708 sollicitis
2723 1652 2977 1707 decrevit
3009 1651 3262 1708 maxime
3292 1654 3490 1723 dictis,

223 1737 420 1794 Tanti
452 1739 814 1810 compositus
843 1739 1011 1796 ducis
1039 1741 1108 1774 "3
1138 1745 1373 1796 ornaret
1407 1741 1750 1795 famulatus.
2011 1739 2084 1794 Ut
2113 1745 2245 1812 post
2275 1739 2395 1795 haec
2427 1740 2712 1812 populum
2744 1744 2970 1812 regeret
2997 1740 3346 1797 clementius
3378 1743 3594 1815 ipsum,

223 1827 345 1894 Qui
381 1827 584 1882 studio
615 1829 832 1884 mentis
862 1833 1148 1902 prmccpta
1178 1847 1431 1901 sequens
1466 1829 1738 1893 senioris,
2009 1829 2190 1893 Quem
2225 1829 2390 1900 prius
2422 1829 2667 1900 imperio
2700 1829 2951 1883 nimium
2983 1829 3267 1901 corripuit
3296 1831 3364 1865 ³³⁸
3389 1848 3611 1887 amaro.

223 1916 559 1989 Egreditur
587 1921 742 1972 certe
773 1934 908 1972 cum
941 1918 1122 1989 regali
1155 1917 1403 1990 legione,
1931 1966 1978 2031 Β
2009 1916 2114 1981 Qui
2149 1933 2211 1972 se
2243 1916 2612 1989 complendis
2634 1917 2925 1974 simulans
2947 1922 3288 1990 promptum
3313 1919 3434 1975 fore
3450 1921 3665 1992 jussis,

223 2005 566 2031 n-..;_........
597 2005 807 2031 ..λι-ε...-
835 2006 1096 2031 nn“)---
1130 2007 1316 2031 ..-ιιεζι
1351 2007 1692 2031 --ΑᾎΑ--..Δ-
2008 2005 2181 2031 n-:.....
2216 2005 2497 2031 ..ιιι-,ιλιιηει
2554 2007 2799 2031 ..-ι-ΞΛΜ
2838 2005 3121 2031 1..ι.-...,...-..
3155 2007 3348 2031 ..-ιζ-Δὶ

222 2005 567 2077 Castraque
597 2005 808 2078 reginae
834 2006 1098 2077 gaudens
1129 2007 1322 2078 pettiit
1351 2007 1714 2072 venerandae,
1931 2005 1978 2031 ”
2008 2005 2183 2061 Ocius
2215 2005 2520 2072 abscessit,
2554 2007 2803 2077 patriam
2838 2005 3125 2078 laetusque
3155 2007 3370 2078 petivii.

226 2095 296 2151 In
332 2093 477 2166 quis
508 2110 642 2149 cum
677 2093 844 2150 sotiis
871 2095 1161 2150 residebat
1192 2096 1444 2168 denique
1478 2095 1704 2165 multis,
2006 2096 2109 2149 Ast
2139 2093 2237 2148 ubi
2272 2093 2586 2149 sublimem
2619 2095 2780 2165 regni
2812 2095 3153 2166 possederat
3183 2111 3399 2164 arcem,

225 2183 409 2240 Illam
441 2183 732 2255 condigne
760 2201 994 2239 summo
1025 2185 1341 2239 comitatus
1371 2184 1608 2251 honore,
2009 2182 2205 2238 Lmsus
2238 2182 2497 2240 suadelis
2529 2184 2898 2254 quorundam
2933 2199 3188 2254 namque
3229 2183 3487 2240 sinistris

225 2273 438 2330 Donec
470 2271 649 2345 regali
682 2276 1059 2345 prmsentaret
1089 2273 1278 2329 faciei.
2009 2271 2138 2326 Mox
2167 2271 2383 2327 infelici
2415 2273 2682 2344 graviora
2713 2271 2951 2344 quidem
2977 2274 3125 2345 juga
3155 2273 3314 2344 genti

225 2365 375 2428 Qum
410 2361 620 2417 merito
651 2363 770 2435 regi
803 2363 1002 2418 statim
1025 2361 1246 2435 placuit
1276 2364 1422 2418 satis
1448 2363 1581 2434 ipsi,
2009 2359 2206 2428 Infert,
2241 2360 2292 2415 vi
2327 2377 2542 2434 magna
2571 2377 2674 2432 pro
2707 2360 2982 2432 despectu
3017 2361 3129 2416 sibi
3162 2362 3316 2418 facta
3345 2363 3434 2432 m,

225 2451 609 2524 Eligiturque
640 2451 732 2506 sui
763 2468 1002 2506 consors
1035 2451 1386 2524 dignissima
1415 2452 1600 2523 regni.
2005 2449 2077 2503 Se
2109 2465 2356 2521 regnum
2389 2449 2575 2520 pretio
2606 2453 2945 2504 contestans
2978 2467 3171 2506 emere
3201 2467 3440 2523 magno,

225 2542 404 2596 Tunc
433 2541 506 2574 ³⁸⁸
534 2556 632 2595 rex
663 2555 726 2594 se
757 2541 1009 2595 novitate
1042 2541 1121 2595 rei
1157 2557 1404 2595 cernens
1436 2539 1694 2606 retineri,
2006 2537 2121 2592 Nec
2148 2538 2269 2593 fore
2299 2537 2658 2609 culpandum
2692 2538 2740 2594 si
2765 2539 2872 2609 jus
2903 2537 3175 2610 fregisset
3205 2555 3471 2609 avorum,

225 2630 530 2701 Tempore
561 2644 632 2684 ne
663 2628 884 2700 patrias
914 2628 1174 2683 instante
1208 2629 1423 2684 rediret
1453 2629 1526 2684 ad
1559 2646 1713 2692 oras,
2005 2626 2114 2681 Sed
2151 2626 2340 2698 magis
2371 2627 2599 2682 Oddoni
2631 2627 2699 2662 ²³⁰
2729 2626 2913 2700 culpa:
2945 2628 3222 2683 meritum
3251 2629 3532 2700 reputari.

229 2715 588 2774 Liudulfum
619 2716 840 2788 placuit
870 2733 1070 2772 carum
1104 2718 1455 2790 praemittere
1488 2721 1714 2783 natum,
2006 2714 2120 2786 Ipsi
2155 2715 2435 2787 primates
2466 2714 2655 2787 plebis
2688 2715 2788 2788 qui
2811 2717 3087 2772 venderet
3117 2732 3344 2771 omnes.

227 2807 305 2862 Ut
336 2823 492 2878 gens
521 2806 818 2861 Saxonum
850 2805 1018 2862 fortis
1045 2805 1316 2861 volitaret
1347 2807 1417 2860 ad
1442 2805 1607 2860 illum
2005 2802 2134 2856 llaec
2167 2820 2259 2858 res
2291 2804 2362 2858 ad
2397 2820 2592 2875 regem
2623 2821 2759 2859 mox
2789 2808 2853 2858 ut
2881 2803 3144 2875 pervenit
3173 2803 3448 2872 eundem,

227 2897 300 2952 Et
332 2911 589 2968 regnum
619 2895 732 2950 sub
763 2898 1008 2968 patrono
1041 2899 1222 2950 staret
1251 2895 1400 2950 bene
1429 2899 1614 2962 tanto,
2005 2891 2066 2946 In
2101 2891 2504 2964 Beringarium
2528 2893 2698 2963 justa
2728 2892 3106 2948 succenditur
3135 2891 3241 2960 ira,

225 2984 337 3051 Qui
371 3000 594 3057 parens
614 2984 804 3056 jussis
836 2985 1042 3039 devota
1071 2987 1264 3038 mente
1296 2983 1578 3054 parentis,
2002 2979 2186 3034 Corde
2217 2997 2396 3052 super
2423 2980 2624 3054 populi
2657 2981 2890 3036 damnis
2921 2997 3172 3036 mmrens
3203 2979 3548 3051 miserandi,

225 3073 314 3128 Ad
349 3053 814 3144 patriam'rediit
844 3089 1046 3128 curam
1079 3053 1358 3144 regnique
1391 3071 1632 3144 recepit,
2005 3069 2068 3124 In
2097 3069 2427 3140 meliusque
2450 3069 3416 3126 statummstuduitmconvertere
3438 3053 3658 3127 rerum.

227 3159 451 3216 Omnia
480 3160 800 3232 prudenter
829 3177 1053 3216 necnon
1086 3160 1336 3216 nimium
1365 3159 1513 3232 sapit
1531 3165 1662 3215 nter
2003 3159 2072 3212 Et
2106 3159 2316 3214 faceret
2345 3159 2542 3225 citius,
2579 3158 2794 3215 Christi
2827 3159 3159 3214 munimine
3189 3158 3396 3228 fultus,

229 3249 574 3322 Complens,
609 3249 668 3304 in
701 3249 890 3322 patria
919 3267 1046 3322 quae
1078 3253 1218 3305 tunc
1249 3249 1482 3304 fuerant
1511 3249 1799 3304 facienda.
2003 3245 2060 3301 Si
2101 3264 2214 3302 non
2251 3247 2495 3302 fortunae
2523 3252 2770 3303 restaret
2802 3264 2981 3303 causa
3010 3247 3286 3303 sinistra).

231 3338 467 3394 Interea
494 3338 612 3393 dux
643 3337 948 3406 Henricus,
985 3339 1138 3412 regis
1167 3338 1534 3393 venerandus
1922 3334 1965 3400 C
2005 3335 2270 3408 Namque
2301 3337 2508 3392 decore
2540 3337 2630 3392 sui
2666 3337 2907 3393 ﬂorente
2939 3353 3042 3408 per
3070 3337 3272 3392 omnia
3302 3337 3487 3409 regni,

233 3425 462 3495 Frater,
485 3425 546 3481 in
579 3425 746 3482 Italia
774 3415 965 3483 cordis
997 3426 1303 3482 conamine
1335 3443 1569 3482 summo
2000 3424 2148 3480 Cum
2181 3441 2242 3479 se
2275 3425 2554 3496 gauderet
2584 3425 2813 3482 cuuctis
2845 3423 3065 3497 fulgere
3097 3427 3393 3494 secundis,

230 3513 552 3588 Obsequiis
581 3531 817 3587 operam
849 3516 1032 3588 gessit
1063 3515 1358 3587 regalibus
1387 3519 1610 3587 aptam,
2000 3512 2248 3567 Protulit
2279 3513 2506 3584 antiqui
2538 3517 2810 3568 renovata
2841 3511 2968 3567 lues
2999 3513 3224 3569 inimici

229 3600 503 3657 Offitium
537 3618 653 3657 non
683 3602 946 3675 germani
977 3601 1346 3658 solummodo
1368 3601 1486 3656 cari
2001 3601 2246 3656 Fraudis
2275 3605 2678 3656 commentum
2696 3601 2924 3656 cunctis
2943 3618 3044 3672 per
3064 3601 3220 3656 secla
3239 3601 3650 3673 dolendumm,

231 3691 346 3746 Sed
379 3706 555 3764 mage
577 3692 680 3763 jus
710 3692 856 3748 servi
891 3693 1088 3748 studio
1119 3691 1466 3764 complendo
1499 3691 1758 3764 benigni.
1995 3688 2128 3744 Jam
2157 3693 2298 3744 tunc
2328 3689 2638 3762 paciﬁcum
2667 3693 2962 3760 temptans
2993 3682 3351 3746 confundere
3379 3707 3650 3765 regnum.

228 3779 375 3836 Hinc
408 3797 528 3836 non
560 3780 854 3836 immerito
885 3781 1004 3854 regi
1037 3780 1258 3854 placuit
1287 3781 1432 3836 satis
1464 3780 1598 3852 ipsi,
1998 3777 2116 3832 Hoc
2145 3781 2210 3832 ut
2239 3777 2586 3850 quantocius
2619 3783 2818 3849 posset
2849 3783 3080 3849 patrare
3105 3777 3426 3852 malignus,

225 3869 332 3925 Est
361 3885 600 3942 quoque
630 3869 844 3942 reginae
869 3869 1124 3926 fraterno
1143 3871 1390 3942 junctus
1423 3886 1642 3940 amore,
1997 3867 2180 3938 Regni
2215 3871 2468 3922 rectores
2496 3866 2756 3937 primum
2787 3865 3124 3923 turbaverat
3151 3883 3378 3938 omnes,

224 3957 577 4030 Aﬂ‘ectuque
606 3957 702 4030 pio
733 3957 926 4014 fuerat
955 3957 1206 4016 dilectus
1237 3959 1308 4014 ab
1341 3957 1463 4013 illa.
1995 3956 2252 4028 Sperans
2281 3955 2584 4010 interitum
2617 3953 2806 4028 plebis
2837 3971 2972 4010 mox
3000 3972 3131 4012 esse
3153 3957 3443 4014 futurum.

226 4048 396 4104 Tunc
427 4063 532 4103 rex
562 4045 830 4103 Italicum
861 4051 1268 4120 peragraverat
1307 4047 1567 4119 undique
1613 4063 1884 4120 regnum,
1995 4044 2256 4117 Denique
2286 4043 2496 4100 famosi
2525 4048 2700 4100 natus
2732 4043 2884 4116 regis
2916 4043 3229 4102 Liudulfus
3258 4047 3380 4118 (An.
3416 4047 3544 4121 953)

228 4136 525 4192 Primates
554 4135 718 4209 regni
747 4135 994 4208 propriae
1027 4136 1288 4192 subdens
1320 4133 1525 4191 ditioni
1557 4135 1776 4206 (An.95,
1995 4133 2068 4188 Ut
2092 4134 2361 4206 cognovit
2391 4131 2661 4189 amicitia;
2694 4133 2879 4206 signis
2913 4132 3057 4190 satis
3079 4134 3256 4208 aptis,

228 4223 333 4281 His
363 4241 605 4298 quoque
633 4223 942 4297 completis
963 4225 1136 4297 juxto
1164 4228 1482 4296 votumque
1513 4222 1740 4293 locatis,
1993 4224 2224 4290 Quanto
2249 4223 2516 4295 perfecta:
2547 4222 2681 4278 ﬁdei
2709 4221 2913 4278 dilexit
2942 4239 3141 4280 amore

227 4313 312 4370 Nc
343 4312 726 4386 Beringarius
753 4329 1001 4386 regnum
1035 4316 1264 4386 raperet
1292 4312 1404 4368 sibi
1436 4328 1695 4381 rursum,
1994 4310 2334 4378 Henricum,
2367 4311 2521 4384 regis
2549 4312 2812 4380 fratrem,
2846 4311 3050 4382 regina
3081 4313 3290 4384 fidelis,

229 4401 569 4458 Conradum
601 4419 736 4458 cum
767 4419 883 4458 non
916 4402 1120 4475 paucis
1145 4419 1213 4458 ex
1237 4401 1472 4474 agmine
1501 4401 1669 4456 lectis
1993 4401 2274 4471 Quodque
2305 4415 2426 4454 suae
2459 4399 2593 4454 ﬁdei
2623 4399 2817 4455 studio
2847 4415 2910 4454 se
2941 4399 3207 4456 subdidit
3234 4404 3417 4470 omni,

232 4490 301 4567 In,
329 4491 512 4564 Papia
542 4491 798 4546 residere
817 4491 1028 4546 ducem
1049 4490 1238 4562 jussit
1265 4489 1615 4562 sapientem,
1992 4488 2280 4561 Tangitur
2308 4487 2522 4542 interni
2546 4486 2765 4559 jaculis
2797 4491 3018 4543 secreto
3046 4487 3285 4558 doloris,

231 4579 333 4634 Cui
359 4581 694 4636 veneranda
723 4596 842 4636 sum
871 4579 1114 4635 dederat
1141 4579 1436 4634 consortia
1467 4582 1652 4646 natm;
1996 4578 2146 4633 llaut
2175 4576 2263 4632 ira
2293 4575 2540 4646 fervens,
2575 4576 2692 4632 odii
2723 4592 2828 4632 nec
2859 4575 2990 4632 felle
3020 4577 3345 4646 tabescens,

230 4667 479 4742 Ipseque
509 4667 788 4724 continuo
818 4668 992 4724 rediit
1020 4684 1155 4722 cum
1187 4668 1435 4740 conjuge
1463 4666 1640 4731 clara,
1914 4705 1960 4768 D
1995 4667 2106 4721 Sed
2141 4681 2317 4736 super
2345 4665 2567 4720 amisso
2598 4681 2742 4720 cara:
2771 4665 3074 4737 genitricis
3106 4682 3304 4723 amore

232 4755 551 4814 Intendens
581 4757 780 4829 patrias
811 4758 1010 4814 sedem
1042 4756 1294 4812 festinus
1323 4756 1504 4810 adire.
1914 4753 1958 4768 ⁶’
1997 4756 2076 4810 Ex
2108 4754 2244 4826 aegri
2275 4753 2516 4808 latebris
2547 4754 2767 4810 ducens
2798 4753 3054 4826 suspiria
3085 4756 3312 4823 cordis;

230 4847 413 4910 Quem
445 4846 650 4920 gavisa
679 4846 918 4918 quidem
951 4845 1116 4919 plebs
1146 4845 1407 4916 suscepit
1427 4844 1778 4909 venientem,
1999 4843 2402 4914 Deceptusque
2435 4842 2606 4898 malis
2639 4842 3065 4914 permultorum
3093 4843 3374 4914 suadelis,

229 4933 562 4991 Altithrono
594 4939 788 5008 grates
818 4951 1102 5008 spargens
1131 4951 1308 5005 super
1337 4934 1552 4988 aethera
1592 4933 1812 4999 dulces,
2000 4931 2309 4986 Pertimuit
2339 4931 2564 5002 fragilis
2594 4948 2696 5002 pro
2727 4931 3150 4988 consuetudine
3182 4934 3420 4995 mentis.

231 5023 338 5087 Qui
370 5023 708 5080 miserando
738 5041 857 5078 sua:
884 5022 1072 5096 plebis
1104 5023 1276 5077 solita
1308 5021 1544 5094 pietate,
1997 5020 2162 5085 Quod
2194 5023 2325 5090 post
2355 5035 2472 5072 non
2506 5018 2591 5074 uti
2623 5018 2792 5074 donis
2814 5019 3043 5073 deberet
3078 5018 3318 5076 honoris

231 5112 414 5175 Quem
442 5113 579 5186 pius
607 5111 802 5184 elegit,
835 5128 1034 5184 regem
1066 5127 1202 5168 cum
1233 5127 1373 5182 pace
1403 5109 1650 5167 reduxit.
1997 5107 2310 5179 Condigni,
2343 5106 2442 5161 sed
2479 5107 2624 5162 forte
2656 5106 2847 5162 locum
2879 5105 3076 5163 subire
3109 5110 3458 5166 secundum.

300 5199 467 5258 Vers.
500 5202 628 5258 695.

2065 5196 2232 5252 Vers.
2263 5196 2390 5249 747.
2697 5192 2705 5201 ’

1587 5323 1830 5380 VARI/E
1870 5321 2288 5381 LECTIONES.

303 5451 371 5487 ²²³
394 5455 472 5510 ira
499 5457 536 5508 2
565 5455 624 5508 d.
656 5469 704 5509 ε.
741 5455 790 5510 1.
867 5453 936 5488 ’³⁸
966 5453 1058 5508 hic
1083 5451 1251 5508 codex
1278 5467 1387 5506 nm:
1418 5449 1728 5521 distinguit.
1805 5450 1874 5484 ἐκ
1893 5449 1985 5505 hic
2014 5446 2181 5503 codex
2211 5443 2656 5521 negtiistinguit.
2733 5445 2801 5521 9?“
2822 5445 3006 5503 ottoni
3035 5448 3084 5503 1.
3163 5448 3229 5484 ἐτ
3255 5445 3574 5521 mutuendo
3594 5447 3644 5521 1.

233 5521 300 5556 ²²⁸
333 5526 606 5581 contrivit
631 5529 686 5580 2.
764 5526 836 5561 ’³ο
866 5525 1016 5581 facto
1063 5529 1118 5579 2.
1197 5525 1263 5558 ²³⁰
1293 5522 1476 5579 ottoni
1511 5523 1560 5576 1.
1593 5517 1609 5521 ⁷
1639 5521 1703 5556 ²³¹
1732 5523 1809 5576 ita
1837 5525 1892 5576 2.
1925 5521 2134 5576 statuit
2167 5521 2218 5572 1.
2297 5517 2364 5551 ’3’
2390 5518 2468 5572 ita
2499 5519 2551 5572 1.
2587 5518 2797 5574 statuit
2823 5522 2878 5575 2.
2957 5521 3024 5554 ²³³
3053 5521 3130 5576 ita
3175 5523 3230 5576 2.
3263 5519 3562 5576 dolentum
3595 5518 3645 5580 1.

1822 5634 2055 5696 ΝΟΤίΕ.

307 5736 416 5816 (68)
450 5737 513 5798 Id
543 5742 632 5799 est
661 5739 870 5798 heram.
