3904 6454
248 461 398 525 1167

685 464 1215 526 HROTSUI'I‘Il/E
1260 465 1450 524 ΜΟΝ.
1501 461 2082 523 GANDERSHEIM.
2132 462 2368 522 CARM.
2418 463 2519 523 DE
2565 462 2785 523 GEST.
2835 462 3119 525 OTTON.
3167 463 3217 523 Ι.

3528 462 3697 522 1168

243 598 407 662 Quod
438 597 562 653 fieri
594 598 860 654 Christus
892 614 1218 670 numquam
1255 596 1619 670 permitteret
1669 612 1891 668 aequus,
1925 596 1978 663 Α
2010 595 2312 668 Omneque
2342 594 2610 651 mmroris
2640 596 2871 667 pondus
2905 596 3219 669 cunctique
3251 595 3508 662 doloris,

241 685 301 741 Si
334 691 517 741 staret
548 703 790 759 regnum
820 688 985 758 justa
1016 687 1125 742 sub
1158 703 1300 758 pace
1329 685 1618 758 quietum.

238 775 341 829 Ast
372 774 471 829 ubi
502 776 611 831 sub
645 774 798 831 tristi
830 775 997 831 vultu
1029 774 1354 847 srepissime
1384 773 1536 846 patri

239 863 603 919 Monstratur
631 869 900 932 mmstus,
936 864 1106 919 solito
1142 881 1246 918 nec
1280 881 1439 918 more
1471 880 1734 929 serenus,

239 953 390 1007 Sunt
419 952 516 1024 qui
548 955 772 1025 decepti
806 955 874 987 ’3‘
895 954 1186 1025 serpentis
1221 954 1423 1007 fraude
1455 953 1639 1007 dolosi
1674 954 1740 985 2³⁵
1776 993 1787 1004 .
1829 993 1843 1003 .
1880 992 1893 1004 .

630 1043 848 1111 (Versus
871 1044 1108 1115 plurimi
1138 1042 1504 1109 exciderunt.)

242 1132 351 1185 Sed
387 1131 499 1202 (69)
531 1148 645 1203 quo
682 1131 933 1203 regalem
960 1132 1143 1202 patris
1166 1131 1301 1185 hinc
1326 1135 1565 1202 augeret
1590 1130 1894 1184 honorem.

245 1219 343 1274 llis
375 1237 472 1274 rex
505 1220 820 1291 compertis
853 1237 921 1275 ex
953 1219 1338 1291 prosperitate
1371 1217 1561 1273 fidelis
1596 1216 1862 1289 ((112,957),

244 1310 498 1364 Lmtutus
530 1309 732 1380 prolis,
768 1313 887 1363 tota
921 1308 1229 1363 dulcedine
1264 1307 1479 1363 mentis

245 1399 373 1453 llaec
402 1396 487 1451 illi
520 1399 763 1452 mandat
793 1397 1031 1468 scriptis
1063 1395 1339 1468 cxtimplo
1372 1395 1637 1451 remissis
1670 1413 1682 1449 ε

246 1508 275 1536 α
309 1487 374 1541 In
404 1485 671 1545 seculum
704 1485 886 1540 seculi
920 1490 1155 1540 maneat
1187 1484 1315 1540 laus
1349 1484 1767 1555 Omnipotenti,

244 1573 353 1642 Qui
386 1574 549 1631 dedit
580 1574 638 1629 in
667 1574 849 1629 tantis
880 1578 1058 1629 temet
1087 1575 1341 1645 gaudere
1378 1573 1673 1640 secundis,

244 1664 450 1721 Grates
481 1665 670 1735 adque
701 1662 805 1718 tibi
840 1664 1073 1730 dentur,
1111 1662 1419 1718 karissime
1455 1662 1558 1729 fili,
1728 1652 1737 1657 ’

244 1754 429 1819 Quem
461 1756 729 1807 constare
759 1752 997 1824 quidem
1038 1750 1273 1823 penitus
1306 1768 1595 1823 cognosco
1632 1749 1901 1818 ﬁdelem;

244 1844 397 1899 Haut
425 1841 674 1897 obscura
704 1845 814 1896 tuae
848 1841 982 1895 ﬁdei
1012 1840 1151 1911 quia
1184 1840 1354 1911 signa
1385 1839 1620 1907 dedisti,

244 1932 389 1988 Cum
422 1948 524 2003 per
553 1934 608 1985 te
639 1947 883 2003 regnum
916 1929 1159 2002 cupiens
1192 1947 1505 2001 augescere
1537 1935 1825 1996 nostrum,

246 2020 501 2094 Signasti
532 2019 701 2075 nobis
732 2019 953 2092 proprii
987 2020 1164 2075 decus
1197 2036 1368 2075 omne
1401 2019 1640 2075 laboris.

247 2110 391 2165 Ilinc
422 2126 525 2182 ego
559 2114 881 2182 gratanter,
917 2126 1045 2180 qua)
1079 2108 1267 2164 fecisti
1299 2109 1612 2180 sapienter,

244 2199 572 2271 Accipiens,
605 2198 727 2254 vice
760 2214 1037 2253 conversa
1068 2198 1359 2270 condigna
1392 2198 1666 2269 rependo,

249 2289 364 2343 lloc
394 2287 709 2359 ipsumque
742 2287 847 2342 tibi
884 2303 1132 2359 regnum
1165 2287 1467 2341 committo
1502 2285 1843 2357 regendum,

248 2376 501 2448 Imperio
531 2376 708 2432 subdi
741 2381 942 2432 nostro
974 2377 1129 2448 quod
1160 2374 1543 2431 constituisti.

250 2464 640 2538 Prwcipioque
672 2464 777 2520 tibi
800 2464 1014 2543 jussis,
1046 2464 1275 2533 dilecto,
1311 2464 1592 2536 paternis,

249 2554 323 2610 Ut
353 2570 526 2626 quem
555 2551 776 2608 victrici
809 2552 1092 2625 populum
1127 2553 1328 2607 dextra
1359 2550 1673 2623 superasti,

248 2644 484 2715 Absque
516 2659 680 2697 mora
715 2647 909 2697 tecum
942 2641 1121 2697 facias
1153 2643 1388 2697 firmare
1420 2642 1739 2696 tenendum

251 2733 482 2799 Foedus,
516 2747 649 2786 cum
675 2732 1015 2802 juramento
1049 2735 1341 2786 structum
1378 2730 1710 2785 metuendo.
1747 2751 1773 2778 ››

252 2823 378 2877 llmc
410 2821 527 2875 dux
559 2818 868 2875 Liudulfus
898 2821 1130 2875 decreta
1165 2820 1364 2891 legens
1403 2819 1794 2875 venerandus.

252 2910 461 2966 Laetior
494 2926 562 2965 ex
594 2908 949 2964 mandatelis
981 2914 1155 2965 tanta:
1184 2908 1438 2981 pietatis,

248 3000 463 3054 Jussus
493 3014 626 3054 cum
652 2998 989 3069 juramento
1024 2997 1229 3069 religat
1260 2996 1369 3052 sibi
1406 2998 1574 3053 firmo

246 3089 331 3144 Ad
364 3088 549 3159 patris
576 3087 924 3158 obsequium
950 3088 1230 3159 pepulum
1256 3086 1429 3159 digno
1454 3086 1901 3142 moderandum.

249 3178 349 3233 llis
381 3179 527 3234 bene
558 3176 879 3249 dispositis,
915 3193 1149 3233 summo
1183 3193 1317 3232 cum
1353 3176 1565 3231 ﬁndere
1592 3174 1753 3245 pacis

246 3266 473 3321 Ardens
504 3264 765 3322 absentis
796 3265 1005 3320 faciem
1040 3264 1328 3320 meruisse
1356 3263 1637 3335 parentis,

248 3352 529 3427 Coniugis
558 3358 617 3409 ot
644 3353 798 3407 karm
825 3352 981 3408 dulci
1014 3353 1280 3408 devictus
1312 3368 1510 3407 amore

247 3444 328 3498 Ac
358 3441 539 3514 prolis
569 3441 815 3515 gemina:
848 3442 959 3513 (70)
991 3440 1162 3515 longe
1187 3446 1321 3514 post
1360 3445 1527 3514 terga
1555 3442 1623 3476 9³⁸
1654 3440 1864 3497 relicta:

250 3530 604 3588 Posthabitaa
635 3531 782 3586 fines
812 3529 1011 3603 patrias
1040 3530 1262 3603 placuit
1290 3530 1586 3602 repedare,

248 3624 373 3690 Quo
404 3624 537 3695 post
565 3619 723 3677 exilii
754 3621 985 3693 pondus
1018 3620 1267 3675 nimium
1297 3636 1470 3692 grave
1500 3620 1631 3676 duri

244 3711 451 3767 Posset
480 3709 960 3783 quandoquidem
994 3709 1197 3781 patria:
1228 3713 1463 3781 captare
1493 3709 1771 3781 quietem.

243 3800 435 3872 thue
462 3798 616 3854 celer
646 3798 891 3854 merulis
922 3798 1045 3853 haec
1075 3797 1345 3871 impleret
1374 3798 1501 3853 sine
1540 3798 1790 3866 cunctis,

242 3889 371 3946 Non
400 3888 513 3945 iter
543 3892 809 3961 optatum
843 3887 1074 3961 pondus
1107 3887 1426 3943 tardaverit
1457 3885 1667 3959 ullum,

242 3976 544 4035 Collectim
577 3977 842 4049 proprias
868 3975 1053 4049 jussit
1080 3976 1433 4047 praemittere
1463 3991 1655 4048 gazas,

244 4066 437 4141 Ipsius
464 4071 524 4124 et
553 4067 762 4123 faciem
795 4065 1031 4121 turbam
1065 4065 1387 4138 praecedere
1420 4068 1603 4120 totam

243 4158 431 4224 Quam
456 4154 592 4212 belli
625 4172 803 4211 causa
834 4170 1035 4210 secum
1068 4154 1389 4209 deduxerat
1418 4153 1538 4221 illo,

244 4244 599 4302 Promittcns
630 4244 849 4315 ipsum,
880 4242 999 4297 vita
1030 4241 1366 4310 comitante,
1402 4241 1666 4298 futurum

243 4334 329 4390 Ad
361 4334 508 4390 ﬁnes
539 4333 737 4406 patriae
765 4332 937 4405 spatii
968 4335 1100 4405 post
1132 4336 1395 4404 tempora
1429 4332 1609 4405 parvi.

247 4424 364 4480 Hoc
396 4438 629 4496 quoque
661 4420 925 4479 mellitlui
961 4421 1156 4477 verbis
1190 4420 1524 4495 signaverat
1551 4421 1688 4492 oris,

245 4515 311 4570 In
346 4512 480 4586 quis
512 4512 792 4580 castellis,
824 4512 882 4568 in
917 4512 1051 4585 quis
1085 4511 1383 4584 voluitque
1415 4510 1636 4567 locellis

245 4603 531 4676 Sumptus
561 4601 808 4676 hospicii
841 4603 1051 4674 dignos
1082 4601 1317 4657 sibimet
1345 4600 1618 4673 reparari.

244 4694 362 4749 "ac
394 4691 537 4749 moti
571 4692 728 4748 fama
759 4695 1050 4748 nostrates
1082 4690 1432 4757 desiderata,

240 4781 467 4838 Atiootu
499 4781 693 4837 cordis
724 4780 1060 4855 gaudebant
1092 4779 1385 4851 interioris
1415 4780 1502 4848 ³³⁷,

311 4870 477 4926 Vers.
514 4871 672 4925 1182.

1930 1974 1978 2036 Β

1973 2142 1980 2149 -
2014 2109 2198 2175 Sexu;
2232 2125 2337 2163 nec
2368 2107 2467 2162 vili
2501 2108 2716 2163 debent
2748 2124 3015 2163 sermone
3048 2107 3282 2176 revolvi,

2003 684 2165 751 Quod
2198 684 2361 756 prius
2391 684 2651 739 absentis
2683 701 2862 740 causa
2893 684 3150 740 tulerant
3176 684 3459 753 senioris,

2004 774 2086 829 Ex
2116 773 2313 829 animo
2345 773 2723 845 deponentes,
2758 773 3156 829 communiter
3187 790 3404 829 omnes

2003 861 2254 916 Causam
2286 860 2504 916 lasticia:
2532 862 2827 917 duxerunt
2856 879 2985 918 esse
3016 880 3331 935 supremm,

2008 951 2063 1005 Si
2100 955 2230 1022 post
2263 968 2581 1022 paucorum
2614 952 2972 1007 meruissent
3002 969 3139 1023 ergo
3173 951 3407 1008 dierum

2007 1040 2248 1107 Cursus,
2284 1039 2557 1111 promissi
2585 1039 2753 1110 jaxta
2783 1040 3074 1112 praeconia
3104 1040 3223 1095 lceti
3258 1042 3348 1109 ’3“,

2401 1127 2617 1199 (Versus
2638 1128 2875 1198 plurimi
2904 1128 3274 1197 acciderunt.)

2012 1218 2188 1289 /Eque
2214 1218 2328 1287 (71)
2361 1216 2550 1272 ferens
2582 1217 2694 1289 ('72)
2727 1222 3022 1288 sceptrum
3046 1218 3257 1289 capitis
3280 1217 3702 1289 diademaque

2709 1306 3051 1380 [pulchrum
3085 1308 3208 1379 (An.
3238 1308 3369 1361 962.
3407 1307 3579 1363 Febr.
3616 1310 3702 1379 2.)

2010 1398 2197 1467 Atque
2228 1396 2319 1452 sui
2350 1396 2548 1451 cultus
2578 1413 2785 1452 omnes
2816 1396 3043 1468 regales
3071 1396 3351 1466 amictus,

2012 1486 2263 1541 Ornatus
2295 1487 2396 1541 sed
2430 1485 2671 1557 majoris
2700 1487 2767 1520 ²³⁹
2798 1486 3058 1558 suscepit
3087 1485 3332 1542 honoris

2010 1577 2273 1648 Augusto
2306 1591 2538 1631 summo
2570 1575 2786 1647 pariter
2820 1591 2954 1631 mox
2985 1574 3436 1631 conbenedicta.

2015 1663 2305 1719 Hactenus
2336 1663 2595 1719 Oddonis
2628 1662 2837 1719 famosi
2870 1663 3122 1736 denique
3154 1664 3310 1735 regis

2012 1752 2206 1820 Gesta,
2242 1752 2376 1808 licet
2406 1752 2568 1807 tenui
2602 1752 2771 1807 Musa
2796 1751 2980 1807 cecini
3015 1750 3400 1808 modulanda.

2012 1842 2177 1897 Nunc
2211 1841 2520 1897 scribenda
2550 1841 2787 1913 quidem
2818 1844 3107 1909 constant,
3125 1858 3253 1913 qua:
3276 1841 3502 1899 fecerat
3526 1843 3697 1899 idem

2012 1932 2314 2003 Augustus
2348 1930 2563 1985 solium
2593 1930 2853 1986 retinens
2886 1930 2944 1984 in
2975 1930 3187 1986 vertice
3218 1947 3458 2000 rerum;

2013 2021 2273 2091 Tangere
2303 2036 2430 2091 quea
2460 2036 2681 2087 vereor,
2716 2018 2815 2091 qui
2849 2019 3095 2075 femineo
3135 2020 3499 2091 prohibebor

2014 2196 2273 2262 Qualiter
2302 2196 2498 2252 invicti
2530 2198 2676 2253 duro
2708 2195 3029 2252 luctamine
3060 2195 3198 2251 belli

2013 2285 2281 2341 Obtinuit
2310 2290 2645 2341 constructa
2676 2284 2819 2341 locis
2851 2284 3089 2341 castella
3120 2286 3368 2342 marinis
3401 2287 3689 2361 (an.963),

2014 2376 2146 2440 Qum
2179 2374 2549 2447 Boringarius
2581 2376 2837 2447 conjunx
2867 2375 3129 2447 possedit
3157 2380 3215 2430 et
3244 2376 3399 2447 ejus,

2011 2465 2089 2518 Ac
2124 2463 2313 2529 illum,
2338 2465 2679 2535 juramento
2710 2467 2953 2536 cogente
2984 2468 3241 2535 peracto,

2015 2551 2176 2607 Misit
2207 2552 2265 2606 in
2285 2551 2522 2608 exilium
2540 2552 2759 2609 misera
2773 2569 2907 2607 cum
2926 2554 3174 2626 conjuge
3189 2553 3373 2610 Wiila
3385 2557 3683 2629 ((132964);

2014 2641 2272 2707 Qualiter
2300 2645 2358 2696 et
2388 2642 2529 2697 recti
2552 2646 2921 2714 conpunctus
2950 2641 3219 2698 acumine
3246 2642 3355 2698 zeli

2014 2730 2326 2785 Summum
2356 2731 2714 2803 pontificem,
2737 2731 3003 2804 qumdam
3034 2748 3304 2804 perversa
3334 2737 3681 2806 patrantem

2014 2820 2154 2891 Ejus
2182 2836 2285 2875 nec
2319 2819 2560 2875 monitis
2590 2819 2930 2892 dignantem
2961 2820 3163 2877 cedere
3194 2822 3437 2892 crebris,

2016 2908 2182 2963 Sedis
2213 2908 2543 2981 apostolicae
2578 2909 2837 2965 fraudari
2868 2910 3002 2965 fecit
3029 2909 3268 2979 honore,

2015 2997 2391 3053 Constituens
2420 2997 2624 3067 alium,
2659 2999 2902 3054 rectoris
2934 2999 3172 3055 nomine
3201 3000 3481 3072 dignum;

2014 3085 2273 3152 Qualiter
2303 3091 2360 3142 et
2382 3103 2559 3159 regno
2592 3087 2908 3159 tranquilla
2939 3104 3079 3160 pace
3109 3088 3307 3160 quieto

2013 3174 2314 3231 Nostrates
2336 3177 2558 3245 adiens,
2580 3174 2698 3231 illic
2719 3176 3051 3249 iterumque
3074 3182 3368 3233 revertens
3387 3178 3666 3251 ((112966),

2014 3263 2248 3320 Necnon
2281 3266 2588 3321 amborum
2620 3264 2879 3321 retinens
2905 3266 3084 3321 decus
3116 3265 3518 3338 imperiorum,

1935 3344 1978 3411 C
2021 3352 2210 3426 Ipsius
2241 3353 2462 3425 prolem
2495 3359 2629 3426 post
2659 3352 2827 3409 illum
2851 3354 2978 3426 jam
3010 3354 3359 3424 venientem,

2012 3442 2244 3499 Scilicet
2273 3443 2595 3513 Oddonem,
2629 3442 2879 3499 nutricis
2910 3443 3188 3500 ab‘uberc
3218 3460 3434 3517 regem,

2009 3532 2095 3586 Ad
2144 3531 2331 3587 fasces
2389 3531 2720 3605 augustalis
2772 3532 3033 3605 provexit
3087 3532 3330 3589 honoris
3384 3536 3501 3604 (an.
3532 3532 3665 3588 967.

3366 3624 3510 3696 [Dec.
3542 3624 3663 3692 25.)

2011 3709 2403 3783 Exemploque
2434 3711 2528 3768 sui
2556 3710 2731 3785 digne
2760 3711 2896 3768 fecit
2924 3710 3211 3768 benedici.

2014 3800 2141 3855 llaec
2173 3800 2354 3872 igitur
2383 3801 2603 3857 nostris
2633 3805 2935 3873 nequeunt
2963 3800 3241 3873 cxponier
3278 3802 3449 3872 orsis,

2012 3888 2123 3943 Sed
2159 3894 2431 3960 quaerunt
2460 3890 2671 3946 seriem
2704 3890 2876 3963 longe
2907 3888 3020 3946 sibi
3051 3888 3422 3947 nobiliorem.

2011 3977 2155 4032 llinc
2186 3993 2291 4049 ego
2316 3980 2403 4047 κο,
2425 3983 2725 4034 tantarum
2742 3978 3088 4051 prohibente
3104 3980 3418 4052 gravedine
3439 3995 3657 4048 rerum,

2010 4065 2173 4122 Ultra
2203 4083 2317 4122 non
2349 4067 2561 4136 tendo;
2594 4067 2773 4123 tinem
2805 4066 2905 4123 sed
2937 4067 3175 4139 provide
3197 4084 3372 4140 pono,

2010 4155 2144 4211 Post
2175 4155 2297 4212 haec
2328 4156 2559 4230 incepto
2591 4172 2663 4212 ne
2695 4156 3082 4212 succumbam
3114 4155 3269 4213 male
3298 4156 3470 4215 victa.

2011 4244 2110 4301 llis
2139 4245 2222 4301 ita
2251 4246 2436 4303 finitis
2461 4251 2519 4302 et
2550 4245 2898 4302 summatim
2932 4244 3250 4318 replicatis,

2009 4336 2110 4391 Est
2138 4335 2346 4408 ingens
2376 4335 2529 4409 regis
2561 4335 2748 4408 pietas
2779 4335 3001 4392 oranda
3032 4336 3329 4408 perennis,

2007 4426 2131 4488 Qua
2161 4423 2295 4496 pius
2325 4428 2607 4497 augustos
2636 4425 2700 4458 ’“
2734 4428 2968 4497 praestet
2995 4423 3283 4480 deducere
3316 4426 3668 4494 nosti-0303)

2010 4513 2291 4569 instantis
2321 4512 2449 4568 vita:
2482 4517 2717 4586 tempus
2749 4512 2992 4570 feliciter
3021 4528 3216 4585 omne,

2008 4603 2079 4658 Et
2108 4600 2286 4657 fultos
2318 4618 2549 4675 semper
2579 4601 2806 4659 cunctis
2838 4602 2911 4658 ad
2942 4606 3073 4658 vota
3102 4601 3404 4670 secundis,

1930 4717 1977 4781 D
2007 4690 2276 4747 Ecclesiae
2309 4690 2528 4747 multos
2558 4691 2830 4747 custodes
2860 4695 3047 4747 servet
3066 4691 3125 4745 in
3158 4707 3366 4760 annos,

2009 4780 2187 4838 Nobis
2211 4780 2472 4836 solamen
2505 4781 2712 4837 dantes
2735 4779 3100 4837 clementius.
3133 4782 3339 4837 Amen.

2079 4870 2244 4927 Vers.
2279 4871 2435 4925 1517.

1597 4964 1839 5023 VARI/E
1879 4968 2301 5025 LECTIONES.

312 5041 381 5113 ²ί³⁴
410 5042 487 5096 ita
520 5039 913 5113 1.7deceptum
943 5039 1109 5113 Ccltes
1138 5038 1361 5111 scripsit
1389 5036 1539 5093 bene.
1579 5038 1685 5113 ff“
1713 5040 1843 5113 ﬁnis
1881 5042 2009 5113 folii
2056 5043 2179 5096 148.
2216 5041 2510 5108 Quatemio

243 5112 369 5180 954,
403 5113 530 5181 955,
564 5112 672 5164 956
699 5109 882 5182 ct'957
929 5111 1210 5182 descriptis
1250 5109 1671 5182 erantremeidit
1717 5109 1914 5182 (igitur
1959 5114 2066 5168 388
2113 5115 2332 5167 circiter
2376 5109 2605 5182 versus).

2635 5041 2876 5113 eximus,
2910 5056 3013 5113 quo
3068 5056 3155 5095 res
3212 5056 3489 5113 annorum
3520 5037 3662 5113 953,

2683 5111 2750 5147 ³³⁸
2782 5110 3055 5184 posterga
3088 5112 3136 5165 1.
3214 5112 3280 5146 ³³⁷
3313 5113 3389 5167 ita
3424 5114 3481 5165 2.
3516 5110 3666 5165 inte-

244 5179 427 5239 riores
460 5179 522 5256 1.
587 5182 653 5215 ³³⁸
684 5183 721 5236 i.
747 5180 979 5256 calenti;
1013 5179 1221 5238 scilicet
1250 5179 1571 5256 Li'uitutfum
1601 5179 1857 5256 revisere,
1892 5186 1987 5256 qui
2016 5192 2193 5240 tamen
2225 5184 2315 5239 die
2342 5184 2378 5237 6
2407 5183 2546 5255 Sept.
2567 5179 2702 5256 :ejus
2734 5179 2873 5238 anni
2902 5179 3055 5239 obiit.
3089 5184 3242 5256 [fine
3267 5184 3407 5256 folig
3448 5184 3671 5239 circiter

241 5269 359 5326 sex,
386 5252 476 5326 μυσὶ
508 5267 694 5308 versus
720 5253 847 5326 290,
880 5267 966 5306 res
996 5268 1269 5326 annorum
1296 5253 1580 5326 957_,_958,
1615 5253 1741 5326 959,
1773 5252 2029 5326 960,961
2065 5262 2117 5311 et
2144 5256 2251 5309 962
2297 5252 2485 5326 usque
2510 5254 2580 5309 ad
2608 5252 3059 5311 'corronationem
3108 5252 3317 5310 Ottonis
3365 5255 3669 5310 Romanam

241 5322 948 5399 exhibentes,_cxcidcrunt.
982 5323 1357 5399 —-_Lacunam
1388 5322 1477 5379 hic
1501 5325 1674 5380 sensit
1702 5322 1932 5384 Reuber.
2007 5328 2076 5361 ¹³⁹
2108 5322 2388 5399 majores
2408 5342 2551 5381 corr.
2587 5326 2828 5398 majoris
2860 5327 2910 5381 1.

243 5398 307 5432 ²⁴¹
340 5399 419 5453 ita
444 5395 693 5465 corrigo;
723 5397 1013 5464 angustus
1046 5395 1096 5449 1.

3014 5326 3082 5360 ²⁴⁰
3112 5341 3249 5397 ergo
3298 5341 3441 5382 corr.
3475 5341 3585 5397 ego
3615 5326 3666 5380 1.

1829 5467 2063 5526 NOTAE.

312 5558 426 5627 (69)
453 5554 762 5613 Conclusio
792 5552 1102 5627 legationis
1121 5556 1216 5627 vel
1250 5554 1506 5626 epistola:
1541 5554 1794 5613 Liudulfi
1815 5557 1892 5613 vi-

241 5624 440 5697 ctoris,
465 5645 533 5700 ea
556 5624 961 5700 Logonbardia
984 5626 1133 5700 patri
1160 5624 1374 5700 missa},
1390 5628 1561 5698 cujus
1582 5644 1889 5700 argumeno

242 5701 369 5754 tum
401 5696 469 5754 ex
501 5696 731 5754 Ottonis
761 5711 1044 5754 resoonso
1070 5696 1293 5753 discere
1324 5696 1477 5752 licet'.

317 5772 431 5844 (70)
464 5768 693 5826 Ottonis
726 5774 781 5825 et
813 5765 1176 5825 Mahthildis.

2075 5562 2192 5629 (71)
2226 5560 2404 5629 )Eque
2437 5574 2502 5614 ac
2536 5557 2691 5614 Otto.

2076 5562 2192 5700 (71g
2226 5562 2404 5685 lquue
2437 5574 2502 5614 ac
2536 5562 2691 5614 Otto.
2761 5629 2769 5639 .
2823 5629 2833 5641 η
3353 5624 3361 5632 υ

2076 5634 2170 5702 (72
2224 5632 2317 5702 Sci
2344 5634 2459 5685 lcet
2489 5629 2869 5702 (Ethelheidis
2903 5646 3021 5686 una
3053 5645 3187 5685 cum
3219 5628 3431 5685 Ottone
3469 5629 3671 5685 Romae

2007 5701 2295 5757 imperiali
2330 5717 2544 5757 corona
2574 5701 2865 5757 redimita.

2082 5724 2089 5757 ι
2135 5719 2295 5757 eriau
2330 5719 2544 5757 corona
2574 5719 2750 5755 reaim

2082 5719 2193 5849 83)
2226 5771 2460 5830 Scilicet
2490 5771 2750 5831 Ottones.
