3904 6392
184 389 333 452 1171

1164 388 1267 448 AD
1312 386 1573 448 orem
1617 336 2146 445 unorsuan
2188 382 2607 442 APPENDIX.

3444 383 3602 446 H72

182 521 529 598 dignitatem
579 521 795 588 oblata,
828 521 1124 593 suscipere
1174 519 1501 587 recusavit;
1536 521 1593 573 et
1631 520 1835 572 contra
1861 515 1917 584 Α
1948 515 2125 571 simul
2156 516 2352 571 cibum
2386 514 2897 593 capiebant,simul
2923 514 3509 589 quiescebant,sin‘.ul
3531 519 3602 575 ad

176 612 537 668 voluntatem
572 611 682 667 sibi
716 610 1195 683 imposita,anxie
1221 607 1838 681 ingemuit,vchcmen-

177 706 267 757 ter
298 702 472 757 flevit.
507 699 783 756 Ecclesiis
807 699 1042 766 Christi,
1070 698 1207 771 quia
1231 699 1384 771 quod
1410 696 1837 766 voluit,jugitcr

179 808 293 845 non
328 790 511 857 licuit,
545 788 633 844 vel
666 789 1033 861 frequentius
1068 788 1368 855 interesse,
1404 792 1459 841 et
1493 786 1569 840 ibi
1612 785 1834 857 aliquid

179 897 297 934 sum.
331 878 603 933 utilitatis
635 878 859 946 audire,
885 883 941 932 et
971 877 1220 931 orationi
1256 876 1595 931 incumbere
1628 875 1840 947 gaude-

178 968 300 1022 bat.
327 966 577 1021 Litteras
610 966 842 1033 vcro,ad
867 982 1015 1037 quas
1038 964 1134 1018 alii
1164 964 1475 1018 discendus
1498 961 1839 1016 verberibus

181 1059 492 1129 coguntur,
510 1055 637 1126 ipsa
659 1054 926 1109 ultroneo
949 1054 1144 1107 studio
1169 1051 1430 1124 appetiit,
1449 1050 1841 1123 infatigabuu-

184 1146 260 1199 da
286 1143 665 1199 meditatione
699 1143 1004 1198 addidicit.

253 1235 339 1289 Ab
370 1232 500 1305 ipsa
530 1232 746 1304 quippe
774 1231 1020 1287 infantia
1051 1247 1281 1285 morum
1325 1247 1522 1285 secum
1578 1229 1839 1301 probitas

184 1324 382 1389 crevit,
415 1325 471 1378 et
501 1320 678 1377 simul
710 1338 845 1376 cum
876 1322 1068 1375 aetatis
1098 1324 1588 1387 succrcmento,et
1616 1318 1843 1373 virtuti-

183 1413 297 1468 bus
327 1430 389 1468 so
415 1411 544 1483 ipsa
572 1410 833 1483 quotidie
858 1411 1045 1481 major
1065 1409 1471 1465 eﬂ‘ulsit.Nam
1497 1426 1631 1463 cum
1654 1409 1841 1464 mtatis

184 1517 461 1574 processu
494 1499 875 1572 sapientia,et
896 1499 1085 1573 gratia
1106 1498 1260 1571 apud
1285 1499 1469 1553 Deum
1492 1503 1550 1554 et
1571 1498 1841 1554 homines

184 1589 516 1663 proficiens,
550 1588 851 1644 servitium
886 1587 1100 1643 Christi
1133 1588 1366 1659 pompis
1412 1586 1837 1654 mundialibus,

184 1679 479 1736 ccelestcm
510 1694 795 1750 sponsum
826 1677 1150 1744 Christum,
1185 1682 1414 1732 terreno
1447 1694 1664 1749 sponso
1697 1694 1840 1749 pra:-

185 1767 356 1835 tulit;
392 1766 645 1838 denique
678 1765 1042 1838 fulgentibus
1073 1770 1383 1838 parentum
1410 1767 1579 1821 tectis
1600 1766 1841 1823 ancilla-

1945 606 2257 662 canonicos
2291 624 2501 661 cursus
2533 605 2737 661 orandi
2772 606 2915 661 hora
2945 608 3385 677 conveniebant,
3418 609 3601 666 simul

1947 696 2329 769 egredientes,
2382 697 2537 768 quod
2597 697 2960 768 operandam
3009 701 3136 751 erat
3183 700 3601 770 operabantur.

1947 786 2199 841 Cellulas
2232 788 2387 840 intra
2436 785 2761 839 claustrum
2812 786 3077 857 proprias
3124 791 3225 842 aut
3272 788 3604 845 servitriccs

1948 875 2094 931 nulli
2127 876 2343 931 habere
2373 876 2605 930 licebat.
2640 876 2817 929 Extra
2848 874 2905 929 in
2944 874 3148 930 villula
3197 877 3325 932 ideo
3369 878 3608 933 habita-

1949 965 2260 1037 bant,quia
2291 966 2539 1019 necdum
2561 965 2645 1019 eis
2667 982 2733 1019 ex
2762 967 2926 1036 parte
2950 964 3156 1020 matris
3177 965 3463 1039 spiritalis
3483 984 3608 1023 ves-

1948 1056 2197 1109 timcnta
2228 1058 2465 1127 propter
2498 1071 2693 1108 rerum
2744 1052 3224 1109 insufticientiam
3273 1055 3602 1125 (labantur;

1950 1144 2399 1217 pauperioribus
2429 1162 2556 1215 quae
2596 1142 2833 1197 aliunde
2881 1143 3099 1199 habere
3143 1162 3257 1199 non
3311 1150 3601 1217 poterant,

1949 1234 2079 1306 ipsa
2110 1233 2537 1287 ministravit.A
2557 1231 2696 1287 viris
2730 1236 2891 1287 tanta
2919 1234 3205 1305 separatio
3234 1239 3377 1301 erat,
3402 1240 3472 1290 ut
3503 1254 3604 1292 nec

1950 1322 2274 1395 presbyteri
2306 1321 2567 1394 quidem,
2602 1320 2714 1376 nisi
2746 1320 3107 1378 infirmitatis
3148 1324 3473 1381 necessitas
3504 1342 3604 1397 po-

1951 1412 2256 1486 poscisset,
2291 1411 2614 1466 claustrum
2647 1427 2849 1466 earum
2884 1410 3347 1483 ingrederentur,
3380 1417 3485 1469 aut
3503 1414 3606 1469 ali-

1951 1519 2066 1574 qua
2082 1499 2448 1556 rationabilis
2460 1500 2786 1555 secundum
2799 1500 2973 1555 ofﬁcii
2988 1518 3189 1557 eorum
3209 1501 3605 1559 ministerium

1951 1607 2130 1646 causa
2160 1589 2593 1663 postulavisset.
2618 1589 2748 1644 llzec
2779 1592 2919 1645 sunt
2946 1606 3072 1662 qua:
3096 1590 3181 1646 eis
3207 1591 3325 1648 fere
3346 1608 3609 1648 commu-

1951 1678 2051 1734 nia
2082 1694 2214 1733 cum
2249 1676 2472 1733 caeteris
2506 1677 2683 1732 fuere.

2606 1782 2839 1839 CAPUT
2882 1784 2951 1839 Il.

186 1874 319 1913 rum
343 1856 442 1911 Dei
468 1856 922 1911 contubernium
956 1860 1337 1928 anteponens,
1373 1873 1505 1911 cum
1539 1860 1773 1928 parente

2017 1873 2308 1956 ztltumodxe
2348 1874 2477 1955 .vita
2496 1874 2859 1956 “communis,
2900 1872 3160 1956 ηιοάβδείᾳ
3220 1876 3282 1956 in
3335 1892 3603 1956 germane,

186 1945 484 2001 voluntate
515 1962 679 1999 sacro
709 1944 996 2000 velamine
1026 1949 1449 2012 conscerata,et
1469 1946 1839 2001 Hcrfordcnsi

189 2034 565 2101 monasterio,
601 2034 755 2105 quod
790 2050 855 2089 eo
889 2037 1150 2106 tempore
1193 2034 1250 2088 in
1301 2033 1840 2089 sanctimonialium

188 2123 426 2179 nomine
454 2121 919 2178 famosissimum
952 2128 1095 2191 erat,
1120 2123 1232 2177 sub
1256 2122 1505 2195 regulari
1530 2122 1844 2195 disciplina

187 2212 503 2268 nutrienda
517 2210 862 2283 aliquandiu
885 2212 1296 2266 commendata
1318 2216 1423 2266 est.
1441 2214 1622 2277 Quem
1647 2211 1840 2267 locum

188 2302 463 2372 deinceps
494 2304 718 2372 quanta
758 2299 1042 2354 charitate
1090 2299 1375 2368 dilexerit,
1409 2305 1629 2371 quanta
1680 2318 1842 2356 reve-

187 2388 377 2446 rentia
406 2389 652 2461 dignum
678 2387 1052 2459 judicaverit,
1087 2405 1202 2443 non
1237 2388 1403 2443 facile
1433 2390 1626 2445 verbis
1658 2390 1845 2461 expli-

186 2494 320 2533 care
346 2477 633 2533 valemus.
666 2478 811 2532 Nam
845 2492 978 2531 cum
1011 2475 1359 2548 plerumque
1390 2494 1524 2531 cum
1546 2478 1845 2534 familiari-

186 2568 299 2623 bus
332 2566 457 2622 suis
486 2566 753 2638 loquens,
788 2567 916 2637 ejus
945 2564 1055 2620 loci
1092 2566 1446 2622 mentionem
1485 2567 1734 2635 fecisset,
1764 2568 1842 2624 fe-

184 2656 357 2712 licem
392 2673 453 2711 se
486 2656 603 2711 fore
636 2653 1175 2720 dicebat,siiterum
1201 2654 1310 2709 sub
1334 2655 1644 2712 abbatissa:
1668 2656 1845 2728 impc-

185 2746 272 2801 rio
303 2745 387 2801 eis
417 2746 697 2800 interesse
721 2748 1075 2811 mereretur;
1102 2743 1441 2813 feliciorem,
1465 2745 1514 2800 si
1537 2763 1841 2818 nunquam

185 2835 324 2891 inde
357 2833 724 2890 avelleretur.
750 2832 1188 2888 Recordabatur
1209 2834 1424 2905 quippe
1450 2835 1626 2890 facies
1649 2840 1706 2890 et
1727 2836 1845 2890 vul-

183 2927 282 2979 tus
309 2922 764 2995 singularum,et
793 2923 1059 2977 omnium
1082 2939 1275 2979 mores
1300 2929 1433 2979 ante
1459 2924 1660 2982 oculos
1684 2943 1843 2982 revo-

188 3013 388 3079 cabat;
412 3011 593 3083 hujus
611 3010 1115 3081 charitatem,ejus
1132 3012 1839 3085 humilitatemlaudabat;

188 3101 349 3156 illam
400 3099 731 3156 obcdientia
779 3100 1002 3170 praeire,
1038 3100 1189 3154 hanc
1238 3102 1518 3172 patientia
1569 3108 1843 3175 praestare

186 3189 448 3256 dicebat;
482 3188 541 3243 in
576 3206 693 3243 una
721 3188 1074 3259 largitatem,
1111 3188 1170 3242 in
1203 3188 1386 3243 altera
1418 3190 1836 3246 abstinentiam

2024 1948 2189 2012 victu,
2222 1946 2436 2000 vestitu.
2488 1943 2744 1999 Stwtium
2792 1946 3076 2014 orationis,
3120 1945 3449 2017 benignitas,
3482 1947 3606 2003 cha-

2024 2019 2179 2084 ritas,
2214 2025 2312 2072 etc.

2025 2122 2328 2197 Siquidem
2362 2122 2472 2177 ista
2503 2121 2699 2177 omnia
2731 2139 2845 2177 non
2880 2122 3069 2178 solum
3112 2123 3474 2197 adimplcvit,
3508 2128 3603 2183 sed

1954 2215 2130 2270 etiam
2164 2212 2526 2283 superauxit.
2553 2212 2699 2266 Nam
2724 2211 2806 2266 ita
2829 2229 3204 2268 communem
3227 2230 3363 2269 cum
3385 2216 3606 2271 caeteris

1952 2304 2132 2358 vitam
2166 2307 2223 2357 et
2251 2301 2471 2355 victum
2504 2300 2777 2367 habebat,
2804 2304 2888 2366 ut,
2914 2318 3050 2356 cum
3082 2302 3275 2358 carnis
3296 2319 3467 2359 csum
3495 2322 3605 2360 cer-

1953 2393 2031 2449 tis
2060 2392 2289 2457 diebus,
2310 2394 2368 2445 et
2390 2388 2630 2445 statutis
2652 2390 3017 2462 temporibus
3041 2390 3186 2463 ipsis
3207 2409 3323 2447 non
3346 2399 3602 2466 negaret,

1955 2481 2066 2537 sibi
2100 2498 2215 2537 non
2249 2479 2611 2551 indulgeret;
2644 2478 2729 2533 ita
2754 2478 3122 2535 consimilem
3146 2480 3419 2537 habitum
3442 2483 3607 2538 habe-

1954 2571 2075 2639 bat,
2111 2573 2195 2637 ut,
2230 2586 2364 2625 cum
2398 2586 2430 2623 a
2459 2568 2646 2623 laneis
2680 2567 2842 2639 (cod.,
2866 2567 3056 2639 lineis)
3081 2569 3151 2624 ad
3177 2586 3415 2625 carnem
3436 2572 3604 2627 vesti-

1954 2659 2192 2728 mentis,
2208 2660 2255 2713 si
2281 2676 2408 2730 qua:
2430 2657 2539 2712 hoc
2559 2656 2790 2723 vellent,
2811 2656 2956 2713 alias
2978 2658 3353 2731 arceret,ipsa
3374 2660 3602 2716 laneum

1954 2748 2215 2804 haberet.
2250 2748 2424 2802 Porro
2456 2763 2590 2801 cum
2623 2745 2957 2818 hospitibus
2988 2747 3100 2802 nisi
3132 2747 3190 2802 in
3223 2747 3473 2804 ecclesia
3494 2767 3602 2805 non

1952 2837 2321 2909 loquebatur,
2356 2835 2468 2889 nisi
2503 2835 2649 2889 forte
2679 2834 3066 2891 humanitatis
3098 2836 3285 2907 gratia
3325 2853 3469 2892 cum
3518 2837 3602 2893 his

1953 2925 2287 2981 refectionis
2308 2928 2567 2994 tempore
2586 2940 2714 2978 eam
2738 2940 2866 2979 esse
2887 2923 3263 2995 postulasset.
3288 2927 3376 2981 Ad
3402 2943 3600 2999 paren-

1952 3018 2061 3082 tes,
2097 3017 2199 3068 aut
2228 3010 2632 3084 possessiones
2680 3012 2978 3081 subjectas
3025 3030 3358 3086 nunquam,
3393 3032 3461 3070 ex
3492 3033 3597 3088 quo

1952 3102 2092 3158 illuc
2120 3102 2297 3168 venit,
2331 3118 2565 3172 egressa
2595 3104 2716 3167 est;
2742 3105 2905 3155 extra
2936 3104 3367 3159 monasterium
3394 3123 3505 3160 non
3527 3104 3599 3159 di-

1950 3208 2080 3247 cam
2111 3207 2245 3245 cum
2276 3190 2419 3256 viro,
2454 3189 2557 3243 sed
2588 3206 2721 3243 cum
2756 3187 2914 3243 nullo
2937 3206 3179 3260 prorsus
3200 3193 3593 3261 comedit;in-

185 3278 545 3344 mirabatur;
579 3276 845 3331 omnium
875 3291 1008 3330 vero
1042 3276 1100 3330 in
1132 3277 1430 3331 communi
1462 3277 1833 3348 modestiam,
1866 3257 1911 3327 α
1949 3284 2041 3335 tra
2071 3277 2515 3345 monasterium,
2549 3276 2683 3332 licet
2710 3277 2821 3332 hoc
2852 3276 3072 3344 liceret,
3097 3295 3213 3333 non
3242 3279 3301 3334 in
3337 3281 3454 3337 alio
3483 3281 3595 3336 loco

182 3367 461 3439 pietatem
502 3368 679 3436 atque
728 3363 1075 3435 pudicitiam
1125 3364 1499 3436 praedicabat.
1534 3365 1639 3421 Ubi
1691 3367 1834 3424 dum

183 3453 619 3526 aliquandiu,ut
637 3451 1250 3519 diximus,instruendi
1268 3454 1457 3525 gratia
1473 3462 1837 3514 commorata

180 3543 472 3598 bonorum
500 3542 789 3607 omnium,
825 3546 1113 3612 quantum
1143 3542 1199 3597 in
1233 3542 1361 3613 ipsa
1402 3549 1572 3599 aetate
1620 3546 1831 3617 potuit,

179 3633 407 3687 cunctis
424 3630 757 3703 exemplum
782 3630 1379 3703 dedisset,postquam
1394 3639 1559 3705 pater
1575 3639 1631 3689 et
1650 3640 1837 3691 mater

179 3722 252 3776 do
284 3722 486 3787 Roma,
524 3736 638 3792 quo
669 3719 872 3775 orandi
908 3736 1087 3774 causa
1120 3718 1324 3788 ierant,
1349 3737 1482 3776 cum
1515 3723 1834 3794 apostolica

176 3809 583 3865 benedictione
613 3808 884 3881 regressi,
918 3812 975 3863 et
1012 3813 1213 3865 sancto
1266 3809 1431 3865 Petro
1483 3811 1833 3884 familiaeque

180 3897 364 3953 sancti
400 3897 550 3953 Petri
584 3914 719 3953 cum
741 3898 1016 3953 omnibus
1039 3898 1160 3953 suis
1185 3900 1833 3968 commendati,sancto-

179 4004 309 4041 rum
343 4003 586 4059 corpora
634 4003 797 4058 papa:
844 3986 1138 4041 Anastasii
1186 3992 1244 4042 et
1294 3987 1617 4043 Innocentii
1669 4008 1828 4062 papa:

177 4075 642 4141 transtulerunt;
676 4076 867 4129 denuo
900 4080 1165 4130 revocata
1196 4076 1254 4130 in
1287 4078 1826 4150 monasterio,quod

176 4164 236 4219 in
269 4163 503 4234 propria
529 4163 867 4218 haereditate
898 4164 1209 4218 fundatum
1242 4165 1490 4220 Domino
1520 4170 1576 4221 et
1605 4167 1826 4223 eisdem

176 4252 398 4309 sanctis
429 4250 820 4318 tradiderunt,
852 4268 987 4306 cum
1020 4252 1341 4324 apostolica
1372 4256 1740 4323 auctoritate,
1773 4262 1829 4312 et

175 4340 433 4413 epiSCOpi
459 4340 549 4395 sui
574 4339 976 4395 benedictione
999 4341 1189 4411 primo
1212 4343 1828 4413 paucioribus,deinde

175 4430 445 4502 pluribus
477 4429 779 4485 sororibus
809 4434 899 4485 est
927 4435 1113 4485 mater
1143 4430 1425 4503 spiritalis
1458 4437 1515 4488 et
1545 4433 1746 4502 electa,
1774 4440 1830 4491 et

174 4519 517 4574 constituta.
537 4518 644 4574 Ubi
678 4535 812 4574 cum
845 4520 1258 4575 consororibus
1281 4519 1405 4574 suis
1430 4526 1651 4593 quanta
1678 4529 1830 4595 post-

174 4608 416 4662 modum
449 4607 708 4680 corporis
760 4608 1047 4675 castitate,
1085 4613 1305 4679 quanta
1356 4610 1572 4665 mentis
1622 4612 1829 4668 vixerit
1860 4632 1906 4696 ί)

173 4698 502 4766 sanctitate,
538 4714 652 4752 non
684 4701 774 4751 est
803 4700 1014 4751 nostra:
1046 4696 1344 4752 facultatis
1376 4698 1653 4755 evolvere.

243 4785 587 4840 Communis
617 4786 883 4840 omnium
914 4785 1050 4852 vita,
1085 4787 1419 4841 communis
1451 4787 1827 4857 victus,habi-

170 4876 268 4928 tus
298 4873 623 4929 consimilis
653 4878 797 4941 erat,
834 4873 933 4946 qui
963 4879 1162 4931 tamen
1203 4876 1537 4944 mediocris,
1573 4895 1677 4934 nec
1728 4881 1821 4935 ni-

170 4962 360 5016 mium
392 4961 615 5018 scilicet
644 4962 858 5032 cultus,
894 4981 997 5018 nec
1029 4964 1346 5019 admodum
1375 4965 1725 5039 vilis,ncque
1756 4986 1824 5025 ex

171 5050 398 5121 integro
420 5049 625 5106 laneus
651 5056 796 5107 erat.
822 5054 1081 5119 Quarum
1106 5051 1269 5108 nulla
1295 5071 1429 5109 cum
1454 5058 1820 5128 parentibus,

168 5142 270 5193 aut
290 5136 651 5208 quibuslibet
672 5139 1006 5211 hospitibus
1028 5145 1129 5195 aut
1151 5141 1549 5197 manducabat
1576 5148 1678 5199 aut
1704 5146 1817 5201 nisi

168 5225 458 5298 permissa
488 5225 869 5297 loquebatur;
903 5229 1101 5284 nullus
1133 5230 1593 5303 cuiquam,quod
1620 5233 1823 5304 pleris-

167 5331 281 5385 que
314 5314 866 5369 sanctimonialibus
898 5334 1025 5371 mos
1057 5322 1165 5384 est,
1200 5323 1360 5373 extra
1398 5324 1819 5378 monasterium

165 5407 269 5457 aut
299 5403 369 5457 ad
402 5407 692 5474 parentes,
728 5407 831 5457 aut
863 5407 1265 5474 possessiones
1296 5408 1593 5479 subjectae
1625 5429 1819 5484 egres-

166 5507 269 5546 sus
290 5508 303 5557 ;
323 5495 484 5545 extra
501 5507 876 5545 communem
898 5493 1227 5549 refectionis
1245 5495 1419 5550 domu
1433 5514 1485 5550 m
1504 5498 1590 5553 vel
1617 5500 1816 5555 horam

167 5578 329 5632 nulla
359 5579 635 5649 cuiquam
670 5579 1065 5633 manducandi
1116 5581 1368 5650 licentia,
1406 5586 1516 5640 nisi
1560 5587 1817 5660 aliquam

165 5665 481 5721 infirmitas
514 5668 831 5737 coegisset;
870 5684 984 5721 uno
1016 5685 1219 5723 omnes
1251 5674 1581 5729 constitutae
1607 5676 1663 5731 in
1696 5677 1818 5733 loco

1946 3385 2127 3441 quam
2156 3366 2216 3421 in
2248 3366 2548 3421 communi
2572 3364 2875 3420 rcfectorio
2898 3366 3258 3423 manducare
3278 3370 3592 3426 consuevit.

1947 3459 2036 3512 Ita
2065 3473 2198 3512 cum
2231 3454 2453 3509 czeteris
2485 3455 2555 3509 ad
2577 3454 2883 3509 ecclesiam
2905 3454 3051 3510 hora
3070 3456 3274 3511 orandi
3298 3459 3593 3514 convenie-

1945 3547 2065 3614 bat,
2101 3549 2166 3600 ut
2195 3548 2296 3599 aut
2329 3544 2537 3616 prima,
2574 3548 2675 3598 aut
2706 3543 2860 3598 inter
2885 3544 3107 3616 primas
3128 3545 3592 3620 veniret,postre-

1946 3651 2044 3690 ma
2073 3634 2446 3707 egrederetur
2477 3649 2489 3687 :
2526 3632 2605 3687 ita
2637 3649 2771 3687 cum
2802 3632 3023 3687 caeteris
3063 3633 3122 3687 in
3169 3635 3377 3690 eadem
3430 3637 3592 3691 domo

1944 3722 2293 3788 dormiebat,
2327 3725 2392 3775 ut
2423 3720 2492 3775 ad
2528 3719 2743 3774 lectum
2776 3725 3073 3792 postrema
3094 3721 3339 3788 veniret,
3367 3722 3591 3778 delecto

1943 3812 2134 3884 prima
2164 3814 2447 3879 surgeret.
2464 3809 2803 3865 Servitrices
2824 3809 2976 3864 intra
2999 3811 3425 3867 monasterium
3449 3812 3592 3867 sicut

1942 3905 2180 3957 caeteras
2211 3900 2426 3954 habere
2453 3898 2659 3966 noluit,
2694 3899 2778 3953 sic
2810 3899 2939 3971 ipsa
2969 3915 3083 3954 non
3117 3899 3324 3955 habuit
3356 3917 3369 3955 :
3397 3901 3588 3956 stude-

1940 3990 2043 4044 bat
2074 4003 2327 4059 namque
2361 3991 2564 4042 sancta
2594 3991 2651 4041 et
2672 3986 2787 4041 Deo
2810 3986 3021 4042 dilecta
3044 3987 3586 4055 femina,sicutloco

1938 4077 2279 4145 excellebat,
2311 4076 2391 4131 ita
2421 4081 2478 4131 et
2507 4076 2625 4130 vita
2655 4080 2953 4147 praestare,
2987 4077 3261 4131 studebat
3300 4078 3457 4134 sicut
3486 4094 3584 4132 no-

1938 4168 2117 4236 mine,
2153 4165 2234 4221 ita
2266 4170 2323 4220 et
2346 4164 2572 4220 meritis
2602 4164 2913 4233 excellere;
2947 4169 3004 4219 et
3031 4165 3246 4220 idcirco
3277 4171 3586 4223 nocturna-

1938 4256 2023 4312 les
2047 4260 2257 4311 cautus
2280 4253 2614 4326 praevenire,
2633 4258 2765 4325 post
2786 4253 3164 4310 matutinales
3186 4253 3438 4328 hymnos
3456 4254 3583 4327 vigi-

1939 4345 2143 4410 larc,et
2154 4343 2324 4416 plura
2336 4342 2677 4413 hujusmodi
2693 4341 2808 4397 alia
2821 4359 3009 4414 agerc,
3027 4359 3152 4415 qua:
3166 4346 3376 4402 ceteris
3388 4345 3486 4400 ard
3497 4362 3579 4413 ua,

1939 4434 2051 4506 ipsi
2103 4436 2339 4505 propter
2384 4431 2875 4486 consuetudinem
2907 4435 2964 4485 et
2996 4431 3247 4487 nimium
3301 4433 3360 4488 in
3410 4433 3580 4489 Deum

1940 4538 2199 4578 amorem
2225 4521 2488 4592 jucunda
2518 4520 2859 4587 admodum,
2890 4523 2946 4573 et
2968 4537 3209 4591 prorsus
3233 4522 3425 4577 facilia
3443 4521 3582 4576 vide-

1939 4612 2173 4666 bantur.
2201 4609 2556 4664 Meminebat
2576 4609 2730 4679 quod
2755 4613 2897 4676 erat,
2925 4608 3284 4665 meminebat
3312 4611 3466 4683 quod
3496 4609 3580 4663 di—

1938 4699 2214 4765 cebatur;
2249 4697 2545 4769 cogitabat
2570 4714 2632 4752 se
2682 4702 2931 4753 matrem
2978 4702 3264 4766 vocatam,
3301 4698 3580 4773 cogitabat

1936 4804 1998 4843 se
2022 4787 2336 4842 abbatissa:
2360 4785 2595 4840 nomine
2621 4785 2864 4853 censeri,
2881 4784 3081 4840 etideo
3102 4787 3381 4857 prodesse
3402 4785 3577 4859 magis

1935 4893 2112 4948 quam
2147 4891 2396 4947 prazesse
2427 4874 2741 4947 gaudebat,
2777 4878 2833 4929 et
2862 4874 3048 4930 amari
3083 4874 3279 4946 potius
3308 4891 3481 4949 quam
3512 4873 3573 4928 ti-

1934 4964 2079 5020 meri
2111 4963 2404 5035 cupiebat.
2440 4962 2688 5019 Proinde
2719 4963 2983 5036 cogitans
3015 4980 3076 5019 se
3109 4981 3224 5019 non
3257 4968 3379 5020 tam
3405 4964 3574 5020 hono-

1933 5071 2055 5109 rem
2084 5069 2260 5125 quam
2293 5069 2442 5107 onus
2474 5052 2826 5124 suscepisse,
2851 5050 2999 5107 nulli
3021 5051 3341 5125 aliquando
3363 5051 3570 5125 aliquid

1931 5141 2235 5197 interdixit
2263 5140 2419 5213 quod
2449 5140 2579 5212 ipsa
2611 5141 2875 5210 fecisset;
2902 5140 3048 5196 nulli
3071 5141 3295 5213 aliquid
3319 5139 3571 5215 prmeepit

1931 5231 2087 5303 quod
2123 5230 2251 5302 ipsa
2283 5230 2447 5298 prius
2480 5248 2594 5285 non
2628 5230 3039 5301 adimplesset;
3074 5230 3154 5286 ita
3186 5232 3477 5301 subjectas
3506 5227 3569 5283 ad

1932 5321 2078 5376 bene
2112 5319 2405 5391 agendum
2440 5319 2611 5375 factis
2642 5320 2838 5392 potius
2870 5320 2995 5375 suis
3026 5324 3084 5375 et
3113 5320 3395 5392 exemplis
3434 5317 3569 5374 inci-

1930 5414 2085 5475 tans,
2120 5425 2298 5480 quam
2331 5408 2645 5481 disciplina
2675 5426 2911 5481 cogens.

2003 5498 2163 5553 'l‘alis
2195 5502 2318 5553 erat
2347 5514 2445 5553 ore
2493 5497 2687 5569 qualis
2736 5515 2942 5569 opere;
2979 5498 3115 5553 talis
3165 5516 3360 5571 opere,
3392 5494 3567 5570 qualis

1931 5606 2062 5655 ore;
2099 5587 2237 5659 quia
2270 5588 2425 5658 quod
2460 5586 2660 5641 docuit
2694 5588 2847 5655 fecit,
2880 5593 2937 5644 et
2977 5588 3132 5660 quod
3184 5589 3317 5643 fecit
3364 5583 3563 5642 docuit.

1930 5679 1999 5732 Et
2032 5677 2167 5749 quia
2200 5675 2393 5731 divina
2416 5676 2718 5747 Scriptura
2740 5676 3096 5747 quadrifarie
3120 5679 3383 5750 qumdam
3406 5677 3560 5738 vetat,
