  <div class='ocr_page' id='page_1' title='image "/cluster/home/n/w/nwhite01/storage/ocr_20150623/136-137/uc1.31175019686917/1269.png"; bbox 0 0 3904 6382; ppageno 0'>
   <div class='ocr_carea' id='block_1_1' title="bbox 317 394 475 485">
    <p class='ocr_par' dir='ltr' id='par_1_1' title="bbox 317 394 475 485">
     <span class='ocr_line' id='line_1_1' title="bbox 317 394 475 485; baseline -0.006 -1"><span class='ocrx_word' id='word_1_1' title='bbox 317 394 475 485; x_wconf 61' lang='grc' dir='ltr'><strong>ιίτδ</strong></span> 
     </span>
    </p>
   </div>
   <div class='ocr_carea' id='block_1_2' title="bbox 1326 414 2771 481">
    <p class='ocr_par' dir='ltr' id='par_1_2' title="bbox 1326 414 2771 481">
     <span class='ocr_line' id='line_1_2' title="bbox 1326 414 2771 481; baseline -0.004 0"><span class='ocrx_word' id='word_1_2' title='bbox 1326 420 1429 480; x_wconf 85' lang='lat' dir='ltr'><strong>AD</strong></span> <span class='ocrx_word' id='word_1_3' title='bbox 1475 417 1733 481; x_wconf 74' lang='lat' dir='ltr'><strong>OPEltA</strong></span> <span class='ocrx_word' id='word_1_4' title='bbox 1781 414 2309 476; x_wconf 66' lang='lat' dir='ltr'><strong>HROTSUITHAS</strong></span> <span class='ocrx_word' id='word_1_5' title='bbox 2352 415 2771 475; x_wconf 83' lang='lat' dir='ltr'><strong>APPENDIX.</strong></span> 
     </span>
    </p>
   </div>
   <div class='ocr_carea' id='block_1_3' title="bbox 3600 415 3745 477">
    <p class='ocr_par' dir='ltr' id='par_1_3' title="bbox 3600 415 3745 477">
     <span class='ocr_line' id='line_1_3' title="bbox 3600 415 3745 477; baseline 0.014 -2"><span class='ocrx_word' id='word_1_6' title='bbox 3600 415 3745 477; x_wconf 78' lang='lat' dir='ltr'><strong>H76</strong></span> 
     </span>
    </p>
   </div>
   <div class='ocr_carea' id='block_1_4' title="bbox 313 545 3747 629">
    <p class='ocr_par' dir='ltr' id='par_1_4' title="bbox 313 545 3747 629">
     <span class='ocr_line' id='line_1_4' title="bbox 313 545 3747 629; baseline -0.002 -15"><span class='ocrx_word' id='word_1_7' title='bbox 313 573 486 615; x_wconf 84' lang='lat' dir='ltr'><strong>suam</strong></span> <span class='ocrx_word' id='word_1_8' title='bbox 503 573 638 614; x_wconf 90' lang='lat' dir='ltr'><strong>cum</strong></span> <span class='ocrx_word' id='word_1_9' title='bbox 660 554 915 629; x_wconf 88' lang='lat' dir='ltr'><strong>quodam</strong></span> <span class='ocrx_word' id='word_1_10' title='bbox 940 552 1322 610; x_wconf 78' lang='lat' dir='ltr'><strong>familiarium</strong></span> <span class='ocrx_word' id='word_1_11' title='bbox 1347 567 1590 607; x_wconf 89' lang='lat' dir='ltr'><strong>suorum</strong></span> <span class='ocrx_word' id='word_1_12' title='bbox 1614 548 1972 621; x_wconf 82' lang='lat' dir='ltr'><strong>loqueretur,</strong></span> <span class='ocrx_word' id='word_1_13' title='bbox 2004 548 2060 614; x_wconf 83' lang='grc' dir='ltr'><strong>Α</strong></span> <span class='ocrx_word' id='word_1_14' title='bbox 2090 547 2274 615; x_wconf 88' lang='lat' dir='ltr'><strong>rebat,</strong></span> <span class='ocrx_word' id='word_1_15' title='bbox 2308 546 2578 603; x_wconf 81' lang='lat' dir='ltr'><strong>similiter</strong></span> <span class='ocrx_word' id='word_1_16' title='bbox 2624 545 3123 620; x_wconf 70' lang='lat' dir='ltr'><strong>interpretaretur,</strong></span> <span class='ocrx_word' id='word_1_17' title='bbox 3155 545 3326 621; x_wconf 91' lang='lat' dir='ltr'><strong>longe</strong></span> <span class='ocrx_word' id='word_1_18' title='bbox 3381 552 3587 605; x_wconf 88' lang='lat' dir='ltr'><strong>tamen</strong></span> <span class='ocrx_word' id='word_1_19' title='bbox 3642 549 3747 606; x_wconf 90' lang='lat' dir='ltr'><strong>sibi</strong></span> 
     </span>
    </p>
   </div>
   <div class='ocr_carea' id='block_1_5' title="bbox 282 634 1973 714">
    <p class='ocr_par' dir='ltr' id='par_1_5' title="bbox 282 634 1973 714">
     <span class='ocr_line' id='line_1_5' title="bbox 282 634 1973 714; baseline -0.009 -11"><span class='ocrx_word' id='word_1_20' title='bbox 282 640 470 703; x_wconf 21' lang='lat' dir='ltr'><strong>linter</strong></span> <span class='ocrx_word' id='word_1_21' title='bbox 530 642 846 700; x_wconf 88' lang='lat' dir='ltr'><strong>familiaria</strong></span> <span class='ocrx_word' id='word_1_22' title='bbox 891 659 1019 714; x_wconf 67' lang='lat' dir='ltr'><strong>qua:</strong></span> <span class='ocrx_word' id='word_1_23' title='bbox 1069 658 1203 696; x_wconf 89' lang='lat' dir='ltr'><strong>cum</strong></span> <span class='ocrx_word' id='word_1_24' title='bbox 1252 657 1317 695; x_wconf 92' lang='lat' dir='ltr'><strong>eo</strong></span> <span class='ocrx_word' id='word_1_25' title='bbox 1356 638 1612 694; x_wconf 81' lang='lat' dir='ltr'><strong>habebat</strong></span> <span class='ocrx_word' id='word_1_26' title='bbox 1662 634 1973 707; x_wconf 88' lang='lat' dir='ltr'><strong>colloquia,</strong></span> 
     </span>
    </p>
   </div>
   <div class='ocr_carea' id='block_1_6' title="bbox 316 724 1978 798">
    <p class='ocr_par' dir='ltr' id='par_1_6' title="bbox 316 724 1978 798">
     <span class='ocr_line' id='line_1_6' title="bbox 316 724 1978 798; baseline -0.007 -7"><span class='ocrx_word' id='word_1_27' title='bbox 316 736 495 791; x_wconf 91' lang='lat' dir='ltr'><strong>etiam</strong></span> <span class='ocrx_word' id='word_1_28' title='bbox 519 731 891 789; x_wconf 80' lang='lat' dir='ltr'><strong>monasteriis</strong></span> <span class='ocrx_word' id='word_1_29' title='bbox 911 731 1000 786; x_wconf 89' lang='lat' dir='ltr'><strong>sui</strong></span> <span class='ocrx_word' id='word_1_30' title='bbox 1027 734 1250 785; x_wconf 89' lang='lat' dir='ltr'><strong>statum</strong></span> <span class='ocrx_word' id='word_1_31' title='bbox 1272 728 1653 784; x_wconf 86' lang='lat' dir='ltr'><strong>tenerrimum</strong></span> <span class='ocrx_word' id='word_1_32' title='bbox 1678 724 1978 798; x_wconf 72' lang='lat' dir='ltr'><strong>deplorare</strong></span> 
     </span>
    </p>
   </div>
   <div class='ocr_carea' id='block_1_7' title="bbox 316 813 1978 896">
    <p class='ocr_par' dir='ltr' id='par_1_7' title="bbox 316 813 1978 896">
     <span class='ocr_line' id='line_1_7' title="bbox 316 813 1978 896; baseline -0.007 -17"><span class='ocrx_word' id='word_1_33' title='bbox 316 822 521 896; x_wconf 81' lang='lat' dir='ltr'><strong>ccepit;</strong></span> <span class='ocrx_word' id='word_1_34' title='bbox 556 823 628 878; x_wconf 91' lang='lat' dir='ltr'><strong>ad</strong></span> <span class='ocrx_word' id='word_1_35' title='bbox 679 821 837 893; x_wconf 91' lang='lat' dir='ltr'><strong>quod</strong></span> <span class='ocrx_word' id='word_1_36' title='bbox 881 836 1016 875; x_wconf 91' lang='lat' dir='ltr'><strong>cum</strong></span> <span class='ocrx_word' id='word_1_37' title='bbox 1070 818 1166 874; x_wconf 93' lang='lat' dir='ltr'><strong>ille</strong></span> <span class='ocrx_word' id='word_1_38' title='bbox 1217 818 1435 873; x_wconf 86' lang='lat' dir='ltr'><strong>diceret</strong></span> <span class='ocrx_word' id='word_1_39' title='bbox 1468 834 1481 871; x_wconf 90' lang='lat'><strong>:</strong></span> <span class='ocrx_word' id='word_1_40' title='bbox 1518 818 1809 871; x_wconf 90' lang='lat' dir='ltr'><strong>Teucrum</strong></span> <span class='ocrx_word' id='word_1_41' title='bbox 1844 813 1978 886; x_wconf 82' lang='lat' dir='ltr'><strong>qui-</strong></span> 
     </span>
    </p>
   </div>
   <div class='ocr_carea' id='block_1_8' title="bbox 315 904 1976 980">
    <p class='ocr_par' dir='ltr' id='par_1_8' title="bbox 315 904 1976 980">
     <span class='ocr_line' id='line_1_8' title="bbox 315 904 1976 980; baseline -0.008 -11"><span class='ocrx_word' id='word_1_42' title='bbox 315 914 451 979; x_wconf 89' lang='lat' dir='ltr'><strong>dem</strong></span> <span class='ocrx_word' id='word_1_43' title='bbox 510 928 647 967; x_wconf 90' lang='lat' dir='ltr'><strong>eum</strong></span> <span class='ocrx_word' id='word_1_44' title='bbox 707 927 856 977; x_wconf 91' lang='lat' dir='ltr'><strong>esse,</strong></span> <span class='ocrx_word' id='word_1_45' title='bbox 892 909 992 964; x_wconf 89' lang='lat' dir='ltr'><strong>sed</strong></span> <span class='ocrx_word' id='word_1_46' title='bbox 1056 908 1157 963; x_wconf 88' lang='lat' dir='ltr'><strong>Dei</strong></span> <span class='ocrx_word' id='word_1_47' title='bbox 1209 906 1395 980; x_wconf 86' lang='lat' dir='ltr'><strong>gratio</strong></span> <span class='ocrx_word' id='word_1_48' title='bbox 1452 906 1702 973; x_wconf 89' lang='lat' dir='ltr'><strong>bonum;</strong></span> <span class='ocrx_word' id='word_1_49' title='bbox 1751 904 1823 958; x_wconf 95' lang='lat' dir='ltr'><strong>de</strong></span> <span class='ocrx_word' id='word_1_50' title='bbox 1875 904 1976 957; x_wconf 91' lang='lat' dir='ltr'><strong>bo-</strong></span> 
     </span>
    </p>
   </div>
   <div class='ocr_carea' id='block_1_9' title="bbox 314 992 1977 1070">
    <p class='ocr_par' dir='ltr' id='par_1_9' title="bbox 314 992 1977 1070">
     <span class='ocr_line' id='line_1_9' title="bbox 314 992 1977 1070; baseline -0.007 -13"><span class='ocrx_word' id='word_1_51' title='bbox 314 1001 501 1057; x_wconf 79' lang='lat' dir='ltr'><strong>nitate</strong></span> <span class='ocrx_word' id='word_1_52' title='bbox 540 999 643 1055; x_wconf 88' lang='lat' dir='ltr'><strong>Dei</strong></span> <span class='ocrx_word' id='word_1_53' title='bbox 701 1016 831 1054; x_wconf 90' lang='lat' dir='ltr'><strong>esse</strong></span> <span class='ocrx_word' id='word_1_54' title='bbox 887 997 1167 1070; x_wconf 89' lang='lat' dir='ltr'><strong>positum,</strong></span> <span class='ocrx_word' id='word_1_55' title='bbox 1194 998 1501 1068; x_wconf 83' lang='lat' dir='ltr'><strong>potestate,</strong></span> <span class='ocrx_word' id='word_1_56' title='bbox 1536 998 1593 1048; x_wconf 92' lang='lat' dir='ltr'><strong>et</strong></span> <span class='ocrx_word' id='word_1_57' title='bbox 1647 992 1977 1047; x_wconf 84' lang='lat' dir='ltr'><strong>misericor-</strong></span> 
     </span>
    </p>
   </div>
   <div class='ocr_carea' id='block_1_10' title="bbox 319 1081 1975 1162">
    <p class='ocr_par' dir='ltr' id='par_1_10' title="bbox 319 1081 1975 1162">
     <span class='ocr_line' id='line_1_10' title="bbox 319 1081 1975 1162; baseline -0.007 -17"><span class='ocrx_word' id='word_1_58' title='bbox 319 1091 417 1146; x_wconf 89' lang='lat' dir='ltr'><strong>dia</strong></span> <span class='ocrx_word' id='word_1_59' title='bbox 447 1088 771 1162; x_wconf 85' lang='lat' dir='ltr'><strong>respondit,</strong></span> <span class='ocrx_word' id='word_1_60' title='bbox 806 1087 915 1143; x_wconf 90' lang='lat' dir='ltr'>sibi</span> <span class='ocrx_word' id='word_1_61' title='bbox 951 1091 1149 1141; x_wconf 90' lang='lat' dir='ltr'><strong>tamen</strong></span> <span class='ocrx_word' id='word_1_62' title='bbox 1200 1085 1310 1139; x_wconf 87' lang='lat' dir='ltr'><strong>hoc</strong></span> <span class='ocrx_word' id='word_1_63' title='bbox 1361 1084 1597 1155; x_wconf 85' lang='lat' dir='ltr'><strong>penitus</strong></span> <span class='ocrx_word' id='word_1_64' title='bbox 1645 1081 1975 1153; x_wconf 72' lang='lat' dir='ltr'><strong>displicere,</strong></span> 
     </span>
    </p>
   </div>
   <div class='ocr_carea' id='block_1_11' title="bbox 318 1173 1976 1252">
    <p class='ocr_par' dir='ltr' id='par_1_11' title="bbox 318 1173 1976 1252">
     <span class='ocr_line' id='line_1_11' title="bbox 318 1173 1976 1252; baseline -0.007 -16"><span class='ocrx_word' id='word_1_65' title='bbox 318 1180 475 1252; x_wconf 90' lang='lat' dir='ltr'><strong>quod</strong></span> <span class='ocrx_word' id='word_1_66' title='bbox 511 1179 763 1234; x_wconf 87' lang='lat' dir='ltr'><strong>necdum</strong></span> <span class='ocrx_word' id='word_1_67' title='bbox 797 1176 969 1247; x_wconf 62' lang='lat' dir='ltr'><strong>regia:</strong></span> <span class='ocrx_word' id='word_1_68' title='bbox 1022 1174 1255 1230; x_wconf 81' lang='lat' dir='ltr'><strong>tuitioui</strong></span> <span class='ocrx_word' id='word_1_69' title='bbox 1306 1173 1755 1228; x_wconf 80' lang='lat' dir='ltr'><strong>commendatus</strong></span> <span class='ocrx_word' id='word_1_70' title='bbox 1801 1174 1976 1225; x_wconf 82' lang='lat' dir='ltr'><strong>esset.</strong></span> 
     </span>
    </p>
   </div>
   <div class='ocr_carea' id='block_1_12' title="bbox 263 1259 1980 1339">
    <p class='ocr_par' dir='ltr' id='par_1_12' title="bbox 263 1259 1980 1339">
     <span class='ocr_line' id='line_1_12' title="bbox 263 1259 1980 1339; baseline -0.006 -15"><span class='ocrx_word' id='word_1_71' title='bbox 263 1323 275 1334; x_wconf 78' lang='grc'><em>,</em></span> <span class='ocrx_word' id='word_1_72' title='bbox 319 1270 581 1339; x_wconf 86' lang='lat' dir='ltr'><strong>Cumque</strong></span> <span class='ocrx_word' id='word_1_73' title='bbox 629 1265 727 1321; x_wconf 93' lang='lat' dir='ltr'><strong>ille</strong></span> <span class='ocrx_word' id='word_1_74' title='bbox 782 1282 1019 1319; x_wconf 86' lang='lat' dir='ltr'><strong>rursum</strong></span> <span class='ocrx_word' id='word_1_75' title='bbox 1054 1264 1291 1331; x_wconf 87' lang='lat' dir='ltr'><strong>diceret,</strong></span> <span class='ocrx_word' id='word_1_76' title='bbox 1326 1262 1433 1317; x_wconf 87' lang='lat' dir='ltr'><strong>hoc</strong></span> <span class='ocrx_word' id='word_1_77' title='bbox 1464 1261 1713 1316; x_wconf 91' lang='lat' dir='ltr'><strong>Domino</strong></span> <span class='ocrx_word' id='word_1_78' title='bbox 1754 1259 1980 1314; x_wconf 89' lang='lat' dir='ltr'><strong>volente</strong></span> 
     </span>
    </p>
   </div>
   <div class='ocr_carea' id='block_1_13' title="bbox 316 1349 1977 1422">
    <p class='ocr_par' dir='ltr' id='par_1_13' title="bbox 316 1349 1977 1422">
     <span class='ocr_line' id='line_1_13' title="bbox 316 1349 1977 1422; baseline -0.006 -10"><span class='ocrx_word' id='word_1_79' title='bbox 316 1357 490 1412; x_wconf 87' lang='lat' dir='ltr'><strong>citius</strong></span> <span class='ocrx_word' id='word_1_80' title='bbox 508 1354 944 1415; x_wconf 82' lang='lat' dir='ltr'><strong>emendandum</strong></span> <span class='ocrx_word' id='word_1_81' title='bbox 978 1354 1118 1418; x_wconf 89' lang='lat' dir='ltr'><strong>fore,</strong></span> <span class='ocrx_word' id='word_1_82' title='bbox 1160 1355 1479 1422; x_wconf 88' lang='lat' dir='ltr'><strong>utrumque</strong></span> <span class='ocrx_word' id='word_1_83' title='bbox 1530 1355 1587 1405; x_wconf 88' lang='lat' dir='ltr'><strong>et</strong></span> <span class='ocrx_word' id='word_1_84' title='bbox 1636 1349 1977 1421; x_wconf 85' lang='lat' dir='ltr'><strong>episcopum</strong></span> 
     </span>
    </p>
   </div>
   <div class='ocr_carea' id='block_1_14' title="bbox 318 1439 1982 1509">
    <p class='ocr_par' dir='ltr' id='par_1_14' title="bbox 318 1439 1982 1509">
     <span class='ocr_line' id='line_1_14' title="bbox 318 1439 1982 1509; baseline -0.006 -8"><span class='ocrx_word' id='word_1_85' title='bbox 318 1461 495 1501; x_wconf 88' lang='lat' dir='ltr'><strong>suum</strong></span> <span class='ocrx_word' id='word_1_86' title='bbox 527 1442 645 1499; x_wconf 87' lang='lat' dir='ltr'><strong>illis</strong></span> <span class='ocrx_word' id='word_1_87' title='bbox 676 1440 932 1508; x_wconf 81' lang='lat' dir='ltr'><strong>fidelem,</strong></span> <span class='ocrx_word' id='word_1_88' title='bbox 950 1445 1007 1495; x_wconf 91' lang='lat' dir='ltr'><strong>et</strong></span> <span class='ocrx_word' id='word_1_89' title='bbox 1039 1439 1387 1496; x_wconf 82' lang='lat' dir='ltr'><strong>familiarem</strong></span> <span class='ocrx_word' id='word_1_90' title='bbox 1410 1456 1557 1507; x_wconf 91' lang='lat' dir='ltr'><strong>esse,</strong></span> <span class='ocrx_word' id='word_1_91' title='bbox 1579 1439 1752 1509; x_wconf 91' lang='lat' dir='ltr'><strong>cujus</strong></span> <span class='ocrx_word' id='word_1_92' title='bbox 1775 1452 1982 1509; x_wconf 88' lang='lat' dir='ltr'><strong>sugge-</strong></span> 
     </span>
    </p>
   </div>
   <div class='ocr_carea' id='block_1_15' title="bbox 318 1524 1979 1602">
    <p class='ocr_par' dir='ltr' id='par_1_15' title="bbox 318 1524 1979 1602">
     <span class='ocr_line' id='line_1_15' title="bbox 318 1524 1979 1602; baseline -0.006 -12"><span class='ocrx_word' id='word_1_93' title='bbox 318 1524 511 1591; x_wconf 86' lang='lat' dir='ltr'><strong>stione</strong></span> <span class='ocrx_word' id='word_1_94' title='bbox 566 1532 677 1587; x_wconf 89' lang='lat' dir='ltr'><strong>hoc</strong></span> <span class='ocrx_word' id='word_1_95' title='bbox 735 1530 859 1586; x_wconf 82' lang='lat' dir='ltr'><strong>ﬁeri</strong></span> <span class='ocrx_word' id='word_1_96' title='bbox 912 1534 1131 1602; x_wconf 85' lang='lat' dir='ltr'><strong>posset,</strong></span> <span class='ocrx_word' id='word_1_97' title='bbox 1166 1534 1224 1585; x_wconf 92' lang='lat' dir='ltr'><strong>et</strong></span> <span class='ocrx_word' id='word_1_98' title='bbox 1267 1533 1563 1601; x_wconf 88' lang='lat' dir='ltr'><strong>parentes,</strong></span> <span class='ocrx_word' id='word_1_99' title='bbox 1611 1532 1669 1583; x_wconf 89' lang='lat' dir='ltr'><strong>et</strong></span> <span class='ocrx_word' id='word_1_100' title='bbox 1714 1527 1859 1582; x_wconf 87' lang='lat' dir='ltr'><strong>alios</strong></span> <span class='ocrx_word' id='word_1_101' title='bbox 1918 1526 1979 1581; x_wconf 92' lang='lat' dir='ltr'><strong>in</strong></span> 
     </span>
    </p>
   </div>
   <div class='ocr_carea' id='block_1_16' title="bbox 319 1616 1979 1696">
    <p class='ocr_par' dir='ltr' id='par_1_16' title="bbox 319 1616 1979 1696">
     <span class='ocr_line' id='line_1_16' title="bbox 319 1616 1979 1696; baseline -0.005 -18"><span class='ocrx_word' id='word_1_102' title='bbox 319 1621 538 1696; x_wconf 90' lang='lat' dir='ltr'><strong>palatio</strong></span> <span class='ocrx_word' id='word_1_103' title='bbox 588 1618 789 1675; x_wconf 85' lang='lat' dir='ltr'><strong>fideles</strong></span> <span class='ocrx_word' id='word_1_104' title='bbox 840 1635 969 1674; x_wconf 87' lang='lat' dir='ltr'><strong>eam</strong></span> <span class='ocrx_word' id='word_1_105' title='bbox 1022 1618 1258 1685; x_wconf 89' lang='lat' dir='ltr'><strong>habere,</strong></span> <span class='ocrx_word' id='word_1_106' title='bbox 1291 1616 1391 1689; x_wconf 92' lang='lat' dir='ltr'><strong>qui</strong></span> <span class='ocrx_word' id='word_1_107' title='bbox 1444 1634 1618 1672; x_wconf 89' lang='lat' dir='ltr'><strong>suum</strong></span> <span class='ocrx_word' id='word_1_108' title='bbox 1670 1617 1888 1689; x_wconf 91' lang='lat' dir='ltr'><strong>optime</strong></span> <span class='ocrx_word' id='word_1_109' title='bbox 1922 1616 1979 1670; x_wconf 91' lang='lat' dir='ltr'><strong>in</strong></span> 
     </span>
    </p>
   </div>
   <div class='ocr_carea' id='block_1_17' title="bbox 320 1704 1978 1779">
    <p class='ocr_par' dir='ltr' id='par_1_17' title="bbox 320 1704 1978 1779">
     <span class='ocr_line' id='line_1_17' title="bbox 320 1704 1978 1779; baseline -0.005 -12"><span class='ocrx_word' id='word_1_110' title='bbox 320 1710 430 1767; x_wconf 89' lang='lat' dir='ltr'><strong>hoc</strong></span> <span class='ocrx_word' id='word_1_111' title='bbox 473 1709 835 1765; x_wconf 89' lang='lat' dir='ltr'><strong>voluntatem</strong></span> <span class='ocrx_word' id='word_1_112' title='bbox 886 1712 945 1763; x_wconf 89' lang='lat' dir='ltr'><strong>et</strong></span> <span class='ocrx_word' id='word_1_113' title='bbox 998 1708 1277 1779; x_wconf 81' lang='lat' dir='ltr'><strong>adjuvare</strong></span> <span class='ocrx_word' id='word_1_114' title='bbox 1330 1710 1589 1779; x_wconf 81' lang='lat' dir='ltr'><strong>possent,</strong></span> <span class='ocrx_word' id='word_1_115' title='bbox 1626 1709 1681 1761; x_wconf 87' lang='lat' dir='ltr'><strong>et</strong></span> <span class='ocrx_word' id='word_1_116' title='bbox 1718 1704 1978 1761; x_wconf 88' lang='lat' dir='ltr'><strong>vellent:</strong></span> 
     </span>
    </p>
   </div>
   <div class='ocr_carea' id='block_1_18' title="bbox 320 1794 1980 1871">
    <p class='ocr_par' dir='ltr' id='par_1_18' title="bbox 320 1794 1980 1871">
     <span class='ocr_line' id='line_1_18' title="bbox 320 1794 1980 1871; baseline -0.004 -15"><span class='ocrx_word' id='word_1_117' title='bbox 320 1818 449 1856; x_wconf 86' lang='lat' dir='ltr'><strong>sese</strong></span> <span class='ocrx_word' id='word_1_118' title='bbox 481 1814 711 1871; x_wconf 90' lang='lat' dir='ltr'><strong>quoque</strong></span> <span class='ocrx_word' id='word_1_119' title='bbox 741 1797 823 1853; x_wconf 91' lang='lat' dir='ltr'><strong>ita</strong></span> <span class='ocrx_word' id='word_1_120' title='bbox 854 1796 1088 1852; x_wconf 89' lang='lat' dir='ltr'><strong>credere</strong></span> <span class='ocrx_word' id='word_1_121' title='bbox 1120 1796 1223 1863; x_wconf 86' lang='lat' dir='ltr'><strong>ait,</strong></span> <span class='ocrx_word' id='word_1_122' title='bbox 1260 1795 1451 1867; x_wconf 89' lang='lat' dir='ltr'><strong>ipsam</strong></span> <span class='ocrx_word' id='word_1_123' title='bbox 1485 1800 1683 1850; x_wconf 87' lang='lat' dir='ltr'><strong>tamen</strong></span> <span class='ocrx_word' id='word_1_124' title='bbox 1726 1795 1798 1850; x_wconf 94' lang='lat' dir='ltr'><strong>ad</strong></span> <span class='ocrx_word' id='word_1_125' title='bbox 1849 1794 1980 1861; x_wconf 86' lang='lat' dir='ltr'><strong>hoc,</strong></span> 
     </span>
    </p>
   </div>
   <div class='ocr_carea' id='block_1_19' title="bbox 320 1883 1983 1961">
    <p class='ocr_par' dir='ltr' id='par_1_19' title="bbox 320 1883 1983 1961">
     <span class='ocr_line' id='line_1_19' title="bbox 320 1883 1983 1961; baseline -0.004 -16"><span class='ocrx_word' id='word_1_126' title='bbox 320 1904 630 1961; x_wconf 87' lang='lat' dir='ltr'><strong>usquequo</strong></span> <span class='ocrx_word' id='word_1_127' title='bbox 646 1887 951 1954; x_wconf 86' lang='lat' dir='ltr'><strong>fieret,non</strong></span> <span class='ocrx_word' id='word_1_128' title='bbox 977 1902 1103 1941; x_wconf 90' lang='lat' dir='ltr'><strong>esse</strong></span> <span class='ocrx_word' id='word_1_129' title='bbox 1123 1885 1410 1941; x_wconf 87' lang='lat' dir='ltr'><strong>victuram</strong></span> <span class='ocrx_word' id='word_1_130' title='bbox 1428 1904 1440 1953; x_wconf 88' lang='lat'><strong>;</strong></span> <span class='ocrx_word' id='word_1_131' title='bbox 1461 1884 1571 1939; x_wconf 87' lang='lat' dir='ltr'><strong>hoc</strong></span> <span class='ocrx_word' id='word_1_132' title='bbox 1589 1888 1783 1939; x_wconf 89' lang='lat' dir='ltr'><strong>autem</strong></span> <span class='ocrx_word' id='word_1_133' title='bbox 1808 1883 1983 1939; x_wconf 89' lang='lat' dir='ltr'><strong>citius</strong></span> 
     </span>
    </p>
   </div>
   <div class='ocr_carea' id='block_1_20' title="bbox 321 1974 1982 2045">
    <p class='ocr_par' dir='ltr' id='par_1_20' title="bbox 321 1974 1982 2045">
     <span class='ocr_line' id='line_1_20' title="bbox 321 1974 1982 2045; baseline -0.005 -9"><span class='ocrx_word' id='word_1_134' title='bbox 321 1995 451 2036; x_wconf 89' lang='lat' dir='ltr'><strong>esse</strong></span> <span class='ocrx_word' id='word_1_135' title='bbox 478 1979 773 2044; x_wconf 89' lang='lat' dir='ltr'><strong>futurum;</strong></span> <span class='ocrx_word' id='word_1_136' title='bbox 800 1977 870 2030; x_wconf 92' lang='lat' dir='ltr'><strong>de</strong></span> <span class='ocrx_word' id='word_1_137' title='bbox 904 1975 993 2031; x_wconf 87' lang='lat' dir='ltr'><strong>bis</strong></span> <span class='ocrx_word' id='word_1_138' title='bbox 1028 1975 1327 2040; x_wconf 90' lang='lat' dir='ltr'><strong>omnibus,</strong></span> <span class='ocrx_word' id='word_1_139' title='bbox 1354 1978 1419 2029; x_wconf 91' lang='lat' dir='ltr'><strong>ut</strong></span> <span class='ocrx_word' id='word_1_140' title='bbox 1440 1974 1688 2029; x_wconf 90' lang='lat' dir='ltr'><strong>Domino</strong></span> <span class='ocrx_word' id='word_1_141' title='bbox 1708 1974 1982 2045; x_wconf 88' lang='lat' dir='ltr'><strong>placeret,</strong></span> 
     </span>
    </p>
   </div>
   <div class='ocr_carea' id='block_1_21' title="bbox 320 2062 1985 2134">
    <p class='ocr_par' dir='ltr' id='par_1_21' title="bbox 320 2062 1985 2134">
     <span class='ocr_line' id='line_1_21' title="bbox 320 2062 1985 2134; baseline -0.005 -9"><span class='ocrx_word' id='word_1_142' title='bbox 320 2085 451 2126; x_wconf 89' lang='lat' dir='ltr'><strong>esse</strong></span> <span class='ocrx_word' id='word_1_143' title='bbox 481 2067 691 2122; x_wconf 90' lang='lat' dir='ltr'><strong>debere</strong></span> <span class='ocrx_word' id='word_1_144' title='bbox 714 2063 881 2133; x_wconf 84' lang='lat' dir='ltr'><strong>dixit,</strong></span> <span class='ocrx_word' id='word_1_145' title='bbox 902 2080 963 2119; x_wconf 90' lang='lat' dir='ltr'><strong>se</strong></span> <span class='ocrx_word' id='word_1_146' title='bbox 994 2068 1191 2119; x_wconf 89' lang='lat' dir='ltr'><strong>tamen</strong></span> <span class='ocrx_word' id='word_1_147' title='bbox 1216 2062 1502 2118; x_wconf 89' lang='lat' dir='ltr'><strong>mirandis</strong></span> <span class='ocrx_word' id='word_1_148' title='bbox 1522 2062 1903 2134; x_wconf 87' lang='lat' dir='ltr'><strong>quibusdam,</strong></span> <span class='ocrx_word' id='word_1_149' title='bbox 1928 2066 1985 2117; x_wconf 91' lang='lat' dir='ltr'><strong>et</strong></span> 
     </span>
    </p>
   </div>
   <div class='ocr_carea' id='block_1_22' title="bbox 322 2152 1986 2231">
    <p class='ocr_par' dir='ltr' id='par_1_22' title="bbox 322 2152 1986 2231">
     <span class='ocr_line' id='line_1_22' title="bbox 322 2152 1986 2231; baseline -0.005 -17"><span class='ocrx_word' id='word_1_150' title='bbox 322 2157 435 2215; x_wconf 88' lang='lat' dir='ltr'><strong>sibi</strong></span> <span class='ocrx_word' id='word_1_151' title='bbox 466 2156 631 2231; x_wconf 90' lang='lat' dir='ltr'><strong>prius</strong></span> <span class='ocrx_word' id='word_1_152' title='bbox 664 2154 914 2210; x_wconf 75' lang='lat' dir='ltr'><strong>insuetis</strong></span> <span class='ocrx_word' id='word_1_153' title='bbox 949 2154 1259 2210; x_wconf 88' lang='lat' dir='ltr'><strong>insomniis</strong></span> <span class='ocrx_word' id='word_1_154' title='bbox 1306 2152 1535 2224; x_wconf 84' lang='lat' dir='ltr'><strong>agitari,</strong></span> <span class='ocrx_word' id='word_1_155' title='bbox 1574 2152 1761 2223; x_wconf 85' lang='lat' dir='ltr'><strong>ipsius</strong></span> <span class='ocrx_word' id='word_1_156' title='bbox 1812 2168 1986 2224; x_wconf 90' lang='lat' dir='ltr'><strong>super</strong></span> 
     </span>
    </p>
   </div>
   <div class='ocr_carea' id='block_1_23' title="bbox 319 2241 1985 2313">
    <p class='ocr_par' dir='ltr' id='par_1_23' title="bbox 319 2241 1985 2313">
     <span class='ocr_line' id='line_1_23' title="bbox 319 2241 1985 2313; baseline -0.005 -10"><span class='ocrx_word' id='word_1_157' title='bbox 319 2247 431 2303; x_wconf 87' lang='lat' dir='ltr'><strong>hoc</strong></span> <span class='ocrx_word' id='word_1_158' title='bbox 462 2244 793 2301; x_wconf 88' lang='lat' dir='ltr'><strong>orationum</strong></span> <span class='ocrx_word' id='word_1_159' title='bbox 826 2248 882 2297; x_wconf 88' lang='lat' dir='ltr'><strong>et</strong></span> <span class='ocrx_word' id='word_1_160' title='bbox 914 2242 1381 2298; x_wconf 89' lang='lat' dir='ltr'><strong>benedictionem</strong></span> <span class='ocrx_word' id='word_1_161' title='bbox 1432 2241 1773 2313; x_wconf 82' lang='lat' dir='ltr'><strong>efflagitare.</strong></span> <span class='ocrx_word' id='word_1_162' title='bbox 1816 2241 1985 2296; x_wconf 90' lang='lat' dir='ltr'><strong>Dice-</strong></span> 
     </span>
    </p>
   </div>
   <div class='ocr_carea' id='block_1_24' title="bbox 322 2328 1990 2403">
    <p class='ocr_par' dir='ltr' id='par_1_24' title="bbox 322 2328 1990 2403">
     <span class='ocr_line' id='line_1_24' title="bbox 322 2328 1990 2403; baseline -0.006 -11"><span class='ocrx_word' id='word_1_163' title='bbox 322 2337 426 2393; x_wconf 86' lang='lat' dir='ltr'><strong>bat</strong></span> <span class='ocrx_word' id='word_1_164' title='bbox 460 2334 616 2390; x_wconf 90' lang='lat' dir='ltr'><strong>enim</strong></span> <span class='ocrx_word' id='word_1_165' title='bbox 667 2334 725 2388; x_wconf 90' lang='lat' dir='ltr'><strong>in</strong></span> <span class='ocrx_word' id='word_1_166' title='bbox 779 2332 1027 2388; x_wconf 90' lang='lat' dir='ltr'><strong>somniis</strong></span> <span class='ocrx_word' id='word_1_167' title='bbox 1078 2348 1139 2387; x_wconf 90' lang='lat' dir='ltr'><strong>se</strong></span> <span class='ocrx_word' id='word_1_168' title='bbox 1191 2332 1512 2403; x_wconf 88' lang='lat' dir='ltr'><strong>quamdam</strong></span> <span class='ocrx_word' id='word_1_169' title='bbox 1564 2330 1723 2384; x_wconf 70' lang='lat' dir='ltr'><strong>mira:</strong></span> <span class='ocrx_word' id='word_1_170' title='bbox 1766 2328 1990 2401; x_wconf 76' lang='lat' dir='ltr'><strong>magni-</strong></span> 
     </span>
    </p>
   </div>
   <div class='ocr_carea' id='block_1_25' title="bbox 292 2416 1988 2490">
    <p class='ocr_par' dir='ltr' id='par_1_25' title="bbox 292 2416 1988 2490">
     <span class='ocr_line' id='line_1_25' title="bbox 292 2416 1988 2490; baseline -0.006 -10"><span class='ocrx_word' id='word_1_171' title='bbox 292 2422 551 2481; x_wconf 35' lang='lat' dir='ltr'><strong>’tudinis</strong></span> <span class='ocrx_word' id='word_1_172' title='bbox 573 2426 762 2477; x_wconf 89' lang='lat' dir='ltr'><strong>rotam</strong></span> <span class='ocrx_word' id='word_1_173' title='bbox 793 2419 1029 2487; x_wconf 89' lang='lat' dir='ltr'><strong>vidisse,</strong></span> <span class='ocrx_word' id='word_1_174' title='bbox 1066 2420 1237 2490; x_wconf 81' lang='lat' dir='ltr'><strong>cujus</strong></span> <span class='ocrx_word' id='word_1_175' title='bbox 1290 2417 1422 2490; x_wconf 88' lang='lat' dir='ltr'><strong>palo</strong></span> <span class='ocrx_word' id='word_1_176' title='bbox 1470 2418 1728 2471; x_wconf 86' lang='lat' dir='ltr'><strong>diversas</strong></span> <span class='ocrx_word' id='word_1_177' title='bbox 1769 2416 1988 2471; x_wconf 89' lang='lat' dir='ltr'><strong>anima-</strong></span> 
     </span>
    </p>
   </div>
   <div class='ocr_carea' id='block_1_26' title="bbox 323 2504 1984 2583">
    <p class='ocr_par' dir='ltr' id='par_1_26' title="bbox 323 2504 1984 2583">
     <span class='ocr_line' id='line_1_26' title="bbox 323 2504 1984 2583; baseline -0.006 -15"><span class='ocrx_word' id='word_1_178' title='bbox 323 2512 470 2568; x_wconf 90' lang='lat' dir='ltr'><strong>lium</strong></span> <span class='ocrx_word' id='word_1_179' title='bbox 502 2511 721 2583; x_wconf 89' lang='lat' dir='ltr'><strong>figuras</strong></span> <span class='ocrx_word' id='word_1_180' title='bbox 754 2508 1005 2563; x_wconf 90' lang='lat' dir='ltr'><strong>insertas</strong></span> <span class='ocrx_word' id='word_1_181' title='bbox 1038 2507 1342 2574; x_wconf 87' lang='lat' dir='ltr'><strong>haberent,</strong></span> <span class='ocrx_word' id='word_1_182' title='bbox 1396 2523 1457 2561; x_wconf 90' lang='lat' dir='ltr'><strong>se</strong></span> <span class='ocrx_word' id='word_1_183' title='bbox 1503 2522 1638 2560; x_wconf 91' lang='lat' dir='ltr'><strong>vero</strong></span> <span class='ocrx_word' id='word_1_184' title='bbox 1679 2521 1812 2559; x_wconf 91' lang='lat' dir='ltr'><strong>cum</strong></span> <span class='ocrx_word' id='word_1_185' title='bbox 1863 2504 1984 2577; x_wconf 82' lang='lat' dir='ltr'><strong>ple-</strong></span> 
     </span>
    </p>
   </div>
   <div class='ocr_carea' id='block_1_27' title="bbox 325 2595 1988 2673">
    <p class='ocr_par' dir='ltr' id='par_1_27' title="bbox 325 2595 1988 2673">
     <span class='ocr_line' id='line_1_27' title="bbox 325 2595 1988 2673; baseline -0.005 -16"><span class='ocrx_word' id='word_1_186' title='bbox 325 2602 526 2673; x_wconf 88' lang='lat' dir='ltr'><strong>risque</strong></span> <span class='ocrx_word' id='word_1_187' title='bbox 557 2597 971 2654; x_wconf 87' lang='lat' dir='ltr'><strong>consororibus</strong></span> <span class='ocrx_word' id='word_1_188' title='bbox 1021 2598 1145 2652; x_wconf 83' lang='lat' dir='ltr'><strong>suis</strong></span> <span class='ocrx_word' id='word_1_189' title='bbox 1199 2598 1270 2651; x_wconf 90' lang='lat' dir='ltr'><strong>ad</strong></span> <span class='ocrx_word' id='word_1_190' title='bbox 1321 2613 1486 2651; x_wconf 87' lang='lat' dir='ltr'><strong>axem</strong></span> <span class='ocrx_word' id='word_1_191' title='bbox 1536 2613 1714 2668; x_wconf 87' lang='lat' dir='ltr'><strong>supra</strong></span> <span class='ocrx_word' id='word_1_192' title='bbox 1769 2595 1988 2649; x_wconf 91' lang='lat' dir='ltr'><strong>modio-</strong></span> 
     </span>
    </p>
   </div>
   <div class='ocr_carea' id='block_1_28' title="bbox 292 2678 1987 2759">
    <p class='ocr_par' dir='ltr' id='par_1_28' title="bbox 292 2678 1987 2759">
     <span class='ocr_line' id='line_1_28' title="bbox 292 2678 1987 2759; baseline -0.005 -12"><span class='ocrx_word' id='word_1_193' title='bbox 292 2678 450 2747; x_wconf 31' lang='lat' dir='ltr'><strong>.lum</strong></span> <span class='ocrx_word' id='word_1_194' title='bbox 480 2692 618 2745; x_wconf 63' lang='lat' dir='ltr'><strong>rota:</strong></span> <span class='ocrx_word' id='word_1_195' title='bbox 652 2688 806 2742; x_wconf 89' lang='lat' dir='ltr'><strong>intra</strong></span> <span class='ocrx_word' id='word_1_196' title='bbox 838 2686 1091 2741; x_wconf 88' lang='lat' dir='ltr'><strong>radiolas</strong></span> <span class='ocrx_word' id='word_1_197' title='bbox 1125 2685 1293 2759; x_wconf 85' lang='lat' dir='ltr'><strong>quasi</strong></span> <span class='ocrx_word' id='word_1_198' title='bbox 1317 2685 1674 2758; x_wconf 88' lang='lat' dir='ltr'><strong>quibusdam</strong></span> <span class='ocrx_word' id='word_1_199' title='bbox 1699 2683 1987 2739; x_wconf 90' lang='lat' dir='ltr'><strong>catenulis</strong></span> 
     </span>
    </p>
   </div>
   <div class='ocr_carea' id='block_1_29' title="bbox 323 2774 1989 2851">
    <p class='ocr_par' dir='ltr' id='par_1_29' title="bbox 323 2774 1989 2851">
     <span class='ocr_line' id='line_1_29' title="bbox 323 2774 1989 2851; baseline -0.005 -14"><span class='ocrx_word' id='word_1_200' title='bbox 323 2796 454 2837; x_wconf 87' lang='lat' dir='ltr'><strong>esse</strong></span> <span class='ocrx_word' id='word_1_201' title='bbox 514 2777 872 2851; x_wconf 87' lang='lat' dir='ltr'><strong>colligatam,</strong></span> <span class='ocrx_word' id='word_1_202' title='bbox 925 2775 1223 2848; x_wconf 89' lang='lat' dir='ltr'><strong>simulque</strong></span> <span class='ocrx_word' id='word_1_203' title='bbox 1275 2792 1409 2831; x_wconf 90' lang='lat' dir='ltr'><strong>cum</strong></span> <span class='ocrx_word' id='word_1_204' title='bbox 1463 2779 1609 2842; x_wconf 90' lang='lat' dir='ltr'><strong>rota,</strong></span> <span class='ocrx_word' id='word_1_205' title='bbox 1647 2790 1824 2846; x_wconf 88' lang='lat' dir='ltr'><strong>quam</strong></span> <span class='ocrx_word' id='word_1_206' title='bbox 1885 2774 1989 2829; x_wconf 88' lang='lat' dir='ltr'><strong>flu-</strong></span> 
     </span>
    </p>
   </div>
   <div class='ocr_carea' id='block_1_30' title="bbox 323 2862 1983 2935">
    <p class='ocr_par' dir='ltr' id='par_1_30' title="bbox 323 2862 1983 2935">
     <span class='ocr_line' id='line_1_30' title="bbox 323 2862 1983 2935; baseline -0.005 -9"><span class='ocrx_word' id='word_1_207' title='bbox 323 2870 456 2926; x_wconf 91' lang='lat' dir='ltr'><strong>vius</strong></span> <span class='ocrx_word' id='word_1_208' title='bbox 487 2869 936 2925; x_wconf 88' lang='lat' dir='ltr'><strong>subtercurrens</strong></span> <span class='ocrx_word' id='word_1_209' title='bbox 989 2864 1141 2921; x_wconf 90' lang='lat' dir='ltr'><strong>mira</strong></span> <span class='ocrx_word' id='word_1_210' title='bbox 1185 2863 1491 2920; x_wconf 88' lang='lat' dir='ltr'><strong>velocitate</strong></span> <span class='ocrx_word' id='word_1_211' title='bbox 1540 2862 1983 2935; x_wconf 83' lang='lat' dir='ltr'><strong>circumegerat,</strong></span> 
     </span>
    </p>
   </div>
   <div class='ocr_carea' id='block_1_31' title="bbox 329 2951 1989 3028">
    <p class='ocr_par' dir='ltr' id='par_1_31' title="bbox 329 2951 1989 3028">
     <span class='ocr_line' id='line_1_31' title="bbox 329 2951 1989 3028; baseline -0.004 -13"><span class='ocrx_word' id='word_1_212' title='bbox 329 2956 743 3025; x_wconf 90' lang='lat' dir='ltr'><strong>circumvolvi;</strong></span> <span class='ocrx_word' id='word_1_213' title='bbox 793 2971 1068 3028; x_wconf 90' lang='lat' dir='ltr'><strong>cumque,</strong></span> <span class='ocrx_word' id='word_1_214' title='bbox 1114 2958 1179 3009; x_wconf 91' lang='lat' dir='ltr'><strong>ut</strong></span> <span class='ocrx_word' id='word_1_215' title='bbox 1225 2953 1337 3011; x_wconf 90' lang='lat' dir='ltr'><strong>sibi</strong></span> <span class='ocrx_word' id='word_1_216' title='bbox 1385 2953 1715 3020; x_wconf 88' lang='lat' dir='ltr'><strong>videbatur,</strong></span> <span class='ocrx_word' id='word_1_217' title='bbox 1751 2951 1989 3025; x_wconf 88' lang='lat' dir='ltr'><strong>stupida</strong></span> 
     </span>
    </p>
   </div>
   <div class='ocr_carea' id='block_1_32' title="bbox 326 3041 1983 3115">
    <p class='ocr_par' dir='ltr' id='par_1_32' title="bbox 326 3041 1983 3115">
     <span class='ocr_line' id='line_1_32' title="bbox 326 3041 1983 3115; baseline -0.004 -11"><span class='ocrx_word' id='word_1_218' title='bbox 326 3049 583 3115; x_wconf 90' lang='lat' dir='ltr'><strong>timeret,</strong></span> <span class='ocrx_word' id='word_1_219' title='bbox 616 3064 687 3101; x_wconf 89' lang='lat' dir='ltr'><strong>ne</strong></span> <span class='ocrx_word' id='word_1_220' title='bbox 721 3045 778 3101; x_wconf 92' lang='lat' dir='ltr'><strong>in</strong></span> <span class='ocrx_word' id='word_1_221' title='bbox 807 3043 1048 3099; x_wconf 88' lang='lat' dir='ltr'><strong>fluvium</strong></span> <span class='ocrx_word' id='word_1_222' title='bbox 1083 3044 1620 3099; x_wconf 88' lang='lat' dir='ltr'><strong>subtercurrentem</strong></span> <span class='ocrx_word' id='word_1_223' title='bbox 1670 3041 1983 3110; x_wconf 88' lang='lat' dir='ltr'><strong>decideret,</strong></span> 
     </span>
    </p>
   </div>
   <div class='ocr_carea' id='block_1_33' title="bbox 325 3131 1985 3205">
    <p class='ocr_par' dir='ltr' id='par_1_33' title="bbox 325 3131 1985 3205">
     <span class='ocr_line' id='line_1_33' title="bbox 325 3131 1985 3205; baseline -0.005 -12"><span class='ocrx_word' id='word_1_224' title='bbox 325 3155 443 3193; x_wconf 91' lang='lat' dir='ltr'><strong>non</strong></span> <span class='ocrx_word' id='word_1_225' title='bbox 493 3137 553 3191; x_wconf 93' lang='lat' dir='ltr'><strong>in</strong></span> <span class='ocrx_word' id='word_1_226' title='bbox 604 3134 868 3201; x_wconf 84' lang='lat' dir='ltr'><strong>fluvium,</strong></span> <span class='ocrx_word' id='word_1_227' title='bbox 918 3134 1071 3205; x_wconf 86' lang='lat' dir='ltr'><strong>quod</strong></span> <span class='ocrx_word' id='word_1_228' title='bbox 1120 3133 1447 3199; x_wconf 88' lang='lat' dir='ltr'><strong>verebatur,</strong></span> <span class='ocrx_word' id='word_1_229' title='bbox 1512 3133 1612 3185; x_wconf 88' lang='lat' dir='ltr'><strong>sed</strong></span> <span class='ocrx_word' id='word_1_230' title='bbox 1675 3131 1872 3203; x_wconf 87' lang='lat' dir='ltr'><strong>potius</strong></span> <span class='ocrx_word' id='word_1_231' title='bbox 1928 3131 1985 3185; x_wconf 91' lang='lat' dir='ltr'><strong>in</strong></span> 
     </span>
    </p>
   </div>
   <div class='ocr_carea' id='block_1_34' title="bbox 294 3220 2021 3305">
    <p class='ocr_par' dir='ltr' id='par_1_34' title="bbox 294 3220 2021 3305">
     <span class='ocr_line' id='line_1_34' title="bbox 294 3220 2021 3305; baseline -0.005 -24"><span class='ocrx_word' id='word_1_232' title='bbox 294 3230 544 3281; x_wconf 84' lang='lat' dir='ltr'><strong>&#39;terram</strong></span> <span class='ocrx_word' id='word_1_233' title='bbox 568 3223 903 3295; x_wconf 80' lang='lat' dir='ltr'><strong>contiguam</strong></span> <span class='ocrx_word' id='word_1_234' title='bbox 937 3239 998 3276; x_wconf 91' lang='lat' dir='ltr'><strong>se</strong></span> <span class='ocrx_word' id='word_1_235' title='bbox 1030 3220 1339 3275; x_wconf 86' lang='lat' dir='ltr'><strong>decidisse.</strong></span> <span class='ocrx_word' id='word_1_236' title='bbox 1365 3222 1487 3284; x_wconf 89' lang='lat' dir='ltr'><strong>Quo</strong></span> <span class='ocrx_word' id='word_1_237' title='bbox 1518 3221 1669 3274; x_wconf 91' lang='lat' dir='ltr'><strong>facto</strong></span> <span class='ocrx_word' id='word_1_238' title='bbox 1702 3236 1763 3274; x_wconf 92' lang='lat' dir='ltr'><strong>se</strong></span> <span class='ocrx_word' id='word_1_239' title='bbox 1792 3236 2021 3305; x_wconf 62' lang='lat' dir='ltr'><strong>exper-1</strong></span> 
     </span>
    </p>
   </div>
   <div class='ocr_carea' id='block_1_35' title="bbox 2087 634 3748 709">
    <p class='ocr_par' dir='ltr' id='par_1_35' title="bbox 2087 634 3748 709">
     <span class='ocr_line' id='line_1_35' title="bbox 2087 634 3748 709; baseline 0.002 -19"><span class='ocrx_word' id='word_1_240' title='bbox 2087 634 2245 691; x_wconf 90' lang='lat' dir='ltr'><strong>aliud</strong></span> <span class='ocrx_word' id='word_1_241' title='bbox 2269 635 2593 703; x_wconf 88' lang='lat' dir='ltr'><strong>videbatur,</strong></span> <span class='ocrx_word' id='word_1_242' title='bbox 2612 639 2786 708; x_wconf 91' lang='lat' dir='ltr'><strong>atque</strong></span> <span class='ocrx_word' id='word_1_243' title='bbox 2804 636 2934 704; x_wconf 83' lang='lat' dir='ltr'><strong>hoc,</strong></span> <span class='ocrx_word' id='word_1_244' title='bbox 2949 636 3104 708; x_wconf 92' lang='lat' dir='ltr'><strong>quod</strong></span> <span class='ocrx_word' id='word_1_245' title='bbox 3125 641 3327 709; x_wconf 90' lang='lat' dir='ltr'><strong>postea</strong></span> <span class='ocrx_word' id='word_1_246' title='bbox 3345 655 3544 693; x_wconf 89' lang='lat' dir='ltr'><strong>rerum</strong></span> <span class='ocrx_word' id='word_1_247' title='bbox 3563 639 3748 695; x_wconf 80' lang='lat' dir='ltr'><strong>exitus</strong></span> 
     </span>
    </p>
   </div>
   <div class='ocr_carea' id='block_1_36' title="bbox 2087 724 3750 797">
    <p class='ocr_par' dir='ltr' id='par_1_36' title="bbox 2087 724 3750 797">
     <span class='ocr_line' id='line_1_36' title="bbox 2087 724 3750 797; baseline 0.003 -18"><span class='ocrx_word' id='word_1_248' title='bbox 2087 724 2304 793; x_wconf 91' lang='lat' dir='ltr'><strong>docuit,</strong></span> <span class='ocrx_word' id='word_1_249' title='bbox 2339 725 2539 780; x_wconf 90' lang='lat' dir='ltr'><strong>statim</strong></span> <span class='ocrx_word' id='word_1_250' title='bbox 2572 724 2793 780; x_wconf 89' lang='lat' dir='ltr'><strong>veritus</strong></span> <span class='ocrx_word' id='word_1_251' title='bbox 2825 729 2933 779; x_wconf 90' lang='lat' dir='ltr'><strong>est.</strong></span> <span class='ocrx_word' id='word_1_252' title='bbox 2970 725 3133 781; x_wconf 91' lang='lat' dir='ltr'><strong>Unde</strong></span> <span class='ocrx_word' id='word_1_253' title='bbox 3165 744 3280 780; x_wconf 92' lang='lat' dir='ltr'><strong>non</strong></span> <span class='ocrx_word' id='word_1_254' title='bbox 3314 727 3545 797; x_wconf 87' lang='lat' dir='ltr'><strong>statim,</strong></span> <span class='ocrx_word' id='word_1_255' title='bbox 3569 746 3645 783; x_wconf 91' lang='lat' dir='ltr'><strong>ne</strong></span> <span class='ocrx_word' id='word_1_256' title='bbox 3676 728 3750 784; x_wconf 88' lang='lat' dir='ltr'><strong>ita</strong></span> 
     </span>
    </p>
   </div>
   <div class='ocr_carea' id='block_1_37' title="bbox 2089 813 3748 891">
    <p class='ocr_par' dir='ltr' id='par_1_37' title="bbox 2089 813 3748 891">
     <span class='ocr_line' id='line_1_37' title="bbox 2089 813 3748 891; baseline 0.002 -22"><span class='ocrx_word' id='word_1_257' title='bbox 2089 831 2223 869; x_wconf 90' lang='lat' dir='ltr'><strong>eum</strong></span> <span class='ocrx_word' id='word_1_258' title='bbox 2246 813 2601 869; x_wconf 78' lang='lat' dir='ltr'><strong>intellexisse</strong></span> <span class='ocrx_word' id='word_1_259' title='bbox 2620 813 2879 879; x_wconf 88' lang='lat' dir='ltr'><strong>sentiret,</strong></span> <span class='ocrx_word' id='word_1_260' title='bbox 2900 814 2999 870; x_wconf 90' lang='lat' dir='ltr'><strong>sed</strong></span> <span class='ocrx_word' id='word_1_261' title='bbox 3023 818 3156 885; x_wconf 89' lang='lat' dir='ltr'><strong>post</strong></span> <span class='ocrx_word' id='word_1_262' title='bbox 3173 815 3470 871; x_wconf 89' lang='lat' dir='ltr'><strong>modicum</strong></span> <span class='ocrx_word' id='word_1_263' title='bbox 3493 832 3631 872; x_wconf 80' lang='lat' dir='ltr'><strong>eam</strong></span> <span class='ocrx_word' id='word_1_264' title='bbox 3655 836 3748 891; x_wconf 87' lang='lat' dir='ltr'><strong>pro</strong></span> 
     </span>
    </p>
   </div>
   <div class='ocr_carea' id='block_1_38' title="bbox 2089 902 3749 975">
    <p class='ocr_par' dir='ltr' id='par_1_38' title="bbox 2089 902 3749 975">
     <span class='ocr_line' id='line_1_38' title="bbox 2089 902 3749 975; baseline 0.002 -18"><span class='ocrx_word' id='word_1_265' title='bbox 2089 903 2612 975; x_wconf 65' lang='lat' dir='ltr'><strong>quibusdam,quaa</strong></span> <span class='ocrx_word' id='word_1_266' title='bbox 2645 903 2716 957; x_wconf 93' lang='lat' dir='ltr'><strong>ad</strong></span> <span class='ocrx_word' id='word_1_267' title='bbox 2747 902 3091 957; x_wconf 89' lang='lat' dir='ltr'><strong>maritorum</strong></span> <span class='ocrx_word' id='word_1_268' title='bbox 3123 908 3180 958; x_wconf 87' lang='lat' dir='ltr'><strong>ct</strong></span> <span class='ocrx_word' id='word_1_269' title='bbox 3212 903 3749 962; x_wconf 88' lang='lat' dir='ltr'><strong>misericordiarum</strong></span> 
     </span>
    </p>
   </div>
   <div class='ocr_carea' id='block_1_39' title="bbox 2087 991 3749 1064">
    <p class='ocr_par' dir='ltr' id='par_1_39' title="bbox 2087 991 3749 1064">
     <span class='ocr_line' id='line_1_39' title="bbox 2087 991 3749 1064; baseline 0.003 -17"><span class='ocrx_word' id='word_1_270' title='bbox 2087 993 2614 1063; x_wconf 84' lang='lat' dir='ltr'><strong>ejusaugmcutum</strong></span> <span class='ocrx_word' id='word_1_271' title='bbox 2642 991 3749 1064; x_wconf 85' lang='lat' dir='ltr'><strong>pertinerevidebantur,admonendam</strong></span> 
     </span>
    </p>
   </div>
   <div class='ocr_carea' id='block_1_40' title="bbox 2089 1082 3747 1156">
    <p class='ocr_par' dir='ltr' id='par_1_40' title="bbox 2089 1082 3747 1156">
     <span class='ocr_line' id='line_1_40' title="bbox 2089 1082 3747 1156; baseline 0.003 -22"><span class='ocrx_word' id='word_1_272' title='bbox 2089 1082 2401 1153; x_wconf 85' lang='lat' dir='ltr'><strong>putavit,et</strong></span> <span class='ocrx_word' id='word_1_273' title='bbox 2419 1100 2521 1153; x_wconf 91' lang='lat' dir='ltr'><strong>pro</strong></span> <span class='ocrx_word' id='word_1_274' title='bbox 2545 1082 2637 1135; x_wconf 87' lang='lat' dir='ltr'><strong>bis</strong></span> <span class='ocrx_word' id='word_1_275' title='bbox 2661 1082 2768 1136; x_wconf 88' lang='lat' dir='ltr'><strong>sibi</strong></span> <span class='ocrx_word' id='word_1_276' title='bbox 2796 1082 3249 1154; x_wconf 86' lang='lat' dir='ltr'><strong>supplicandum</strong></span> <span class='ocrx_word' id='word_1_277' title='bbox 3274 1083 3521 1156; x_wconf 84' lang='lat' dir='ltr'><strong>dignum</strong></span> <span class='ocrx_word' id='word_1_278' title='bbox 3549 1086 3747 1153; x_wconf 85' lang='lat' dir='ltr'><strong>duxit;</strong></span> 
     </span>
    </p>
   </div>
   <div class='ocr_carea' id='block_1_41' title="bbox 2090 1169 3751 1248">
    <p class='ocr_par' dir='ltr' id='par_1_41' title="bbox 2090 1169 3751 1248">
     <span class='ocr_line' id='line_1_41' title="bbox 2090 1169 3751 1248; baseline 0.003 -23"><span class='ocrx_word' id='word_1_279' title='bbox 2090 1189 2216 1243; x_wconf 72' lang='lat' dir='ltr'><strong>qum</strong></span> <span class='ocrx_word' id='word_1_280' title='bbox 2252 1169 2350 1225; x_wconf 85' lang='lat' dir='ltr'><strong>illa</strong></span> <span class='ocrx_word' id='word_1_281' title='bbox 2383 1171 2555 1225; x_wconf 82' lang='lat' dir='ltr'><strong>solita</strong></span> <span class='ocrx_word' id='word_1_282' title='bbox 2585 1170 2672 1225; x_wconf 88' lang='lat' dir='ltr'><strong>vel</strong></span> <span class='ocrx_word' id='word_1_283' title='bbox 2707 1188 2846 1243; x_wconf 87' lang='lat' dir='ltr'><strong>erga</strong></span> <span class='ocrx_word' id='word_1_284' title='bbox 2892 1171 3076 1226; x_wconf 89' lang='lat' dir='ltr'><strong>Deum</strong></span> <span class='ocrx_word' id='word_1_285' title='bbox 3128 1173 3450 1236; x_wconf 82' lang='lat' dir='ltr'><strong>devotione,</strong></span> <span class='ocrx_word' id='word_1_286' title='bbox 3482 1174 3573 1229; x_wconf 86' lang='lat' dir='ltr'><strong>vel</strong></span> <span class='ocrx_word' id='word_1_287' title='bbox 3622 1194 3751 1248; x_wconf 81' lang='lat' dir='ltr'><strong>erga</strong></span> 
     </span>
    </p>
   </div>
   <div class='ocr_carea' id='block_1_42' title="bbox 2088 1260 3749 1336">
    <p class='ocr_par' dir='ltr' id='par_1_42' title="bbox 2088 1260 3749 1336">
     <span class='ocr_line' id='line_1_42' title="bbox 2088 1260 3749 1336; baseline 0.003 -22"><span class='ocrx_word' id='word_1_288' title='bbox 2088 1264 2333 1315; x_wconf 90' lang='lat' dir='ltr'><strong>cunctos</strong></span> <span class='ocrx_word' id='word_1_289' title='bbox 2389 1260 2792 1316; x_wconf 88' lang='lat' dir='ltr'><strong>benevolentia</strong></span> <span class='ocrx_word' id='word_1_290' title='bbox 2840 1264 3131 1333; x_wconf 91' lang='lat' dir='ltr'><strong>quantum</strong></span> <span class='ocrx_word' id='word_1_291' title='bbox 3178 1266 3317 1318; x_wconf 92' lang='lat' dir='ltr'><strong>tunc</strong></span> <span class='ocrx_word' id='word_1_292' title='bbox 3368 1263 3586 1336; x_wconf 89' lang='lat' dir='ltr'><strong>potuit,</strong></span> <span class='ocrx_word' id='word_1_293' title='bbox 3620 1282 3749 1321; x_wconf 90' lang='lat' dir='ltr'><strong>con-</strong></span> 
     </span>
    </p>
   </div>
   <div class='ocr_carea' id='block_1_43' title="bbox 2088 1349 2286 1405">
    <p class='ocr_par' dir='ltr' id='par_1_43' title="bbox 2088 1349 2286 1405">
     <span class='ocr_line' id='line_1_43' title="bbox 2088 1349 2286 1405; baseline -0.005 0"><span class='ocrx_word' id='word_1_294' title='bbox 2088 1349 2286 1405; x_wconf 83' lang='lat' dir='ltr'><strong>cessit.</strong></span> 
     </span>
    </p>
   </div>
   <div class='ocr_carea' id='block_1_44' title="bbox 2160 1439 3747 1513">
    <p class='ocr_par' dir='ltr' id='par_1_44' title="bbox 2160 1439 3747 1513">
     <span class='ocr_line' id='line_1_44' title="bbox 2160 1439 3747 1513; baseline 0.004 -19"><span class='ocrx_word' id='word_1_295' title='bbox 2160 1439 2377 1495; x_wconf 87' lang='lat' dir='ltr'><strong>Eodem</strong></span> <span class='ocrx_word' id='word_1_296' title='bbox 2411 1443 2609 1496; x_wconf 90' lang='lat' dir='ltr'><strong>autem</strong></span> <span class='ocrx_word' id='word_1_297' title='bbox 2642 1444 2922 1513; x_wconf 90' lang='lat' dir='ltr'><strong>tempore,</strong></span> <span class='ocrx_word' id='word_1_298' title='bbox 2958 1457 3091 1496; x_wconf 90' lang='lat' dir='ltr'><strong>cum</strong></span> <span class='ocrx_word' id='word_1_299' title='bbox 3124 1444 3181 1496; x_wconf 91' lang='lat' dir='ltr'><strong>et</strong></span> <span class='ocrx_word' id='word_1_300' title='bbox 3212 1460 3318 1498; x_wconf 89' lang='lat' dir='ltr'><strong>nos</strong></span> <span class='ocrx_word' id='word_1_301' title='bbox 3342 1442 3565 1499; x_wconf 89' lang='lat' dir='ltr'><strong>ibidem</strong></span> <span class='ocrx_word' id='word_1_302' title='bbox 3601 1461 3747 1500; x_wconf 86' lang='lat' dir='ltr'><strong>esse-</strong></span> 
     </span>
    </p>
   </div>
   <div class='ocr_carea' id='block_1_45' title="bbox 2090 1529 3745 1607">
    <p class='ocr_par' dir='ltr' id='par_1_45' title="bbox 2090 1529 3745 1607">
     <span class='ocr_line' id='line_1_45' title="bbox 2090 1529 3745 1607; baseline 0.004 -24"><span class='ocrx_word' id='word_1_303' title='bbox 2090 1531 2445 1601; x_wconf 90' lang='lat' dir='ltr'><strong>mus,etjam</strong></span> <span class='ocrx_word' id='word_1_304' title='bbox 2464 1529 2764 1585; x_wconf 88' lang='lat' dir='ltr'><strong>discedere</strong></span> <span class='ocrx_word' id='word_1_305' title='bbox 2784 1529 3473 1605; x_wconf 85' lang='lat' dir='ltr'><strong>vellemus,nequaquam</strong></span> <span class='ocrx_word' id='word_1_306' title='bbox 3501 1551 3612 1589; x_wconf 88' lang='lat' dir='ltr'><strong>nos</strong></span> <span class='ocrx_word' id='word_1_307' title='bbox 3635 1552 3745 1607; x_wconf 87' lang='lat' dir='ltr'><strong>per-</strong></span> 
     </span>
    </p>
   </div>
   <div class='ocr_carea' id='block_1_46' title="bbox 2090 1617 3748 1690">
    <p class='ocr_par' dir='ltr' id='par_1_46' title="bbox 2090 1617 3748 1690">
     <span class='ocr_line' id='line_1_46' title="bbox 2090 1617 3748 1690; baseline 0.003 -16"><span class='ocrx_word' id='word_1_308' title='bbox 2090 1617 2255 1674; x_wconf 87' lang='lat' dir='ltr'><strong>misit</strong></span> <span class='ocrx_word' id='word_1_309' title='bbox 2289 1617 2598 1690; x_wconf 87' lang='lat' dir='ltr'><strong>paululum</strong></span> <span class='ocrx_word' id='word_1_310' title='bbox 2624 1619 2983 1675; x_wconf 89' lang='lat' dir='ltr'><strong>subrideudo</strong></span> <span class='ocrx_word' id='word_1_311' title='bbox 3007 1620 3234 1690; x_wconf 88' lang='lat' dir='ltr'><strong>dicens,</strong></span> <span class='ocrx_word' id='word_1_312' title='bbox 3264 1622 3559 1679; x_wconf 88' lang='lat' dir='ltr'><strong>incertum</strong></span> <span class='ocrx_word' id='word_1_313' title='bbox 3589 1624 3748 1680; x_wconf 87' lang='lat' dir='ltr'><strong>nobis</strong></span> 
     </span>
    </p>
   </div>
   <div class='ocr_carea' id='block_1_47' title="bbox 2090 1708 3747 1786">
    <p class='ocr_par' dir='ltr' id='par_1_47' title="bbox 2090 1708 3747 1786">
     <span class='ocr_line' id='line_1_47' title="bbox 2090 1708 3747 1786; baseline 0.003 -23"><span class='ocrx_word' id='word_1_314' title='bbox 2090 1723 2219 1763; x_wconf 88' lang='lat' dir='ltr'><strong>esse</strong></span> <span class='ocrx_word' id='word_1_315' title='bbox 2251 1712 2472 1780; x_wconf 89' lang='lat' dir='ltr'><strong>quanto</strong></span> <span class='ocrx_word' id='word_1_316' title='bbox 2505 1711 2767 1781; x_wconf 89' lang='lat' dir='ltr'><strong>tempore</strong></span> <span class='ocrx_word' id='word_1_317' title='bbox 2799 1725 2865 1765; x_wconf 89' lang='lat' dir='ltr'><strong>ea</strong></span> <span class='ocrx_word' id='word_1_318' title='bbox 2890 1708 3024 1779; x_wconf 87' lang='lat' dir='ltr'><strong>frui,</strong></span> <span class='ocrx_word' id='word_1_319' title='bbox 3060 1715 3117 1765; x_wconf 88' lang='lat' dir='ltr'><strong>et</strong></span> <span class='ocrx_word' id='word_1_320' title='bbox 3142 1726 3271 1766; x_wconf 90' lang='lat' dir='ltr'><strong>eam</strong></span> <span class='ocrx_word' id='word_1_321' title='bbox 3303 1711 3500 1767; x_wconf 89' lang='lat' dir='ltr'><strong>videre</strong></span> <span class='ocrx_word' id='word_1_322' title='bbox 3523 1712 3747 1786; x_wconf 86' lang='lat' dir='ltr'><strong>permit-</strong></span> 
     </span>
    </p>
   </div>
   <div class='ocr_carea' id='block_1_48' title="bbox 2092 1796 3745 1872">
    <p class='ocr_par' dir='ltr' id='par_1_48' title="bbox 2092 1796 3745 1872">
     <span class='ocr_line' id='line_1_48' title="bbox 2092 1796 3745 1872; baseline 0.004 -21"><span class='ocrx_word' id='word_1_323' title='bbox 2092 1801 2382 1865; x_wconf 87' lang='lat' dir='ltr'><strong>tercmur;</strong></span> <span class='ocrx_word' id='word_1_324' title='bbox 2417 1796 2466 1853; x_wconf 89' lang='lat' dir='ltr'><strong>si</strong></span> <span class='ocrx_word' id='word_1_325' title='bbox 2499 1796 2675 1853; x_wconf 89' lang='lat' dir='ltr'><strong>citius</strong></span> <span class='ocrx_word' id='word_1_326' title='bbox 2706 1815 2833 1853; x_wconf 89' lang='lat' dir='ltr'><strong>eam</strong></span> <span class='ocrx_word' id='word_1_327' title='bbox 2882 1799 3158 1854; x_wconf 88' lang='lat' dir='ltr'><strong>decedere</strong></span> <span class='ocrx_word' id='word_1_328' title='bbox 3202 1801 3594 1872; x_wconf 82' lang='lat' dir='ltr'><strong>contingeret,</strong></span> <span class='ocrx_word' id='word_1_329' title='bbox 3619 1805 3745 1858; x_wconf 89' lang='lat' dir='ltr'><strong>tunc</strong></span> 
     </span>
    </p>
   </div>
   <div class='ocr_carea' id='block_1_49' title="bbox 2099 1886 3744 1964">
    <p class='ocr_par' dir='ltr' id='par_1_49' title="bbox 2099 1886 3744 1964">
     <span class='ocr_line' id='line_1_49' title="bbox 2099 1886 3744 1964; baseline 0.003 -23"><span class='ocrx_word' id='word_1_330' title='bbox 2099 1903 2204 1941; x_wconf 92' lang='lat' dir='ltr'><strong>nos</strong></span> <span class='ocrx_word' id='word_1_331' title='bbox 2232 1886 2555 1958; x_wconf 77' lang='lat' dir='ltr'><strong>pmnituros</strong></span> <span class='ocrx_word' id='word_1_332' title='bbox 2587 1887 2791 1959; x_wconf 85' lang='lat' dir='ltr'><strong>fore,si</strong></span> <span class='ocrx_word' id='word_1_333' title='bbox 2826 1892 2965 1944; x_wconf 90' lang='lat' dir='ltr'><strong>tunc</strong></span> <span class='ocrx_word' id='word_1_334' title='bbox 2996 1893 3201 1944; x_wconf 90' lang='lat' dir='ltr'><strong>contra</strong></span> <span class='ocrx_word' id='word_1_335' title='bbox 3228 1888 3597 1946; x_wconf 89' lang='lat' dir='ltr'><strong>voluntatem</strong></span> <span class='ocrx_word' id='word_1_336' title='bbox 3629 1893 3744 1964; x_wconf 86' lang='lat' dir='ltr'><strong>ejus</strong></span> 
     </span>
    </p>
   </div>
   <div class='ocr_carea' id='block_1_50' title="bbox 2095 1975 3747 2053">
    <p class='ocr_par' dir='ltr' id='par_1_50' title="bbox 2095 1975 3747 2053">
     <span class='ocr_line' id='line_1_50' title="bbox 2095 1975 3747 2053; baseline 0.004 -24"><span class='ocrx_word' id='word_1_337' title='bbox 2095 1975 2559 2044; x_wconf 86' lang='lat' dir='ltr'><strong>discederemus;</strong></span> <span class='ocrx_word' id='word_1_338' title='bbox 2596 1976 2891 2049; x_wconf 89' lang='lat' dir='ltr'><strong>simulque</strong></span> <span class='ocrx_word' id='word_1_339' title='bbox 2924 1981 2980 2032; x_wconf 90' lang='lat' dir='ltr'><strong>et</strong></span> <span class='ocrx_word' id='word_1_340' title='bbox 3012 1994 3114 2049; x_wconf 90' lang='lat' dir='ltr'><strong>per</strong></span> <span class='ocrx_word' id='word_1_341' title='bbox 3134 1978 3491 2050; x_wconf 90' lang='lat' dir='ltr'><strong>seipsam,et</strong></span> <span class='ocrx_word' id='word_1_342' title='bbox 3520 1996 3625 2052; x_wconf 90' lang='lat' dir='ltr'><strong>per</strong></span> <span class='ocrx_word' id='word_1_343' title='bbox 3645 1981 3747 2053; x_wconf 87' lang='lat' dir='ltr'><strong>ple-</strong></span> 
     </span>
    </p>
   </div>
   <div class='ocr_carea' id='block_1_51' title="bbox 2095 2064 3743 2142">
    <p class='ocr_par' dir='ltr' id='par_1_51' title="bbox 2095 2064 3743 2142">
     <span class='ocr_line' id='line_1_51' title="bbox 2095 2064 3743 2142; baseline 0.004 -23"><span class='ocrx_word' id='word_1_344' title='bbox 2095 2080 2309 2137; x_wconf 86' lang='lat' dir='ltr'><strong>rasque</strong></span> <span class='ocrx_word' id='word_1_345' title='bbox 2332 2082 2559 2120; x_wconf 90' lang='lat' dir='ltr'><strong>sorores</strong></span> <span class='ocrx_word' id='word_1_346' title='bbox 2584 2083 2722 2121; x_wconf 88' lang='lat' dir='ltr'><strong>suas</strong></span> <span class='ocrx_word' id='word_1_347' title='bbox 2745 2064 2891 2121; x_wconf 90' lang='lat' dir='ltr'><strong>alias</strong></span> <span class='ocrx_word' id='word_1_348' title='bbox 2916 2066 3169 2123; x_wconf 89' lang='lat' dir='ltr'><strong>multum</strong></span> <span class='ocrx_word' id='word_1_349' title='bbox 3195 2084 3300 2123; x_wconf 89' lang='lat' dir='ltr'><strong>nos</strong></span> <span class='ocrx_word' id='word_1_350' title='bbox 3324 2085 3533 2141; x_wconf 88' lang='lat' dir='ltr'><strong>rogare</strong></span> <span class='ocrx_word' id='word_1_351' title='bbox 3554 2070 3743 2142; x_wconf 79' lang='lat' dir='ltr'><strong>cmpit;</strong></span> 
     </span>
    </p>
   </div>
   <div class='ocr_carea' id='block_1_52' title="bbox 2096 2153 3743 2225">
    <p class='ocr_par' dir='ltr' id='par_1_52' title="bbox 2096 2153 3743 2225">
     <span class='ocr_line' id='line_1_52' title="bbox 2096 2153 3743 2225; baseline 0.003 -17"><span class='ocrx_word' id='word_1_352' title='bbox 2096 2159 2181 2221; x_wconf 89' lang='lat' dir='ltr'><strong>ut,</strong></span> <span class='ocrx_word' id='word_1_353' title='bbox 2203 2153 2495 2225; x_wconf 81' lang='lat' dir='ltr'><strong>siquidem</strong></span> <span class='ocrx_word' id='word_1_354' title='bbox 2519 2172 2647 2209; x_wconf 89' lang='lat' dir='ltr'><strong>eam</strong></span> <span class='ocrx_word' id='word_1_355' title='bbox 2669 2154 3031 2211; x_wconf 84' lang='lat' dir='ltr'><strong>infirmatam</strong></span> <span class='ocrx_word' id='word_1_356' title='bbox 3052 2156 3620 2223; x_wconf 89' lang='lat' dir='ltr'><strong>audiremus,venire</strong></span> <span class='ocrx_word' id='word_1_357' title='bbox 3642 2176 3743 2213; x_wconf 84' lang='lat' dir='ltr'><strong>non</strong></span> 
     </span>
    </p>
   </div>
   <div class='ocr_carea' id='block_1_53' title="bbox 2096 2244 3743 2317">
    <p class='ocr_par' dir='ltr' id='par_1_53' title="bbox 2096 2244 3743 2317">
     <span class='ocr_line' id='line_1_53' title="bbox 2096 2244 3743 2317; baseline 0.003 -20"><span class='ocrx_word' id='word_1_358' title='bbox 2096 2244 2634 2316; x_wconf 88' lang='lat' dir='ltr'><strong>supersederemus.</strong></span> <span class='ocrx_word' id='word_1_359' title='bbox 2669 2244 2749 2298; x_wconf 85' lang='lat' dir='ltr'><strong>Ex</strong></span> <span class='ocrx_word' id='word_1_360' title='bbox 2799 2244 3015 2317; x_wconf 89' lang='lat' dir='ltr'><strong>quibus</strong></span> <span class='ocrx_word' id='word_1_361' title='bbox 3065 2247 3342 2301; x_wconf 88' lang='lat' dir='ltr'><strong>omnibus</strong></span> <span class='ocrx_word' id='word_1_362' title='bbox 3387 2266 3506 2304; x_wconf 92' lang='lat' dir='ltr'><strong>non</strong></span> <span class='ocrx_word' id='word_1_363' title='bbox 3567 2247 3743 2304; x_wconf 88' lang='lat' dir='ltr'><strong>solum</strong></span> 
     </span>
    </p>
   </div>
   <div class='ocr_carea' id='block_1_54' title="bbox 2096 2332 3744 2410">
    <p class='ocr_par' dir='ltr' id='par_1_54' title="bbox 2096 2332 3744 2410">
     <span class='ocr_line' id='line_1_54' title="bbox 2096 2332 3744 2410; baseline 0.003 -23"><span class='ocrx_word' id='word_1_364' title='bbox 2096 2332 2383 2404; x_wconf 86' lang='lat' dir='ltr'><strong>conjicere</strong></span> <span class='ocrx_word' id='word_1_365' title='bbox 2417 2351 2753 2405; x_wconf 89' lang='lat' dir='ltr'><strong>possumus,</strong></span> <span class='ocrx_word' id='word_1_366' title='bbox 2790 2335 2888 2389; x_wconf 89' lang='lat' dir='ltr'><strong>sed</strong></span> <span class='ocrx_word' id='word_1_367' title='bbox 2923 2337 2979 2389; x_wconf 88' lang='lat' dir='ltr'><strong>et</strong></span> <span class='ocrx_word' id='word_1_368' title='bbox 3010 2334 3233 2407; x_wconf 88' lang='lat' dir='ltr'><strong>liquido</strong></span> <span class='ocrx_word' id='word_1_369' title='bbox 3256 2335 3586 2410; x_wconf 83' lang='lat' dir='ltr'><strong>intelligere</strong></span> <span class='ocrx_word' id='word_1_370' title='bbox 3614 2336 3744 2393; x_wconf 84' lang='lat' dir='ltr'><strong>vale-</strong></span> 
     </span>
    </p>
   </div>
   <div class='ocr_carea' id='block_1_55' title="bbox 2098 2421 3740 2496">
    <p class='ocr_par' dir='ltr' id='par_1_55' title="bbox 2098 2421 3740 2496">
     <span class='ocr_line' id='line_1_55' title="bbox 2098 2421 3740 2496; baseline 0.002 -20"><span class='ocrx_word' id='word_1_371' title='bbox 2098 2438 2252 2484; x_wconf 90' lang='lat' dir='ltr'><strong>mus.</strong></span> <span class='ocrx_word' id='word_1_372' title='bbox 2277 2421 2647 2477; x_wconf 89' lang='lat' dir='ltr'><strong>dormitiouis</strong></span> <span class='ocrx_word' id='word_1_373' title='bbox 2680 2440 2797 2477; x_wconf 68' lang='lat' dir='ltr'><strong>sua:</strong></span> <span class='ocrx_word' id='word_1_374' title='bbox 2832 2427 3066 2496; x_wconf 88' lang='lat' dir='ltr'><strong>tempus</strong></span> <span class='ocrx_word' id='word_1_375' title='bbox 3098 2423 3209 2480; x_wconf 89' lang='lat' dir='ltr'><strong>sibi</strong></span> <span class='ocrx_word' id='word_1_376' title='bbox 3234 2430 3740 2496; x_wconf 73' lang='lat' dir='ltr'><strong>przemonstratum</strong></span> 
     </span>
    </p>
   </div>
   <div class='ocr_carea' id='block_1_56' title="bbox 2098 2511 3743 2587">
    <p class='ocr_par' dir='ltr' id='par_1_56' title="bbox 2098 2511 3743 2587">
     <span class='ocr_line' id='line_1_56' title="bbox 2098 2511 3743 2587; baseline 0.003 -22"><span class='ocrx_word' id='word_1_377' title='bbox 2098 2512 2310 2579; x_wconf 89' lang='lat' dir='ltr'><strong>fuisse;</strong></span> <span class='ocrx_word' id='word_1_378' title='bbox 2331 2511 2485 2583; x_wconf 89' lang='lat' dir='ltr'><strong>quod</strong></span> <span class='ocrx_word' id='word_1_379' title='bbox 2510 2511 2747 2583; x_wconf 89' lang='lat' dir='ltr'><strong>quidem</strong></span> <span class='ocrx_word' id='word_1_380' title='bbox 2772 2517 2829 2567; x_wconf 91' lang='lat' dir='ltr'><strong>et</strong></span> <span class='ocrx_word' id='word_1_381' title='bbox 2845 2530 2913 2579; x_wconf 80' lang='lat' dir='ltr'><strong>cx</strong></span> <span class='ocrx_word' id='word_1_382' title='bbox 2944 2512 3355 2587; x_wconf 83' lang='lat' dir='ltr'><strong>languentium</strong></span> <span class='ocrx_word' id='word_1_383' title='bbox 3381 2532 3652 2571; x_wconf 89' lang='lat' dir='ltr'><strong>sororum</strong></span> <span class='ocrx_word' id='word_1_384' title='bbox 3674 2515 3743 2570; x_wconf 91' lang='lat' dir='ltr'><strong>in-</strong></span> 
     </span>
    </p>
   </div>
   <div class='ocr_carea' id='block_1_57' title="bbox 2098 2600 3741 2675">
    <p class='ocr_par' dir='ltr' id='par_1_57' title="bbox 2098 2600 3741 2675">
     <span class='ocr_line' id='line_1_57' title="bbox 2098 2600 3741 2675; baseline 0.002 -21"><span class='ocrx_word' id='word_1_385' title='bbox 2098 2600 2396 2668; x_wconf 87' lang='lat' dir='ltr'><strong>firmitate,</strong></span> <span class='ocrx_word' id='word_1_386' title='bbox 2422 2617 2548 2672; x_wconf 67' lang='lat' dir='ltr'><strong>quae</strong></span> <span class='ocrx_word' id='word_1_387' title='bbox 2580 2602 2708 2672; x_wconf 90' lang='lat' dir='ltr'><strong>ejus</strong></span> <span class='ocrx_word' id='word_1_388' title='bbox 2740 2601 3175 2672; x_wconf 64' lang='lat' dir='ltr'><strong>aegrotationem</strong></span> <span class='ocrx_word' id='word_1_389' title='bbox 3210 2609 3635 2675; x_wconf 72' lang='lat' dir='ltr'><strong>prmcesserant</strong></span> <span class='ocrx_word' id='word_1_390' title='bbox 3662 2604 3741 2659; x_wconf 85' lang='lat' dir='ltr'><strong>di-</strong></span> 
     </span>
    </p>
   </div>
   <div class='ocr_carea' id='block_1_58' title="bbox 2094 2689 3740 2765">
    <p class='ocr_par' dir='ltr' id='par_1_58' title="bbox 2094 2689 3740 2765">
     <span class='ocr_line' id='line_1_58' title="bbox 2094 2689 3740 2765; baseline 0.002 -22"><span class='ocrx_word' id='word_1_391' title='bbox 2094 2690 2231 2745; x_wconf 90' lang='lat' dir='ltr'><strong>vina</strong></span> <span class='ocrx_word' id='word_1_392' title='bbox 2260 2689 2445 2762; x_wconf 86' lang='lat' dir='ltr'><strong>pietas</strong></span> <span class='ocrx_word' id='word_1_393' title='bbox 2468 2690 2946 2761; x_wconf 74' lang='lat' dir='ltr'><strong>prmmonendum</strong></span> <span class='ocrx_word' id='word_1_394' title='bbox 2972 2691 3219 2763; x_wconf 88' lang='lat' dir='ltr'><strong>putavit.</strong></span> <span class='ocrx_word' id='word_1_395' title='bbox 3243 2691 3431 2765; x_wconf 85' lang='lat' dir='ltr'><strong>Igitur</strong></span> <span class='ocrx_word' id='word_1_396' title='bbox 3452 2711 3587 2749; x_wconf 89' lang='lat' dir='ltr'><strong>cum</strong></span> <span class='ocrx_word' id='word_1_397' title='bbox 3610 2693 3740 2749; x_wconf 86' lang='lat' dir='ltr'><strong>inter</strong></span> 
     </span>
    </p>
   </div>
   <div class='ocr_carea' id='block_1_59' title="bbox 2097 2778 3737 2853">
    <p class='ocr_par' dir='ltr' id='par_1_59' title="bbox 2097 2778 3737 2853">
     <span class='ocr_line' id='line_1_59' title="bbox 2097 2778 3737 2853; baseline 0.002 -20"><span class='ocrx_word' id='word_1_398' title='bbox 2097 2782 2445 2852; x_wconf 71' lang='lat' dir='ltr'><strong>wgrotantes</strong></span> <span class='ocrx_word' id='word_1_399' title='bbox 2476 2778 2681 2833; x_wconf 90' lang='lat' dir='ltr'><strong>sedula</strong></span> <span class='ocrx_word' id='word_1_400' title='bbox 2711 2778 3086 2847; x_wconf 89' lang='lat' dir='ltr'><strong>discurreret,</strong></span> <span class='ocrx_word' id='word_1_401' title='bbox 3108 2779 3237 2853; x_wconf 89' lang='lat' dir='ltr'><strong>ipsa</strong></span> <span class='ocrx_word' id='word_1_402' title='bbox 3258 2782 3315 2837; x_wconf 93' lang='lat' dir='ltr'><strong>in</strong></span> <span class='ocrx_word' id='word_1_403' title='bbox 3350 2780 3737 2838; x_wconf 84' lang='lat' dir='ltr'><strong>infirmitatem</strong></span> 
     </span>
    </p>
   </div>
   <div class='ocr_carea' id='block_1_60' title="bbox 2097 2866 3740 2941">
    <p class='ocr_par' dir='ltr' id='par_1_60' title="bbox 2097 2866 3740 2941">
     <span class='ocr_line' id='line_1_60' title="bbox 2097 2866 3740 2941; baseline 0 -16"><span class='ocrx_word' id='word_1_404' title='bbox 2097 2868 2329 2936; x_wconf 89' lang='lat' dir='ltr'><strong>cecidit,</strong></span> <span class='ocrx_word' id='word_1_405' title='bbox 2353 2866 2699 2941; x_wconf 88' lang='lat' dir='ltr'><strong>aliquandiu</strong></span> <span class='ocrx_word' id='word_1_406' title='bbox 2734 2873 2931 2924; x_wconf 90' lang='lat' dir='ltr'><strong>tamen</strong></span> <span class='ocrx_word' id='word_1_407' title='bbox 2963 2869 3293 2926; x_wconf 82' lang='lat' dir='ltr'><strong>infirmitati</strong></span> <span class='ocrx_word' id='word_1_408' title='bbox 3324 2871 3615 2928; x_wconf 86' lang='lat' dir='ltr'><strong>reluctata</strong></span> <span class='ocrx_word' id='word_1_409' title='bbox 3640 2872 3740 2926; x_wconf 85' lang='lat' dir='ltr'><strong>vin-</strong></span> 
     </span>
    </p>
   </div>
   <div class='ocr_carea' id='block_1_61' title="bbox 2098 2956 3738 3033">
    <p class='ocr_par' dir='ltr' id='par_1_61' title="bbox 2098 2956 3738 3033">
     <span class='ocr_line' id='line_1_61' title="bbox 2098 2956 3738 3033; baseline 0.003 -21"><span class='ocrx_word' id='word_1_410' title='bbox 2098 2974 2225 3013; x_wconf 91' lang='lat' dir='ltr'><strong>cere</strong></span> <span class='ocrx_word' id='word_1_411' title='bbox 2246 2974 2400 3025; x_wconf 87' lang='lat' dir='ltr'><strong>eam,</strong></span> <span class='ocrx_word' id='word_1_412' title='bbox 2421 2956 2509 3012; x_wconf 92' lang='lat' dir='ltr'><strong>vel</strong></span> <span class='ocrx_word' id='word_1_413' title='bbox 2541 2956 2741 3030; x_wconf 87' lang='lat' dir='ltr'><strong>potius</strong></span> <span class='ocrx_word' id='word_1_414' title='bbox 2763 2956 2998 3014; x_wconf 84' lang='lat' dir='ltr'><strong>eludere</strong></span> <span class='ocrx_word' id='word_1_415' title='bbox 3030 2959 3275 3031; x_wconf 89' lang='lat' dir='ltr'><strong>putavit.</strong></span> <span class='ocrx_word' id='word_1_416' title='bbox 3295 2961 3530 3017; x_wconf 88' lang='lat' dir='ltr'><strong>Tandiu</strong></span> <span class='ocrx_word' id='word_1_417' title='bbox 3550 2961 3738 3033; x_wconf 79' lang='lat' dir='ltr'><strong>quippe</strong></span> 
     </span>
    </p>
   </div>
   <div class='ocr_carea' id='block_1_62' title="bbox 2098 3045 3735 3116">
    <p class='ocr_par' dir='ltr' id='par_1_62' title="bbox 2098 3045 3735 3116">
     <span class='ocr_line' id='line_1_62' title="bbox 2098 3045 3735 3116; baseline 0.001 -15"><span class='ocrx_word' id='word_1_418' title='bbox 2098 3063 2233 3101; x_wconf 92' lang='lat' dir='ltr'><strong>cum</strong></span> <span class='ocrx_word' id='word_1_419' title='bbox 2266 3045 2488 3101; x_wconf 75' lang='lat' dir='ltr'><strong>czeteris</strong></span> <span class='ocrx_word' id='word_1_420' title='bbox 2518 3045 2819 3101; x_wconf 86' lang='lat' dir='ltr'><strong>sororibus</strong></span> <span class='ocrx_word' id='word_1_421' title='bbox 2851 3046 2908 3100; x_wconf 92' lang='lat' dir='ltr'><strong>in</strong></span> <span class='ocrx_word' id='word_1_422' title='bbox 2943 3046 3119 3102; x_wconf 90' lang='lat' dir='ltr'><strong>choro</strong></span> <span class='ocrx_word' id='word_1_423' title='bbox 3147 3049 3220 3103; x_wconf 91' lang='lat' dir='ltr'><strong>ad</strong></span> <span class='ocrx_word' id='word_1_424' title='bbox 3252 3065 3494 3116; x_wconf 88' lang='lat' dir='ltr'><strong>cursus,</strong></span> <span class='ocrx_word' id='word_1_425' title='bbox 3528 3050 3580 3104; x_wconf 88' lang='lat' dir='ltr'><strong>in</strong></span> <span class='ocrx_word' id='word_1_426' title='bbox 3613 3049 3735 3104; x_wconf 87' lang='lat' dir='ltr'><strong>refe-</strong></span> 
     </span>
    </p>
   </div>
   <div class='ocr_carea' id='block_1_63' title="bbox 2096 3133 3735 3201">
    <p class='ocr_par' dir='ltr' id='par_1_63' title="bbox 2096 3133 3735 3201">
     <span class='ocr_line' id='line_1_63' title="bbox 2096 3133 3735 3201; baseline 0.001 -11"><span class='ocrx_word' id='word_1_427' title='bbox 2096 3133 2278 3190; x_wconf 86' lang='lat' dir='ltr'><strong>ctorio</strong></span> <span class='ocrx_word' id='word_1_428' title='bbox 2309 3135 2379 3189; x_wconf 90' lang='lat' dir='ltr'><strong>ad</strong></span> <span class='ocrx_word' id='word_1_429' title='bbox 2414 3151 2679 3189; x_wconf 86' lang='lat' dir='ltr'><strong>mensam</strong></span> <span class='ocrx_word' id='word_1_430' title='bbox 2714 3133 2842 3201; x_wconf 89' lang='lat' dir='ltr'><strong>fuit,</strong></span> <span class='ocrx_word' id='word_1_431' title='bbox 2867 3135 3048 3189; x_wconf 90' lang='lat' dir='ltr'><strong>donec</strong></span> <span class='ocrx_word' id='word_1_432' title='bbox 3075 3135 3427 3193; x_wconf 89' lang='lat' dir='ltr'><strong>ambulandi</strong></span> <span class='ocrx_word' id='word_1_433' title='bbox 3454 3137 3633 3194; x_wconf 80' lang='lat' dir='ltr'><strong>ofﬁcio</strong></span> <span class='ocrx_word' id='word_1_434' title='bbox 3652 3137 3735 3191; x_wconf 87' lang='lat' dir='ltr'><strong>de-</strong></span> 
     </span>
    </p>
   </div>
   <div class='ocr_carea' id='block_1_64' title="bbox 2098 3223 3733 3301">
    <p class='ocr_par' dir='ltr' id='par_1_64' title="bbox 2098 3223 3733 3301">
     <span class='ocr_line' id='line_1_64' title="bbox 2098 3223 3733 3301; baseline 0.001 -23"><span class='ocrx_word' id='word_1_435' title='bbox 2098 3224 2476 3291; x_wconf 88' lang='lat' dir='ltr'><strong>stitueretur;</strong></span> <span class='ocrx_word' id='word_1_436' title='bbox 2531 3223 2695 3294; x_wconf 89' lang='lat' dir='ltr'><strong>prius</strong></span> <span class='ocrx_word' id='word_1_437' title='bbox 2738 3227 2935 3278; x_wconf 87' lang='lat' dir='ltr'><strong>tamen</strong></span> <span class='ocrx_word' id='word_1_438' title='bbox 2996 3241 3173 3296; x_wconf 89' lang='lat' dir='ltr'><strong>quam</strong></span> <span class='ocrx_word' id='word_1_439' title='bbox 3218 3226 3430 3283; x_wconf 89' lang='lat' dir='ltr'><strong>morbo</strong></span> <span class='ocrx_word' id='word_1_440' title='bbox 3493 3228 3733 3301; x_wconf 84' lang='lat' dir='ltr'><strong>ingrave-</strong></span> 
     </span>
    </p>
   </div>
   <div class='ocr_carea' id='block_1_65' title="bbox 324 3299 3731 3388">
    <p class='ocr_par' dir='ltr' id='par_1_65' title="bbox 324 3299 3731 3388">
     <span class='ocr_line' id='line_1_65' title="bbox 324 3299 3731 3388; baseline -0.001 -19"><span class='ocrx_word' id='word_1_441' title='bbox 324 3314 612 3388; x_wconf 88' lang='lat' dir='ltr'><strong>gcfactam</strong></span> <span class='ocrx_word' id='word_1_442' title='bbox 672 3312 876 3378; x_wconf 88' lang='lat' dir='ltr'><strong>fuisse,</strong></span> <span class='ocrx_word' id='word_1_443' title='bbox 912 3314 970 3364; x_wconf 90' lang='lat' dir='ltr'><strong>et</strong></span> <span class='ocrx_word' id='word_1_444' title='bbox 1022 3310 1150 3381; x_wconf 90' lang='lat' dir='ltr'><strong>jam</strong></span> <span class='ocrx_word' id='word_1_445' title='bbox 1202 3307 1567 3381; x_wconf 85' lang='lat' dir='ltr'><strong>vigilantem,</strong></span> <span class='ocrx_word' id='word_1_446' title='bbox 1609 3308 1735 3377; x_wconf 89' lang='lat' dir='ltr'><strong>jam</strong></span> <span class='ocrx_word' id='word_1_447' title='bbox 1789 3308 1863 3363; x_wconf 89' lang='lat' dir='ltr'><strong>ad</strong></span> <span class='ocrx_word' id='word_1_448' title='bbox 1924 3299 2059 3365; x_wconf 67' lang='lat' dir='ltr'><strong>sec</strong></span> <span class='ocrx_word' id='word_1_449' title='bbox 2100 3317 2298 3370; x_wconf 91' lang='lat' dir='ltr'><strong>scente</strong></span> <span class='ocrx_word' id='word_1_450' title='bbox 2329 3313 2388 3368; x_wconf 94' lang='lat' dir='ltr'><strong>in</strong></span> <span class='ocrx_word' id='word_1_451' title='bbox 2421 3312 2637 3367; x_wconf 87' lang='lat' dir='ltr'><strong>lectum</strong></span> <span class='ocrx_word' id='word_1_452' title='bbox 2670 3312 2983 3382; x_wconf 86' lang='lat' dir='ltr'><strong>decideret,</strong></span> <span class='ocrx_word' id='word_1_453' title='bbox 3015 3313 3163 3368; x_wconf 89' lang='lat' dir='ltr'><strong>vidit</strong></span> <span class='ocrx_word' id='word_1_454' title='bbox 3193 3313 3252 3369; x_wconf 93' lang='lat' dir='ltr'><strong>in</strong></span> <span class='ocrx_word' id='word_1_455' title='bbox 3287 3317 3542 3373; x_wconf 89' lang='lat' dir='ltr'><strong>somniis</strong></span> <span class='ocrx_word' id='word_1_456' title='bbox 3567 3299 3731 3388; x_wconf 79' lang='lat' dir='ltr'><strong>quasi</strong></span> 
     </span>
    </p>
   </div>
   <div class='ocr_carea' id='block_1_66' title="bbox 294 3396 1989 3470">
    <p class='ocr_par' dir='ltr' id='par_1_66' title="bbox 294 3396 1989 3470">
     <span class='ocr_line' id='line_1_66' title="bbox 294 3396 1989 3470; baseline -0.004 -11"><span class='ocrx_word' id='word_1_457' title='bbox 294 3412 639 3469; x_wconf 87' lang='lat' dir='ltr'><strong>&#39;reversam,</strong></span> <span class='ocrx_word' id='word_1_458' title='bbox 666 3398 949 3455; x_wconf 89' lang='lat' dir='ltr'><strong>membris</strong></span> <span class='ocrx_word' id='word_1_459' title='bbox 978 3402 1172 3454; x_wconf 85' lang='lat' dir='ltr'><strong>tamen</strong></span> <span class='ocrx_word' id='word_1_460' title='bbox 1202 3396 1480 3453; x_wconf 88' lang='lat' dir='ltr'><strong>omnibus</strong></span> <span class='ocrx_word' id='word_1_461' title='bbox 1513 3396 1905 3470; x_wconf 74' lang='lat' dir='ltr'><strong>prmmorluis,</strong></span> <span class='ocrx_word' id='word_1_462' title='bbox 1932 3401 1989 3453; x_wconf 88' lang='lat' dir='ltr'><strong>et</strong></span> 
     </span>
    </p>
   </div>
   <div class='ocr_carea' id='block_1_67' title="bbox 328 3486 1270 3561">
    <p class='ocr_par' dir='ltr' id='par_1_67' title="bbox 328 3486 1270 3561">
     <span class='ocr_line' id='line_1_67' title="bbox 328 3486 1270 3561; baseline -0.01 -11"><span class='ocrx_word' id='word_1_463' title='bbox 328 3492 520 3551; x_wconf 90' lang='lat' dir='ltr'><strong>adhuc</strong></span> <span class='ocrx_word' id='word_1_464' title='bbox 553 3488 956 3546; x_wconf 90' lang='lat' dir='ltr'><strong>tremebundis</strong></span> <span class='ocrx_word' id='word_1_465' title='bbox 983 3486 1270 3561; x_wconf 87' lang='lat' dir='ltr'><strong>jacuisse.</strong></span> 
     </span>
    </p>
   </div>
   <div class='ocr_carea' id='block_1_68' title="bbox 979 3594 1345 3651">
    <p class='ocr_par' dir='ltr' id='par_1_68' title="bbox 979 3594 1345 3651">
     <span class='ocr_line' id='line_1_68' title="bbox 979 3594 1345 3651; baseline -0.008 0"><span class='ocrx_word' id='word_1_466' title='bbox 979 3594 1212 3651; x_wconf 85' lang='lat' dir='ltr'>CAPUT</span> <span class='ocrx_word' id='word_1_467' title='bbox 1255 3594 1345 3650; x_wconf 80' lang='grc' dir='ltr'><strong>ιν.</strong></span> 
     </span>
    </p>
   </div>
   <div class='ocr_carea' id='block_1_69' title="bbox 336 3685 1991 3761">
    <p class='ocr_par' dir='ltr' id='par_1_69' title="bbox 336 3685 1991 3761">
     <span class='ocr_line' id='line_1_69' title="bbox 336 3685 1991 3761; baseline -0.005 -14"><span class='ocrx_word' id='word_1_468' title='bbox 336 3691 559 3761; x_wconf 62' lang='lat' dir='ltr'><strong>Tempus</strong></span> <span class='ocrx_word' id='word_1_469' title='bbox 588 3688 884 3761; x_wconf 76' lang='lat' dir='ltr'><strong>mortis,__ct</strong></span> <span class='ocrx_word' id='word_1_470' title='bbox 912 3686 1057 3761; x_wconf 70' lang='lat' dir='ltr'><strong>locus</strong></span> <span class='ocrx_word' id='word_1_471' title='bbox 1096 3685 1393 3761; x_wconf 51' lang='lat' dir='ltr'><strong>sepultura</strong></span> <span class='ocrx_word' id='word_1_472' title='bbox 1426 3685 1489 3761; x_wconf 69' lang='lat' dir='ltr'><strong>ia</strong></span> <span class='ocrx_word' id='word_1_473' title='bbox 1519 3700 1706 3761; x_wconf 68' lang='lat' dir='ltr'><strong>sonum</strong></span> <span class='ocrx_word' id='word_1_474' title='bbox 1736 3686 1789 3761; x_wconf 76' lang='lat' dir='ltr'><strong>ei</strong></span> <span class='ocrx_word' id='word_1_475' title='bbox 1817 3692 1991 3738; x_wconf 71' lang='lat' dir='ltr'><strong>estm-</strong></span> 
     </span>
    </p>
   </div>
   <div class='ocr_carea' id='block_1_70' title="bbox 399 3755 1995 3826">
    <p class='ocr_par' dir='ltr' id='par_1_70' title="bbox 399 3755 1995 3826">
     <span class='ocr_line' id='line_1_70' title="bbox 399 3755 1995 3826; baseline -0.004 -9"><span class='ocrx_word' id='word_1_476' title='bbox 399 3755 758 3817; x_wconf 66' lang='lat' dir='ltr'><strong>sds.Sanctu.s</strong></span> <span class='ocrx_word' id='word_1_477' title='bbox 788 3757 1056 3812; x_wconf 65' lang='lat' dir='ltr'><strong>Martinus</strong></span> <span class='ocrx_word' id='word_1_478' title='bbox 1086 3756 1366 3826; x_wconf 78' lang='lat' dir='ltr'><strong>singulari</strong></span> <span class='ocrx_word' id='word_1_479' title='bbox 1395 3755 1547 3811; x_wconf 78' lang='lat' dir='ltr'><strong>cultu</strong></span> <span class='ocrx_word' id='word_1_480' title='bbox 1574 3756 1641 3811; x_wconf 86' lang='lat' dir='ltr'><strong>ab</strong></span> <span class='ocrx_word' id='word_1_481' title='bbox 1673 3772 1737 3811; x_wconf 83' lang='lat' dir='ltr'><strong>ea</strong></span> <span class='ocrx_word' id='word_1_482' title='bbox 1766 3756 1995 3811; x_wconf 87' lang='lat' dir='ltr'><strong>honora-</strong></span> 
     </span>
    </p>
   </div>
   <div class='ocr_carea' id='block_1_71' title="bbox 400 3831 1180 3902">
    <p class='ocr_par' dir='ltr' id='par_1_71' title="bbox 400 3831 1180 3902">
     <span class='ocr_line' id='line_1_71' title="bbox 400 3831 1180 3902; baseline -0.009 -12"><span class='ocrx_word' id='word_1_483' title='bbox 400 3842 507 3899; x_wconf 71' lang='grc' dir='ltr'><strong>ωδ,</strong></span> <span class='ocrx_word' id='word_1_484' title='bbox 539 3839 590 3888; x_wconf 81' lang='lat' dir='ltr'><strong>et</strong></span> <span class='ocrx_word' id='word_1_485' title='bbox 616 3831 818 3902; x_wconf 64' lang='grc' dir='ltr'><strong>διεβίω</strong></span> <span class='ocrx_word' id='word_1_486' title='bbox 845 3836 1180 3901; x_wconf 77' lang='lat' dir='ltr'><strong>conspectus.</strong></span> 
     </span>
    </p>
   </div>
   <div class='ocr_carea' id='block_1_72' title="bbox 398 3941 1994 4017">
    <p class='ocr_par' dir='ltr' id='par_1_72' title="bbox 398 3941 1994 4017">
     <span class='ocr_line' id='line_1_72' title="bbox 398 3941 1994 4017; baseline 0 -19"><span class='ocrx_word' id='word_1_487' title='bbox 398 3944 621 4010; x_wconf 88' lang='lat' dir='ltr'><strong>Quibus</strong></span> <span class='ocrx_word' id='word_1_488' title='bbox 644 3943 848 4000; x_wconf 90' lang='lat' dir='ltr'><strong>itidem</strong></span> <span class='ocrx_word' id='word_1_489' title='bbox 882 3944 1092 3999; x_wconf 91' lang='lat' dir='ltr'><strong>diebus</strong></span> <span class='ocrx_word' id='word_1_490' title='bbox 1136 3942 1353 4015; x_wconf 67' lang='lat' dir='ltr'><strong>saepius</strong></span> <span class='ocrx_word' id='word_1_491' title='bbox 1385 3941 1495 3997; x_wconf 88' lang='lat' dir='ltr'><strong>sibi</strong></span> <span class='ocrx_word' id='word_1_492' title='bbox 1521 3942 1711 3997; x_wconf 84' lang='lat' dir='ltr'><strong>visum</strong></span> <span class='ocrx_word' id='word_1_493' title='bbox 1748 3959 1876 3998; x_wconf 89' lang='lat' dir='ltr'><strong>esse</strong></span> <span class='ocrx_word' id='word_1_494' title='bbox 1906 3944 1994 4017; x_wconf 91' lang='lat' dir='ltr'><strong>di_</strong></span> 
     </span>
    </p>
   </div>
   <div class='ocr_carea' id='block_1_73' title="bbox 326 4032 1965 4103">
    <p class='ocr_par' dir='ltr' id='par_1_73' title="bbox 326 4032 1965 4103">
     <span class='ocr_line' id='line_1_73' title="bbox 326 4032 1965 4103; baseline -0.001 -14"><span class='ocrx_word' id='word_1_495' title='bbox 326 4034 494 4089; x_wconf 87' lang='lat' dir='ltr'><strong>cebat</strong></span> <span class='ocrx_word' id='word_1_496' title='bbox 524 4050 586 4089; x_wconf 90' lang='lat' dir='ltr'><strong>se</strong></span> <span class='ocrx_word' id='word_1_497' title='bbox 624 4032 733 4088; x_wconf 89' lang='lat' dir='ltr'><strong>levi</strong></span> <span class='ocrx_word' id='word_1_498' title='bbox 780 4032 1009 4088; x_wconf 89' lang='lat' dir='ltr'><strong>volasse</strong></span> <span class='ocrx_word' id='word_1_499' title='bbox 1058 4048 1318 4103; x_wconf 90' lang='lat' dir='ltr'><strong>corpore,</strong></span> <span class='ocrx_word' id='word_1_500' title='bbox 1346 4036 1404 4086; x_wconf 92' lang='lat' dir='ltr'><strong>et</strong></span> <span class='ocrx_word' id='word_1_501' title='bbox 1452 4047 1692 4103; x_wconf 90' lang='lat' dir='ltr'><strong>corpore</strong></span> <span class='ocrx_word' id='word_1_502' title='bbox 1731 4036 1965 4087; x_wconf 83' lang='lat' dir='ltr'><strong>exutum</strong></span> 
     </span>
    </p>
   </div>
   <div class='ocr_carea' id='block_1_74' title="bbox 326 4106 1998 4192">
    <p class='ocr_par' dir='ltr' id='par_1_74' title="bbox 326 4106 1998 4192">
     <span class='ocr_line' id='line_1_74' title="bbox 326 4106 1998 4192; baseline 0.001 -16"><span class='ocrx_word' id='word_1_503' title='bbox 326 4124 524 4176; x_wconf 88' lang='lat' dir='ltr'><strong>tamen</strong></span> <span class='ocrx_word' id='word_1_504' title='bbox 558 4124 997 4192; x_wconf 88' lang='lat' dir='ltr'><strong>corpoream,et</strong></span> <span class='ocrx_word' id='word_1_505' title='bbox 1030 4118 1307 4173; x_wconf 78' lang='lat' dir='ltr'><strong>ineffabili</strong></span> <span class='ocrx_word' id='word_1_506' title='bbox 1344 4120 1513 4174; x_wconf 91' lang='lat' dir='ltr'><strong>nobis</strong></span> <span class='ocrx_word' id='word_1_507' title='bbox 1544 4121 1715 4174; x_wconf 88' lang='lat' dir='ltr'><strong>modo</strong></span> <span class='ocrx_word' id='word_1_508' title='bbox 1750 4106 1998 4180; x_wconf 64' lang='lat' dir='ltr'><strong>cwlesti:</strong></span> 
     </span>
    </p>
   </div>
   <div class='ocr_carea' id='block_1_75' title="bbox 331 4206 1997 4280">
    <p class='ocr_par' dir='ltr' id='par_1_75' title="bbox 331 4206 1997 4280">
     <span class='ocr_line' id='line_1_75' title="bbox 331 4206 1997 4280; baseline 0.001 -16"><span class='ocrx_word' id='word_1_509' title='bbox 331 4209 448 4264; x_wconf 89' lang='lat' dir='ltr'><strong>bus</strong></span> <span class='ocrx_word' id='word_1_510' title='bbox 474 4207 655 4263; x_wconf 87' lang='lat' dir='ltr'><strong>simul</strong></span> <span class='ocrx_word' id='word_1_511' title='bbox 678 4212 735 4263; x_wconf 89' lang='lat' dir='ltr'><strong>et</strong></span> <span class='ocrx_word' id='word_1_512' title='bbox 757 4208 1140 4263; x_wconf 89' lang='lat' dir='ltr'><strong>terrestribus</strong></span> <span class='ocrx_word' id='word_1_513' title='bbox 1159 4206 1516 4263; x_wconf 86' lang='lat' dir='ltr'><strong>interfuisse.</strong></span> <span class='ocrx_word' id='word_1_514' title='bbox 1542 4209 1686 4263; x_wconf 90' lang='lat' dir='ltr'><strong>Nam</strong></span> <span class='ocrx_word' id='word_1_515' title='bbox 1714 4209 1997 4280; x_wconf 78' lang='lat' dir='ltr'><strong>proximis</strong></span> 
     </span>
    </p>
   </div>
   <div class='ocr_carea' id='block_1_76' title="bbox 334 4296 1996 4368">
    <p class='ocr_par' dir='ltr' id='par_1_76' title="bbox 334 4296 1996 4368">
     <span class='ocr_line' id='line_1_76' title="bbox 334 4296 1996 4368; baseline 0.001 -15"><span class='ocrx_word' id='word_1_516' title='bbox 334 4296 454 4353; x_wconf 88' lang='lat' dir='ltr'><strong>illis</strong></span> <span class='ocrx_word' id='word_1_517' title='bbox 476 4296 685 4352; x_wconf 89' lang='lat' dir='ltr'><strong>diebus</strong></span> <span class='ocrx_word' id='word_1_518' title='bbox 716 4313 776 4352; x_wconf 89' lang='lat' dir='ltr'><strong>se</strong></span> <span class='ocrx_word' id='word_1_519' title='bbox 802 4296 970 4368; x_wconf 88' lang='lat' dir='ltr'><strong>quasi</strong></span> <span class='ocrx_word' id='word_1_520' title='bbox 1004 4296 1060 4350; x_wconf 90' lang='lat' dir='ltr'><strong>in</strong></span> <span class='ocrx_word' id='word_1_521' title='bbox 1087 4313 1216 4351; x_wconf 86' lang='lat' dir='ltr'><strong>aere</strong></span> <span class='ocrx_word' id='word_1_522' title='bbox 1240 4300 1555 4368; x_wconf 87' lang='lat' dir='ltr'><strong>raptam,et</strong></span> <span class='ocrx_word' id='word_1_523' title='bbox 1575 4296 1772 4353; x_wconf 90' lang='lat' dir='ltr'><strong>omnia</strong></span> <span class='ocrx_word' id='word_1_524' title='bbox 1794 4316 1996 4355; x_wconf 90' lang='lat' dir='ltr'><strong>mona-</strong></span> 
     </span>
    </p>
   </div>
   <div class='ocr_carea' id='block_1_77' title="bbox 340 4384 1999 4458">
    <p class='ocr_par' dir='ltr' id='par_1_77' title="bbox 340 4384 1999 4458">
     <span class='ocr_line' id='line_1_77' title="bbox 340 4384 1999 4458; baseline 0.001 -15"><span class='ocrx_word' id='word_1_525' title='bbox 340 4385 499 4443; x_wconf 89' lang='lat' dir='ltr'><strong>sterii</strong></span> <span class='ocrx_word' id='word_1_526' title='bbox 535 4385 781 4453; x_wconf 67' lang='lat' dir='ltr'><strong>aedificia</strong></span> <span class='ocrx_word' id='word_1_527' title='bbox 811 4386 1039 4441; x_wconf 85' lang='lat' dir='ltr'><strong>detecta</strong></span> <span class='ocrx_word' id='word_1_528' title='bbox 1066 4384 1377 4452; x_wconf 90' lang='lat' dir='ltr'><strong>vidisse,et</strong></span> <span class='ocrx_word' id='word_1_529' title='bbox 1399 4390 1774 4458; x_wconf 64' lang='lat' dir='ltr'><strong>cuncta,quce</strong></span> <span class='ocrx_word' id='word_1_530' title='bbox 1807 4387 1864 4442; x_wconf 93' lang='lat' dir='ltr'><strong>in</strong></span> <span class='ocrx_word' id='word_1_531' title='bbox 1884 4389 1999 4447; x_wconf 90' lang='lat' dir='ltr'><strong>sin-</strong></span> 
     </span>
    </p>
   </div>
   <div class='ocr_carea' id='block_1_78' title="bbox 335 4474 1994 4550">
    <p class='ocr_par' dir='ltr' id='par_1_78' title="bbox 335 4474 1994 4550">
     <span class='ocr_line' id='line_1_78' title="bbox 335 4474 1994 4550; baseline 0 -18"><span class='ocrx_word' id='word_1_532' title='bbox 335 4476 493 4550; x_wconf 85' lang='lat' dir='ltr'><strong>gulis</strong></span> <span class='ocrx_word' id='word_1_533' title='bbox 524 4476 609 4532; x_wconf 91' lang='lat' dir='ltr'><strong>vel</strong></span> <span class='ocrx_word' id='word_1_534' title='bbox 634 4480 821 4543; x_wconf 89' lang='lat' dir='ltr'><strong>erant,</strong></span> <span class='ocrx_word' id='word_1_535' title='bbox 853 4474 940 4531; x_wconf 90' lang='lat' dir='ltr'><strong>vel</strong></span> <span class='ocrx_word' id='word_1_536' title='bbox 975 4475 1347 4547; x_wconf 84' lang='lat' dir='ltr'><strong>gerebantur,</strong></span> <span class='ocrx_word' id='word_1_537' title='bbox 1380 4479 1580 4546; x_wconf 90' lang='lat' dir='ltr'><strong>aperta</strong></span> <span class='ocrx_word' id='word_1_538' title='bbox 1619 4475 1741 4531; x_wconf 87' lang='lat' dir='ltr'><strong>suis</strong></span> <span class='ocrx_word' id='word_1_539' title='bbox 1789 4477 1994 4544; x_wconf 90' lang='lat' dir='ltr'><strong>oculis,</strong></span> 
     </span>
    </p>
   </div>
   <div class='ocr_carea' id='block_1_79' title="bbox 327 4563 2000 4639">
    <p class='ocr_par' dir='ltr' id='par_1_79' title="bbox 327 4563 2000 4639">
     <span class='ocr_line' id='line_1_79' title="bbox 327 4563 2000 4639; baseline 0 -17"><span class='ocrx_word' id='word_1_540' title='bbox 327 4569 385 4622; x_wconf 90' lang='lat' dir='ltr'><strong>et</strong></span> <span class='ocrx_word' id='word_1_541' title='bbox 414 4566 726 4639; x_wconf 89' lang='lat' dir='ltr'><strong>perspicua</strong></span> <span class='ocrx_word' id='word_1_542' title='bbox 757 4580 1000 4637; x_wconf 91' lang='lat' dir='ltr'><strong>prorsus</strong></span> <span class='ocrx_word' id='word_1_543' title='bbox 1031 4564 1232 4619; x_wconf 85' lang='lat' dir='ltr'><strong>fuisse.</strong></span> <span class='ocrx_word' id='word_1_544' title='bbox 1256 4563 1412 4618; x_wconf 90' lang='lat' dir='ltr'><strong>Inter</strong></span> <span class='ocrx_word' id='word_1_545' title='bbox 1440 4564 1559 4619; x_wconf 55' lang='lat' dir='ltr'><strong>huic</strong></span> <span class='ocrx_word' id='word_1_546' title='bbox 1582 4581 1643 4619; x_wconf 89' lang='lat' dir='ltr'><strong>se</strong></span> <span class='ocrx_word' id='word_1_547' title='bbox 1668 4566 1724 4619; x_wconf 90' lang='lat' dir='ltr'><strong>in</strong></span> <span class='ocrx_word' id='word_1_548' title='bbox 1752 4565 2000 4622; x_wconf 87' lang='lat' dir='ltr'><strong>ecclesia</strong></span> 
     </span>
    </p>
   </div>
   <div class='ocr_carea' id='block_1_80' title="bbox 2101 3402 3734 3479">
    <p class='ocr_par' dir='ltr' id='par_1_80' title="bbox 2101 3402 3734 3479">
     <span class='ocr_line' id='line_1_80' title="bbox 2101 3402 3734 3479; baseline -0.002 -21"><span class='ocrx_word' id='word_1_549' title='bbox 2101 3419 2383 3477; x_wconf 90' lang='lat' dir='ltr'><strong>magnum</strong></span> <span class='ocrx_word' id='word_1_550' title='bbox 2398 3402 2714 3475; x_wconf 89' lang='lat' dir='ltr'><strong>quemdam</strong></span> <span class='ocrx_word' id='word_1_551' title='bbox 2740 3402 3295 3474; x_wconf 86' lang='lat' dir='ltr'><strong>campum,diversis</strong></span> <span class='ocrx_word' id='word_1_552' title='bbox 3314 3404 3527 3461; x_wconf 89' lang='lat' dir='ltr'><strong>florum</strong></span> <span class='ocrx_word' id='word_1_553' title='bbox 3544 3402 3734 3479; x_wconf 86' lang='lat' dir='ltr'><strong>generi-</strong></span> 
     </span>
    </p>
   </div>
   <div class='ocr_carea' id='block_1_81' title="bbox 2102 3489 3733 3565">
    <p class='ocr_par' dir='ltr' id='par_1_81' title="bbox 2102 3489 3733 3565">
     <span class='ocr_line' id='line_1_81' title="bbox 2102 3489 3733 3565; baseline -0.002 -17"><span class='ocrx_word' id='word_1_554' title='bbox 2102 3494 2214 3549; x_wconf 91' lang='lat' dir='ltr'><strong>bus</strong></span> <span class='ocrx_word' id='word_1_555' title='bbox 2245 3489 2722 3558; x_wconf 83' lang='lat' dir='ltr'><strong>vcrnantem,ubi</strong></span> <span class='ocrx_word' id='word_1_556' title='bbox 2754 3495 2811 3546; x_wconf 92' lang='lat' dir='ltr'><strong>et</strong></span> <span class='ocrx_word' id='word_1_557' title='bbox 2841 3508 3047 3546; x_wconf 82' lang='lat' dir='ltr'><strong>omnes</strong></span> <span class='ocrx_word' id='word_1_558' title='bbox 3072 3491 3186 3547; x_wconf 89' lang='lat' dir='ltr'><strong>fere</strong></span> <span class='ocrx_word' id='word_1_559' title='bbox 3218 3510 3347 3565; x_wconf 72' lang='lat' dir='ltr'><strong>qua:</strong></span> <span class='ocrx_word' id='word_1_560' title='bbox 3368 3510 3443 3550; x_wconf 89' lang='lat' dir='ltr'><strong>ex</strong></span> <span class='ocrx_word' id='word_1_561' title='bbox 3465 3493 3733 3551; x_wconf 85' lang='lat' dir='ltr'><strong>sororibus</strong></span> 
     </span>
    </p>
   </div>
   <div class='ocr_carea' id='block_1_82' title="bbox 2104 3579 3733 3657">
    <p class='ocr_par' dir='ltr' id='par_1_82' title="bbox 2104 3579 3733 3657">
     <span class='ocr_line' id='line_1_82' title="bbox 2104 3579 3733 3657; baseline -0.001 -19"><span class='ocrx_word' id='word_1_562' title='bbox 2104 3579 2482 3655; x_wconf 90' lang='lat' dir='ltr'><strong>suisjuvenili</strong></span> <span class='ocrx_word' id='word_1_563' title='bbox 2498 3584 2666 3635; x_wconf 62' lang='lat' dir='ltr'><strong>artato</strong></span> <span class='ocrx_word' id='word_1_564' title='bbox 2682 3580 2968 3635; x_wconf 89' lang='lat' dir='ltr'><strong>florebant</strong></span> <span class='ocrx_word' id='word_1_565' title='bbox 2985 3597 3047 3635; x_wconf 91' lang='lat' dir='ltr'><strong>se</strong></span> <span class='ocrx_word' id='word_1_566' title='bbox 3060 3580 3276 3637; x_wconf 87' lang='lat' dir='ltr'><strong>vidisse</strong></span> <span class='ocrx_word' id='word_1_567' title='bbox 3289 3584 3624 3657; x_wconf 84' lang='lat' dir='ltr'><strong>conspicata</strong></span> <span class='ocrx_word' id='word_1_568' title='bbox 3642 3584 3733 3649; x_wconf 74' lang='lat' dir='ltr'><strong>est;</strong></span> 
     </span>
    </p>
   </div>
   <div class='ocr_carea' id='block_1_83' title="bbox 2104 3669 3733 3744">
    <p class='ocr_par' dir='ltr' id='par_1_83' title="bbox 2104 3669 3733 3744">
     <span class='ocr_line' id='line_1_83' title="bbox 2104 3669 3733 3744; baseline -0.003 -16"><span class='ocrx_word' id='word_1_569' title='bbox 2104 3674 2275 3744; x_wconf 91' lang='lat' dir='ltr'><strong>cujus</strong></span> <span class='ocrx_word' id='word_1_570' title='bbox 2306 3669 2744 3743; x_wconf 89' lang='lat' dir='ltr'><strong>pulchritudine</strong></span> <span class='ocrx_word' id='word_1_571' title='bbox 2776 3673 2833 3724; x_wconf 92' lang='lat' dir='ltr'><strong>et</strong></span> <span class='ocrx_word' id='word_1_572' title='bbox 2885 3669 3220 3726; x_wconf 76' lang='lat' dir='ltr'><strong>ammnitate</strong></span> <span class='ocrx_word' id='word_1_573' title='bbox 3266 3689 3403 3727; x_wconf 90' lang='lat' dir='ltr'><strong>cum</strong></span> <span class='ocrx_word' id='word_1_574' title='bbox 3448 3671 3733 3729; x_wconf 84' lang='lat' dir='ltr'><strong>admodum</strong></span> 
     </span>
    </p>
   </div>
   <div class='ocr_carea' id='block_1_84' title="bbox 2105 3758 3733 3833">
    <p class='ocr_par' dir='ltr' id='par_1_84' title="bbox 2105 3758 3733 3833">
     <span class='ocr_line' id='line_1_84' title="bbox 2105 3758 3733 3833; baseline -0.002 -16"><span class='ocrx_word' id='word_1_575' title='bbox 2105 3761 2511 3828; x_wconf 88' lang='lat' dir='ltr'><strong>delectaretur,</strong></span> <span class='ocrx_word' id='word_1_576' title='bbox 2528 3760 2836 3814; x_wconf 90' lang='lat' dir='ltr'><strong>subitanea</strong></span> <span class='ocrx_word' id='word_1_577' title='bbox 2864 3758 2974 3813; x_wconf 85' lang='lat' dir='ltr'><strong>sibi</strong></span> <span class='ocrx_word' id='word_1_578' title='bbox 3008 3760 3466 3833; x_wconf 87' lang='lat' dir='ltr'><strong>conflagratione</strong></span> <span class='ocrx_word' id='word_1_579' title='bbox 3490 3759 3733 3817; x_wconf 78' lang='lat' dir='ltr'><strong>inarsisse</strong></span> 
     </span>
    </p>
   </div>
   <div class='ocr_carea' id='block_1_85' title="bbox 2104 3847 3737 3918">
    <p class='ocr_par' dir='ltr' id='par_1_85' title="bbox 2104 3847 3737 3918">
     <span class='ocr_line' id='line_1_85' title="bbox 2104 3847 3737 3918; baseline -0.002 -12"><span class='ocrx_word' id='word_1_580' title='bbox 2104 3852 2265 3907; x_wconf 91' lang='lat' dir='ltr'><strong>visus</strong></span> <span class='ocrx_word' id='word_1_581' title='bbox 2282 3854 2390 3918; x_wconf 90' lang='lat' dir='ltr'><strong>est,</strong></span> <span class='ocrx_word' id='word_1_582' title='bbox 2405 3849 2556 3904; x_wconf 86' lang='lat' dir='ltr'><strong>Tum</strong></span> <span class='ocrx_word' id='word_1_583' title='bbox 2573 3847 2755 3903; x_wconf 90' lang='lat' dir='ltr'><strong>nimia</strong></span> <span class='ocrx_word' id='word_1_584' title='bbox 2776 3865 2977 3903; x_wconf 89' lang='lat' dir='ltr'><strong>earum</strong></span> <span class='ocrx_word' id='word_1_585' title='bbox 3003 3847 3379 3905; x_wconf 90' lang='lat' dir='ltr'><strong>miseratione</strong></span> <span class='ocrx_word' id='word_1_586' title='bbox 3394 3850 3737 3906; x_wconf 65' lang='lat' dir='ltr'><strong>clamarem}-</strong></span> 
     </span>
    </p>
   </div>
   <div class='ocr_carea' id='block_1_86' title="bbox 2078 3936 3733 4014">
    <p class='ocr_par' dir='ltr' id='par_1_86' title="bbox 2078 3936 3733 4014">
     <span class='ocr_line' id='line_1_86' title="bbox 2078 3936 3733 4014; baseline -0.004 -17"><span class='ocrx_word' id='word_1_587' title='bbox 2078 3941 2212 4014; x_wconf 34' lang='lat' dir='ltr'><strong>,pit,</strong></span> <span class='ocrx_word' id='word_1_588' title='bbox 2245 3943 2311 3995; x_wconf 91' lang='lat' dir='ltr'><strong>ut</strong></span> <span class='ocrx_word' id='word_1_589' title='bbox 2332 3938 2617 3994; x_wconf 90' lang='lat' dir='ltr'><strong>Dominus</strong></span> <span class='ocrx_word' id='word_1_590' title='bbox 2650 3936 3129 4003; x_wconf 80' lang='lat' dir='ltr'><strong>misereretur,ut</strong></span> <span class='ocrx_word' id='word_1_591' title='bbox 3159 3936 3429 3995; x_wconf 88' lang='lat' dir='ltr'><strong>Cbristus</strong></span> <span class='ocrx_word' id='word_1_592' title='bbox 3466 3952 3733 3995; x_wconf 87' lang='lat' dir='ltr'><strong>succurre-</strong></span> 
     </span>
    </p>
   </div>
   <div class='ocr_carea' id='block_1_87' title="bbox 2106 4024 3735 4099">
    <p class='ocr_par' dir='ltr' id='par_1_87' title="bbox 2106 4024 3735 4099">
     <span class='ocr_line' id='line_1_87' title="bbox 2106 4024 3735 4099; baseline -0.005 -13"><span class='ocrx_word' id='word_1_593' title='bbox 2106 4035 2193 4086; x_wconf 91' lang='lat' dir='ltr'><strong>ret</strong></span> <span class='ocrx_word' id='word_1_594' title='bbox 2225 4047 2295 4085; x_wconf 92' lang='lat' dir='ltr'><strong>ne</strong></span> <span class='ocrx_word' id='word_1_595' title='bbox 2328 4028 2575 4083; x_wconf 89' lang='lat' dir='ltr'><strong>miseras</strong></span> <span class='ocrx_word' id='word_1_596' title='bbox 2607 4027 2841 4099; x_wconf 88' lang='lat' dir='ltr'><strong>penitus</strong></span> <span class='ocrx_word' id='word_1_597' title='bbox 2890 4026 3129 4082; x_wconf 89' lang='lat' dir='ltr'><strong>interire</strong></span> <span class='ocrx_word' id='word_1_598' title='bbox 3176 4031 3492 4099; x_wconf 88' lang='lat' dir='ltr'><strong>pateretur.</strong></span> <span class='ocrx_word' id='word_1_599' title='bbox 3524 4029 3590 4084; x_wconf 86' lang='lat' dir='ltr'><strong>Et</strong></span> <span class='ocrx_word' id='word_1_600' title='bbox 3622 4024 3735 4097; x_wconf 84' lang='lat' dir='ltr'><strong>quia</strong></span> 
     </span>
    </p>
   </div>
   <div class='ocr_carea' id='block_1_88' title="bbox 2107 4117 3736 4189">
    <p class='ocr_par' dir='ltr' id='par_1_88' title="bbox 2107 4117 3736 4189">
     <span class='ocr_line' id='line_1_88' title="bbox 2107 4117 3736 4189; baseline -0.005 -12"><span class='ocrx_word' id='word_1_601' title='bbox 2107 4125 2380 4178; x_wconf 86' lang='lat' dir='ltr'><strong>sanctum</strong></span> <span class='ocrx_word' id='word_1_602' title='bbox 2404 4118 2723 4173; x_wconf 80' lang='lat' dir='ltr'><strong>Martinam</strong></span> <span class='ocrx_word' id='word_1_603' title='bbox 2746 4134 2978 4189; x_wconf 90' lang='lat' dir='ltr'><strong>semper</strong></span> <span class='ocrx_word' id='word_1_604' title='bbox 2990 4117 3242 4189; x_wconf 90' lang='lat' dir='ltr'><strong>quadam</strong></span> <span class='ocrx_word' id='word_1_605' title='bbox 3260 4119 3736 4189; x_wconf 79' lang='lat' dir='ltr'><strong>speeialirevercn-</strong></span> 
     </span>
    </p>
   </div>
   <div class='ocr_carea' id='block_1_89' title="bbox 2106 4204 3730 4275">
    <p class='ocr_par' dir='ltr' id='par_1_89' title="bbox 2106 4204 3730 4275">
     <span class='ocr_line' id='line_1_89' title="bbox 2106 4204 3730 4275; baseline -0.007 -9"><span class='ocrx_word' id='word_1_606' title='bbox 2106 4211 2187 4266; x_wconf 91' lang='lat' dir='ltr'><strong>tia</strong></span> <span class='ocrx_word' id='word_1_607' title='bbox 2209 4207 2526 4275; x_wconf 83' lang='lat' dir='ltr'><strong>excolebat,</strong></span> <span class='ocrx_word' id='word_1_608' title='bbox 2547 4210 2605 4261; x_wconf 90' lang='lat' dir='ltr'><strong>et</strong></span> <span class='ocrx_word' id='word_1_609' title='bbox 2626 4206 2684 4261; x_wconf 86' lang='lat' dir='ltr'><strong>in</strong></span> <span class='ocrx_word' id='word_1_610' title='bbox 2710 4204 2981 4260; x_wconf 80' lang='lat' dir='ltr'><strong>maximis</strong></span> <span class='ocrx_word' id='word_1_611' title='bbox 3005 4222 3135 4261; x_wconf 89' lang='lat' dir='ltr'><strong>vere</strong></span> <span class='ocrx_word' id='word_1_612' title='bbox 3158 4206 3604 4263; x_wconf 87' lang='lat' dir='ltr'><strong>necessitatibus</strong></span> <span class='ocrx_word' id='word_1_613' title='bbox 3622 4218 3730 4260; x_wconf 86' lang='lat' dir='ltr'><strong>cum</strong></span> 
     </span>
    </p>
   </div>
   <div class='ocr_carea' id='block_1_90' title="bbox 2108 4290 3730 4367">
    <p class='ocr_par' dir='ltr' id='par_1_90' title="bbox 2108 4290 3730 4367">
     <span class='ocr_line' id='line_1_90' title="bbox 2108 4290 3730 4367; baseline -0.006 -13"><span class='ocrx_word' id='word_1_614' title='bbox 2108 4300 2376 4354; x_wconf 90' lang='lat' dir='ltr'><strong>invocare</strong></span> <span class='ocrx_word' id='word_1_615' title='bbox 2406 4296 2652 4363; x_wconf 82' lang='lat' dir='ltr'><strong>solebat,</strong></span> <span class='ocrx_word' id='word_1_616' title='bbox 2676 4296 2803 4367; x_wconf 90' lang='lat' dir='ltr'><strong>ejus</strong></span> <span class='ocrx_word' id='word_1_617' title='bbox 2838 4295 3064 4351; x_wconf 89' lang='lat' dir='ltr'><strong>meritis</strong></span> <span class='ocrx_word' id='word_1_618' title='bbox 3096 4299 3152 4350; x_wconf 91' lang='lat' dir='ltr'><strong>et</strong></span> <span class='ocrx_word' id='word_1_619' title='bbox 3185 4294 3513 4353; x_wconf 90' lang='lat' dir='ltr'><strong>interventu</strong></span> <span class='ocrx_word' id='word_1_620' title='bbox 3560 4311 3648 4350; x_wconf 88' lang='lat' dir='ltr'><strong>eas</strong></span> <span class='ocrx_word' id='word_1_621' title='bbox 3672 4290 3730 4346; x_wconf 84' lang='lat' dir='ltr'><strong>ab</strong></span> 
     </span>
    </p>
   </div>
   <div class='ocr_carea' id='block_1_91' title="bbox 2108 4379 3726 4459">
    <p class='ocr_par' dir='ltr' id='par_1_91' title="bbox 2108 4379 3726 4459">
     <span class='ocr_line' id='line_1_91' title="bbox 2108 4379 3726 4459; baseline -0.006 -17"><span class='ocrx_word' id='word_1_622' title='bbox 2108 4387 2343 4459; x_wconf 86' lang='lat' dir='ltr'><strong>ignibus</strong></span> <span class='ocrx_word' id='word_1_623' title='bbox 2364 4384 2507 4457; x_wconf 87' lang='lat' dir='ltr'><strong>eripi</strong></span> <span class='ocrx_word' id='word_1_624' title='bbox 2532 4383 2800 4457; x_wconf 86' lang='lat' dir='ltr'><strong>supplex,</strong></span> <span class='ocrx_word' id='word_1_625' title='bbox 2820 4389 2883 4439; x_wconf 89' lang='lat' dir='ltr'><strong>ut</strong></span> <span class='ocrx_word' id='word_1_626' title='bbox 2907 4383 3016 4439; x_wconf 91' lang='lat' dir='ltr'><strong>sibi</strong></span> <span class='ocrx_word' id='word_1_627' title='bbox 3038 4383 3364 4453; x_wconf 89' lang='lat' dir='ltr'><strong>videbatur,</strong></span> <span class='ocrx_word' id='word_1_628' title='bbox 3381 4402 3542 4441; x_wconf 88' lang='lat' dir='ltr'><strong>orare</strong></span> <span class='ocrx_word' id='word_1_629' title='bbox 3562 4379 3726 4452; x_wconf 64' lang='lat' dir='ltr'><strong>carpit.</strong></span> 
     </span>
    </p>
   </div>
   <div class='ocr_carea' id='block_1_92' title="bbox 2108 4469 3728 4546">
    <p class='ocr_par' dir='ltr' id='par_1_92' title="bbox 2108 4469 3728 4546">
     <span class='ocr_line' id='line_1_92' title="bbox 2108 4469 3728 4546; baseline -0.008 -13"><span class='ocrx_word' id='word_1_630' title='bbox 2108 4478 2222 4533; x_wconf 90' lang='lat' dir='ltr'><strong>Nec</strong></span> <span class='ocrx_word' id='word_1_631' title='bbox 2256 4493 2418 4531; x_wconf 89' lang='lat' dir='ltr'><strong>mora</strong></span> <span class='ocrx_word' id='word_1_632' title='bbox 2452 4491 2464 4528; x_wconf 90' lang='lat'><strong>:</strong></span> <span class='ocrx_word' id='word_1_633' title='bbox 2500 4474 2739 4546; x_wconf 86' lang='lat' dir='ltr'><strong>quidam</strong></span> <span class='ocrx_word' id='word_1_634' title='bbox 2774 4472 2884 4529; x_wconf 89' lang='lat' dir='ltr'><strong>sibi</strong></span> <span class='ocrx_word' id='word_1_635' title='bbox 2920 4472 3229 4545; x_wconf 89' lang='lat' dir='ltr'><strong>splendore</strong></span> <span class='ocrx_word' id='word_1_636' title='bbox 3252 4478 3307 4528; x_wconf 90' lang='lat' dir='ltr'><strong>et</strong></span> <span class='ocrx_word' id='word_1_637' title='bbox 3328 4469 3728 4545; x_wconf 82' lang='lat' dir='ltr'><strong>pulchritudine</strong></span> 
     </span>
    </p>
   </div>
   <div class='ocr_carea' id='block_1_93' title="bbox 2108 4560 3728 4634">
    <p class='ocr_par' dir='ltr' id='par_1_93' title="bbox 2108 4560 3728 4634">
     <span class='ocr_line' id='line_1_93' title="bbox 2108 4560 3728 4634; baseline -0.009 -11"><span class='ocrx_word' id='word_1_638' title='bbox 2108 4563 2474 4624; x_wconf 85' lang='lat' dir='ltr'><strong>admirabilis</strong></span> <span class='ocrx_word' id='word_1_639' title='bbox 2506 4564 2766 4619; x_wconf 87' lang='lat' dir='ltr'><strong>astitisse</strong></span> <span class='ocrx_word' id='word_1_640' title='bbox 2796 4561 2957 4616; x_wconf 88' lang='lat' dir='ltr'><strong>visus</strong></span> <span class='ocrx_word' id='word_1_641' title='bbox 2987 4566 3095 4630; x_wconf 90' lang='lat' dir='ltr'><strong>est,</strong></span> <span class='ocrx_word' id='word_1_642' title='bbox 3129 4563 3227 4634; x_wconf 91' lang='lat' dir='ltr'><strong>qui</strong></span> <span class='ocrx_word' id='word_1_643' title='bbox 3272 4564 3403 4633; x_wconf 88' lang='lat' dir='ltr'><strong>ejus</strong></span> <span class='ocrx_word' id='word_1_644' title='bbox 3452 4560 3659 4618; x_wconf 89' lang='lat' dir='ltr'><strong>meritis</strong></span> <span class='ocrx_word' id='word_1_645' title='bbox 3682 4560 3728 4609; x_wconf 85' lang='lat' dir='ltr'><strong>et</strong></span> 
     </span>
    </p>
   </div>
   <div class='ocr_carea' id='block_1_94' title="bbox 330 4645 3725 4734">
    <p class='ocr_par' dir='ltr' id='par_1_94' title="bbox 330 4645 3725 4734">
     <span class='ocr_line' id='line_1_94' title="bbox 330 4645 3725 4734; baseline -0.004 -23"><span class='ocrx_word' id='word_1_646' title='bbox 330 4654 499 4728; x_wconf 89' lang='lat' dir='ltr'><strong>quasi</strong></span> <span class='ocrx_word' id='word_1_647' title='bbox 515 4655 833 4728; x_wconf 89' lang='lat' dir='ltr'><strong>quemdam</strong></span> <span class='ocrx_word' id='word_1_648' title='bbox 851 4670 1135 4727; x_wconf 88' lang='lat' dir='ltr'><strong>magnum</strong></span> <span class='ocrx_word' id='word_1_649' title='bbox 1153 4656 1313 4707; x_wconf 68' lang='lat' dir='ltr'><strong>terrte</strong></span> <span class='ocrx_word' id='word_1_650' title='bbox 1330 4652 1558 4708; x_wconf 86' lang='lat' dir='ltr'><strong>hiatum</strong></span> <span class='ocrx_word' id='word_1_651' title='bbox 1572 4653 1818 4721; x_wconf 88' lang='lat' dir='ltr'><strong>vidisse;</strong></span> <span class='ocrx_word' id='word_1_652' title='bbox 1839 4671 2000 4711; x_wconf 83' lang='lat' dir='ltr'><strong>cum-</strong></span> <span class='ocrx_word' id='word_1_653' title='bbox 2029 4671 2074 4734; x_wconf 72' lang='grc' dir='ltr'><strong>Ι)</strong></span> <span class='ocrx_word' id='word_1_654' title='bbox 2104 4653 2547 4719; x_wconf 89' lang='lat' dir='ltr'><strong>intercessione,</strong></span> <span class='ocrx_word' id='word_1_655' title='bbox 2569 4656 2626 4705; x_wconf 88' lang='lat' dir='ltr'><strong>et</strong></span> <span class='ocrx_word' id='word_1_656' title='bbox 2656 4651 2851 4724; x_wconf 88' lang='lat' dir='ltr'><strong>ignem</strong></span> <span class='ocrx_word' id='word_1_657' title='bbox 2884 4650 3233 4722; x_wconf 85' lang='lat' dir='ltr'><strong>sopiendum</strong></span> <span class='ocrx_word' id='word_1_658' title='bbox 3256 4655 3311 4705; x_wconf 90' lang='lat' dir='ltr'><strong>et</strong></span> <span class='ocrx_word' id='word_1_659' title='bbox 3333 4669 3433 4707; x_wconf 88' lang='lat' dir='ltr'><strong>eas</strong></span> <span class='ocrx_word' id='word_1_660' title='bbox 3454 4645 3725 4707; x_wconf 84' lang='lat' dir='ltr'><strong>salvandas</strong></span> 
     </span>
    </p>
   </div>
   <div class='ocr_carea' id='block_1_95' title="bbox 327 4741 1994 4816">
    <p class='ocr_par' dir='ltr' id='par_1_95' title="bbox 327 4741 1994 4816">
     <span class='ocr_line' id='line_1_95' title="bbox 327 4741 1994 4816; baseline 0.001 -19"><span class='ocrx_word' id='word_1_661' title='bbox 327 4761 441 4816; x_wconf 82' lang='lat' dir='ltr'><strong>que</strong></span> <span class='ocrx_word' id='word_1_662' title='bbox 472 4744 546 4798; x_wconf 90' lang='lat' dir='ltr'><strong>ad</strong></span> <span class='ocrx_word' id='word_1_663' title='bbox 578 4743 730 4797; x_wconf 89' lang='lat' dir='ltr'><strong>hanc</strong></span> <span class='ocrx_word' id='word_1_664' title='bbox 760 4741 1045 4797; x_wconf 88' lang='lat' dir='ltr'><strong>visionem</strong></span> <span class='ocrx_word' id='word_1_665' title='bbox 1078 4758 1453 4813; x_wconf 88' lang='lat' dir='ltr'><strong>summopere</strong></span> <span class='ocrx_word' id='word_1_666' title='bbox 1484 4741 1726 4811; x_wconf 87' lang='lat' dir='ltr'><strong>doleret,</strong></span> <span class='ocrx_word' id='word_1_667' title='bbox 1759 4746 1815 4798; x_wconf 87' lang='lat' dir='ltr'><strong>et</strong></span> <span class='ocrx_word' id='word_1_668' title='bbox 1844 4761 1994 4816; x_wconf 88' lang='lat' dir='ltr'><strong>quo-</strong></span> 
     </span>
    </p>
   </div>
   <div class='ocr_carea' id='block_1_96' title="bbox 326 4829 1997 4910">
    <p class='ocr_par' dir='ltr' id='par_1_96' title="bbox 326 4829 1997 4910">
     <span class='ocr_line' id='line_1_96' title="bbox 326 4829 1997 4910; baseline 0.001 -23"><span class='ocrx_word' id='word_1_669' title='bbox 326 4832 502 4887; x_wconf 89' lang='lat' dir='ltr'><strong>modo</strong></span> <span class='ocrx_word' id='word_1_670' title='bbox 533 4830 644 4885; x_wconf 87' lang='lat' dir='ltr'><strong>hoc</strong></span> <span class='ocrx_word' id='word_1_671' title='bbox 666 4829 1075 4899; x_wconf 84' lang='lat' dir='ltr'><strong>evenisset,vel</strong></span> <span class='ocrx_word' id='word_1_672' title='bbox 1096 4831 1389 4902; x_wconf 88' lang='lat' dir='ltr'><strong>quomodo</strong></span> <span class='ocrx_word' id='word_1_673' title='bbox 1414 4830 1769 4903; x_wconf 79' lang='lat' dir='ltr'><strong>oppleretur,</strong></span> <span class='ocrx_word' id='word_1_674' title='bbox 1787 4833 1997 4910; x_wconf 49' lang='lat' dir='ltr'><strong>rogita-</strong></span> 
     </span>
    </p>
   </div>
   <div class='ocr_carea' id='block_1_97' title="bbox 325 4919 1995 4994">
    <p class='ocr_par' dir='ltr' id='par_1_97' title="bbox 325 4919 1995 4994">
     <span class='ocr_line' id='line_1_97' title="bbox 325 4919 1995 4994; baseline 0.004 -19"><span class='ocrx_word' id='word_1_675' title='bbox 325 4919 685 4991; x_wconf 88' lang='lat' dir='ltr'><strong>ret,audisse</strong></span> <span class='ocrx_word' id='word_1_676' title='bbox 703 4936 764 4975; x_wconf 90' lang='lat' dir='ltr'><strong>se</strong></span> <span class='ocrx_word' id='word_1_677' title='bbox 786 4937 983 4976; x_wconf 88' lang='lat' dir='ltr'><strong>vocem</strong></span> <span class='ocrx_word' id='word_1_678' title='bbox 1011 4919 1300 4975; x_wconf 87' lang='lat' dir='ltr'><strong>dicentem</strong></span> <span class='ocrx_word' id='word_1_679' title='bbox 1324 4920 1457 4986; x_wconf 90' lang='lat' dir='ltr'><strong>sibi,</strong></span> <span class='ocrx_word' id='word_1_680' title='bbox 1476 4921 1686 4977; x_wconf 86' lang='lat' dir='ltr'><strong>debere</strong></span> <span class='ocrx_word' id='word_1_681' title='bbox 1712 4920 1876 4976; x_wconf 90' lang='lat' dir='ltr'><strong>illum</strong></span> <span class='ocrx_word' id='word_1_682' title='bbox 1900 4940 1995 4994; x_wconf 89' lang='lat' dir='ltr'><strong>op-</strong></span> 
     </span>
    </p>
   </div>
   <div class='ocr_carea' id='block_1_98' title="bbox 324 5006 1989 5080">
    <p class='ocr_par' dir='ltr' id='par_1_98' title="bbox 324 5006 1989 5080">
     <span class='ocr_line' id='line_1_98' title="bbox 324 5006 1989 5080; baseline 0.003 -19"><span class='ocrx_word' id='word_1_683' title='bbox 324 5006 779 5080; x_wconf 87' lang='lat' dir='ltr'><strong>pleri,quoniam</strong></span> <span class='ocrx_word' id='word_1_684' title='bbox 796 5009 904 5064; x_wconf 90' lang='lat' dir='ltr'><strong>hoc</strong></span> <span class='ocrx_word' id='word_1_685' title='bbox 919 5008 1325 5065; x_wconf 88' lang='lat' dir='ltr'><strong>habitaculum</strong></span> <span class='ocrx_word' id='word_1_686' title='bbox 1345 5026 1519 5064; x_wconf 90' lang='lat' dir='ltr'><strong>suum</strong></span> <span class='ocrx_word' id='word_1_687' title='bbox 1534 5009 1989 5066; x_wconf 90' lang='lat' dir='ltr'><strong>essetfuturum.</strong></span> 
     </span>
    </p>
   </div>
   <div class='ocr_carea' id='block_1_99' title="bbox 323 5095 1993 5172">
    <p class='ocr_par' dir='ltr' id='par_1_99' title="bbox 323 5095 1993 5172">
     <span class='ocr_line' id='line_1_99' title="bbox 323 5095 1993 5172; baseline 0.004 -23"><span class='ocrx_word' id='word_1_688' title='bbox 323 5097 446 5162; x_wconf 87' lang='lat' dir='ltr'><strong>Quo</strong></span> <span class='ocrx_word' id='word_1_689' title='bbox 460 5095 614 5151; x_wconf 90' lang='lat' dir='ltr'><strong>dicto</strong></span> <span class='ocrx_word' id='word_1_690' title='bbox 630 5096 867 5154; x_wconf 89' lang='lat' dir='ltr'><strong>audisse</strong></span> <span class='ocrx_word' id='word_1_691' title='bbox 885 5115 945 5152; x_wconf 89' lang='lat' dir='ltr'><strong>se.</strong></span> <span class='ocrx_word' id='word_1_692' title='bbox 965 5096 1408 5153; x_wconf 89' lang='lat' dir='ltr'><strong>multitudinem</strong></span> <span class='ocrx_word' id='word_1_693' title='bbox 1431 5097 1993 5172; x_wconf 78' lang='lat' dir='ltr'><strong>psallentium,psal-</strong></span> 
     </span>
    </p>
   </div>
   <div class='ocr_carea' id='block_1_100' title="bbox 325 5166 1991 5259">
    <p class='ocr_par' dir='ltr' id='par_1_100' title="bbox 325 5166 1991 5259">
     <span class='ocr_line' id='line_1_100' title="bbox 325 5166 1991 5259; baseline 0.003 -21"><span class='ocrx_word' id='word_1_694' title='bbox 325 5200 489 5238; x_wconf 91' lang='lat' dir='ltr'><strong>mum</strong></span> <span class='ocrx_word' id='word_1_695' title='bbox 521 5184 909 5241; x_wconf 88' lang='lat' dir='ltr'><strong>centesimum</strong></span> <span class='ocrx_word' id='word_1_696' title='bbox 935 5166 1772 5259; x_wconf 62' lang='lat' dir='ltr'><strong>quadragesimumdicentem</strong></span> <span class='ocrx_word' id='word_1_697' title='bbox 1796 5206 1808 5255; x_wconf 92' lang='lat'><strong>;</strong></span> <span class='ocrx_word' id='word_1_698' title='bbox 1834 5205 1991 5243; x_wconf 88' lang='lat' dir='ltr'><strong>cum-</strong></span> 
     </span>
    </p>
   </div>
   <div class='ocr_carea' id='block_1_101' title="bbox 324 5276 1989 5349">
    <p class='ocr_par' dir='ltr' id='par_1_101' title="bbox 324 5276 1989 5349">
     <span class='ocr_line' id='line_1_101' title="bbox 324 5276 1989 5349; baseline 0.004 -23"><span class='ocrx_word' id='word_1_699' title='bbox 324 5289 439 5344; x_wconf 90' lang='lat' dir='ltr'><strong>que</strong></span> <span class='ocrx_word' id='word_1_700' title='bbox 469 5277 813 5345; x_wconf 90' lang='lat' dir='ltr'><strong>perventum</strong></span> <span class='ocrx_word' id='word_1_701' title='bbox 865 5279 1021 5329; x_wconf 88' lang='lat' dir='ltr'><strong>esset</strong></span> <span class='ocrx_word' id='word_1_702' title='bbox 1071 5276 1141 5330; x_wconf 91' lang='lat' dir='ltr'><strong>ad</strong></span> <span class='ocrx_word' id='word_1_703' title='bbox 1194 5291 1428 5330; x_wconf 87' lang='lat' dir='ltr'><strong>versum</strong></span> <span class='ocrx_word' id='word_1_704' title='bbox 1465 5293 1477 5330; x_wconf 91' lang='lat'>:</span> <span class='ocrx_word' id='word_1_705' title='bbox 1511 5276 1640 5331; x_wconf 64' lang='lat' dir='ltr'><strong>Haec</strong></span> <span class='ocrx_word' id='word_1_706' title='bbox 1668 5284 1747 5331; x_wconf 80' lang='lat' dir='ltr'><strong>est</strong></span> <span class='ocrx_word' id='word_1_707' title='bbox 1778 5280 1989 5349; x_wconf 71' lang='lat' dir='ltr'><strong>requies</strong></span> 
     </span>
    </p>
   </div>
   <div class='ocr_carea' id='block_1_102' title="bbox 322 5362 1990 5437">
    <p class='ocr_par' dir='ltr' id='par_1_102' title="bbox 322 5362 1990 5437">
     <span class='ocr_line' id='line_1_102' title="bbox 322 5362 1990 5437; baseline 0.003 -21"><span class='ocrx_word' id='word_1_708' title='bbox 322 5378 442 5417; x_wconf 83' lang='lat' dir='ltr'><strong>mea</strong></span> <span class='ocrx_word' id='word_1_709' title='bbox 474 5362 534 5417; x_wconf 86' lang='lat' dir='ltr'><strong>in</strong></span> <span class='ocrx_word' id='word_1_710' title='bbox 562 5363 832 5417; x_wconf 63' lang='lat' dir='ltr'><strong>saccutum</strong></span> <span class='ocrx_word' id='word_1_711' title='bbox 860 5363 1070 5430; x_wconf 55' lang='grc' dir='ltr'><strong>δέδοταί,</strong></span> <span class='ocrx_word' id='word_1_712' title='bbox 1101 5363 1193 5418; x_wconf 79' lang='lat' dir='ltr'><strong>hic</strong></span> <span class='ocrx_word' id='word_1_713' title='bbox 1235 5363 1508 5429; x_wconf 76' lang='lat' dir='ltr'><strong>habitabo,</strong></span> <span class='ocrx_word' id='word_1_714' title='bbox 1546 5367 1807 5436; x_wconf 78' lang='lat' dir='ltr'><strong>quoniam</strong></span> <span class='ocrx_word' id='word_1_715' title='bbox 1851 5366 1990 5437; x_wconf 79' lang='lat' dir='ltr'><strong>elegi</strong></span> 
     </span>
    </p>
   </div>
   <div class='ocr_carea' id='block_1_103' title="bbox 322 5449 1985 5525">
    <p class='ocr_par' dir='ltr' id='par_1_103' title="bbox 322 5449 1985 5525">
     <span class='ocr_line' id='line_1_103' title="bbox 322 5449 1985 5525; baseline 0.003 -21"><span class='ocrx_word' id='word_1_716' title='bbox 322 5465 463 5518; x_wconf 85' lang='lat' dir='ltr'><strong>eam,</strong></span> <span class='ocrx_word' id='word_1_717' title='bbox 497 5454 553 5503; x_wconf 90' lang='lat' dir='ltr'><strong>et</strong></span> <span class='ocrx_word' id='word_1_718' title='bbox 584 5449 786 5517; x_wconf 88' lang='lat' dir='ltr'><strong>illa,ut</strong></span> <span class='ocrx_word' id='word_1_719' title='bbox 815 5449 925 5504; x_wconf 90' lang='lat' dir='ltr'><strong>sibi</strong></span> <span class='ocrx_word' id='word_1_720' title='bbox 959 5450 1284 5517; x_wconf 89' lang='lat' dir='ltr'><strong>videbatur,</strong></span> <span class='ocrx_word' id='word_1_721' title='bbox 1303 5452 1479 5507; x_wconf 88' lang='lat' dir='ltr'><strong>simul</strong></span> <span class='ocrx_word' id='word_1_722' title='bbox 1513 5469 1646 5507; x_wconf 89' lang='lat' dir='ltr'><strong>cum</strong></span> <span class='ocrx_word' id='word_1_723' title='bbox 1671 5453 1755 5509; x_wconf 89' lang='lat' dir='ltr'><strong>eis</strong></span> <span class='ocrx_word' id='word_1_724' title='bbox 1778 5454 1985 5525; x_wconf 86' lang='lat' dir='ltr'><strong>psalle-</strong></span> 
     </span>
    </p>
   </div>
   <div class='ocr_carea' id='block_1_104' title="bbox 324 5536 1984 5609">
    <p class='ocr_par' dir='ltr' id='par_1_104' title="bbox 324 5536 1984 5609">
     <span class='ocr_line' id='line_1_104' title="bbox 324 5536 1984 5609; baseline 0.004 -18"><span class='ocrx_word' id='word_1_725' title='bbox 324 5541 431 5605; x_wconf 88' lang='lat' dir='ltr'><strong>ret,</strong></span> <span class='ocrx_word' id='word_1_726' title='bbox 466 5536 928 5609; x_wconf 76' lang='lat' dir='ltr'><strong>expergefactam</strong></span> <span class='ocrx_word' id='word_1_727' title='bbox 959 5537 1263 5609; x_wconf 79' lang='lat' dir='ltr'><strong>evigilasse</strong></span> <span class='ocrx_word' id='word_1_728' title='bbox 1296 5557 1378 5607; x_wconf 89' lang='lat' dir='ltr'><strong>se,</strong></span> <span class='ocrx_word' id='word_1_729' title='bbox 1398 5546 1455 5597; x_wconf 91' lang='lat' dir='ltr'><strong>et</strong></span> <span class='ocrx_word' id='word_1_730' title='bbox 1485 5541 1677 5597; x_wconf 86' lang='lat' dir='ltr'><strong>adhuc</strong></span> <span class='ocrx_word' id='word_1_731' title='bbox 1708 5544 1984 5598; x_wconf 88' lang='lat' dir='ltr'><strong>eumdem</strong></span> 
     </span>
    </p>
   </div>
   <div class='ocr_carea' id='block_1_105' title="bbox 320 5623 1986 5697">
    <p class='ocr_par' dir='ltr' id='par_1_105' title="bbox 320 5623 1986 5697">
     <span class='ocr_line' id='line_1_105' title="bbox 320 5623 1986 5697; baseline 0.005 -19"><span class='ocrx_word' id='word_1_732' title='bbox 320 5623 679 5680; x_wconf 89' lang='lat' dir='ltr'><strong>versiculum</strong></span> <span class='ocrx_word' id='word_1_733' title='bbox 709 5623 1047 5695; x_wconf 87' lang='lat' dir='ltr'><strong>vigilantem</strong></span> <span class='ocrx_word' id='word_1_734' title='bbox 1100 5626 1157 5679; x_wconf 92' lang='lat' dir='ltr'><strong>in</strong></span> <span class='ocrx_word' id='word_1_735' title='bbox 1199 5645 1295 5682; x_wconf 91' lang='lat' dir='ltr'><strong>ore</strong></span> <span class='ocrx_word' id='word_1_736' title='bbox 1344 5628 1644 5685; x_wconf 86' lang='lat' dir='ltr'><strong>habuisse.</strong></span> <span class='ocrx_word' id='word_1_737' title='bbox 1683 5634 1816 5697; x_wconf 65' lang='lat' dir='ltr'><strong>Quae</strong></span> <span class='ocrx_word' id='word_1_738' title='bbox 1851 5631 1986 5687; x_wconf 88' lang='lat' dir='ltr'><strong>licet</strong></span> 
     </span>
    </p>
   </div>
   <div class='ocr_carea' id='block_1_106' title="bbox 318 5713 1978 5784">
    <p class='ocr_par' dir='ltr' id='par_1_106' title="bbox 318 5713 1978 5784">
     <span class='ocr_line' id='line_1_106' title="bbox 318 5713 1978 5784; baseline 0.005 -16"><span class='ocrx_word' id='word_1_739' title='bbox 318 5713 419 5768; x_wconf 87' lang='lat' dir='ltr'><strong>illa</strong></span> <span class='ocrx_word' id='word_1_740' title='bbox 449 5717 733 5781; x_wconf 86' lang='lat' dir='ltr'><strong>tanquam</strong></span> <span class='ocrx_word' id='word_1_741' title='bbox 758 5713 1052 5768; x_wconf 87' lang='lat' dir='ltr'><strong>insomnia</strong></span> <span class='ocrx_word' id='word_1_742' title='bbox 1077 5720 1357 5783; x_wconf 87' lang='lat' dir='ltr'><strong>narraret,</strong></span> <span class='ocrx_word' id='word_1_743' title='bbox 1375 5721 1430 5771; x_wconf 89' lang='lat' dir='ltr'><strong>et</strong></span> <span class='ocrx_word' id='word_1_744' title='bbox 1453 5717 1568 5784; x_wconf 89' lang='lat' dir='ltr'><strong>ille,</strong></span> <span class='ocrx_word' id='word_1_745' title='bbox 1587 5719 1678 5773; x_wconf 88' lang='lat' dir='ltr'><strong>cui</strong></span> <span class='ocrx_word' id='word_1_746' title='bbox 1704 5719 1823 5775; x_wconf 64' lang='lat' dir='ltr'><strong>haec</strong></span> <span class='ocrx_word' id='word_1_747' title='bbox 1845 5722 1978 5777; x_wconf 89' lang='lat' dir='ltr'><strong>refe-</strong></span> 
     </span>
    </p>
   </div>
   <div class='ocr_carea' id='block_1_107' title="bbox 2106 4733 3723 4813">
    <p class='ocr_par' dir='ltr' id='par_1_107' title="bbox 2106 4733 3723 4813">
     <span class='ocr_line' id='line_1_107' title="bbox 2106 4733 3723 4813; baseline -0.01 -12"><span class='ocrx_word' id='word_1_748' title='bbox 2106 4761 2233 4801; x_wconf 90' lang='lat' dir='ltr'><strong>esse</strong></span> <span class='ocrx_word' id='word_1_749' title='bbox 2265 4742 2432 4797; x_wconf 87' lang='lat' dir='ltr'><strong>dixit.</strong></span> <span class='ocrx_word' id='word_1_750' title='bbox 2465 4741 2549 4797; x_wconf 87' lang='lat' dir='ltr'><strong>Ita</strong></span> <span class='ocrx_word' id='word_1_751' title='bbox 2580 4740 3001 4813; x_wconf 86' lang='lat' dir='ltr'><strong>expergefacta,</strong></span> <span class='ocrx_word' id='word_1_752' title='bbox 3037 4756 3172 4795; x_wconf 88' lang='lat' dir='ltr'><strong>cum</strong></span> <span class='ocrx_word' id='word_1_753' title='bbox 3218 4745 3423 4812; x_wconf 89' lang='lat' dir='ltr'><strong>postea</strong></span> <span class='ocrx_word' id='word_1_754' title='bbox 3465 4733 3723 4796; x_wconf 88' lang='lat' dir='ltr'><strong>somnium</strong></span> 
     </span>
    </p>
   </div>
   <div class='ocr_carea' id='block_1_108' title="bbox 2106 4824 3723 4907">
    <p class='ocr_par' dir='ltr' id='par_1_108' title="bbox 2106 4824 3723 4907">
     <span class='ocr_line' id='line_1_108' title="bbox 2106 4824 3723 4907; baseline -0.009 -18"><span class='ocrx_word' id='word_1_755' title='bbox 2106 4832 2398 4907; x_wconf 89' lang='lat' dir='ltr'><strong>plerisque</strong></span> <span class='ocrx_word' id='word_1_756' title='bbox 2428 4834 2711 4897; x_wconf 86' lang='lat' dir='ltr'><strong>narraret,</strong></span> <span class='ocrx_word' id='word_1_757' title='bbox 2748 4834 3017 4884; x_wconf 89' lang='lat' dir='ltr'><strong>sanctum</strong></span> <span class='ocrx_word' id='word_1_758' title='bbox 3051 4828 3371 4883; x_wconf 87' lang='lat' dir='ltr'><strong>Martinum</strong></span> <span class='ocrx_word' id='word_1_759' title='bbox 3421 4824 3578 4900; x_wconf 88' lang='lat' dir='ltr'><strong>quasi</strong></span> <span class='ocrx_word' id='word_1_760' title='bbox 3624 4837 3723 4876; x_wconf 81' lang='lat' dir='ltr'><strong>erc-</strong></span> 
     </span>
    </p>
   </div>
   <div class='ocr_carea' id='block_1_109' title="bbox 2102 4910 3722 4991">
    <p class='ocr_par' dir='ltr' id='par_1_109' title="bbox 2102 4910 3722 4991">
     <span class='ocr_line' id='line_1_109' title="bbox 2102 4910 3722 4991; baseline -0.014 -10"><span class='ocrx_word' id='word_1_761' title='bbox 2102 4928 2287 4981; x_wconf 89' lang='lat' dir='ltr'><strong>torem</strong></span> <span class='ocrx_word' id='word_1_762' title='bbox 2320 4937 2495 4978; x_wconf 90' lang='lat' dir='ltr'><strong>suum</strong></span> <span class='ocrx_word' id='word_1_763' title='bbox 2528 4917 2763 4991; x_wconf 89' lang='lat' dir='ltr'><strong>speciali</strong></span> <span class='ocrx_word' id='word_1_764' title='bbox 2812 4919 3087 4990; x_wconf 89' lang='lat' dir='ltr'><strong>deinceps</strong></span> <span class='ocrx_word' id='word_1_765' title='bbox 3135 4918 3206 4973; x_wconf 90' lang='lat' dir='ltr'><strong>ab</strong></span> <span class='ocrx_word' id='word_1_766' title='bbox 3254 4918 3338 4974; x_wconf 91' lang='lat' dir='ltr'><strong>eis</strong></span> <span class='ocrx_word' id='word_1_767' title='bbox 3396 4910 3722 4975; x_wconf 85' lang='lat' dir='ltr'><strong>veneratione</strong></span> 
     </span>
    </p>
   </div>
   <div class='ocr_carea' id='block_1_110' title="bbox 2103 5007 3422 5083">
    <p class='ocr_par' dir='ltr' id='par_1_110' title="bbox 2103 5007 3422 5083">
     <span class='ocr_line' id='line_1_110' title="bbox 2103 5007 3422 5083; baseline -0.005 -15"><span class='ocrx_word' id='word_1_768' title='bbox 2103 5018 2160 5069; x_wconf 86' lang='lat' dir='ltr'><strong>et</strong></span> <span class='ocrx_word' id='word_1_769' title='bbox 2191 5009 2489 5083; x_wconf 89' lang='lat' dir='ltr'><strong>obsequiis</strong></span> <span class='ocrx_word' id='word_1_770' title='bbox 2510 5008 2926 5064; x_wconf 87' lang='lat' dir='ltr'><strong>celebrandum</strong></span> <span class='ocrx_word' id='word_1_771' title='bbox 2948 5007 3422 5063; x_wconf 88' lang='lat' dir='ltr'><strong>commendabat.</strong></span> 
     </span>
    </p>
   </div>
   <div class='ocr_carea' id='block_1_111' title="bbox 2173 5086 3717 5173">
    <p class='ocr_par' dir='ltr' id='par_1_111' title="bbox 2173 5086 3717 5173">
     <span class='ocr_line' id='line_1_111' title="bbox 2173 5086 3717 5173; baseline -0.013 -18"><span class='ocrx_word' id='word_1_772' title='bbox 2173 5099 2374 5173; x_wconf 89' lang='lat' dir='ltr'><strong>Ipsum</strong></span> <span class='ocrx_word' id='word_1_773' title='bbox 2402 5112 2535 5152; x_wconf 92' lang='lat' dir='ltr'><strong>vero</strong></span> <span class='ocrx_word' id='word_1_774' title='bbox 2585 5099 2857 5151; x_wconf 86' lang='lat' dir='ltr'><strong>sanctum</strong></span> <span class='ocrx_word' id='word_1_775' title='bbox 2904 5095 3227 5151; x_wconf 88' lang='lat' dir='ltr'><strong>Martinum</strong></span> <span class='ocrx_word' id='word_1_776' title='bbox 3286 5086 3717 5167; x_wconf 78' lang='lat' dir='ltr'><strong>conspicabiliter</strong></span> 
     </span>
    </p>
   </div>
   <div class='ocr_carea' id='block_1_112' title="bbox 2100 5176 3713 5257">
    <p class='ocr_par' dir='ltr' id='par_1_112' title="bbox 2100 5176 3713 5257">
     <span class='ocr_line' id='line_1_112' title="bbox 2100 5176 3713 5257; baseline -0.007 -13"><span class='ocrx_word' id='word_1_777' title='bbox 2100 5188 2274 5245; x_wconf 87' lang='lat' dir='ltr'><strong>etiam</strong></span> <span class='ocrx_word' id='word_1_778' title='bbox 2309 5187 2419 5241; x_wconf 89' lang='lat' dir='ltr'><strong>sibi</strong></span> <span class='ocrx_word' id='word_1_779' title='bbox 2453 5184 2713 5257; x_wconf 84' lang='lat' dir='ltr'><strong>vigilanti</strong></span> <span class='ocrx_word' id='word_1_780' title='bbox 2736 5184 2928 5239; x_wconf 88' lang='lat' dir='ltr'><strong>visum</strong></span> <span class='ocrx_word' id='word_1_781' title='bbox 2948 5202 3078 5239; x_wconf 86' lang='lat' dir='ltr'><strong>esse</strong></span> <span class='ocrx_word' id='word_1_782' title='bbox 3100 5184 3502 5240; x_wconf 88' lang='lat' dir='ltr'><strong>indubitanter</strong></span> <span class='ocrx_word' id='word_1_783' title='bbox 3520 5176 3713 5235; x_wconf 73' lang='lat' dir='ltr'><strong>credere</strong></span> 
     </span>
    </p>
   </div>
   <div class='ocr_carea' id='block_1_113' title="bbox 2097 5264 3708 5345">
    <p class='ocr_par' dir='ltr' id='par_1_113' title="bbox 2097 5264 3708 5345">
     <span class='ocr_line' id='line_1_113' title="bbox 2097 5264 3708 5345; baseline -0.008 -13"><span class='ocrx_word' id='word_1_784' title='bbox 2097 5277 2362 5332; x_wconf 87' lang='lat' dir='ltr'><strong>valemus</strong></span> <span class='ocrx_word' id='word_1_785' title='bbox 2393 5292 2461 5330; x_wconf 89' lang='lat' dir='ltr'><strong>ex</strong></span> <span class='ocrx_word' id='word_1_786' title='bbox 2490 5274 2619 5344; x_wconf 86' lang='lat' dir='ltr'><strong>ejus</strong></span> <span class='ocrx_word' id='word_1_787' title='bbox 2651 5273 2840 5345; x_wconf 86' lang='lat' dir='ltr'><strong>ipsius</strong></span> <span class='ocrx_word' id='word_1_788' title='bbox 2873 5272 3209 5328; x_wconf 88' lang='lat' dir='ltr'><strong>narratione</strong></span> <span class='ocrx_word' id='word_1_789' title='bbox 3257 5278 3315 5327; x_wconf 89' lang='lat' dir='ltr'><strong>et</strong></span> <span class='ocrx_word' id='word_1_790' title='bbox 3362 5269 3563 5328; x_wconf 85' lang='lat' dir='ltr'><strong>verbis.</strong></span> <span class='ocrx_word' id='word_1_791' title='bbox 3592 5264 3708 5320; x_wconf 74' lang='lat' dir='ltr'><strong>Nam</strong></span> 
     </span>
    </p>
   </div>
   <div class='ocr_carea' id='block_1_114' title="bbox 2099 5350 3709 5437">
    <p class='ocr_par' dir='ltr' id='par_1_114' title="bbox 2099 5350 3709 5437">
     <span class='ocr_line' id='line_1_114' title="bbox 2099 5350 3709 5437; baseline -0.012 -16"><span class='ocrx_word' id='word_1_792' title='bbox 2099 5383 2232 5421; x_wconf 90' lang='lat' dir='ltr'><strong>cum</strong></span> <span class='ocrx_word' id='word_1_793' title='bbox 2253 5364 2505 5437; x_wconf 85' lang='lat' dir='ltr'><strong>quadam</strong></span> <span class='ocrx_word' id='word_1_794' title='bbox 2525 5362 2616 5418; x_wconf 89' lang='lat' dir='ltr'><strong>die</strong></span> <span class='ocrx_word' id='word_1_795' title='bbox 2637 5361 2934 5417; x_wconf 68' lang='lat' dir='ltr'><strong>nonnulla:</strong></span> <span class='ocrx_word' id='word_1_796' title='bbox 2959 5378 3025 5417; x_wconf 85' lang='lat' dir='ltr'><strong>ex</strong></span> <span class='ocrx_word' id='word_1_797' title='bbox 3044 5362 3347 5417; x_wconf 88' lang='lat' dir='ltr'><strong>sororibus</strong></span> <span class='ocrx_word' id='word_1_798' title='bbox 3368 5350 3709 5437; x_wconf 82' lang='lat' dir='ltr'><strong>Iectuloillius</strong></span> 
     </span>
    </p>
   </div>
   <div class='ocr_carea' id='block_1_115' title="bbox 2098 5435 3706 5527">
    <p class='ocr_par' dir='ltr' id='par_1_115' title="bbox 2098 5435 3706 5527">
     <span class='ocr_line' id='line_1_115' title="bbox 2098 5435 3706 5527; baseline -0.011 -18"><span class='ocrx_word' id='word_1_799' title='bbox 2098 5435 2444 5521; x_wconf 78' lang='lat' dir='ltr'><strong>assiderent,</strong></span> <span class='ocrx_word' id='word_1_800' title='bbox 2482 5451 2678 5506; x_wconf 83' lang='lat' dir='ltr'><strong>subite</strong></span> <span class='ocrx_word' id='word_1_801' title='bbox 2709 5449 2962 5527; x_wconf 78' lang='lat' dir='ltr'><strong>clamare</strong></span> <span class='ocrx_word' id='word_1_802' title='bbox 3004 5452 3198 5523; x_wconf 78' lang='lat' dir='ltr'><strong>cmpit,</strong></span> <span class='ocrx_word' id='word_1_803' title='bbox 3231 5456 3496 5507; x_wconf 88' lang='lat' dir='ltr'><strong>sanetum</strong></span> <span class='ocrx_word' id='word_1_804' title='bbox 3542 5435 3706 5500; x_wconf 82' lang='lat' dir='ltr'><strong>Marti-</strong></span> 
     </span>
    </p>
   </div>
   <div class='ocr_carea' id='block_1_116' title="bbox 2097 5538 3706 5613">
    <p class='ocr_par' dir='ltr' id='par_1_116' title="bbox 2097 5538 3706 5613">
     <span class='ocr_line' id='line_1_116' title="bbox 2097 5538 3706 5613; baseline -0.009 -12"><span class='ocrx_word' id='word_1_805' title='bbox 2097 5563 2239 5601; x_wconf 91' lang='lat' dir='ltr'><strong>num</strong></span> <span class='ocrx_word' id='word_1_806' title='bbox 2271 5543 2495 5610; x_wconf 85' lang='lat' dir='ltr'><strong>adesse,</strong></span> <span class='ocrx_word' id='word_1_807' title='bbox 2530 5545 2585 5597; x_wconf 92' lang='lat' dir='ltr'><strong>et</strong></span> <span class='ocrx_word' id='word_1_808' title='bbox 2618 5540 2676 5596; x_wconf 92' lang='lat' dir='ltr'><strong>in</strong></span> <span class='ocrx_word' id='word_1_809' title='bbox 2710 5540 3041 5613; x_wconf 88' lang='lat' dir='ltr'><strong>pavimento</strong></span> <span class='ocrx_word' id='word_1_810' title='bbox 3085 5540 3479 5605; x_wconf 89' lang='lat' dir='ltr'><strong>deambulare,</strong></span> <span class='ocrx_word' id='word_1_811' title='bbox 3512 5538 3706 5588; x_wconf 59' lang='lat' dir='ltr'><strong>mone?c</strong></span> 
     </span>
    </p>
   </div>
   <div class='ocr_carea' id='block_1_117' title="bbox 2095 5612 3703 5702">
    <p class='ocr_par' dir='ltr' id='par_1_117' title="bbox 2095 5612 3703 5702">
     <span class='ocr_line' id='line_1_117' title="bbox 2095 5612 3703 5702; baseline -0.009 -14"><span class='ocrx_word' id='word_1_812' title='bbox 2095 5633 2366 5688; x_wconf 84' lang='lat' dir='ltr'><strong>sedentes</strong></span> <span class='ocrx_word' id='word_1_813' title='bbox 2425 5634 2489 5684; x_wconf 91' lang='lat' dir='ltr'><strong>ut</strong></span> <span class='ocrx_word' id='word_1_814' title='bbox 2547 5612 2923 5702; x_wconf 75' lang='lat' dir='ltr'><strong>assurgerent</strong></span> <span class='ocrx_word' id='word_1_815' title='bbox 2979 5629 3218 5697; x_wconf 85' lang='lat' dir='ltr'><strong>astanti,</strong></span> <span class='ocrx_word' id='word_1_816' title='bbox 3257 5634 3321 5684; x_wconf 91' lang='lat' dir='ltr'><strong>ut</strong></span> <span class='ocrx_word' id='word_1_817' title='bbox 3361 5612 3703 5699; x_wconf 66' lang='lat' dir='ltr'><strong>jocundart‘llt</strong></span> 
     </span>
    </p>
   </div>
   <div class='ocr_carea' id='block_1_118' title="bbox 2094 5703 3701 5790">
    <p class='ocr_par' dir='ltr' id='par_1_118' title="bbox 2094 5703 3701 5790">
     <span class='ocr_line' id='line_1_118' title="bbox 2094 5703 3701 5790; baseline -0.016 -13"><span class='ocrx_word' id='word_1_818' title='bbox 2094 5716 2526 5783; x_wconf 84' lang='lat' dir='ltr'><strong>deambulanti;</strong></span> <span class='ocrx_word' id='word_1_819' title='bbox 2561 5717 2757 5774; x_wconf 87' lang='lat' dir='ltr'><strong>fallere</strong></span> <span class='ocrx_word' id='word_1_820' title='bbox 2789 5736 2887 5773; x_wconf 85' lang='lat' dir='ltr'><strong>eos</strong></span> <span class='ocrx_word' id='word_1_821' title='bbox 2933 5717 3021 5773; x_wconf 88' lang='lat' dir='ltr'><strong>vel</strong></span> <span class='ocrx_word' id='word_1_822' title='bbox 3053 5716 3196 5786; x_wconf 89' lang='lat' dir='ltr'><strong>falli,</strong></span> <span class='ocrx_word' id='word_1_823' title='bbox 3232 5718 3331 5790; x_wconf 88' lang='lat' dir='ltr'><strong>qui</strong></span> <span class='ocrx_word' id='word_1_824' title='bbox 3381 5729 3507 5771; x_wconf 89' lang='lat' dir='ltr'><strong>cum</strong></span> <span class='ocrx_word' id='word_1_825' title='bbox 3548 5703 3701 5762; x_wconf 86' lang='lat' dir='ltr'><strong>defor-</strong></span> 
     </span>
    </p>
   </div>
  </div>
