3904 6402
221 454 377 518 “77

1105 454 1291 518 VlTA
1332 456 1396 517 S.
1444 453 1962 517 IIATIILTMODIE
2004 454 2175 517 ABB.
2225 454 2669 517 GANDERSH.
2704 453 2753 516 Ῑ.

3483 456 3637 519 H78

218 591 484 657 mem,ut
514 586 574 644 in
604 587 738 643 Vita
768 587 897 659 ejus
927 586 1481 657 legitur,dixissent,
1510 588 1648 642 nihil
1674 604 1734 643 se
1766 605 1872 643 un-
1904 587 1960 653 Α
1988 588 2534 661 remansisset,ipsa
2565 590 2877 660 adjuvante
2908 588 2978 643 de
3009 587 3155 644 lecto
3187 587 3427 665 elevata,
3450 594 3514 645 ut
3542 603 3640 646 au-

219 694 402 751 quam
417 676 589 732 tanla:
605 675 1589 749 pulchritudinisvidisseAstantes
1604 696 1729 731 vero
1746 677 1877 731 licet

221 766 372 823 nihil
396 783 598 822 corum
619 764 814 820 videre
846 764 1195 836 potuissent,
1221 783 1289 820 ex
1318 766 1483 820 vultu
1522 771 1713 820 tamen
1748 768 1876 836 ejus

219 860 281 911 et
300 852 897 921 continentia,verum
930 870 1056 907 esse
1088 854 1242 925 quod
1277 854 1505 909 dicebat
1554 854 1879 926 intelligere

217 943 676 999 valebant.Nam
709 941 1097 996 hilcrabunda
1130 942 1242 996 huc
1276 942 1528 1014 illucque
1563 961 1664 1015 per
1702 944 1879 998 cellu-

221 1033 344 1088 lam
378 1031 586 1086 faciem
617 1034 868 1095 vertens,
901 1031 1280 1085 manifestum
1315 1033 1681 1087 intuentibus
1732 1032 1881 1087 indi-

223 1121 384 1177 cium
420 1120 618 1185 dabat,
653 1117 791 1173 illuc
824 1136 952 1173 eam
985 1118 1171 1173 oculis
1204 1120 1390 1191 sequi,
1413 1140 1681 1192 quocum
1714 1121 1879 1193 quasi

223 1208 709 1265 deambulantem
752 1208 807 1261 in
844 1208 1174 1279 pavimento
1206 1209 1457 1276 videbat,
1494 1214 1549 1263 et
1592 1212 1879 1282 quamvis,

222 1301 542 1373 postquam
574 1295 871 1363 decubuit,
894 1315 1197 1368 nunquam
1232 1315 1291 1353 se
1314 1298 1371 1352 in
1404 1299 1560 1353 aliud
1585 1300 1737 1356 latus
1759 1317 1882 1355 vcr-

228 1392 375 1455 torc,
411 1403 712 1457 nunquam
746 1382 805 1439 in
836 1386 1071 1440 dextera
1100 1385 1189 1440 sui
1222 1387 1479 1458 corporis
1504 1394 1665 1460 parte
1688 1391 1884 1461 jacere

226 1475 500 1543 voluerit,
535 1479 675 1530 tunc
697 1492 757 1530 se
788 1474 1155 1547 sponte,sine
1181 1475 1429 1548 alicujus
1464 1479 1803 1549 adjumento
1824 1479 1885 1535 in

232 1564 381 1621 illud
412 1563 716 1631 convertit,
747 1568 803 1619 et
835 1564 916 1618 ita
947 1562 1070 1619 sine
1103 1564 1389 1637 cujusque
1423 1566 1887 1640 molestiis-signo

220 1653 418 1727 jaeuit
448 1671 535 1722 eo,
568 1654 951 1726 quoadusque
976 1652 1075 1709 illa
1096 1654 1241 1710 visio
1266 1656 1554 1729 completa
1577 1663 1695 1725 est;
1722 1657 1890 1713 corti-

234 1760 373 1799 nam
405 1758 657 1815 quoque,
679 1758 804 1814 qum
837 1742 1041 1813 parieti
1078 1745 1755 1815 appendebat,manibus
1777 1748 1889 1802 ele-

227 1848 369 1888 vare
400 1834 628 1898 conata,
661 1830 941 1903 parietem
975 1830 1149 1887 simul
1200 1834 1454 1888 amoveri
1496 1837 1786 1908 prmeepit,
1821 1853 1893 1892 ne

230 1921 391 1994 quod
424 1921 525 1976 Dei
549 1924 751 1976 sancto
774 1919 1145 1975 obstaculum
1172 1922 1335 1976 foret.
1362 1922 1628 1991 Proinde,
1650 1926 1803 1996 quod
1828 1943 1895 1981 ex

229 2009 704 2085 praecedentibus
729 2008 914 2080 signis
941 2027 1054 2064 non
1078 2010 1324 2065 dubium
1348 2014 1564 2081 erat,in
1591 2013 1686 2069 illa
1709 2019 1892 2086 parte,

230 2117 366 2173 quae
395 2098 453 2154 in
488 2097 811 2154 meridiana
862 2098 1192 2167 obvenerat,
1226 2100 1419 2171 ipsum
1471 2103 1763 2170 assistere,
1797 2103 1898 2159 ite-

229 2205 371 2245 rum
405 2188 736 2259 iterumque
759 2189 831 2242 ad
864 2204 997 2242 eum
1033 2190 1549 2261 contemplandum
1583 2197 1896 2263 prmsentes

232 2277 531 2334 cohortari
564 2276 939 2348 ccepit.Unde
973 2282 1239 2349 patenter
1274 2278 1517 2351 intelligi
1544 2282 1735 2348 datur,
1769 2283 1897 2352 ejus

234 2365 465 2425 meritis
496 2365 604 2421 hoc
635 2383 763 2421 eam
796 2371 1000 2421 contra
1034 2366 1394 2423 infirmitatis
1425 2369 1758 2424 violentiam
1806 2389 1894 2442 po-

233 2454 444 2523 tuisse,
478 2472 654 2527 quem
689 2455 799 2510 sibi
834 2459 889 2510 et
919 2456 1213 2528 corporeis
1236 2457 1421 2513 oculis
1444 2458 1896 2531 conspicabilem

238 2544 407 2612 dixit,
442 2547 499 2599 et
526 2561 656 2599 vere
681 2543 895 2598 mentis
928 2542 1149 2598 intuitu
1180 2543 1344 2598 vidit.

907 2641 1139 2696 CAPUT
1170 2641 1238 2694 V.

253 2741 433 2797 Varia?
506 2738 857 2794 Hathummla:
928 2740 1183 2803 risimzcs,
1228 2756 1463 2810 quarum
1527 2744 1901 2796 narrationem

314 2812 554 2866 aliorum
582 2811 991 2882 importunitate
1022 2811 1353 2882 interrumpi
1379 2814 1667 2881 mgcrrimc
1702 2816 1826 2885 fort.

316 2918 533 2973 Eodem
565 2932 798 2988 quoque
832 2920 1261 2988 tempore,cum
1296 2917 1353 2971 in
1386 2917 1596 2973 cellula
1625 2921 1903 2991 quajacc-

247 3007 369 3073 bat,
405 3004 606 3061 nullus
636 3021 858 3071 secum,
895 3010 1104 3076 pra‘ter
1133 3022 1443 3076 germanas
1475 3009 1603 3078 ejus
1650 3025 1899 3075 sorores,

244 3112 373 3166 qua:
406 3111 510 3148 nec
545 3096 840 3148 momento
873 3094 1153 3165 temporis
1186 3094 1235 3149 ei
1271 3095 1474 3150 abesse
1505 3097 1899 3168 patiebantur,

244 3184 541 3248 adessent,
575 3186 633 3237 et
660 3181 761 3238 illa
792 3182 1009 3237 clausis
1042 3183 1230 3238 oculis
1263 3184 1428 3255 quasi
1470 3186 1768 3242 dormiens
1796 3187 1901 3242 ali-

244 3271 835 3345 quandiujacuisset,
866 3276 998 3342 post
1030 3271 1399 3344 aliquantum
1432 3276 1733 3346 temporis,
1768 3277 1902 3348 quis

1988 694 2107 731 rem
2141 677 2223 731 ori
2250 679 2491 750 propius
2524 680 2853 732 admoveret
2885 676 3353 749 Ill‘ﬂ?00[)lt.QUOd
3383 696 3518 735 cum
3542 680 3643 737 illa

1987 764 2241 832 fecisset,
2276 767 2451 821 etiam
2485 768 2745 839 propius,
2768 784 2837 821 ne
2869 767 3002 837 quis
3032 766 3181 821 alius
3206 767 3639 841 audiret,appo-

1989 870 2123 909 nere
2146 856 2478 921 admonuit;
2503 874 2617 928 quo
2643 857 2815 923 facto,
2836 873 2968 910 cum
2992 856 3189 925 sejam
3216 858 3285 911 ad
3326 857 3640 913 dicendum

1994 942 2332 1013 paravisset,
2360 943 2574 1015 pallere
2606 949 2659 997 et
2693 949 2936 998 tremere
2968 942 3157 1013 cmpit.
3176 943 3337 998 Unde
3357 962 3491 999 cum
3518 944 3643 1016 ipsa

1994 1030 2382 1087 nihilominus
2452 1032 2660 1086 timere
2748 1032 3057 1103 perterrita
3121 1031 3522 1105 interrogaret,
3593 1035 3644 1090 si

1993 1122 2399 1193 presbyterum
2432 1121 2892 1183 \Vulll‘hardum,
2917 1121 3015 1191 qui
3051 1138 3153 1191 pro
3188 1121 3409 1177 foribus
3431 1124 3643 1191 stabat,

1993 1213 2059 1263 ut
2088 1210 2137 1263 ei
2186 1210 2425 1275 dieerat,
2459 1212 2649 1263 vocari
2699 1209 2889 1275 vellet,
2923 1209 3028 1263 hoc
3078 1227 3138 1263 se
3188 1210 3425 1265 omnino
3469 1212 3650 1289 nolle,

1995 1315 2102 1353 nec
2135 1298 2307 1353 alicui
2336 1303 2542 1370 [)PiL‘lOI‘
2575 1298 2764 1369 ipsam
2807 1298 2914 1351 hoc
2957 1315 3015 1351 se
3040 1299 3229 1353 dicere
3252 1298 3393 1354 velle
3419 1317 3652 1371 respon-

1997 1388 2101 1442 dit.
2131 1388 2242 1444 Sed
2276 1404 2411 1443 cum
2435 1388 2625 1442 denuo
2650 1404 2709 1442 se
2733 1388 2803 1441 ad
2829 1387 3076 1458 id,qued
3101 1388 3449 1458 intenderat,
3466 1389 3651 1461 expli-

1998 1477 2251 1532 candum
2280 1476 2622 1548 paravisset,
2645 1475 2865 1530 anxiari
2902 1478 3023 1530 tam
3054 1475 3428 1531 vehementer
3458 1479 3651 1549 empit,

1999 1569 2064 1620 ut
2084 1581 2230 1635 pene
2262 1565 2576 1619 decessura
2596 1564 2992 1619 videretur.At
3024 1563 3123 1619 illa
3152 1582 3266 1637 pra:
3295 1564 3501 1621 timore
3533 1566 3657 1622 sola

2001 1652 2080 1708 ibi
2113 1653 2431 1709 consistere
2464 1670 2579 1708 non
2612 1670 2774 1720 ausa,
2806 1658 3200 1709 memoratum
3250 1656 3655 1727 presbyterum

2003 1740 2286 1797 citissime
2317 1740 2570 1808 vocavit;
2607 1740 2859 1813 quicum
2882 1740 3123 1809 veniret,
3142 1758 3332 1813 neque
3354 1742 3657 1815 illi,nequc

2003 1831 2113 1903 ipsi
2148 1831 2386 1903 quidem
2420 1832 2601 1886 sorori
2647 1830 2755 1885 hoc
2806 1831 2998 1886 dicere
3047 1829 3245 1899 voluit,
3282 1836 3491 1903 questa
3541 1850 3657 1888 non

2005 1919 2325 1988 modicum,
2352 1920 2505 1992 quod
2538 1919 2647 1974 hoc
2696 1924 2900 1974 contra
2944 1923 3142 1974 votum
3192 1925 3249 1975 et
3295 1920 3656 1977 voluntatem

2006 2026 2173 2063 suam
2207 2008 2430 2080 aperire
2462 2008 2591 2063 aliis
2624 2012 2681 2063 et
2709 2007 3006 2079 divulgare
3024 2025 3167 2063 ausa
3189 2008 3283 2063 sit.
3301 2009 3492 2065 Simili
3514 2027 3657 2082 quo-

2007 2114 2119 2170 que
2152 2115 2252 2170 per
2280 2098 2478 2153 omnia
2508 2098 2681 2153 modo
2707 2102 2763 2151 et
2794 2098 2863 2152 de
2896 2102 3080 2153 matre
3114 2099 3264 2153 fecit.

2078 2188 2276 2258 Neque
2299 2187 2455 2241 enim
2490 2187 2613 2257 ipsa
2638 2186 2696 2241 in
2730 2185 3081 2240 monasterio
3113 2190 3249 2241 tunc
3272 2191 3396 2242 erat
3427 2191 3660 2259 quando

2008 2275 2136 2340 hoc,
2153 2275 2307 2346 quod
2338 2275 2725 2343 narravimus,
2748 2275 2962 2328 factum
2988 2274 3199 2342 fuerat;
3225 2277 3325 2330 sed
3349 2282 3660 2349 postquam

2009 2363 2210 2419 audita
2234 2363 2361 2418 filim
2394 2362 2771 2435 iegrotationc
2804 2362 3057 2431 advenit,
3084 2369 3142 2419 et
3172 2382 3257 2432 ea,
3294 2384 3418 2437 quae
3467 2366 3663 2423 visita-

2008 2452 2153 2507 tioni
2184 2452 2313 2523 ejus
2366 2453 2785 2524 congruebant,
2826 2450 3146 2523 adimpleta
3186 2453 3441 2523 fuerunt,
3477 2455 3662 2511 solam

2008 2558 2138 2597 eam
2174 2542 2463 2608 advocari,
2498 2545 2554 2595 et
2582 2540 2902 2612 quamdam
2945 2559 3006 2596 se
3055 2542 3104 2595 ei
3156 2546 3375 2598 secreto
3422 2560 3661 2601 causam

2010 2647 2280 2701 prorsum
2314 2630 2722 2684 admirandam
2762 2629 3051 2683 dicturam
3102 2648 3229 2685 esse
3278 2634 3659 2688 memorabat.

2010 2719 2275 2791 Cumque
2306 2718 2682 2785 omnibus,ut
2712 2718 2963 2788 petebat,
2984 2719 3213 2783 amotis,
3231 2719 3337 2774 soli
3368 2719 3493 2776 sola
3514 2722 3660 2777 assi-

2011 2812 2208 2877 steret,
2235 2825 2295 2862 se
2325 2808 2398 2862 ad
2431 2806 2745 2862 dicendum
2793 2822 2997 2876 parare
3037 2806 3242 2878 ecepit;
3294 2808 3393 2863 sed
3448 2808 3659 2865 iterum

2011 2895 2246 2968 pallere,
2282 2896 2494 2950 iterum
2529 2899 2795 2960 tremere,
2826 2894 3035 2949 iterum
3066 2894 3286 2950 anxiari
3320 2896 3512 2968 cmpit.
3537 2899 3661 2954 Ma-

2009 2990 2098 3042 ter
2128 2984 2257 3040 tilize
2290 2985 2577 3040 defectum
2603 2982 3024 3050 videns,sorori
3046 2984 3243 3055 potius
3265 2985 3564 3059 Cerberng
3586 2989 3659 3044 ob

2012 3074 2468 3130 familiaritatem
2503 3090 2701 3128 earum
2735 3072 2841 3128 hoc
2875 3089 2934 3127 se
2966 3091 3136 3144 posse
3168 3073 3359 3130 dicere
3402 3093 3661 3147 pronun-

2010 3162 2197 3218 tiavit.
2225 3163 2408 3230 Quod,
2430 3163 2527 3217 ubi
2551 3161 2651 3216 illa
2672 3160 2912 3228 audivit,
2936 3161 3185 3234 digitum
3220 3162 3304 3217 ori
3337 3181 3659 3236 apponens,

2013 3269 2202 3324 neque
2231 3251 2336 3319 illi,
2354 3268 2539 3323 neque
2563 3250 2672 3322 ipsi
2705 3250 2942 3322 quidem
2965 3250 3363 3323 matri,neque
3387 3253 3662 3325 cuiquam

244 3360 362 3417 sibi
386 3360 637 3427 adesset,
673 3359 1082 3432 interrogavit;
1117 3378 1245 3432 qua:
1278 3378 1412 3416 cum
1437 3380 1498 3417 se
1530 3364 1737 3419 adesse
1758 3329 1905 3421 dice-
1935 3329 1979 3396 Β
2014 3340 2323 3432 δοίηίηυῖη
2339 3340 2448 3432 ho?
2470 3342 2671 3432 είῖ-Ῐίλῐη
2695 3339 2986 3395 dicmmm
3000 3342 3663 3432 θδδ⁴ῗί⁰ξίξὼίῗοίυτζουοά

245 3452 398 3517 rent,
432 3453 773 3521 percontata
814 3453 904 3504 est
949 3448 997 3503 si
1048 3448 1269 3521 aliquid
1322 3455 1424 3505 aut
1467 3450 1772 3521 vidissent,
1805 3458 1906 3509 aut

245 3538 591 3595 audissent?
610 3538 694 3593 Ad
718 3537 838 3592 haec
861 3555 994 3593 eum
1023 3537 1130 3592 illa:
1155 3556 1218 3593 se
1240 3538 1383 3593 nihil
1423 3557 1645 3607 eorum,
1673 3542 1742 3596 de
1775 3543 1903 3613 qui-

248 3628 364 3683 bus
394 3625 557 3683 illam
591 3626 951 3698 interrogare
981 3632 1273 3699 putarent,
1295 3627 1384 3682 vel
1414 3628 1649 3697 vidisse,
1680 3631 1767 3685 vel
1800 3648 1902 3685 au-

247 3716 409 3772 disse
444 3716 863 3788 responderent
897 3732 909 3769 :
944 3717 1013 3771 Et
1042 3734 1156 3770 non
1189 3716 1428 3787 auditis,
1453 3717 1553 3782 ait,
1584 3734 1781 3773 vocem
1815 3719 1902 3773 in-

246 3808 670 3876 terrogantem,
696 3804 743 3859 si
777 3802 1051 3858 columba
1092 3806 1217 3876 jam
1252 3810 1457 3877 parata
1496 3806 1612 3860 sit?
1634 3808 1770 3861 Erat
1800 3825 1902 3863 au-

244 3897 366 3949 tem
396 3892 707 3964 crystallus
729 3909 865 3947 cum
889 3891 1153 3965 reliquiis
1185 3898 1521 3949 sanctorum
1542 3894 1755 3951 lectulo
1777 3898 1904 3968 ejus

245 3999 566 4054 appensus,
590 3998 867 4053 cumque,
892 3982 941 4036 si
973 3986 1169 4037 tamen
1202 3983 1309 4037 rite
1333 3985 1726 4053 recordamur,
1742 4004 1907 4043 soror

242 4073 375 4142 ejus
396 4069 695 4127 Christian
723 4072 959 4139 diceret,
992 4071 1099 4126 hoc
1128 4071 1255 4126 ideo
1298 4071 1410 4126 sibi
1444 4072 1634 4128 visum
1667 4074 1901 4145 fuissse,

244 4164 313 4216 ut
341 4159 730 4233 ligamentum
757 4158 1035 4231 crystalli,
1069 4160 1222 4231 quod
1276 4178 1388 4215 non
1441 4162 1588 4216 satis
1637 4169 1906 4221 accurate

246 4253 559 4322 parentum
591 4252 733 4315 erat,
760 4249 1117 4315 emendaret,
1136 4249 1244 4303 hoc
1276 4249 1355 4303 ita
1386 4266 1512 4305 esse
1538 4268 1705 4321 posse
1728 4253 1902 4321 dixit;

246 4355 318 4394 ea
346 4338 504 4393 enim
538 4342 602 4392 ut
632 4342 765 4393 ante
800 4338 1040 4403 febrem,
1075 4342 1131 4392 et
1153 4338 1280 4409 ipsa
1312 4338 1563 4394 maxime
1596 4341 1739 4396 febri
1792 4344 1905 4398 sibi

247 4427 613 4483 consuetudo
663 4431 807 4491 erat,
844 4432 908 4480 ut
957 4426 1005 4481 si
1052 4428 1285 4498 quando
1336 4430 1730 4501 quodcunque
1774 4432 1903 4501 hoc,

247 4516 408 4589 quod
455 4515 616 4587 loqui
672 4515 1021 4581 intenderet,
1058 4517 1459 4587 intercepisse,
1511 4524 1566 4572 et
1624 4522 1693 4575 ad
1745 4521 1902 4578 aliud

202 4632 207 4635 ι
245 4604 391 4679 quid
422 4603 708 4658 invertere
731 4608 1039 4659 conaretur
1077 4622 1191 4658 non
1225 4604 1283 4658 in
1333 4622 1399 4661 eo
1445 4607 1768 4673 inhaereret,
1803 4612 1904 4665 sed

2014 3446 2133 3501 qua
2161 3428 2385 3484 ratione
2408 3427 2702 3483 declarare
2726 3445 2841 3482 non
2865 3426 3389 3494 meruerit,viderit
3410 3429 3505 3499 qui
3538 3446 3669 3501 pos-

2014 3518 2109 3573 sit.
2148 3516 2296 3572 Illud
2331 3533 2471 3571 sane
2501 3502 2775 3571 credibile
2798 3520 2905 3581 est,
2941 3516 3134 3587 magni
3170 3533 3297 3570 eam
3349 3516 3569 3588 aliquid
3609 3522 3668 3573 et.

2013 3606 2193 3661 divini
2225 3606 2439 3661 vidisse
2473 3621 2485 3658 :
2520 3620 2707 3675 neque
2738 3604 2895 3658 enim
2938 3621 3180 3674 parvum
3231 3608 3287 3660 et
3334 3604 3664 3662 humanum

2012 3712 2139 3751 esse
2172 3698 2414 3767 poterat,
2449 3694 2603 3765 quod
2635 3692 2719 3747 vel
2754 3697 2926 3747 tanta:
2959 3691 3418 3765 pulchritudinis
3449 3699 3506 3749 et
3537 3712 3669 3751 sua-

2011 3784 2208 3841 vitatis
2240 3783 2367 3855 ipsa
2396 3801 2525 3837 esse
2558 3782 2789 3845 dixerit,
2824 3782 2910 3837 vel
2959 3782 3114 3854 quod
3168 3800 3303 3839 cum
3349 3786 3513 3841 tanto
3560 3788 3667 3840 tre-

2014 3890 2174 3929 more
2209 3873 2335 3944 ipsa
2356 3871 2734 3944 suscipiebat.

2657 3986 2891 4043 CAPUT
2928 3987 3022 4043 VI.

2012 4090 2152 4144 Mira
2181 4088 2537 4143 IIathumodaz
2566 4088 2735 4158 pictas
2764 4103 2894 4155 erga
2922 4094 3169 4153 "mtrem,
3203 4095 3253 4142 et
3282 4090 3338 4141 in
3370 4096 3663 4155 auctorem,

2086 4160 2387 4229 horumque
2412 4176 2477 4213 ac
2503 4160 2750 4214 onmiu-m
2794 4174 2924 4229 erga
2968 4159 3365 4214 Hathumoriam
3403 4178 3578 4226 anwr,
3617 4168 3669 4215 et

2085 4232 2444 4297 observantia,
2482 4232 2539 4286 in
2570 4238 2807 4286 extremo
2838 4230 3019 4285 morbo
3048 4233 3309 4287 naccinae.

2086 4341 2196 4395 Sed
2220 4344 2277 4393 et
2314 4338 2599 4393 nonnulla
2630 4337 2743 4393 alia
2772 4355 2900 4392 eam
2932 4337 3018 4391 vel
3052 4339 3288 4393 audisse
3323 4338 3404 4393 vel
3427 4338 3663 4406 vidisse,

2013 4428 2235 4501 liquido
2264 4432 2440 4498 patet.
2477 4428 2621 4481 Nam
2658 4426 3001 4496 plerumque
3042 4427 3113 4480 ab
3163 4427 3493 4482 astantibus
3534 4428 3667 4498 quis

2002 4522 2166 4574 esset
2188 4517 2482 4587 strepidus
2503 4521 2559 4571 et
2582 4516 2829 4579 sonitus,
2853 4532 3026 4584 quem
3052 4514 3663 4585 audiret.requirebat,

2015 4608 2362 4680 plerumque
2394 4604 2720 4667 admonuit,
2740 4608 2802 4657 ut
2834 4603 3103 4656 audirent
3124 4602 3208 4657 vel
3241 4602 3431 4673 qualis
3455 4609 3669 4675 tempe-

243 4692 449 4750 statim
482 4692 566 4747 ita
585 4709 756 4764 posse
788 4709 916 4747 esse
951 4695 1373 4764 respondisset.
1411 4695 1659 4751 Maxime
1709 4702 1903 4754 tamen
1936 4700 1983 4763 D
2015 4702 2134 4752 stas
2184 4700 2358 4760 esset,
2387 4694 2473 4748 vel
2522 4693 2579 4747 in
2641 4691 2795 4764 quali
2862 4692 3120 4745 mundus
3162 4692 3573 4752 commotione,
3608 4693 3664 4747 in

242 4783 305 4838 in
329 4782 424 4837 bis
451 4781 560 4838 hoc
592 4781 702 4837 sibi
737 4780 1104 4853 displicebat,
1122 4784 1170 4837 si
1195 4784 1431 4854 quando
1454 4785 1784 4858 cuicunque
1807 4788 1907 4843 ali-

222 4871 390 4948 :quid
438 4871 721 4927 secretius
770 4871 1132 4927 committere
1177 4872 1429 4941 volebat,
1460 4878 1515 4929 et
1561 4875 1703 4947 ipse,
1733 4879 1904 4949 cuius

239 4959 379 5015 fidei
438 4959 549 5015 hoc
587 4960 1076 5015 committendum
1119 4962 1363 5033 dignum
1426 4962 1610 5033 duxit,
1644 4964 1902 5037 aliquem

239 5045 429 5102 alium
463 5046 985 5103 intermiscendum
1010 5050 1266 5121 putavit;
1292 5051 1444 5121 quod
1466 5051 1553 5106 vel
1582 5067 1649 5107 ex
1666 5053 1757 5109 his
1774 5073 1901 5126 qua:

241 5138 578 5206 sequuntur
607 5134 751 5190 satis
784 5136 1013 5191 ostendi
1048 5141 1257 5208 potest.

316 5223 580 5289 Quadam
611 5223 703 5279 die
732 5240 866 5279 cum
898 5223 957 5279 in
990 5224 1202 5280 lectulo
1223 5226 1466 5296 jacerct,
1501 5232 1557 5284 et
1587 5247 1751 5285 soror
1770 5233 1900 5303 ejus

242 5311 560 5385 Gerberga,
592 5329 719 5384 qua:
769 5313 819 5367 ei
873 5315 1123 5369 maxims
1165 5314 1472 5371 familiaris
1511 5322 1653 5385 erat,
1687 5318 1900 5377 lectulo

240 5401 375 5472 ejus
406 5401 719 5469 atsisteret,
754 5404 1076 5474 quamdam
1107 5404 1158 5459 ei
1191 5410 1413 5461 secreto
1442 5406 1748 5477 visionem,
1774 5426 1899 5465 om-

241 5489 421 5545 nibus
452 5489 585 5545 aliis
616 5491 1258 5558 remotis,narraturam
1279 5510 1407 5549 esse
1430 5494 1687 5565 dicebat;
1712 5514 1901 5570 neque

240 5575 399 5633 enim
417 5593 480 5633 se
497 5575 812 5649 aliquando
831 5576 1051 5649 aliquid
1076 5583 1246 5634 tanta:
1264 5579 1439 5651 pulch
1449 5580 1899 5651 ritudinis,tanti

208 5694 213 5699 ι
242 5664 603 5738 splendoris,
631 5670 688 5722 et
718 5671 892 5723 tanta:
926 5667 1235 5724 suavitatis
1267 5672 1368 5723 aut
1392 5668 1626 5737 vidisse,
1659 5670 1747 5726 vel
1799 5691 1899 5729 au-

242 5742 701 5827 dissefCumque
722 5756 999 5813 omnibus
1016 5757 1763 5827 abscedentibus,solacum
1778 5761 1902 5819 sola

2015 4783 2173 4858 quali
2204 4783 2586 4846 turbulentia,
2612 4781 2670 4834 in
2701 4779 2856 4851 quali
2892 4778 3208 4833 certamine
3239 4780 3466 4850 positus
3498 4780 3663 4835 foret.

2012 4874 2172 4941 Quod
2206 4872 2444 4943 quidem
2473 4888 2539 4925 ex
2569 4869 2931 4923 inﬁrmitatis
2955 4868 3378 4939 magnitudine,
3410 4873 3475 4923 ut
3522 4886 3666 4924 non-

2013 4977 2316 5031 nunquam
2349 4959 2611 5029 accidere
2634 4956 2800 5021 solet,
2833 4956 2942 5011 sibi
2976 4955 3167 5010 visum
3205 4956 3384 5011 l'uissc
3433 4957 3666 5012 credere

2013 5066 2342 5124 possemus,
2377 5047 2565 5104 sinon
2616 5063 2683 5101 ea
2729 5063 2856 5117 quae
2908 5045 3302 5116 prmniisiinus
3354 5045 3513 5100 aliud
3560 5064 3666 5102 nos

2010 5141 2242 5197 credere
2258 5137 2697 5209 persuaderent.
2716 5134 2860 5189 Illud
2886 5150 3025 5187 sane
3039 5133 3222 5189 cuivis
3246 5135 3465 5190 mirum
3484 5135 3663 5191 videri

2011 5233 2220 5304 potest,
2254 5244 2316 5281 se
2346 5224 2569 5296 aliquid
2604 5224 2814 5278 horum
2844 5239 2971 5293 qum
3004 5221 3230 5278 viderat
3261 5224 3431 5279 matri
3481 5225 3666 5279 celare

2010 5318 2291 5392 potuisse,
2326 5314 2466 5385 quia
2497 5312 2665 5367 unice
2701 5327 2830 5366 eam
2880 5328 3114 5382 seraper
3162 5311 3462 5383 diligebat,
3496 5312 3665 5367 unice

2009 5407 2380 5465 reverebatur
2412 5420 2424 5457 :
2451 5401 2743 5472 siquidem
2774 5400 2854 5454 ita
2885 5416 3116 5471 semper
3139 5402 3294 5469 ei,ac
3320 5401 3368 5455 si
3399 5400 3660 5471 parvula,

2008 5495 2294 5560 blandita,
2324 5496 2390 5546 ut
2419 5489 2631 5546 ancilla
2662 5489 2721 5543 in
2754 5489 3029 5545 omnibus
3062 5491 3249 5545 fuerat
3276 5490 3567 5544 obsecuta.
3603 5488 3663 5544 Si

2008 5602 2135 5643 eam
2169 5582 2521 5654 quandoque
2552 5578 2906 5635 mmstiorem
2933 5579 3363 5652 aliquantulum
3385 5579 3548 5645 vidit,
3572 5596 3662 5634 va-

2010 5673 2111 5729 riis
2143 5669 2355 5737 modis,
2389 5675 2447 5725 et
2478 5668 2643 5724 miris
2676 5669 2974 5741 obsequiis
3024 5670 3323 5724 turbatum
3374 5668 3502 5738 ejus
3546 5667 3663 5722 ani-

2010 5777 2171 5819 mum
2196 5759 2377 5813 lenire
2420 5759 2713 5825 tentabat;
2746 5764 2803 5813 et
2832 5758 2970 5829 quia
3022 5758 3306 5812 librorum
3355 5754 3659 5813 lectionem
