3904 6382
378 368 534 432 H79

1370 372 1471 433 AD
1518 372 1778 433 OI’ERA
1822 367 2354 430 HROTSUI'I‘H/E
2399 368 2815 430 APPENDIX.

3686 368 3813 435 1180

373 505 425 562 ei
459 508 779 563 admodum
800 509 1028 577 gratam
1060 522 1187 559 esse
1220 506 1460 572 sciebat,
1496 504 1719 576 aliquid
1748 512 1810 560 se
1835 508 1891 559 et
1924 521 2033 558 au-
2062 503 2111 569 Α
2147 501 2287 573 ipsa:
2320 501 2597 558 lectulum
2633 520 2999 576 componere,
3035 503 3344 579 pulvillum
3377 503 3579 578 capiti
3627 522 3813 579 suppe-

373 596 502 653 ditu
526 596 883 666 jucundum,
905 599 961 648 et
992 594 1131 648 utile
1162 595 1231 647 ad
1271 594 1715 647 memorandum
1741 592 2031 647 invenisse

372 689 626 756 dicebat,
660 686 814 758 quod
847 684 895 739 ei
929 684 1118 755 legere
1162 684 1415 737 deberet.
1454 682 1593 747 Quis
1626 687 1821 735 autem
1856 682 2031 753 digne

369 778 616 852 explicet
641 779 857 847 quanto
889 773 1101 844 gaudio
1135 771 1305 826 solita
1335 789 1472 842 erga
1504 772 1689 825 Deum
1724 772 2029 825 devotione

369 864 933 935 exsultaverit,quod
966 867 1154 916 mater
1175 861 1407 930 cognita
1439 860 1496 914 in
1533 860 1640 913 hoc
1672 860 1797 929 ejus
1830 860 2029 914 volun-

368 963 487 1014 tate
510 957 579 1011 ad
604 971 731 1009 eam
755 951 1167 1006 lietiﬁcandam
1195 951 1395 1020 sejam
1420 966 1487 1003 ex
1509 949 1606 1003 illo
1626 948 1749 1003 loco
1766 966 1878 1003 non
1898 965 2027 1003 esse

304 1042 311 1049 ’
368 1050 586 1103 ituram
618 1041 1003 1104 simulaverit,
1038 1040 1151 1094 Deo
1189 1039 1408 1109 gratias
1438 1055 1641 1110 agens,
1670 1042 1726 1092 et
1774 1042 2023 1092 matrem

366 1135 585 1192 osculis
604 1131 967 1197 demulcens,
1001 1145 1067 1183 ac
1101 1128 1376 1182 manibus
1429 1126 1826 1197 complexans,
1850 1132 2025 1198 atque

366 1225 687 1289 sororibus,
723 1220 863 1292 quid
897 1217 1007 1274 sibi
1044 1216 1399 1289 promiserit,
1427 1217 1638 1270 iterum
1694 1217 2024 1287 iterumque

365 1314 665 1372 revolvens
686 1310 713 1364 ‘I

437 1402 599 1471 Quod
634 1400 833 1455 minus
863 1397 1078 1452 mirum
1111 1396 1359 1462 videtur,
1397 1412 1529 1449 cum
1575 1396 1752 1450 etiam
1813 1399 2022 1450 nostra:

363 1489 700 1566 exiguitatis
724 1485 1199 1559 indignissimam
1228 1485 1571 1556 parvitatem
1596 1489 1651 1539 et
1682 1503 1825 1539 sana
1843 1502 2024 1557 supra

365 1584 606 1639 modum
639 1576 1173 1644 cxcoluerit,ctjam
1202 1573 1436 1628 inﬁrma
1467 1574 1710 1628 immani
1736 1573 2021 1628 desiderio

361 1672 558 1728 videre
589 1665 888 1739 cupiverit.
922 1664 1066 1718 Nam
1122 1662 1177 1715 in
1230 1662 1353 1732 ipso
1386 1663 1586 1717 statim
1638 1680 1755 1717 sua:
1790 1668 2023 1733 {egrota-

362 1760 541 1816 tionis
564 1756 729 1812 initio
753 1750 1320 1815 nobis,dissimulato
1347 1755 1538 1805 tamen
1565 1769 1681 1805 sum
1708 1751 2022 1806 inﬁrmita-

361 1850 438 1906 tis
456 1845 767 1913 nuntio,ut
800 1839 1158 1898 omnimodis
1188 1838 1541 1907 veniremus,
1568 1840 1886 1894 mandavit.
1907 1840 2023 1895 Vos

361 1943 560 1997 autem
583 1938 761 1990 testes
794 1930 957 1995 estis,
974 1933 1031 1983 et
1059 1929 1233 1995 Deus,
1271 1928 1370 2000 qui
1413 1934 1628 1983 sancta:
1672 1928 1879 1983 anima)
1913 1928 2023 1983 hoc

360 2028 621 2085 tribuere
668 2022 859 2087 debet,
894 2036 1027 2073 cum
1080 2020 1301 2089 quanta
1343 2016 2021 2089 exultatione,quantum

362 2114 677 2173 infirmitas
699 2110 947 2175 sinebat,
974 2123 1080 2161 nos
1112 2107 1484 2161 advenientes
1507 2106 1859 2177 susceperit;
1886 2123 2021 2161 cum

362 2210 586 2280 quanta
615 2201 900 2259 charitatc
931 2200 1248 2271 prmsentes
1300 2196 1584 2263 tenuerit;
1619 2214 1753 2251 cum
1804 2200 2025 2267 quanta

361 2293 778 2358 sollicitudine,
808 2293 873 2344 ut
902 2306 1043 2343 cura
1065 2286 1245 2341 nostri
1283 2286 1617 2351 haberetur,
1644 2287 1869 2357 jugiler
1916 2286 2018 2340 ad—

362 2382 689 2449 monuerit;
713 2396 848 2435 cum
864 2381 1085 2449 quanta
1098 2375 1386 2430 anxietate
1409 2381 1463 2429 et
1485 2393 1803 2446 parumper
1815 2374 2025 2430 cellula

364 2488 634 2547 egressos
666 2486 774 2524 nos
822 2465 1186 2538 requisierit;
1221 2481 1355 2517 cum
1407 2469 1627 2535 quanta
1679 2464 2024 2519 assiduitate

368 2578 583 2620 nomen
618 2562 887 2614 nostrum
918 2553 1290 2625 ingeminans
1320 2551 1491 2622 plura
1524 2553 1831 2608 nobiscum
1862 2553 2023 2624 loqui

361 2647 695 2715 tantaverit,
731 2662 865 2701 cum
902 2647 1120 2715 quanto
1162 2642 1360 2696 dolore
1412 2659 1516 2697 nos
1562 2644 1678 2696 tam
1734 2644 1897 2697 tarde
1935 2658 2026 2697 ve-

363 2742 525 2799 nisse
555 2733 1187 2809 ingemuerit.Parvam
1212 2736 1437 2797 rem,ut
1466 2730 1819 2802 quibusdam
1840 2731 2021 2786 videri

362 2832 574 2905 potest,
610 2822 1155 2886 extraordinariam,
1192 2820 1291 2875 sed
1352 2823 1549 2874 tamen
1601 2822 1843 2875 affectus
1896 2821 2025 2890 ejus

362 2936 501 2991 erga
534 2934 641 2972 nos
673 2913 927 2968 indicem
952 2908 1163 2964 dicturi
1184 2926 1413 2963 sumus.
1433 2909 1491 2963 Si
1516 2910 1750 2980 quando
1774 2909 1944 2963 aliter
1965 2909 2024 2963 in

362 3008 562 3065 dolore
593 3005 665 3059 ad
689 3001 911 3073 aliquid
945 2998 1305 3072 gustandum
1344 2998 1558 3052 adduci
1611 3015 1724 3051 non
1778 3002 2022 3069 poterat,

361 3099 471 3154 hac
485 3100 606 3152 arte
627 3093 737 3149 sibi
763 3088 1186 3163 pcrsuasum,si
1208 3091 1309 3141 aut
1334 3106 1367 3141 a
1389 3088 1556 3143 nobis
1580 3088 2022 3157 transmissum,

362 3192 465 3245 aut
497 3204 531 3241 a
560 3182 730 3239 nobis
761 3184 1031 3253 paratum
1066 3178 1379 3231 diceretur.
1402 3178 1479 3231 Eo
1502 3194 1736 3249 quoque
1768 3194 1883 3249 quo
1915 3179 2021 3232 ad-

2142 609 2278 646 ncre
2303 617 2316 659 ;
2349 591 2539 663 ipsam
2562 592 2616 646 in
2641 594 2853 650 lectulo
2877 595 3158 651 elevatam
3185 614 3427 669 corpore
3453 614 3578 651 suo
3599 603 3809 651 susten-

2140 685 2513 748 tare,manus
2555 682 2781 747 fricare,
2813 686 2990 755 pedes
3039 685 3376 751 calefacere,
3404 685 3810 739 stomachum-

2139 788 2253 843 que
2286 772 2616 835 confoverc;
2644 771 2753 843 ipsi
2788 779 3132 828 mstuantem
3167 773 3398 828 flabello
3438 774 3806 847 refrigerare.

2138 860 2416 914 sudorem
2463 860 2814 915 deﬂuentem
2852 861 3086 917 linteolo
3134 863 3471 934 detergere;
3512 862 3651 934 ipse
3694 862 3808 916 rali-

2138 947 2272 1001 dam
2307 964 2519 1018 aquam
2555 949 2625 1002 ad
2652 947 2965 1004 lavandum
2998 955 3346 1022 temperare,
3373 951 3593 1006 cibum
3623 969 3806 1022 parare

2137 1036 2316 1091 simul
2377 1042 2434 1091 et
2492 1054 2802 1108 apponere,
2837 1042 2894 1093 et
2945 1039 3001 1092 in
3058 1040 3335 1094 omnibus
3396 1058 3538 1111 qua:
3597 1044 3805 1111 agenda

2134 1130 2321 1192 erant,
2351 1125 2618 1197 singulas
2649 1126 2979 1196 prmvenire.

2206 1214 2393 1284 Super
2422 1214 2619 1269 omnia
2668 1218 2856 1269 mater
2895 1215 3262 1271 admirabilis
3302 1216 3585 1272 dolorem
3638 1217 3802 1272 inter-

2135 1320 2277 1357 num
2308 1302 2471 1357 vultu
2504 1302 2807 1375 placidiori
2849 1308 3070 1376 tegens,
3118 1309 3434 1361 mwrenlcs
3491 1306 3797 1372 consolari,

2134 1392 2340 1447 ﬂentes
2381 1408 2773 1463 compescere,
2801 1393 3065 1465 singulas
3114 1394 3370 1466 alloquio
3402 1411 3523 1451 suo
3570 1396 3800 1451 delinire

2133 1482 2438 1548 studebat;
2475 1482 2620 1536 alios
2659 1482 2786 1553 ipsa
2830 1482 3159 1538 consolatos
3191 1500 3318 1539 esse
3369 1483 3657 1556 cupiens,
3689 1501 3797 1556 qua:

2132 1570 2510 1645 senfctipsam
2543 1570 2832 1625 consolari
2867 1587 2980 1625 non
3013 1576 3257 1642 poterat.
3282 1573 3545 1637 Quantis
3566 1573 3702 1645 ipsa
3720 1591 3796 1645 ge-

2132 1658 2378 1713 mitibus
2412 1658 2565 1713 inter
2584 1658 2891 1714 ecclesiam
2921 1665 2976 1714 et
3008 1659 3285 1715 lectulum
3320 1660 3456 1714 ﬁlia:
3513 1661 3795 1717 discurre-

2132 1748 2256 1802 bat!
2293 1749 2587 1813 Quantum
2623 1752 2757 1802 ante
2781 1753 3118 1804 sanctorum
3146 1750 3415 1804 tumbam
3445 1749 3612 1805 fudit
3634 1750 3795 1821 laci-y-

2133 1852 2474 1900 marum,ne
2497 1836 2616 1890 ﬁlia
2639 1836 2990 1908 privaretur;
3026 1841 3090 1891 ut
3113 1855 3214 1909 pro
3253 1837 3350 1891 illa
3374 1838 3514 1909 ipsa
3554 1855 3795 1893 morere-

2132 1928 2250 1993 tur,
2273 1927 2356 1991 ut,
2374 1923 2524 1979 sicut
2558 1924 2614 1979 in
2650 1924 2799 1979 banc
2833 1925 3023 1980 lucem
3056 1925 3216 1997 prior
3261 1925 3614 1994 intraverrt,
3647 1926 3727 1982 ita
3752 1930 3796 1980 et

2131 2013 2203 2067 ab
2236 2013 2341 2068 hac
2391 2013 2520 2069 luce
2563 2014 2723 2085 prior
2755 2014 3068 2085 migraret!
3097 2014 3420 2086 Aliquotics
3456 2017 3520 2070 in
3558 2015 3690 2087 ipso
3736 2015 3793 2069 ad

2132 2099 2314 2155 filiam
2344 2118 2581 2155 accessu
2606 2101 2794 2167 hmsit,
2818 2103 3186 2175 gradumque
3216 2105 3545 2172 revocavit;
3579 2104 3663 2159 ita
3693 2104 3792 2158 for-

2130 2190 2364 2245 tissima
2395 2190 2746 2245 feminarum
2766 2191 3053 2246 dubitavit
3076 2206 3219 2263 pene
3238 2193 3377 2264 quid
3416 2193 3617 2248 facere
3640 2192 3788 2246 debe-

2134 2284 2267 2333 ret:
2302 2296 2506 2334 vocare
2556 2298 2693 2347 una,
2747 2298 3012 2336 revocare
3042 2281 3261 2349 altera;
3315 2281 3417 2336 illa
3471 2280 3698 2337 hortari
3742 2286 3793 2333 ut

2130 2366 2219 2422 vel
2254 2368 2383 2422 ﬁlia)
2416 2369 2709 2440 supremis
2741 2370 2993 2425 adesset.
3028 2371 3177 2436 Quid
3215 2370 3396 2442 igitur
3423 2370 3683 2426 faceret?
3704 2369 3794 2424 Vo-

2134 2458 2307 2513 cabat
2338 2458 2728 2530 pietas,dolor
2750 2460 3420 2515 revocabat.Accedebat
3452 2464 3678 2526 tamen,
3701 2460 3783 2516 sed

2132 2550 2479 2602 mstuantem
2511 2546 2570 2601 in
2604 2551 2789 2603 morte
2823 2547 3003 2603 ﬁliam
3025 2547 3219 2604 videre
3242 2567 3357 2603 non
3390 2553 3651 2621 poterat.
3676 2548 3781 2603 Dis-

2134 2636 2398 2704 cedebat,
2434 2637 2533 2691 sed
2568 2636 2787 2692 dolenti
2822 2636 2952 2691 filia)
2981 2638 3185 2693 abesse
3217 2656 3332 2693 non
3366 2642 3623 2709 poterat.

2758 2744 2991 2799 CAPUT
3030 2744 3151 2799 VII.

2133 2834 2263 2902 Ejus
2285 2834 2438 2903 jugis
2469 2833 2795 2903 psalmodia.
2828 2841 2879 2887 ct
2906 2832 2970 2887 de
3002 2833 3158 2887 rebus
3189 2833 3398 2887 divinis
3428 2834 3776 2889 scrmo.Cmn-

2207 2913 2415 2958 malum
2443 2905 2681 2958 absentis
2725 2904 2955 2969 abbatis,
2987 2914 3037 2959 et
3065 2905 3338 2959 sodalium
3386 2909 3645 2960 animum
3685 2922 3776 2959 71w-

2206 2978 2356 3030 ranti
2383 2975 2527 3047 apud
2557 2992 2614 3030 se
2645 2977 2859 3046 longius
2879 2978 3093 3031 auctori
3119 2979 3459 3047 nmnz'fcsutt.

2205 3091 2454 3163 Jamque
2486 3107 2697 3162 corpus
2729 3090 3013 3169 paulatim
3039 3091 3285 3147 deﬁcere
3311 3094 3511 3163 ecepit,
3532 3096 3587 3146 et
3608 3096 3773 3144 tamen

2137 3197 2304 3237 meus
2337 3179 2480 3235 cado
2512 3179 2752 3234 intenda
2783 3180 2952 3234 ﬁrma
2973 3181 3256 3247 durabat;
3293 3182 3549 3237 canebat
3572 3196 3678 3234 una
3698 3193 3773 3230 no-

360 3276 636 3333 venimus
662 3270 1139 3337 die,cibiscoram
1162 3283 1222 3319 se
1246 3264 1591 3331 allatis,nos
1611 3266 1800 3320 vocari
1816 3266 2019 3338 jussit,
2053 3245 2097 3311 C
2136 3270 2365 3325 biscum
2416 3269 2761 3340 plerumque
2822 3269 3056 3324 eosdem
3118 3269 3403 3340 psalmos,
3460 3270 3774 3342 plerumque

361 3371 419 3424 et
447 3366 733 3437 quantum
758 3356 971 3431 potuit,
1005 3372 1200 3410 coram
1236 3354 1403 3407 nobis
1438 3356 2023 3427 manducavit,etque

362 3448 784 3512 consolationis
814 3450 1024 3500 nostra:
1058 3444 1248 3517 gratia
1278 3448 1397 3499 tam
1430 3443 1556 3498 laete
1601 3462 1660 3498 se
1694 3462 1795 3516 per
1824 3444 2025 3500 omnia

362 3542 661 3601 continere
692 3535 1011 3601 contendit,
1048 3539 1112 3587 ut
1144 3532 1462 3587 maximam
1497 3550 1660 3603 spem
1712 3534 2022 3588 evadendas

364 3630 574 3689 mortis
600 3629 730 3699 ejus
779 3624 1241 3695 conciperemus.
1290 3621 1421 3675 Jam
1468 3638 1601 3676 vero
1648 3638 1886 3692 vespere
1933 3621 2022 3676 in-

364 3723 631 3797 gruente,
664 3720 879 3772 cuncta
904 3714 961 3768 in
995 3710 1356 3767 contrarium
1383 3726 1570 3775 versa,
1602 3710 1885 3781 gaudium
1920 3728 2021 3767 no-

365 3816 555 3869 strum
582 3808 641 3862 in
666 3820 989 3869 maerorem,
1007 3818 1170 3873 spem
1197 3801 1253 3854 in
1278 3799 1745 3870 desperationem
1767 3817 2026 3855 commu-

364 3901 656 3963 taverunt,
690 3895 836 3949 Nam
870 3892 951 3947 ita
982 3891 1224 3945 morbus
1274 3888 1693 3960 ingravescere,
1716 3894 1773 3943 et
1803 3890 2023 3945 sensim

365 4007 469 4063 per
515 3984 750 4057 singula
793 3984 1089 4035 momenta
1136 3994 1395 4032 crescere
1438 3977 1633 4047 coepit,
1685 3981 1751 4031 ut
1786 3993 2022 4032 omnem

365 4094 530 4150 spem
564 4070 973 4143 recuperanda:
1006 4067 1214 4122 salutis
1248 4082 1366 4118 sua:
1389 4066 1815 4132 amitteremus,
1850 4070 1907 4120 et
1939 4082 2026 4120 so-

365 4167 487 4222 lam
526 4167 771 4218 mortem
804 4159 931 4228 ejus
961 4161 1458 4226 exspectaremus.
1491 4154 1554 4208 In
1587 4171 1704 4225 qua
1726 4153 2026 4226 languoris

364 4261 562 4312 tamen
598 4247 870 4304 molestia
890 4250 948 4300 et
976 4243 1251 4298 meritum
1277 4243 1407 4311 ejus
1428 4258 1566 4314 erga
1584 4260 1709 4308 nos,
1729 4248 1786 4297 et
1816 4248 2022 4299 vester.

366 4340 756 4403 sanctissima:
802 4349 1051 4401 sorores,
1077 4349 1215 4405 erga
1262 4348 1391 4387 eam
1441 4332 1683 4387 atfectus
1706 4336 1763 4387 et
1799 4331 2026 4388 devotio

365 4437 604 4490 ostensa
631 4431 739 4485 est.

439 4520 631 4577 Primo
663 4514 927 4573 omnium
961 4509 1309 4567 venerabilis
1343 4510 1524 4565 amita
1572 4510 1725 4582 ejus,
1757 4511 2025 4581 quamvis

2132 3356 2659 3429 alios,plcrumquc
2683 3359 2970 3428 quosdam
3006 3359 3258 3430 sparsim
3282 3376 3349 3413 ex
3382 3357 3657 3430 psalterio
3675 3369 3774 3407 vcr-

2134 3464 2236 3504 sus
2258 3447 2340 3502 ita
2372 3463 2629 3502 connexo
2664 3447 2774 3500 sibi
2808 3447 3011 3502 ordine
3053 3448 3314 3518 junctos,
3342 3452 3411 3502 ut
3446 3448 3641 3503 eodem
3672 3440 3769 3513 spi-

2134 3537 2404 3607 ritu,qu0
2428 3536 2631 3607 scripti
2652 3540 2904 3603 erant,et
2926 3541 3140 3591 sanctm
3163 3538 3291 3607 ejus
3314 3538 3500 3591 menti
3527 3529 3765 3605 inspirati

2133 3641 2250 3680 non
2275 3624 2703 3679 dubitarentur.
2724 3628 2882 3679 Inter
2913 3624 3303 3697 psalmodiam
3337 3629 3396 3679 et
3421 3633 3766 3697 prcces,sem-

2134 3730 2237 3785 per
2267 3713 2325 3767 in
2358 3729 2456 3768 ore
2488 3713 2617 3785 ejus
2648 3709 2955 3779 Dominus,
2987 3730 3221 3785 semper
3243 3713 3301 3767 in
3327 3714 3502 3768 corde
3530 3709 3765 3766 Christus

2133 3806 2287 3870 erat;
2322 3807 2375 3856 et
2400 3801 2510 3856 nisi
2543 3801 2850 3873 paululum
2872 3803 3039 3873 quasi
3064 3803 3135 3856 ad
3159 3802 3573 3856 dormiendum
3596 3794 3764 3853 oculos

2134 3890 2541 3957 obclausisset,
2577 3907 2811 3962 semper
2839 3896 2940 3945 aut
2963 3890 3269 3962 psallebat,
3301 3895 3406 3945 aut
3437 3892 3510 3945 de
3540 3903 3653 3943 sua:
3672 3880 3767 3937 ani-

2135 3996 2243 4035 ma:
2274 3980 2461 4035 salute
2491 3979 2859 4051 loquebatur.
2898 3981 3138 4035 Peccata
3187 3998 3293 4035 sua
3325 3978 3669 4052 cogitatione
3695 3971 3759 4024 10-

2134 4067 2369 4123 cutione
2399 4072 2455 4122 et
2485 4085 2658 4140 opere
2689 4072 3018 4140 perpetrata
3038 4068 3263 4140 jugiter
3294 4068 3692 4125 conﬁtebatur,
3721 4060 3761 4111 ct

2135 4156 2387 4229 siquam
2421 4173 2523 4228 pro
2556 4156 2649 4211 bis
2692 4156 2919 4212 veniam
2962 4174 3196 4228 sperare
3245 4157 3485 4211 deberet
3528 4148 3758 4223 require-

2135 4247 2257 4302 bat.
2292 4247 2453 4317 Smpe
2485 4247 2665 4301 etiam
2699 4246 2768 4301 de
2819 4247 3107 4301 bonorum
3152 4250 3209 4300 et
3253 4246 3549 4301 malorum
3594 4242 3648 4295 in
3691 4234 3763 4289 die

2128 4332 2338 4406 judicii
2367 4332 2455 4389 vel
2488 4333 2791 4401 divisione,
2814 4334 2903 4388 vel
2935 4334 3322 4399 discussione,
3354 4333 3550 4389 ovium
3574 4323 3760 4383 scilicet

2136 4439 2171 4477 ι
2191 4421 2430 4490 dextris,
2445 4425 2505 4477 et
2522 4421 2824 4477 haedorum
2850 4439 2883 4477 a
2905 4422 3185 4489 sinistris,
3202 4422 3557 4477 mentionem
3577 4413 3761 4471 faciens

2138 4511 2538 4584 interrogabat
2568 4528 2583 4566 :
2618 4510 2667 4566 si
2697 4511 2832 4583 quis
2854 4515 2995 4566 tunc
3030 4513 3175 4567 forte
3205 4516 3566 4573 sanctorum,
3597 4508 3651 4559 et
3677 4500 3758 4584 bo-

358 4613 486 4684 jam
518 4606 844 4682 grandazva,
880 4607 939 4657 et
978 4600 1139 4656 senio
1188 4600 1470 4667 confecta,
1524 4603 1814 4670 quantum
1862 4600 2027 4655 dolor
2057 4618 2104 4683 Ι)
2135 4618 2346 4656 norum
2370 4583 2467 4655 alii
2493 4606 2925 4665 sucCurrere,et
2958 4600 3136 4655 alium
3159 4602 3436 4672 adjuvare
3459 4590 3674 4684 posset?
3689 4583 3754 4641 Ad

366 4716 496 4756 eam
513 4698 717 4754 adesse
730 4692 1127 4766 permittebat,
1142 4693 1199 4743 et
1213 4688 1502 4743 indefesso
1523 4687 1855 4743 assistebat.
1875 4689 2026 4744 Prae-

367 4787 559 4862 posita
588 4780 950 4847 monasterii,
986 4779 1094 4835 etsi
1130 4777 1494 4833 multimodis
1547 4778 2027 4847 occupationibus

368 4892 591 4951 pressa,
623 4891 656 4929 a
684 4871 895 4928 lectulo
923 4870 1050 4940 ejus
1082 4884 1187 4923 nec
1220 4883 1537 4937 parumper
1558 4866 1796 4937 quidem
1821 4866 2029 4921 absce-

368 4968 561 5022 debat.
582 4965 833 5027 Deeana,
849 4963 907 5015 et
933 4961 1132 5013 custos
1154 4956 1433 5021 occlesim,
1450 4959 1737 5026 quantum
1760 4956 2029 5012 custodia

368 5054 486 5109 illis
534 5051 855 5105 commissa
897 5047 1245 5119 patiebatur,
1281 5050 1338 5099 et
1387 5044 1721 5115 frequenter
1759 5044 2026 5100 advenie-

371 5143 532 5205 bant,
553 5143 609 5193 et
639 5154 871 5208 semper
900 5137 1105 5189 adesse
1135 5134 1423 5189 volebant.
1445 5133 1578 5188 Jam
1618 5150 1749 5187 vero
1793 5132 2027 5205 reliquae

371 5243 765 5296 sorores,quac
798 5225 857 5277 in
881 5223 1324 5294 cellulajugitcr
1345 5239 1478 5275 cum
1512 5239 1577 5276 ea
1610 5238 1739 5276 esse
1774 5240 1886 5277 non
1921 5240 2026 5293 po-

376 5320 585 5381 terant,
622 5319 724 5367 ant
756 5312 815 5365 in
848 5311 1091 5366 ecclesia
1131 5311 1374 5382 psalmis
1407 5328 1510 5382 pro
1542 5327 1607 5365 eo
1656 5316 1713 5365 et
1758 5312 2031 5367 orationi-

375 5408 486 5462 bus
518 5401 827 5461 vaeabant,
863 5402 963 5451 aut
984 5403 1144 5453 extra
1177 5402 1326 5454 fores
1365 5399 1587 5453 cellula:
1636 5400 2024 5455 excubabant.

373 5493 666 5562 Prmcipue
697 5492 893 5541 tamen
913 5499 1323 5554 germanorum
1346 5488 1472 5557 ejus
1491 5503 1756 5541 sororum
1775 5488 1901 5557 jam
1926 5506 2028 5543 an-

370 5584 466 5637 tea
496 5578 774 5635 omnibus
808 5574 945 5625 nota
976 5574 1115 5625 tunc
1148 5573 1202 5626 in
1237 5592 1363 5628 eam
1392 5576 1581 5645 pietas
1618 5575 1846 5630 enituit.
1888 5577 2027 5648 Ipsa.-

372 5666 586 5724 lectulo
600 5657 1247 5726 assidere,ipsiejacenti
1268 5662 1706 5731 infatigabumle
1722 5663 2023 5733 assistere;

2140 4690 2419 4747 ultimum
2450 4707 2513 4745 se
2546 4693 2757 4744 nostra;
2789 4688 2943 4755 ﬁdei,
2966 4693 3023 4744 et
3052 4689 3326 4744 manibus
3348 4681 3752 4743 commendans.

2136 4780 2312 4836 etiam
2347 4778 2590 4848 sanctis,
2622 4794 2871 4849 quorum
2907 4778 3166 4850 reliquim
3195 4779 3252 4833 in
3286 4780 3485 4833 nostro
3508 4767 3753 4829 monaste-

2139 4868 2222 4925 rio
2253 4868 2631 4933 haberentur,
2645 4884 2708 4922 se
2726 4872 2935 4922 nostra:
2953 4866 3258 4938 parvitatis
3282 4866 3473 4922 ofﬁcio
3504 4866 3751 4919 commen-

2139 4956 2264 5012 dari
2294 4955 2649 5027 postulabat.

2214 5045 2369 5100 Inter
2396 5044 2539 5112 hinc,
2564 5061 2630 5099 ac
2660 5044 2708 5099 si
2725 5045 2851 5116 jam
2873 5044 3083 5099 iisdem
3114 5045 3281 5117 ipsis,
3300 5046 3370 5099 de
3392 5042 3599 5117 quibus
3615 5034 3750 5121 antea

2140 5134 2510 5206 loquebatur,
2541 5113 2871 5201 interesset,
2905 5150 2971 5188 ac
3002 5134 3049 5189 si
3076 5113 3202 5205 jam
3248 5113 3473 5205 judicia
3514 5113 3750 5209 tribunali

2141 5221 2567 5287 assisteret,sic
2600 5222 2659 5276 in
2691 5222 2820 5290 hoc,
2856 5222 3011 5293 quod
3046 5223 3238 5277 videre
3271 5221 3585 5280 videbatur,
3615 5210 3750 5263 lumi-

2142 5311 2317 5367 nibus
2351 5310 2505 5378 fixis,
2533 5310 2869 5378 formidare,
2895 5317 2953 5366 et
2981 5312 3272 5382 trepidare
3294 5306 3632 5381 ccepit.Nam
3648 5304 3745 5349 eam

2142 5405 2282 5455 tunc
2314 5398 2511 5471 aliqua
2542 5400 2877 5455 futurorum
2905 5399 2992 5455 vel
3014 5401 3269 5468 audisse,
3294 5399 3379 5455 vel
3402 5387 3745 5471 vidissemus

2138 5489 2337 5544 vultus
2370 5466 2497 5559 ejus
2527 5489 2826 5556 varietate,
2861 5494 2917 5544 et
2946 5507 3014 5544 ex
3066 5489 3199 5545 aliis
3250 5466 3395 5561 quas
3444 5473 3681 5559 przevidit
3704 5466 3742 5518 Cl

2141 5578 2407 5650 prmdixit
2429 5579 2604 5632 rebus
2636 5579 2922 5649 conjicere
2945 5578 3227 5633 valemus.
3247 5570 3549 5632 ltecordari
3568 5561 3740 5653 quipP‘f

2138 5685 2260 5735 vos,
2304 5684 2429 5738 qua)
2480 5670 2621 5720 tunc
2680 5666 2949 5733 alfuistis,
3016 5684 3127 5721 non
3192 5663 3558 5735 ambigimUS,
3600 5653 3736 5723 Ρηοη
