3904 6396
137 431 298 496 1185

804 600 1135 641 RESPONSIO.

139 688 291 755 Ilzec,
327 706 453 759 quze
486 692 879 761 prosequeris,
906 710 1147 762 prorsus
1164 695 1473 749 verissima
1503 700 1790 763 constant,

212 778 282 831 Et
312 778 535 831 scimus
568 779 819 833 nimium
851 796 1024 833 omne
1056 786 1247 833 vclarc
1280 782 1491 848 Deum;

140 866 250 919 Sed
286 865 527 919 minime
562 866 728 919 nobis
763 867 1011 921 nimium
1043 869 1149 922 hoc
1181 888 1306 924 esse
1339 871 1569 924 videtur

213 954 374 1018 Ουιηί
411 954 633 1007 meritis
669 955 890 1009 scimus
922 955 1108 1027 ipsius
1142 975 1268 1012 esse
1304 955 1529 1012 nimus:

144 1042 391 1107 Quantis
426 1060 678 1113 namque
712 1044 879 1097 lmnis
916 1045 971 1096 in
1007 1044 1113 1098 hac
1149 1064 1265 1100 una
1296 1065 1601 1102 careamus

213 1130 377 1184 Haud
410 1148 711 1201 quaquum
745 1132 917 1200 digne
952 1150 1265 1203 possumus
1298 1139 1638 1206 exprimere.

140 1219 271 1273 Ilzcc
303 1237 485 1285 soror,
522 1219 641 1273 haec
676 1225 881 1285 mater,
917 1221 1034 1274 hinc
1068 1224 1263 1277 nutrix
1295 1230 1467 1296 atque
1493 1224 1792 1296 magistra,

214 1308 344 1362 Ilcrc
375 1308 698 1374 abbatissa,
728 1310 846 1363 lucc
882 1310 1069 1365 fuerat
1095 1313 1352 1367 domina.

141 1396 286 1451 Cum
320 1396 471 1451 hanc
503 1396 785 1467 zequalem
820 1398 1193 1471 similemque
1226 1420 1327 1472 per
1356 1404 1553 1457 cinnia
1582 1402 1758 1456 vitam

213 1484 501 1540 Duximus
531 1485 829 1553 asseculrc,
864 1489 1190 1558 quamlibet
1221 1491 1461 1561 exiguae.

142 1574 336 1630 Unum
366 1574 511 1630 velle
545 1574 655 1629 fuit
686 1575 935 1643 cunctis,
968 1577 1121 1633 nolle
1153 1580 1428 1634 omnibus
1461 1596 1668 1646 unum,

210 1663 357 1717 Vota
389 1663 547 1717 fuere
580 1680 697 1717 una
730 1668 903 1735 atque
937 1667 1139 1721 eadem
1173 1666 1389 1722 studia.

140 1752 210 1807 Et
240 1768 347 1807 nos
378 1750 530 1805 hanc
563 1768 677 1805 non
711 1751 1029 1823 ploremus,
1067 1754 1214 1809 hanc
1250 1773 1364 1811 non
1396 1756 1720 1822 doleamus,

211 1840 280 1895 Et
310 1840 680 1911 suspiremus
711 1841 1031 1896 visceribus
1066 1844 1318 1915 cupidis,

143 1931 275 1996 Quae
308 1934 522 1984 nostra:
553 1929 798 1984 dulcedo
832 1930 1031 1997 simul,
1066 1933 1150 1985 vel
1181 1932 1367 2003 gloria
1394 1935 1545 1997 vitai,

216 2019 276 2073 In
310 2035 427 2090 qua
457 2022 598 2073 sunt
628 2036 745 2073 una
778 2020 1004 2089 perdita
1038 2027 1199 2075 tanta
1232 2022 1429 2077 bona?

145 2106 403 2178 Denique
436 2107 504 2161 de
535 2106 831 2179 lacrymis,
866 2110 937 2163 de
971 2109 1303 2179 planctibus
1336 2115 1509 2182 atque
1542 2110 1738 2165 dolore

215 2196 339 2251 Non
370 2211 636 2267 unquam
670 2196 838 2252 nobis
873 2199 1169 2254 credimus
1202 2216 1329 2254 esse
1361 2200 1524 2253 satis.

145 2283 360 2340 Saltem
395 2300 503 2339 nos
532 2282 805 2356 lacrymis
838 2290 895 2341 et
925 2286 1258 2358 planctibus
1288 2288 1666 2354 cxsatiemus,

214 2372 274 2430 Si
305 2390 425 2430 non
458 2377 657 2445 optata
688 2390 896 2446 nempe
932 2374 1067 2430 licet
1094 2376 1261 2432 facie.

876 2508 1068 2547 AGIUS.

147 2604 271 2660 Non
302 2620 450 2677 nego
484 2620 639 2660 nunc
667 2606 831 2661 vobis
854 2606 1087 2677 justum
1121 2608 1264 2663 satis
1297 2625 1423 2665 esse
1455 2607 1735 2676 dolerem,

218 2693 339 2748 Non
373 2710 523 2766 nego
555 2699 645 2749 sat
666 2695 865 2765 justas
897 2712 1025 2751 esse
1056 2696 1233 2751 simul
1265 2696 1573 2768 lacrymas,

157 2781 297 2838 Cum
330 2783 448 2839 nisi
470 2800 605 2838 cum
626 2785 849 2855 gemitu
874 2786 1205 2840 membrum
1228 2803 1262 2841 a
1281 2786 1545 2841 membro
1567 2784 1801 2840 dirima-

219 2872 288 2926 Et
316 2889 531 2944 corpus
553 2874 839 2929 damnum
872 2875 1112 2929 sufferat
1137 2892 1285 2947 aegre
1312 2892 1508 2929 suum.
1622 2873 1759 2946 [tur,

156 2961 220 3014 Et
254 2965 449 3016 tamen
482 2961 592 3017 hoc
624 2961 852 3029 tolerat,
886 2964 1041 3032 quod
1074 2981 1189 3017 non
1222 2964 1589 3018 mediocriter
1617 2963 1802 3034 angit,

226 3049 364 3105 Illuc
394 3067 466 3105 ex
502 3056 744 3117 natura),
778 3051 912 3105 inde
944 3052 1041 3105 Dei
1077 3052 1312 3106 intuitu.

158 3137 275 3192 Non
305 3139 463 3194 solas
498 3140 668 3194 modo
695 3158 795 3195 vos
830 3144 1073 3211 tangens
1106 3140 1269 3195 dolor
1298 3142 1406 3196 iste
1438 3141 1749 3207 remordet,

225 3226 311 3282 Me
338 3244 573 3299 quoque
607 3228 888 3298 depascit,
926 3246 1017 3283 me
1050 3230 1238 3301 magis
1268 3229 1579 3285 excruciat.

1097 438 1480 499 DIAHIGUS
1524 441 1625 499 DE
1670 442 1903 502 flltl'fU
1952 445 2013 499 Β.
2064 444 2606 506 IIATIIUMQD/E.

3398 460 3550 519 “86

1822 575 1877 641 Α
1908 576 2016 629 Sed
2052 578 2260 631 modus
2292 584 2397 645 est,
2425 584 2486 633 ut
2509 583 2784 651 prmmisi,
2814 584 3085 657 laerymis
3111 588 3480 647 adhibendus

1978 665 2043 718 Et
2076 666 2242 720 debet
2275 666 2470 722 luctus
2504 687 2615 723 non
2650 671 2771 725 ﬁeri
2803 674 3039 730 nimius.

1904 752 2047 805 Ilinc
2079 755 2440 809 constristari
2476 775 2581 811 nos
2618 760 2829 815 Paulus
2861 766 3159 834 apostolus
3192 767 3319 824 istis

1980 841 2083 895 Pro
2109 843 2302 897 charis
2336 847 2549 899 nostris
2583 848 2689 901 rite
2713 856 2863 904 vetat
2895 854 3133 910 monitis
3168 874 3181 911 :

1905 930 2191 985 Nolumus
2222 932 2475 1001 ignaros,
2513 936 2723 1007 inquit,
2756 958 2856 991 vos
2887 944 3080 1011 affore,
3118 946 3322 1004 fratres

1978 1019 2055 1072 Dc
2079 1021 2203 1089 jam
2239 1022 2550 1090 defunctis,
2588 1026 2765 1080 immo
2798 1032 3140 1100 Soporiiicis,

1908 1107 1984 1159 Ne
2020 1108 2214 1162 tristes
2241 1111 2387 1175 sitis,
2425 1112 2577 1167 sicut
2610 1115 2862 1187 reliquos
2894 1119 3011 1174 fore
3041 1128 3289 1191 constat,

1978 1197 2083 1259 Qui
2114 1198 2240 1249 vit:e
2276 1205 2405 1270 post
2437 1219 2598 1271 spem
2632 1222 2745 1257 non
2781 1207 3028 1263 retinent
3054 1212 3333 1282 aliquam.

1907 1284 1962 1335 Si
2000 1285 2291 1355 siquidem
2327 1290 2664 1345 defunctum
2703 1296 2873 1349 modo
2906 1298 3202 1355 credimus
3230 1302 3452 1373 Jesum,

1980 1372 2051 1426 Ut
2082 1392 2329 1445 surgens
2363 1384 2608 1433 mortem
2641 1382 2894 1438 vinceret
2923 1385 3279 1457 horrificam,

1905 1460 2226 1515 Credamus
2250 1482 2481 1536 quoque
2509 1468 2739 1540 hos,qui
2757 1473 2883 1542 jam
2904 1474 3189 1531 dormisse
3213 1480 3550 1550 probantur,

1979 1552 2189 1605 Secum
2224 1570 2327 1624 per
2356 1555 2555 1610 Jcsum
2587 1557 2786 1614 tollere
2819 1579 2975 1617 nunc
3011 1564 3349 1624 Dominum.

1907 1637 2035 1692 “(DC
2064 1656 2198 1709 spes
2231 1648 2446 1709 nostra,
2483 1644 2623 1699 eluit
2656 1647 2775 1702 hmc
2807 1651 3129 1708 consolatio
3161 1660 3379 1727 nostra,

1976 1727 2218 1783 Nostros
2250 1730 2557 1788 defunctos
2588 1734 2777 1791 vivere
2811 1756 2966 1794 nunc
2998 1741 3230 1799 melius.

1906 1814 2023 1869 Hoc
2056 1818 2249 1882 modo,
2282 1819 2388 1874 hoc
2421 1827 2676 1877 vestrum
2710 1826 2879 1882 debet
2909 1827 3088 1885 lenire
3119 1832 3402 1906 dolorem,

1978 1904 2094 1958 IIoc
2127 1906 2295 1961 debet
2327 1914 2547 1964 vestras
2578 1916 2799 1985 tergere
2831 1934 2982 1973 nunc
3015 1918 3336 1993 lacrymas;

1907 1992 2022 2047 IIoc
2054 2011 2152 2048 vos
2184 1996 2358 2050 solari
2391 1999 2583 2068 debet,
2616 2002 2725 2057 hoc
2757 2004 3070 2073 lwtiﬁcare,

1978 2082 2091 2136 Iloc
2122 2085 2383 2140 animum
2416 2094 2672 2145 vestrum
2713 2093 2933 2165 erigere
2965 2099 3034 2152 ad
3069 2098 3406 2158 Dominum.

2564 2224 2896 2266 RESPONSIO.

1908 2314 2023 2369 lIoc
2054 2323 2205 2373 certe
2238 2318 2345 2374 hoc
2377 2322 2488 2377 erit
2516 2324 2672 2395 quod
2705 2343 2810 2381 nos
2843 2328 3127 2387 solabitur
3158 2350 3341 2390 unum

1978 2404 2038 2458 In
2071 2410 2190 2461 tam
2221 2408 2459 2465 funereo
2490 2412 2963 2489 prmlugubrique
2991 2421 3145 2477 malo
3180 2439 3193 2477 :

1906 2494 2066 2557 Quod
2100 2493 2233 2550 licet
2264 2496 2358 2551 hic
2390 2500 2517 2570 ejus
2550 2518 2762 2574 corpus
2795 2504 3001 2563 tellure
3030 2513 3285 2581 tegatur,

1983 2582 2043 2636 In
2072 2583 2231 2639 coelis
2263 2587 2523 2643 animam
2556 2590 2852 2649 credimus
2884 2611 3011 2651 esse
3042 2614 3233 2654 suam.

1907 2670 2023 2724 Hoc
2051 2689 2157 2727 nos
2188 2690 2335 2744 pura
2365 2676 2509 2732 fides
2541 2679 2670 2748 ejus
2702 2698 2938 2752 sperare
2969 2688 3197 2755 suadet,

1979 2760 2095 2814 Hoc
2126 2762 2282 2834 cogit
2310 2763 2429 2819 vita
2457 2768 2689 2823 credere
2718 2773 3040 2830 sanctiﬁca.

1908 2848 2016 2903 Sed
2051 2849 2190 2920 quia
2218 2852 2437 2907 carnali
2460 2855 2585 2925 jam
2619 2856 2726 2913 hac
2759 2877 2873 2915 non
2906 2863 3131 2919 utimur
3160 2884 3294 2935 usu,

1979 2938 2093 2993 Nec
2124 2938 2275 2996 hanc
2308 2944 2702 3014 conspicimus
2734 2952 3028 3021 corporeis
3058 2954 3268 3023 oculis,

1908 3026 2099 3096 Ipsius
2133 3028 2375 3084 immani
2409 3032 2696 3089 desiderio
2729 3039 3074 3110 retiuemur,

1981 3115 2171 3186 Ipsius
2200 3135 2339 3174 cura
2371 3121 2642 3192 angimur
2674 3126 3008 3183 immodica.

1909 3203 2053 3257 Hinc
2070 3208 2381 3276 gemimus,
2397 3209 2534 3265 hinc
2553 3228 2887 3284 maeremus,
2904 3217 3039 3273 hinc
3052 3220 3303 3293 denique
3322 3224 3553 3294 flemus,

158 3314 296 3369 Nam
315 3316 1029 3388 minimcﬂclutidignum
1052 3323 1157 3386 est,
1176 3319 1535 3375 nuncdiccm
1558 3334 1799 3391 possum
1831 3314 1875 3381 Ο
1912 3381 1957 3391 ν
1984 3293 2128 3348 Hinc
2155 3299 2241 3391 est
2270 3296 2390 3351 haec
2424 3305 2623 3391 nostra
2650 3319 2904 3359 mamma
2936 3309 3191 3364 tristitia.

221 3406 452 3469 Quanta
481 3422 587 3476 ego
616 3404 922 3460 vobiscum
953 3408 1261 3462 commoda
1290 3408 1664 3478 perdiderim.

154 3490 265 3546 Vos
295 3492 511 3548 melius
543 3493 729 3548 nostis
761 3497 978 3565 quanto
1011 3512 1103 3550 me
1134 3512 1365 3567 semper
1394 3512 1612 3562 amore,

225 3581 471 3646 Quantis
502 3580 818 3637 incolumis
847 3582 1054 3638 foverit
1081 3583 1311 3639 ofﬁciis.

158 3667 267 3725 Vos
296 3670 483 3726 nostis
512 3675 732 3741 quanta
754 3671 881 3742 jam
912 3670 1194 3743 languida
1219 3672 1550 3738 sedulitate,

224 3760 345 3825 Qua
371 3759 665 3815 anxietate
697 3776 888 3814 meam
921 3760 1186 3832 gestierit
1215 3762 1443 3830 faciem,

157 3847 274 3912 Quo
304 3847 594 3903 desiderio
626 3848 948 3919 susceperit
972 3850 1398 3920 advenientem,

224 3937 293 3991 Et
322 3952 500 4009 quam
534 3935 819 3991 mirandis
851 3937 1121 3993 mulserit
1149 3937 1468 4010 obsequiis,

157 4025 406 4090 Qualiter
436 4024 695 4097 alloquio
725 4026 901 4082 fuerit
930 4026 1171 4099 dignata
1201 4045 1475 4099 supremo

222 4115 474 4170 Assidue
505 4130 717 4170 nomen
752 4114 1170 4187 ingeminando
1202 4133 1421 4172 meum.

158 4200 311 4258 Hanc
339 4220 446 4276 ego
481 4219 597 4258 non
628 4202 850 4275 plorem
897 4207 1056 4259 tanto
1089 4204 1233 4259 mihi
1274 4205 1532 4261 deditam
1583 4222 1801 4277 amore,

226 4293 451 4357 Quanto
484 4290 825 4347 nullimodis
856 4292 1046 4347 dicere
1078 4293 1378 4365 prmvaleo.

161 4379 286 4451 Ipsa
314 4382 462 4438 meis
493 4396 806 4452 compassa
835 4380 1009 4437 malis
1040 4385 1106 4437 ut
1134 4383 1370 4455 propria
1400 4384 1575 4454 ﬂevit,

226 4470 459 4545 Conque
492 4471 691 4544 gavisa
724 4469 893 4527 bonis
926 4470 1009 4525 sic
1040 4471 1152 4526 fuit
1184 4477 1249 4527 ut
1277 4474 1548 4546 propriis.

162 4558 287 4630 Ipsa
314 4560 459 4617 mihi
494 4559 650 4615 mala
680 4560 1014 4616 reddiderat
1043 4560 1456 4631 tolerabiliora,

226 4648 386 4706 Sicut
411 4654 472 4706 et
499 4653 738 4705 econtra
763 4649 1162 4721 splendidiora
1190 4651 1362 4706 bona.

157 4735 297 4793 Cum
318 4740 426 4797 hac
447 4739 737 4813 quidquid
758 4743 884 4795 erat
904 4756 1145 4812 prorsus
1166 4742 1322 4812 quod
1346 4740 1492 4798 forte
1513 4744 1796 4814 volebam,

226 4827 348 4883 Non
379 4846 550 4886 secus
577 4845 642 4885 ac
673 4845 904 4884 mecum
937 4829 1060 4901 ipse
1089 4829 1249 4902 loqui
1282 4836 1564 4903 poteram.

160 4914 245 4971 Me
274 4918 556 4974 miserum
582 4917 595 4971 l
631 4934 725 4973 me
755 4917 1045 4973 infelicem
1070 4918 1083 4971 l
1130 4924 1404 4990 poterone
1434 4919 1694 4979 dolorem

225 5002 492 5077 Unquam
524 5009 750 5060 mutata
779 5004 1001 5061 solvere
1031 5004 1252 5076 laetitia,

160 5090 314 5153 Quod
345 5092 447 5149 tali
478 5097 755 5165 tantaque
785 5093 963 5149 simul
994 5093 1255 5166 privatus
1286 5098 1497 5166 amica,

227 5179 341 5251 Ipsi
370 5199 506 5239 cum
538 5184 753 5239 misere
783 5187 949 5257 septe
979 5190 1278 5257 superstes
1306 5202 1411 5259 ego
1434 5187 1461 5243 7

160 5265 266 5323 Sed
299 5270 439 5342 quid
471 5290 627 5329 nunc
659 5273 829 5342 facio,
863 5289 967 5329 cur
992 5272 1155 5329 luctu
1186 5274 1332 5330 forte
1362 5292 1455 5331 me
1486 5276 1629 5349 ipse,

224 5355 338 5413 Vos
367 5359 544 5417 etiam
572 5361 730 5433 ﬂere,
758 5379 862 5419 vos
893 5362 1043 5418 facio
1073 5378 1304 5435 gemere
1324 5362 1352 5419 Ἰ

157 5444 259 5502 Ast
285 5447 393 5504 hoc
421 5467 491 5506 ex
518 5451 742 5525 fragilis
773 5453 968 5509 carnis
998 5452 1319 5526 propagine
1348 5455 1505 5511 venit

233 5533 304 5591 Ut
330 5536 505 5599 homo
535 5540 844 5597 defunctos
873 5539 1073 5613 lugeat
1099 5540 1226 5613 ipse
1255 5559 1415 5601 suas.

162 5620 414 5683 Fleverat
434 5633 493 5685 et
510 5630 794 5687 Lazarum
812 5629 1561 5706 Deminus,Dominumque
1588 5636 1797 5707 Maria;

229 5713 535 5775 Fleverunt
564 5725 799 5781 sanctos
830 5720 1047 5797 quique
1075 5721 1157 5797 pii
1188 5720 1479 5780 homines.

1912 3381 2058 3436 Nam
2082 3383 2220 3453 quia
2251 3403 2357 3441 nos
2390 3388 2635 3445 miseros
2667 3391 2776 3446 hoc
2800 3394 3073 3451 amisisse
3099 3397 3369 3455 dolemus

1980 3471 2142 3534 Quod
2174 3472 2366 3528 solum
2398 3477 2568 3532 nobis
2598 3479 2848 3536 maxime
2877 3482 3046 3538 dulce
3078 3486 3211 3552 fuit,

1911 3556 2001 3611 Nil
2033 3558 2191 3614 aliud
2224 3562 2393 3618 nobis
2420 3564 2532 3619 nisi
2566 3566 2700 3621 flere
2731 3584 2907 3624 suave
2935 3572 3186 3643 videtur,

1983 3645 2074 3700 Nil
2109 3647 2221 3703 nisi
2251 3649 2469 3722 lugere,
2504 3652 2777 3726 plangere
2805 3657 2890 3712 vel
2924 3675 3173 3731 gemere.

1912 3735 2024 3790 Sed
2056 3737 2193 3809 guia
2220 3739 2441 3796 carnali
2470 3757 2676 3813 gressu
2699 3746 2825 3816 jam
2859 3764 3067 3822 nempe
3098 3754 3435 3824 nequimus,

1984 3827 2178 3896 Ipsam
2209 3845 2365 3885 nunc
2396 3832 2612 3888 nostris
2641 3837 3054 3908 prosequimur
3082 3838 3377 3915 lacrymis.

2639 3966 2828 4007 AGIUS.

1915 4041 2067 4096 Rara
2096 4043 2261 4110 satis,
2296 4043 2497 4113 fateor,
2532 4062 2623 4102 res
2653 4052 2762 4118 est,
2797 4053 2972 4123 atque
3003 4052 3188 4109 ardua
3214 4054 3381 4111 valde

1984 4131 2053 4185 Et
2083 4148 2147 4187 ac
2178 4149 2237 4187 re
2270 4134 2437 4189 nobis
2470 4152 2585 4191 non
2617 4137 2761 4193 adeo
2792 4138 3000 4209 facilis,

1912 4218 1984 4274 Ut
2014 4219 2188 4276 homo
2222 4222 2473 4279 carnalis
2507 4224 2618 4281 sibi
2649 4243 2823 4283 carne
2860 4230 3099 4300 perinde
3130 4234 3490 4307 propinquos

1984 4307 2228 4364 Cernere
2259 4328 2536 4382 corporea
2567 4332 2680 4371 non
2714 4316 2914 4388 cupiat
2941 4318 3108 4375 facie.

1914 4396 2036 4452 Non
2071 4396 2261 4454 solum
2310 4400 2603 4472 cupimus,
2637 4420 2784 4475 quos
2837 4405 3108 4464 novimus
3158 4413 3312 4478 ante,
3340 4410 3558 4480 videre,

1984 4485 2095 4541 Sed
2127 4503 2359 4559 quoque
2392 4505 2506 4543 non
2540 4488 2707 4545 netos
2737 4508 2971 4547 cernere
3001 4493 3202 4548 crebro
3227 4496 3413 4566 juvat.

1913 4573 2006 4629 Sic
2037 4573 2175 4629 olim
2208 4592 2372 4648 reges
2403 4580 2567 4632 terrae
2599 4578 2807 4634 faciem
2837 4579 3167 4638 Salomonis

1984 4663 2176 4735 Ipsius
2206 4665 2407 4720 audita
2433 4666 2750 4738 gestierant
2780 4667 3005 4741 sophia.

1910 4752 2018 4807 Sed
2053 4752 2393 4808 meminisse
2423 4755 2587 4810 decet
2615 4756 2755 4828 quid
2784 4756 3096 4828 Apostolus
3129 4758 3264 4814 inde
3295 4762 3518 4829 retexit,

1981 4842 2026 4894 A
2059 4841 2249 4912 specie
2279 4842 2472 4898 carnis
2504 4860 2609 4898 nos
2641 4862 2931 4901 removere
2963 4845 3160 4902 volens
3195 4864 3207 4902 :

1909 4929 2041 4984 Jam
2066 4948 2220 4985 nunc
2244 4934 2476 5002 tempus
2499 4932 2604 4987 hoc
2631 4934 3088 5007 est,inquit,quo
3111 4937 3302 4993 denuo
3325 4937 3555 4995 nullum

1980 5020 2156 5073 Juxta
2185 5019 2477 5075 carnalem
2506 5039 2677 5077 nosse
2707 5022 2871 5078 decet
2902 5024 3128 5092 faciem,
3311 5083 3314 5086 ,

1910 5107 2030 5162 Etsi
2068 5112 2298 5179 tempus
2342 5113 2466 5164 erat
2494 5112 2789 5182 quondam
2821 5129 2934 5183 quo
2975 5114 3228 5186 denique
3259 5115 3556 5172 Christum

1979 5196 2155 5252 Juxta
2184 5213 2522 5269 corpoream
2555 5200 2826 5257 novimus
2854 5202 3141 5274 efﬁgiem;

1910 5286 2022 5341 Sed
2052 5285 2294 5342 minime
2310 5288 2483 5358 juxta
2514 5305 2748 5345 carnem
2772 5291 2899 5363 jam
2930 5291 3202 5352 novimus
3232 5295 3455 5367 ipsum,

1981 5374 2116 5442 Nec,
2135 5376 2306 5446 juxta
2337 5376 2680 5446 humanam,
2714 5381 3032 5451 qumrimus
3067 5383 3248 5451 hunc,
3280 5383 3555 5456 speciem,

1908 5462 2040 5518 Jam
2073 5464 2365 5537 siquidem
2389 5465 2658 5523 Christus
2694 5486 2800 5541 pro
2841 5471 3013 5528 nobis
3050 5477 3319 5528 mortuus
3348 5475 3567 5539 exstat,

1980 5554 2113 5609 Jam‘
2146 5554 2339 5610 carnis
2371 5555 2606 5629 fragiles
2635 5560 2798 5615 exuit
2827 5561 3087 5632 exuvias,

1907 5642 2039 5701 Jam
2070 5642 2393 5713 hominem,
2419 5662 2595 5718 quem
2626 5663 2731 5719 pro
2761 5651 2930 5706 nobis
2957 5654 3313 5721 susceperat,
3349 5649 3503 5714 ultra

1981 5731 2167 5790 Caalos
2200 5734 2272 5791 ad
2302 5735 2568 5795 dextram
2599 5738 2908 5799 substituit
2933 5740 3208 5816 patriam.
