3904 6386
337 407 490 466 1187

1317 408 1420 466 AD
1468 407 1731 467 01ιοοΑ
1780 408 2308 473 HRO'l‘SUlTH/E
2353 398 2766 478 APPENDIX.

3610 418 3776 479 1138

339 538 461 593 Huc
493 539 692 592 oculos
723 543 965 605 vestros,
1002 537 1116 592 huc
1148 555 1268 602 cor,
1303 538 1686 609 animumque
1718 539 1920 608 levate,
2024 546 2079 612 Α
2110 545 2236 601 11ωο
2268 550 2538 620 equidem
2571 552 2774 607 crebra
2799 553 3063 607 accendit
3088 551 3408 624 spcculatio
3442 553 3664 609 horum

410 625 553 680 Illuc
586 631 779 680 mente
812 626 908 693 ite,
942 642 1058 696 quo
1090 625 1241 680 hanc
1272 625 1407 680 licet
1436 625 1717 697 aspicere.

337 714 579 769 Constat
600 713 757 767 enim
781 713 933 769 hanc
957 731 1071 768 non
1100 715 1245 769 bene
1269 732 1425 768 nunc
1448 714 1504 768 in
1531 731 1772 785 corpore
1794 716 1996 786 quaeri,

408 803 532 856 Non
556 802 686 872 jam
717 802 1036 869 carnalem,
1066 803 1168 858 sed
1202 802 1391 875 magis
1423 802 1758 857 zetheream.

337 892 489 946 Dum
513 908 744 963 quoque
768 907 903 945 cum
926 890 1124 944 vivens
1146 889 1205 943 in
1230 890 1688 960 eorporejuneta
1712 893 1996 959 maneret,

410 980 569 1035 Hanc
601 983 763 1033 extra
796 995 1008 1051 corpus
1041 979 1217 1033 atl‘ore
1247 978 1593 1033 viderimus.

337 1068 592 1141 Spiritus
610 1084 744 1140 ergo
762 1085 908 1125 suus
921 1068 1111 1139 magis
1124 1072 1213 1121 est
1230 1083 1405 1137 quam
1422 1084 1636 1139 corpus
1650 1068 1993 1135 amandum,

408 1160 641 1229 Pcrpes,
675 1156 950 1226 ccelestis,
984 1157 1212 1210 vividus
1246 1161 1420 1226 atque
1451 1156 1592 1211 levis

336 1248 481 1303 Nam
496 1248 669 1318 juxta
685 1247 842 1318 quod
862 1246 944 1302 ait
959 1244 1272 1300 Dominus:
1300 1246 1466 1299 Nunc
1485 1244 1563 1299 nil
1585 1263 1717 1301 caro
1734 1246 1993 1317 prodest,

409 1335 663 1408 Spiritus
694 1340 783 1390 est
816 1351 951 1389 vero
982 1334 1081 1405 qui
1116 1334 1289 1388 modo
1318 1332 1590 1388 vivificat.

335 1425 560 1496 Corpus
589 1424 750 1478 enim
783 1425 903 1479 fore
934 1428 1285 1494 perpetuum
1318 1422 1521 1494 nequit
1548 1427 1605 1477 et
1624 1422 1993 1491 diuturnum,

407 1514 478 1568 Et
506 1530 640 1569 caro
672 1512 941 1568 mortalis
969 1518 1059 1566 cst
1089 1511 1269 1566 simul
1299 1517 1357 1566 et
1389 1511 1636 1584 fragilis.

336 1601 575 1659 Occidat
605 1618 741 1673 ergo
774 1599 938 1671 prius
970 1616 1084 1670 quo
1118 1600 1326 1655 deinde
1359 1616 1661 1672 resurgere
1694 1600 1898 1673 possit,

410 1689 879 1761 lncorruptibilis
911 1688 1142 1761 spiritui
1174 1688 1409 1744 similis.

336 1778 430 1833 Sic
462 1782 521 1833 et
550 1777 827 1832 frumenti
861 1794 1112 1849 granum
1146 1776 1310 1849 prius
1341 1794 1478 1832 arva
1510 1778 1852 1847 recondunt,

408 1866 481 1922 Ut
510 1866 698 1939 possit
728 1868 924 1921 fructu
956 1882 1195 1938 surgere
1227 1866 1562 1938 centupliei.

336 1955 431 2012 Sic
462 1961 590 2012 sata
620 1971 864 2028 quisque
896 1972 1002 2011 suo
1036 1957 1208 2011 modo
1241 1960 1395 2011 terra
1425 1956 1689 2011 recondit
1718 1956 1777 2011 in
1809 1956 1935 2013 alvo

410 2045 480 2101 Ut
509 2045 740 2101 valeant
768 2048 995 2117 frugem
1029 2050 1162 2117 post
1189 2046 1326 2101 dare
1359 2046 1778 2117 multiplicem;

337 2136 431 2191 Sic
463 2152 769 2191 nemorum
811 2136 1070 2204 frondes,
1097 2152 1225 2206 qua:
1256 2151 1385 2190 vere
1428 2152 1573 2190 novo
1612 2134 1991 2201 revirescunt,

407 2225 676 2280 Denudat
702 2224 955 2296 propriis
986 2225 1197 2281 bruma
1229 2224 1391 2295 prius
1424 2224 1598 2279 loliis.

336 2314 463 2369 Non
497 2313 678 2385 igitur
703 2314 857 2369 hanc
887 2313 1114 2370 debetis
1146 2314 1432 2369 deducere
1464 2316 1625 2382 ﬂetu,

407 2404 532 2458 Non
564 2404 717 2459 hanc
750 2404 977 2458 debetis
1009 2404 1352 2475 prosequier
1382 2402 1681 2475 laerymis,

339 2492 746 2547 Meestiiieatur
776 2492 934 2546 enim
968 2497 1158 2547 vestro
1192 2509 1359 2546 sacra
1390 2494 1609 2547 femina
1640 2493 1802 2562 lletu,

410 2583 477 2636 Et
510 2582 696 2637 tristis
729 2582 937 2637 vestris
969 2582 1223 2637 eflicitur
1254 2581 1551 2653 lacrymis.

338 2673 432 2728 Sic
465 2672 809 2727 deducenda
839 2678 929 2726 est
960 2672 1018 2726 in
1050 2671 1311 2726 vivorum
1352 2671 1671 2744 regionem,

409 2762 502 2817 Sic
536 2762 1006 2817 commendanda
1035 2767 1125 2817 est
1153 2767 1357 2818 sancta
1387 2763 1503 2817 Deo
1536 2762 1753 2818 anima.

338 2852 455 2906 Nec
489 2869 587 2907 vos
618 2853 754 2907 ﬂere
784 2853 965 2920 decet,
999 2854 1069 2907 de
1100 2870 1217 2923 qua
1246 2852 1504 2908 caelestia
1533 2854 1811 2925 gaudent,

410 2941 535 2994 Non
567 2940 767 3013 lugere
799 2942 963 2996 decet
993 2941 1089 2997 hic
1122 2942 1220 2997 ubi
1253 2943 1523 2997 Christus
1554 2949 1707 3011 ovat,

340 3030 665 3085 Praesertim
697 3047 832 3086 cum
867 3047 971 3085 nec
998 3030 1272 3103 lacrymis
1303 3032 1491 3102 possit
1522 3032 1793 3097 revocari,

409 3122 523 3175 Nec
555 3122 729 3177 ﬂetus
760 3122 946 3194 prosit
977 3122 1335 3177 omnimodis
1363 3122 1604 3193 aliquid.

998 3254 1331 3294 RESPONSIO.

342 3355 489 3409 Vera
521 3353 759 3424 quidem
792 3369 907 3407 non
940 3352 1321 3425 ambigimus,
1353 3370 1481 3424 qua:
1515 3354 1683 3422 dicis,
1717 3353 1943 3425 haberi,

409 3444 478 3497 Et
509 3445 727 3498 frustra
761 3446 955 3498 tantas
989 3443 1232 3497 fundere
1266 3460 1373 3497 nos
1403 3442 1721 3514 lacrymas;

340 3532 453 3587 Sed
486 3536 683 3586 tamen
714 3530 823 3586 has
853 3530 993 3603 ipsa)
1025 3530 1269 3586 minime
1300 3530 1569 3587 cohibere
1599 3531 1882 3601 valemus,

408 3621 522 3674 Nec
552 3619 792 3691 quimus
822 3618 1049 3675 luctum
1081 3620 1296 3691 pellere
1325 3620 1695 3689 continuum,

336 3711 579 3776 Quando
612 3710 990 3765 recordamur
1017 3712 1172 3781 quod
1208 3710 1341 3765 talis
1373 3710 1593 3766 femina
1622 3711 1848 3766 dudum

409 3800 576 3855 Nunc
608 3799 923 3854 immaturo
956 3798 1228 3855 occubitu
1257 3799 1489 3865 obierit,

336 3888 579 3955 Quando
608 3887 987 3943 recordamur
1020 3890 1137 3940 tam
1172 3884 1534 3941 multimoda:
1566 3886 1822 3959 pietatis,

408 3978 552 4031 Tam
585 3993 744 4047 pura:
775 3976 935 4041 fidei,
970 3980 1090 4030 tam
1125 3974 1295 4030 nitidi
1327 3975 1565 4046 eloquii,

336 4067 578 4131 Quando
609 4066 985 4121 recordamur
1015 4081 1229 4134 mores,
1264 4069 1551 4136 actusque
1581 4069 1859 4134 sacratos,

406 4152 648 4208 Vultum
673 4154 1033 4224 jucundum,
1067 4158 1242 4224 atque
1272 4153 1594 4224 benignum
1628 4154 1916 4225 animum,

336 4242 481 4298 Cum
513 4242 694 4298 vitam
726 4242 945 4297 nostris
977 4242 1161 4298 oculis
1192 4242 1547 4314 opponimus
1576 4260 1835 4311 omnem,

409 4332 885 4403 Cunctorumque
917 4348 1127 4387 sumus
1160 4348 1265 4387 nos
1296 4331 1533 4404 penitus
1564 4347 1873 4402 memores,

336 4424 473 4488 Qua:
504 4420 592 4477 vel
624 4438 769 4477 sana
798 4420 986 4493 prius,
1016 4421 1105 4477 vel
1137 4425 1269 4492 post
1294 4421 1420 4492 jam
1450 4419 1730 4493 languida
1752 4420 1918 4490 dixit,

408 4514 543 4577 Qua:
576 4511 712 4565 fecit
739 4511 917 4567 variis
948 4510 1168 4583 inclyta
1200 4510 1597 4582 temporibus;

338 4601 483 4655 Cum
518 4600 664 4666 loca,
697 4600 864 4672 queis
895 4601 1096 4656 sedere
1135 4599 1321 4671 prius,
1346 4600 1513 4671 queis
1552 4603 1707 4655 stare
1748 4599 1993 4672 solebat,

410 4694 625 4748 Mwstze
659 4690 926 4745 maerenti
954 4690 1253 4745 cernimus
1285 4689 1532 4756 intuitu;

339 4785 485 4839 Cum
518 4782 639 4837 hinc
661 4786 873 4837 cuncta
903 4779 1078 4835 simul
1114 4784 1390 4834 mcestum
1413 4794 1512 4833 cor
1541 4795 1693 4850 saepe
1720 4779 1993 4849 revolvat,

415 4873 507 4928 Nil
539 4873 706 4928 nobis
738 4872 897 4927 aliud
930 4887 1086 4925 nunc
1114 4870 1225 4925 nisi
1262 4870 1396 4924 flere
1417 4870 1606 4940 juvat,

340 4965 435 5019 Sic
467 4965 684 5018 etenim
721 4966 967 5018 fortasse
998 4961 1165 5016 dolor
1196 4960 1389 5016 cordis
1421 4958 1723 5033 levigatur.

414 5056 563 5109 Dum
598 5054 764 5123 quasi
798 5055 911 5124 piis
944 5054 1242 5123 quondam
1279 5052 1549 5123 ejicimus
1581 5051 1920 5123 laerymam.

1073 5187 1265 5227 AGIUS.

344 5269 467 5324 Non
503 5267 584 5323 ita
615 5269 701 5336 fit,
727 5288 914 5341 neque
946 5271 1177 5343 ploratu
1210 5269 1376 5326 dolor
1406 5270 1811 5342 imminuetur,

416 5362 528 5418 Sed
562 5360 748 5432 magis
780 5363 1081 5428 excrescit,
1107 5367 1163 5415 et
1193 5363 1360 5433 quasi
1396 5362 1585 5416 flendo
1617 5363 1784 5417 redit.

345 5452 508 5506 Sicut
539 5450 693 5505 enim
727 5467 939 5520 corpus
972 5457 1267 5505 crescente
1298 5450 1495 5521 splene
1530 5452 1793 5521 tabescit,

413 5543 861 5611 Augmentoquc
891 5555 998 5593 suo
1032 5540 1296 5595 membra
1328 5541 1442 5594 lien
1474 5546 1750 5611 macerat,

346 5631 438 5687 Sic
463 5647 693 5705 quoque
726 5631 1052 5685 fomentum
1084 5631 1380 5703 quoddam
1411 5631 1597 5704 liquet
1626 5648 1754 5689 esse
1776 5631 1993 5695 doloris

416 5726 531 5785 llos
560 5730 783 5787 vestros
815 5726 1011 5799 fletus,
1034 5725 1191 5783 hunc
1212 5725 1519 5797 gemitum,
1545 5712 1649 5784 has
1672 5727 1989 5804 lacrymas;

2180 638 2314 701 Qua:
2347 639 2555 694 vestris
2586 640 2773 696 oculis
2803 642 3073 713 opposita
3101 642 3393 697 asseritis.

2108 724 2238 779 11ωο
2270 730 2409 781 sunt
2438 744 2564 799 qua:
2597 728 2747 784 male
2778 729 2935 785 hunc
2966 734 3157 785 vestra
3193 729 3452 786 lamenta
3482 729 3739 786 fovendo

2178 813 2433 871 Venenis
2464 816 2593 889 ipsa
2623 816 2897 873 dulcibus
2927 817 3086 873 intus
3116 817 3302 887 alunt,

2108 903 2222 958 Nec
2251 922 2354 959 vos
2385 923 2550 977 ecquo
2581 907 2777 962 animo
2809 908 2981 963 modo
3013 908 3363 979 permittunt
3393 907 3647 963 tolerare

2180 994 2340 1059 Quod
2376 1012 2687 1051 commune
2718 996 2861 1051 eluit
2890 997 3165 1052 omnibus
3190 997 3575 1053 omnimodis.

2108 1082 2253 1136 Nam
2285 1084 2513 1140 cunctis
2544 1103 2856 1141 commune
2888 1086 3033 1140 mori
3071 1086 3420 1141 mortalibus
3448 1090 3667 1152 exstat,

2179 1172 2377 1240 Nobis,
2406 1174 2717 1244 jumcntis,
2754 1175 2991 1247 regibus
3020 1178 3077 1230 et
3105 1174 3378 1242 ducibus,

2108 1259 2301 1316 Servis
2332 1267 2388 1316 et
2419 1263 2695 1331 dominis,
2730 1263 2888 1334 inopi
2920 1263 3097 1319 simul
3128 1268 3185 1319 et
3210 1263 3509 1335 locupleti,

2177 1350 2385 1419 Justis,
2420 1351 2680 1423 injustis,
2714 1351 3003 1420 sensibili,
3037 1351 3330 1424 insipidis.

2107 1439 2221 1494 Nec
2252 1457 2457 1513 regum
2487 1440 2749 1497 tumidos
2780 1441 2992 1506 fastus,
3026 1457 3409 1513 proceresque
3438 1446 3688 1498 veretur

2180 1528 2355 1597 Mors,
2391 1546 2496 1584 nec
2528 1529 2836 1599 sublimes,
2868 1530 3076 1585 dividit
3104 1534 3161 1585 et
3194 1529 3471 1587 humiles.

2108 1617 2249 1683 Quis
2281 1618 2661 1690 protoplastis
2691 1624 2920 1690 poterat
2948 1619 3069 1673 fore
3101 1619 3335 1691 dignior
3364 1636 3637 1691 unquam

2179 1708 2334 1772 Quos
2365 1707 2519 1762 Deus
2551 1707 2675 1778 ipse
2706 1707 2831 1763 suis
2860 1708 3200 1763 condiderat
3228 1708 3507 1763 manibus
3527 1709 3559 1763 ‘I

2108 1798 2177 1851 Et
2207 1800 2403 1851 tamen
2438 1796 2544 1852 hos
2576 1797 2755 1868 ipsos,
2781 1814 2930 1869 quos
2961 1796 3284 1869 plasmatos
3314 1796 3636 1869 paradisus

2180 1884 2476 1941 Sublimes
2504 1885 2715 1953 tenuit,
2746 1885 2868 1941 haec
2900 1886 3073 1941 modo
3104 1889 3260 1940 terra
3292 1885 3454 1958 tegit.

2106 1974 2281 2030 Primi
2315 1974 2498 2046 patris
2528 1975 2669 2030 Abel
2698 1975 3041 2046 justissima
3070 1973 3323 2046 denique
3354 1974 3549 2046 proles

2176 2063 2308 2118 Dire
2341 2064 2593 2119 fraterno
2627 2063 2902 2119 occubuit
2932 2062 3145 2136 gladio.

2105 2152 2216 2207 Sed
2248 2151 2383 2207 licet
2413 2169 2446 2207 a
2476 2153 2722 2209 Domino
2754 2170 2857 2225 pro
2890 2153 3087 2209 fratris
3118 2158 3303 2210 morte
3336 2172 3650 2227 repensus,

2176 2243 2420 2297 Mortem
2453 2242 2616 2297 nullo
2646 2244 2820 2299 modo
2852 2243 3118 2314 quiverat
3147 2244 3419 2317 effugere.

2104 2332 2298 2386 Enoch
2330 2332 2430 2404 qui
2462 2331 2693 2388 Domini
2729 2350 2941 2388 nomen
2976 2332 3206 2404 primus
3234 2333 3511 2389 vocitavit

2179 2422 2407 2476 lnteriit
2426 2423 2636 2493 juncta
2666 2422 3008 2493 posteritate
3039 2439 3167 2477 sua.

2106 2510 2323 2578 Enoch,
2356 2511 2479 2565 Elia
2509 2510 2666 2566 socio
2697 2528 2853 2565 nunc
2886 2527 3073 2582 usque
3103 2516 3401 2582 superstes

2173 2600 2364 2655 All'ore
2395 2600 2718 2672 prmvaluit,
2750 2604 3021 2656 mortuus
3050 2600 3348 2656 occubuit.

2104 2690 2238 2744 Scm
2269 2689 2600 2762 Japhetque
2630 2689 2781 2763 patri
2813 2689 3038 2745 meritis
3066 2707 3181 2744 non
3215 2690 3456 2745 dissona
3486 2690 3708 2762 proles,

2175 2779 2409 2834 Vixerat
2439 2780 2498 2834 in
2529 2778 2807 2851 lymphis,
2843 2796 2997 2834 nunc
3020 2780 3178 2850 jacet
3206 2779 3267 2834 in
3302 2779 3574 2836 tumulis.

2104 2869 2252 2935 Quid
2274 2869 2385 2924 Job
2403 2885 2560 2924 nunc
2582 2868 3022 2935 memorem,eui
3042 2872 3181 2923 tunc
3202 2868 3459 2924 bonitate
3475 2869 3773 2941 nequibat

2174 2958 2365 3012 Aﬂ'ore
2388 2975 2493 3029 par
2523 2956 2702 3025 ullus,
2738 2961 2804 3011 ut
2833 2957 3001 3013 docet
3025 2956 3149 3028 ipse
3180 2956 3379 3013 Deus?

2103 3046 2252 3112 Quid
2282 3051 2519 3102 sanctos
2549 3046 2769 3118 pariter
2797 3050 2967 3101 natos
3000 3050 3286 3118 natasque
3315 3046 3619 3102 retexam?

2174 3137 2244 3192 Et
2273 3141 2439 3208 pater
2467 3136 2730 3208 oppetiit,
2764 3138 2822 3191 et
2852 3134 3082 3191 soboles
3114 3135 3274 3191 obiit.

2102 3224 2549 3292 Melchisedech,
2583 3225 2755 3295 cujus
2787 3224 2923 3281 ﬁnis
2953 3225 3230 3279 retieetur
3257 3228 3313 3280 et
3342 3228 3525 3294 ortus,

2024 3297 2068 3363 (ἶ
2177 3313 2303 3370 Fini
2334 3313 2667 3382 succubuit,
2700 3313 2940 3369 initium
2972 3314 3263 3386 reprimit.

2100 3402 2420 3471 Abraham,
2449 3403 2630 3471 18000,
2662 3402 2843 3458 Jacob
2876 3402 3027 3458 terni
3060 3401 3422 3474 patriarchae,

2176 3493 2389 3565 Magno
2419 3492 2552 3546 Adae
2576 3492 2852 3563 junctum
2886 3508 3041 3547 nunc
3068 3491 3332 3547 refovent
3360 3491 3687 3547 tumulum.

2104 3581 2325 3655 Inclyta
2355 3580 2663 3654 progenies
2693 3581 2963 3636 duodeno
2993 3584 3303 3636 stemmate
3337 3584 3576 3652 patrum

2138 3673 2270 3729 Jam
2302 3672 2578 3727 defuncta
2609 3687 2750 3726 suos
2779 3670 2869 3726 bis
2901 3675 3174 3726 numerat
3202 3669 3404 3726 titulos
3437 3685 3453 3725 :

2101 3762 2276 3831 Juda,
2303 3760 2528 3829 Ruben,
2555 3760 2813 3828 Simeon,
2841 3759 2995 3828 Levi,
3021 3759 3306 3826 Issachar,
3329 3758 3713 3833 Zabulonque

2173 3852 2320 3920 Dan,
2352 3855 2410 3907 et
2438 3848 2838 3922 Nephthalim,
2869 3848 3013 3919 Gad,
3046 3852 3104 3904 et
3131 3849 3275 3904 Aser
3301 3848 3467 3904 obiit.

2101 3941 2344 4013 Joseph,
2375 3939 2702 4012 Benjamin,
2736 3939 3039 4005 Manasen,
3069 3937 3466 4010 Ephraimque
3495 3938 3760 3997 uterinos

2175 4031 2361 4087 Mater
2391 4047 2517 4102 quaa
2551 4030 2810 4096 dederat,
2841 4031 2997 4083 terra
3026 4027 3450 4084 recondiderat.

2100 4123 2290 4192 Atque
2318 4118 2530 4190 Joscph
2564 4117 2729 4185 abiit,
2764 4116 2865 4189 qui
2896 4116 2968 4172 de
2998 4120 3186 4172 morte
3214 4115 3368 4172 eruit
3396 4117 3622 4187 orbem,

2175 4209 2418 4275 Quando
2450 4208 2634 4263 fames
2667 4223 2803 4262 arva
2834 4209 3128 4277 presserat
3151 4205 3396 4278 attigua.

2104 4298 2369 4355 Membra
2395 4298 2587 4352 Aaron
2616 4294 2765 4351 vatis
2796 4311 2967 4350 mons
2998 4293 3076 4351 Or
3104 4294 3373 4351 tumbata
3400 4298 3675 4362 retertat,

2175 4390 2358 4454 Quem
2389 4385 2628 4442 dederat
2658 4383 2918 4457 primum
2950 4383 3041 4438 lex
3069 4399 3237 4439 sacra
3265 4382 3625 4455 pontiﬁcem.

2102 4476 2359 4542 Eleazar,
2393 4475 2757 4546 Phineesque
2789 4472 2905 4529 Deo
2933 4477 3114 4538 vates,
3148 4471 3259 4528 sibi
3292 4472 3522 4541 fratres,

2177 4566 2338 4622 Unus
2371 4569 2504 4637 post
2535 4579 2718 4618 unum
2750 4560 2991 4634 pertulit
3017 4560 3282 4617 exitium.

2023 4669 2071 4733 Ι)
2105 4655 2287 4727 Moysi
2321 4654 2639 4709 Dominum
2671 4652 2818 4707 facie
2844 4651 2916 4705 ad
2950 4650 3159 4706 faciem
3190 4649 3555 4722 speculantis

2177 4745 2423 4798 Bustum
2457 4758 2665 4813 nempe
2696 4740 2856 4807 latet,
2892 4756 3050 4795 mors
3076 4738 3389 4810 obitusque
3420 4744 3599 4812 patet.

2106 4834 2232 4888 Dux
2261 4834 2435 4889 Jcsus
2465 4831 2764 4886 Christum
2800 4829 2967 4884 factis
2993 4833 3049 4882 et
3080 4827 3316 4882 nomine
3347 4833 3690 4884 monstrans

2177 4925 2246 4978 Et
2276 4922 2457 4978 solem
2492 4920 2718 4987 statuit,
2752 4922 2809 4973 et
2839 4920 3033 4972 tamen
3066 4916 3362 4972 occubuit.

2105 5012 2252 5078 Quid
2285 5010 2517 5082 Jephte,
2542 5010 2799 5075 Gedeon,
2835 5005 3003 5070 Loth,
3028 5008 3396 5077 Samsonque
3428 5005 3767 5063 revolvam?

2176 5099 2282 5155 Cui
2315 5101 2426 5155 Leo
2458 5097 2792 5162 succubuit,
2823 5096 2983 5151 hunc
3010 5095 3131 5148 fera
3160 5110 3320 5151 mors
3352 5094 3569 5165 rapuit.

2108 5194 2225 5247 Rex
2256 5189 2436 5245 David
2470 5189 2641 5259 cujus
2674 5186 2865 5242 fuerat
2893 5185 2966 5241 de
2997 5184 3222 5240 semine
3251 5183 3541 5251 Christus,

2176 5280 2401 5337 Goliam
2434 5277 2640 5335 stravit
2667 5280 2979 5346 morteque
3004 5278 3224 5329 stratus
3254 5272 3399 5329 obit.

2106 5373 2223 5427 Rex
2255 5369 2550 5434 Salomon,
2584 5383 2700 5438 quo
2733 5381 2904 5419 nemo
2945 5362 3263 5435 sapientior
3295 5378 3580 5434 unquam,

2173 5461 2339 5515 Nunc
2360 5460 2519 5529 jacet
2550 5456 2608 5510 in
2640 5455 2819 5526 digno
2850 5470 2985 5509 cum
3019 5456 3183 5524 patre
3210 5450 3511 5507 mausoleo

2103 5548 2347 5615 Josiam,
2382 5548 2553 5617 cujus
2584 5544 2871 5599 Dominus
2903 5541 3247 5615 prmdixerat
3275 5544 3495 5609 ortum,

2177 5642 2241 5695 In
2275 5637 2465 5693 bustis
2497 5650 2699 5706 regum
2731 5637 2864 5704 post
2890 5630 3143 5704 legimus
3174 5630 3459 5703 positum.

2103 5728 2399 5803 Ezechias,
2434 5724 2526 5781 cui
2559 5730 2645 5781 ter
2674 5722 2887 5801 quinos
2917 5720 3072 5784 Deus
3104 5719 3333 5780 addidit
3363 5736 3578 5801 annos,
