  <div class='ocr_page' id='page_1' title='image "/cluster/home/n/w/nwhite01/storage/ocr_20150623/136-137/uc1.31175019686917/1276.png"; bbox 0 0 3904 6382; ppageno 0'>
   <div class='ocr_carea' id='block_1_1' title="bbox 128 424 301 483">
    <p class='ocr_par' dir='ltr' id='par_1_1' title="bbox 128 424 301 483">
     <span class='ocr_line' id='line_1_1' title="bbox 128 424 301 483; baseline 0.012 -2"><span class='ocrx_word' id='word_1_1' title='bbox 128 424 301 483; x_wconf 80' lang='grc'>1189</span> 
     </span>
    </p>
   </div>
   <div class='ocr_carea' id='block_1_2' title="bbox 202 555 1509 628">
    <p class='ocr_par' dir='ltr' id='par_1_2' title="bbox 202 555 1509 628">
     <span class='ocr_line' id='line_1_2' title="bbox 202 555 1509 628; baseline 0.009 -19"><span class='ocrx_word' id='word_1_2' title='bbox 202 555 460 611; x_wconf 87' lang='lat' dir='ltr'><strong>Mortam</strong></span> <span class='ocrx_word' id='word_1_3' title='bbox 492 557 817 628; x_wconf 80' lang='lat' dir='ltr'><strong>distulerat,</strong></span> <span class='ocrx_word' id='word_1_4' title='bbox 855 579 965 616; x_wconf 76' lang='lat' dir='ltr'><strong>non</strong></span> <span class='ocrx_word' id='word_1_5' title='bbox 1003 565 1245 620; x_wconf 89' lang='lat' dir='ltr'><strong>minimc</strong></span> <span class='ocrx_word' id='word_1_6' title='bbox 1279 566 1509 621; x_wconf 88' lang='lat' dir='ltr'><strong>tulerat.</strong></span> 
     </span>
    </p>
   </div>
   <div class='ocr_carea' id='block_1_3' title="bbox 123 645 1688 728">
    <p class='ocr_par' dir='ltr' id='par_1_3' title="bbox 123 645 1688 728">
     <span class='ocr_line' id='line_1_3' title="bbox 123 645 1688 728; baseline 0.009 -30"><span class='ocrx_word' id='word_1_7' title='bbox 123 645 330 715; x_wconf 81' lang='lat' dir='ltr'><strong>Reges</strong></span> <span class='ocrx_word' id='word_1_8' title='bbox 364 651 539 717; x_wconf 90' lang='lat' dir='ltr'><strong>atque</strong></span> <span class='ocrx_word' id='word_1_9' title='bbox 570 648 769 714; x_wconf 90' lang='lat' dir='ltr'><strong>duces,</strong></span> <span class='ocrx_word' id='word_1_10' title='bbox 795 667 1001 706; x_wconf 86' lang='lat' dir='ltr'><strong>omnes</strong></span> <span class='ocrx_word' id='word_1_11' title='bbox 1033 655 1362 726; x_wconf 89' lang='lat' dir='ltr'><strong>pariterque</strong></span> <span class='ocrx_word' id='word_1_12' title='bbox 1394 657 1688 728; x_wconf 70' lang='lat' dir='ltr'><strong>propheta)</strong></span> 
     </span>
    </p>
   </div>
   <div class='ocr_carea' id='block_1_4' title="bbox 198 734 1405 813">
    <p class='ocr_par' dir='ltr' id='par_1_4' title="bbox 198 734 1405 813">
     <span class='ocr_line' id='line_1_4' title="bbox 198 734 1405 813; baseline 0.007 -24"><span class='ocrx_word' id='word_1_13' title='bbox 198 734 454 789; x_wconf 76' lang='lat' dir='ltr'><strong>Exstant</strong></span> <span class='ocrx_word' id='word_1_14' title='bbox 487 736 772 803; x_wconf 75' lang='lat' dir='ltr'><strong>defuncti,</strong></span> <span class='ocrx_word' id='word_1_15' title='bbox 808 740 864 793; x_wconf 94' lang='lat' dir='ltr'><strong>in</strong></span> <span class='ocrx_word' id='word_1_16' title='bbox 894 743 1257 813; x_wconf 87' lang='lat' dir='ltr'><strong>tumulisque</strong></span> <span class='ocrx_word' id='word_1_17' title='bbox 1290 744 1405 799; x_wconf 91' lang='lat' dir='ltr'><strong>siti.</strong></span> 
     </span>
    </p>
   </div>
   <div class='ocr_carea' id='block_1_5' title="bbox 128 823 1629 905">
    <p class='ocr_par' dir='ltr' id='par_1_5' title="bbox 128 823 1629 905">
     <span class='ocr_line' id='line_1_5' title="bbox 128 823 1629 905; baseline 0.009 -32"><span class='ocrx_word' id='word_1_18' title='bbox 128 823 283 887; x_wconf 83' lang='lat' dir='ltr'><strong>Quis</strong></span> <span class='ocrx_word' id='word_1_19' title='bbox 315 824 585 879; x_wconf 89' lang='lat' dir='ltr'><strong>Samuele</strong></span> <span class='ocrx_word' id='word_1_20' title='bbox 618 826 675 880; x_wconf 93' lang='lat' dir='ltr'><strong>in</strong></span> <span class='ocrx_word' id='word_1_21' title='bbox 709 828 1011 899; x_wconf 78' lang='lat' dir='ltr'><strong>prephetis</strong></span> <span class='ocrx_word' id='word_1_22' title='bbox 1045 832 1250 886; x_wconf 82' lang='lat' dir='ltr'><strong>melior</strong></span> <span class='ocrx_word' id='word_1_23' title='bbox 1281 834 1397 887; x_wconf 90' lang='lat' dir='ltr'><strong>fore</strong></span> <span class='ocrx_word' id='word_1_24' title='bbox 1428 834 1629 905; x_wconf 90' lang='lat' dir='ltr'><strong>quivit.</strong></span> 
     </span>
    </p>
   </div>
   <div class='ocr_carea' id='block_1_6' title="bbox 199 912 1256 985">
    <p class='ocr_par' dir='ltr' id='par_1_6' title="bbox 199 912 1256 985">
     <span class='ocr_line' id='line_1_6' title="bbox 199 912 1256 985; baseline 0.01 -21"><span class='ocrx_word' id='word_1_25' title='bbox 199 912 350 976; x_wconf 83' lang='lat' dir='ltr'><strong>Quis</strong></span> <span class='ocrx_word' id='word_1_26' title='bbox 388 913 613 967; x_wconf 78' lang='lat' dir='ltr'><strong>lleliseo</strong></span> <span class='ocrx_word' id='word_1_27' title='bbox 647 917 836 985; x_wconf 78' lang='lat' dir='ltr'><strong>major</strong></span> <span class='ocrx_word' id='word_1_28' title='bbox 867 919 976 971; x_wconf 90' lang='lat' dir='ltr'><strong>erit</strong></span> <span class='ocrx_word' id='word_1_29' title='bbox 1008 921 1256 975; x_wconf 82' lang='lat' dir='ltr'><strong>merito?</strong></span> 
     </span>
    </p>
   </div>
   <div class='ocr_carea' id='block_1_7' title="bbox 124 1000 1576 1073">
    <p class='ocr_par' dir='ltr' id='par_1_7' title="bbox 124 1000 1576 1073">
     <span class='ocr_line' id='line_1_7' title="bbox 124 1000 1576 1073; baseline 0.006 -17"><span class='ocrx_word' id='word_1_30' title='bbox 124 1000 232 1056; x_wconf 76' lang='lat' dir='ltr'><strong>Ille</strong></span> <span class='ocrx_word' id='word_1_31' title='bbox 269 1003 673 1073; x_wconf 74' lang='lat' dir='ltr'><strong>propliclavit;</strong></span> <span class='ocrx_word' id='word_1_32' title='bbox 712 1005 801 1057; x_wconf 89' lang='lat' dir='ltr'><strong>hic</strong></span> <span class='ocrx_word' id='word_1_33' title='bbox 834 1007 1011 1061; x_wconf 82' lang='lat' dir='ltr'><strong>vitam</strong></span> <span class='ocrx_word' id='word_1_34' title='bbox 1047 1010 1233 1063; x_wconf 87' lang='lat' dir='ltr'><strong>reddit</strong></span> <span class='ocrx_word' id='word_1_35' title='bbox 1264 1010 1576 1073; x_wconf 80' lang='lat' dir='ltr'><strong>humatus;</strong></span> 
     </span>
    </p>
   </div>
   <div class='ocr_carea' id='block_1_8' title="bbox 202 1092 1591 1170">
    <p class='ocr_par' dir='ltr' id='par_1_8' title="bbox 202 1092 1591 1170">
     <span class='ocr_line' id='line_1_8' title="bbox 202 1092 1591 1170; baseline 0.006 -27"><span class='ocrx_word' id='word_1_36' title='bbox 202 1092 276 1143; x_wconf 84' lang='lat' dir='ltr'><strong>Et</strong></span> <span class='ocrx_word' id='word_1_37' title='bbox 314 1097 505 1145; x_wconf 88' lang='lat' dir='ltr'><strong>tamen</strong></span> <span class='ocrx_word' id='word_1_38' title='bbox 540 1098 863 1147; x_wconf 81' lang='lat' dir='ltr'><strong>extremum</strong></span> <span class='ocrx_word' id='word_1_39' title='bbox 898 1096 1111 1151; x_wconf 77' lang='lat' dir='ltr'><strong>clausit</strong></span> <span class='ocrx_word' id='word_1_40' title='bbox 1146 1104 1387 1170; x_wconf 72' lang='lat' dir='ltr'><strong>uterque</strong></span> <span class='ocrx_word' id='word_1_41' title='bbox 1419 1100 1591 1154; x_wconf 72' lang='lat' dir='ltr'><strong>diem.</strong></span> 
     </span>
    </p>
   </div>
   <div class='ocr_carea' id='block_1_9' title="bbox 128 1179 1481 1255">
    <p class='ocr_par' dir='ltr' id='par_1_9' title="bbox 128 1179 1481 1255">
     <span class='ocr_line' id='line_1_9' title="bbox 128 1179 1481 1255; baseline 0.007 -22"><span class='ocrx_word' id='word_1_42' title='bbox 128 1179 345 1244; x_wconf 79' lang='lat' dir='ltr'><strong>Isaias,</strong></span> <span class='ocrx_word' id='word_1_43' title='bbox 382 1180 481 1251; x_wconf 93' lang='lat' dir='ltr'><strong>qui</strong></span> <span class='ocrx_word' id='word_1_44' title='bbox 514 1181 651 1235; x_wconf 87' lang='lat' dir='ltr'><strong>olim</strong></span> <span class='ocrx_word' id='word_1_45' title='bbox 687 1184 867 1237; x_wconf 79' lang='lat' dir='ltr'><strong>solcm</strong></span> <span class='ocrx_word' id='word_1_46' title='bbox 904 1191 1293 1242; x_wconf 80' lang='lat' dir='ltr'><strong>retroeurrcre</strong></span> <span class='ocrx_word' id='word_1_47' title='bbox 1326 1189 1481 1255; x_wconf 83' lang='lat' dir='ltr'><strong>fecit,</strong></span> 
     </span>
    </p>
   </div>
   <div class='ocr_carea' id='block_1_10' title="bbox 206 1269 1373 1343">
    <p class='ocr_par' dir='ltr' id='par_1_10' title="bbox 206 1269 1373 1343">
     <span class='ocr_line' id='line_1_10' title="bbox 206 1269 1373 1343; baseline 0.008 -21"><span class='ocrx_word' id='word_1_48' title='bbox 206 1269 418 1323; x_wconf 85' lang='lat' dir='ltr'><strong>Mortis</strong></span> <span class='ocrx_word' id='word_1_49' title='bbox 449 1287 762 1325; x_wconf 77' lang='lat' dir='ltr'><strong>commune</strong></span> <span class='ocrx_word' id='word_1_50' title='bbox 798 1273 921 1343; x_wconf 82' lang='lat' dir='ltr'><strong>ipse</strong></span> <span class='ocrx_word' id='word_1_51' title='bbox 954 1277 1212 1329; x_wconf 76' lang='lat' dir='ltr'><strong>cucurrit</strong></span> <span class='ocrx_word' id='word_1_52' title='bbox 1248 1277 1373 1331; x_wconf 88' lang='lat' dir='ltr'><strong>iter.</strong></span> 
     </span>
    </p>
   </div>
   <div class='ocr_carea' id='block_1_11' title="bbox 128 1358 1529 1437">
    <p class='ocr_par' dir='ltr' id='par_1_11' title="bbox 128 1358 1529 1437">
     <span class='ocr_line' id='line_1_11' title="bbox 128 1358 1529 1437; baseline 0.006 -24"><span class='ocrx_word' id='word_1_53' title='bbox 128 1358 463 1426; x_wconf 86' lang='lat' dir='ltr'><strong>Danielem,</strong></span> <span class='ocrx_word' id='word_1_54' title='bbox 496 1359 587 1413; x_wconf 92' lang='lat' dir='ltr'><strong>cui</strong></span> <span class='ocrx_word' id='word_1_55' title='bbox 621 1365 782 1415; x_wconf 88' lang='lat' dir='ltr'><strong>tanta</strong></span> <span class='ocrx_word' id='word_1_56' title='bbox 813 1379 1023 1417; x_wconf 89' lang='lat' dir='ltr'><strong>arcana</strong></span> <span class='ocrx_word' id='word_1_57' title='bbox 1056 1365 1205 1419; x_wconf 88' lang='lat' dir='ltr'><strong>Deus</strong></span> <span class='ocrx_word' id='word_1_58' title='bbox 1240 1367 1529 1437; x_wconf 74' lang='lat' dir='ltr'><strong>patefecit,</strong></span> 
     </span>
    </p>
   </div>
   <div class='ocr_carea' id='block_1_12' title="bbox 206 1448 1621 1527">
    <p class='ocr_par' dir='ltr' id='par_1_12' title="bbox 206 1448 1621 1527">
     <span class='ocr_line' id='line_1_12' title="bbox 206 1448 1621 1527; baseline 0.006 -26"><span class='ocrx_word' id='word_1_59' title='bbox 206 1448 320 1502; x_wconf 90' lang='lat' dir='ltr'><strong>Cui</strong></span> <span class='ocrx_word' id='word_1_60' title='bbox 357 1452 496 1503; x_wconf 90' lang='lat' dir='ltr'><strong>tunc</strong></span> <span class='ocrx_word' id='word_1_61' title='bbox 530 1448 609 1503; x_wconf 91' lang='lat' dir='ltr'><strong>nil</strong></span> <span class='ocrx_word' id='word_1_62' title='bbox 644 1448 836 1518; x_wconf 90' lang='lat' dir='ltr'><strong>latuit,</strong></span> <span class='ocrx_word' id='word_1_63' title='bbox 872 1469 1028 1507; x_wconf 91' lang='lat' dir='ltr'><strong>nunc</strong></span> <span class='ocrx_word' id='word_1_64' title='bbox 1058 1455 1251 1523; x_wconf 84' lang='lat' dir='ltr'><strong>gravis</strong></span> <span class='ocrx_word' id='word_1_65' title='bbox 1285 1474 1430 1511; x_wconf 89' lang='lat' dir='ltr'><strong>urna</strong></span> <span class='ocrx_word' id='word_1_66' title='bbox 1460 1456 1621 1527; x_wconf 81' lang='lat' dir='ltr'><strong>tegit,</strong></span> 
     </span>
    </p>
   </div>
   <div class='ocr_carea' id='block_1_13' title="bbox 128 1538 1791 1616">
    <p class='ocr_par' dir='ltr' id='par_1_13' title="bbox 128 1538 1791 1616">
     <span class='ocr_line' id='line_1_13' title="bbox 128 1538 1791 1616; baseline 0.005 -26"><span class='ocrx_word' id='word_1_67' title='bbox 128 1538 280 1591; x_wconf 86' lang='lat' dir='ltr'><strong>Tres</strong></span> <span class='ocrx_word' id='word_1_68' title='bbox 317 1554 551 1608; x_wconf 89' lang='lat' dir='ltr'><strong>pueros,</strong></span> <span class='ocrx_word' id='word_1_69' title='bbox 587 1555 733 1609; x_wconf 90' lang='lat' dir='ltr'><strong>quos</strong></span> <span class='ocrx_word' id='word_1_70' title='bbox 765 1542 1003 1596; x_wconf 78' lang='lat' dir='ltr'><strong>flamma</strong></span> <span class='ocrx_word' id='word_1_71' title='bbox 1031 1560 1204 1597; x_wconf 85' lang='lat' dir='ltr'><strong>vorax</strong></span> <span class='ocrx_word' id='word_1_72' title='bbox 1239 1562 1351 1597; x_wconf 86' lang='lat' dir='ltr'><strong>non</strong></span> <span class='ocrx_word' id='word_1_73' title='bbox 1385 1546 1577 1616; x_wconf 88' lang='lat' dir='ltr'><strong>attigit</strong></span> <span class='ocrx_word' id='word_1_74' title='bbox 1630 1545 1791 1612; x_wconf 91' lang='lat' dir='ltr'><strong>olim,</strong></span> 
     </span>
    </p>
   </div>
   <div class='ocr_carea' id='block_1_14' title="bbox 204 1626 1565 1698">
    <p class='ocr_par' dir='ltr' id='par_1_14' title="bbox 204 1626 1565 1698">
     <span class='ocr_line' id='line_1_14' title="bbox 204 1626 1565 1698; baseline 0.005 -18"><span class='ocrx_word' id='word_1_75' title='bbox 204 1626 381 1681; x_wconf 83' lang='lat' dir='ltr'><strong>Nunc</strong></span> <span class='ocrx_word' id='word_1_76' title='bbox 414 1627 581 1681; x_wconf 88' lang='lat' dir='ltr'><strong>avida</strong></span> <span class='ocrx_word' id='word_1_77' title='bbox 614 1645 854 1698; x_wconf 82' lang='lat' dir='ltr'><strong>prorsus</strong></span> <span class='ocrx_word' id='word_1_78' title='bbox 885 1630 1048 1685; x_wconf 89' lang='lat' dir='ltr'><strong>fauce</strong></span> <span class='ocrx_word' id='word_1_79' title='bbox 1080 1633 1297 1687; x_wconf 81' lang='lat' dir='ltr'><strong>voravit</strong></span> <span class='ocrx_word' id='word_1_80' title='bbox 1329 1634 1565 1689; x_wconf 89' lang='lat' dir='ltr'><strong>humus.</strong></span> 
     </span>
    </p>
   </div>
   <div class='ocr_carea' id='block_1_15' title="bbox 128 1714 1199 1791">
    <p class='ocr_par' dir='ltr' id='par_1_15' title="bbox 128 1714 1199 1791">
     <span class='ocr_line' id='line_1_15' title="bbox 128 1714 1199 1791; baseline 0.005 -22"><span class='ocrx_word' id='word_1_81' title='bbox 128 1714 451 1782; x_wconf 84' lang='lat' dir='ltr'><strong>Ezechieli,</strong></span> <span class='ocrx_word' id='word_1_82' title='bbox 484 1716 868 1788; x_wconf 68' lang='lat' dir='ltr'><strong>Jeremizeque</strong></span> <span class='ocrx_word' id='word_1_83' title='bbox 900 1720 1199 1791; x_wconf 88' lang='lat' dir='ltr'><strong>prophetis</strong></span> 
     </span>
    </p>
   </div>
   <div class='ocr_carea' id='block_1_16' title="bbox 204 1803 1478 1877">
    <p class='ocr_par' dir='ltr' id='par_1_16' title="bbox 204 1803 1478 1877">
     <span class='ocr_line' id='line_1_16' title="bbox 204 1803 1478 1877; baseline 0.005 -18"><span class='ocrx_word' id='word_1_84' title='bbox 204 1804 336 1859; x_wconf 88' lang='lat' dir='ltr'><strong>Non</strong></span> <span class='ocrx_word' id='word_1_85' title='bbox 373 1803 509 1858; x_wconf 88' lang='lat' dir='ltr'><strong>tulit</strong></span> <span class='ocrx_word' id='word_1_86' title='bbox 539 1804 801 1873; x_wconf 86' lang='lat' dir='ltr'><strong>exitium,</strong></span> <span class='ocrx_word' id='word_1_87' title='bbox 836 1807 934 1877; x_wconf 91' lang='lat' dir='ltr'><strong>qui</strong></span> <span class='ocrx_word' id='word_1_88' title='bbox 969 1808 1166 1863; x_wconf 86' lang='lat' dir='ltr'><strong>intulit</strong></span> <span class='ocrx_word' id='word_1_89' title='bbox 1188 1811 1478 1865; x_wconf 81' lang='lat' dir='ltr'><strong>exsilium.</strong></span> 
     </span>
    </p>
   </div>
   <div class='ocr_carea' id='block_1_17' title="bbox 126 1892 1641 1972">
    <p class='ocr_par' dir='ltr' id='par_1_17' title="bbox 126 1892 1641 1972">
     <span class='ocr_line' id='line_1_17' title="bbox 126 1892 1641 1972; baseline 0.005 -24"><span class='ocrx_word' id='word_1_90' title='bbox 126 1894 263 1963; x_wconf 87' lang='lat' dir='ltr'><strong>Ose,</strong></span> <span class='ocrx_word' id='word_1_91' title='bbox 298 1892 453 1961; x_wconf 89' lang='lat' dir='ltr'><strong>Joel,</strong></span> <span class='ocrx_word' id='word_1_92' title='bbox 481 1894 677 1960; x_wconf 88' lang='lat' dir='ltr'><strong>Amos,</strong></span> <span class='ocrx_word' id='word_1_93' title='bbox 711 1895 916 1963; x_wconf 89' lang='lat' dir='ltr'><strong>Abdia,</strong></span> <span class='ocrx_word' id='word_1_94' title='bbox 948 1896 1148 1964; x_wconf 86' lang='lat' dir='ltr'><strong>Jonas,</strong></span> <span class='ocrx_word' id='word_1_95' title='bbox 1186 1899 1399 1972; x_wconf 85' lang='lat' dir='ltr'><strong>Micha,</strong></span> <span class='ocrx_word' id='word_1_96' title='bbox 1431 1901 1641 1957; x_wconf 83' lang='lat' dir='ltr'><strong>Naum.</strong></span> 
     </span>
    </p>
   </div>
   <div class='ocr_carea' id='block_1_18' title="bbox 205 1982 1325 2056">
    <p class='ocr_par' dir='ltr' id='par_1_18' title="bbox 205 1982 1325 2056">
     <span class='ocr_line' id='line_1_18' title="bbox 205 1982 1325 2056; baseline 0.005 -20"><span class='ocrx_word' id='word_1_97' title='bbox 205 1982 642 2052; x_wconf 82' lang='lat' dir='ltr'><strong>Habbacucque</strong></span> <span class='ocrx_word' id='word_1_98' title='bbox 674 1983 784 2037; x_wconf 86' lang='lat' dir='ltr'><strong>sibi</strong></span> <span class='ocrx_word' id='word_1_99' title='bbox 822 1984 1118 2054; x_wconf 89' lang='lat' dir='ltr'><strong>Sophonia</strong></span> <span class='ocrx_word' id='word_1_100' title='bbox 1149 1988 1325 2056; x_wconf 88' lang='lat' dir='ltr'><strong>socio,</strong></span> 
     </span>
    </p>
   </div>
   <div class='ocr_carea' id='block_1_19' title="bbox 128 2071 1490 2140">
    <p class='ocr_par' dir='ltr' id='par_1_19' title="bbox 128 2071 1490 2140">
     <span class='ocr_line' id='line_1_19' title="bbox 128 2071 1490 2140; baseline 0.006 -16"><span class='ocrx_word' id='word_1_101' title='bbox 128 2071 469 2137; x_wconf 69' lang='lat' dir='ltr'><strong>Aechmrus,</strong></span> <span class='ocrx_word' id='word_1_102' title='bbox 502 2071 833 2140; x_wconf 83' lang='lat' dir='ltr'><strong>Zacharias,</strong></span> <span class='ocrx_word' id='word_1_103' title='bbox 868 2074 1044 2128; x_wconf 82' lang='lat' dir='ltr'><strong>simul</strong></span> <span class='ocrx_word' id='word_1_104' title='bbox 1080 2081 1136 2129; x_wconf 92' lang='lat' dir='ltr'><strong>et</strong></span> <span class='ocrx_word' id='word_1_105' title='bbox 1172 2077 1490 2132; x_wconf 87' lang='lat' dir='ltr'><strong>Malachias</strong></span> 
     </span>
    </p>
   </div>
   <div class='ocr_carea' id='block_1_20' title="bbox 208 2162 1487 2236">
    <p class='ocr_par' dir='ltr' id='par_1_20' title="bbox 208 2162 1487 2236">
     <span class='ocr_line' id='line_1_20' title="bbox 208 2162 1487 2236; baseline 0.006 -21"><span class='ocrx_word' id='word_1_106' title='bbox 208 2162 306 2215; x_wconf 80' lang='lat' dir='ltr'><strong>Dis</strong></span> <span class='ocrx_word' id='word_1_107' title='bbox 338 2178 441 2215; x_wconf 83' lang='lat' dir='ltr'><strong>sex</strong></span> <span class='ocrx_word' id='word_1_108' title='bbox 470 2167 624 2214; x_wconf 85' lang='lat' dir='ltr'><strong>serta</strong></span> <span class='ocrx_word' id='word_1_109' title='bbox 654 2162 825 2215; x_wconf 88' lang='lat' dir='ltr'><strong>modo</strong></span> <span class='ocrx_word' id='word_1_110' title='bbox 860 2169 1001 2216; x_wconf 87' lang='lat' dir='ltr'><strong>sunt</strong></span> <span class='ocrx_word' id='word_1_111' title='bbox 1036 2166 1313 2236; x_wconf 86' lang='lat' dir='ltr'><strong>adoperta</strong></span> <span class='ocrx_word' id='word_1_112' title='bbox 1345 2168 1487 2223; x_wconf 89' lang='lat' dir='ltr'><strong>solo.</strong></span> 
     </span>
    </p>
   </div>
   <div class='ocr_carea' id='block_1_21' title="bbox 132 2250 1573 2321">
    <p class='ocr_par' dir='ltr' id='par_1_21' title="bbox 132 2250 1573 2321">
     <span class='ocr_line' id='line_1_21' title="bbox 132 2250 1573 2321; baseline 0.004 -16"><span class='ocrx_word' id='word_1_113' title='bbox 132 2252 328 2321; x_wconf 89' lang='lat' dir='ltr'><strong>Atque</strong></span> <span class='ocrx_word' id='word_1_114' title='bbox 359 2251 563 2317; x_wconf 84' lang='lat' dir='ltr'><strong>Jonas,</strong></span> <span class='ocrx_word' id='word_1_115' title='bbox 598 2250 699 2319; x_wconf 90' lang='lat' dir='ltr'><strong>qui</strong></span> <span class='ocrx_word' id='word_1_116' title='bbox 734 2251 803 2305; x_wconf 89' lang='lat' dir='ltr'><strong>de</strong></span> <span class='ocrx_word' id='word_1_117' title='bbox 834 2252 942 2305; x_wconf 89' lang='lat' dir='ltr'><strong>ceti</strong></span> <span class='ocrx_word' id='word_1_118' title='bbox 974 2258 1171 2309; x_wconf 84' lang='lat' dir='ltr'><strong>ventre</strong></span> <span class='ocrx_word' id='word_1_119' title='bbox 1202 2261 1404 2311; x_wconf 88' lang='lat' dir='ltr'><strong>erutus</strong></span> <span class='ocrx_word' id='word_1_120' title='bbox 1435 2257 1573 2312; x_wconf 88' lang='lat' dir='ltr'><strong>olim</strong></span> 
     </span>
    </p>
   </div>
   <div class='ocr_carea' id='block_1_22' title="bbox 211 2339 1598 2414">
    <p class='ocr_par' dir='ltr' id='par_1_22' title="bbox 211 2339 1598 2414">
     <span class='ocr_line' id='line_1_22' title="bbox 211 2339 1598 2414; baseline 0.006 -21"><span class='ocrx_word' id='word_1_121' title='bbox 211 2339 369 2394; x_wconf 75' lang='lat' dir='ltr'><strong>Vixit</strong></span> <span class='ocrx_word' id='word_1_122' title='bbox 407 2340 517 2393; x_wconf 85' lang='lat' dir='ltr'><strong>sub</strong></span> <span class='ocrx_word' id='word_1_123' title='bbox 550 2340 775 2411; x_wconf 90' lang='lat' dir='ltr'><strong>pelago,</strong></span> <span class='ocrx_word' id='word_1_124' title='bbox 810 2346 897 2395; x_wconf 91' lang='lat' dir='ltr'><strong>est</strong></span> <span class='ocrx_word' id='word_1_125' title='bbox 923 2344 1095 2397; x_wconf 90' lang='lat' dir='ltr'><strong>modo</strong></span> <span class='ocrx_word' id='word_1_126' title='bbox 1128 2361 1364 2414; x_wconf 87' lang='lat' dir='ltr'><strong>pressus</strong></span> <span class='ocrx_word' id='word_1_127' title='bbox 1396 2345 1598 2401; x_wconf 90' lang='lat' dir='ltr'><strong>humo.</strong></span> 
     </span>
    </p>
   </div>
   <div class='ocr_carea' id='block_1_23' title="bbox 133 2427 1729 2505">
    <p class='ocr_par' dir='ltr' id='par_1_23' title="bbox 133 2427 1729 2505">
     <span class='ocr_line' id='line_1_23' title="bbox 133 2427 1729 2505; baseline 0.004 -20"><span class='ocrx_word' id='word_1_128' title='bbox 133 2430 349 2497; x_wconf 83' lang='lat' dir='ltr'><strong>Judas,</strong></span> <span class='ocrx_word' id='word_1_129' title='bbox 390 2427 649 2494; x_wconf 83' lang='lat' dir='ltr'><strong>Eleazar,</strong></span> <span class='ocrx_word' id='word_1_130' title='bbox 682 2429 988 2499; x_wconf 83' lang='lat' dir='ltr'><strong>Jonothas,</strong></span> <span class='ocrx_word' id='word_1_131' title='bbox 1014 2432 1236 2499; x_wconf 88' lang='lat' dir='ltr'><strong>Simon,</strong></span> <span class='ocrx_word' id='word_1_132' title='bbox 1271 2438 1444 2505; x_wconf 88' lang='lat' dir='ltr'><strong>atque</strong></span> <span class='ocrx_word' id='word_1_133' title='bbox 1472 2435 1729 2491; x_wconf 87' lang='lat' dir='ltr'><strong>Joannes</strong></span> 
     </span>
    </p>
   </div>
   <div class='ocr_carea' id='block_1_24' title="bbox 208 2519 1581 2592">
    <p class='ocr_par' dir='ltr' id='par_1_24' title="bbox 208 2519 1581 2592">
     <span class='ocr_line' id='line_1_24' title="bbox 208 2519 1581 2592; baseline 0.004 -19"><span class='ocrx_word' id='word_1_134' title='bbox 208 2520 357 2573; x_wconf 91' lang='lat' dir='ltr'><strong>Cum</strong></span> <span class='ocrx_word' id='word_1_135' title='bbox 387 2519 515 2589; x_wconf 88' lang='lat' dir='ltr'><strong>jam</strong></span> <span class='ocrx_word' id='word_1_136' title='bbox 547 2519 853 2589; x_wconf 71' lang='lat' dir='ltr'><strong>grandwvo</strong></span> <span class='ocrx_word' id='word_1_137' title='bbox 877 2525 1014 2573; x_wconf 89' lang='lat' dir='ltr'><strong>tunc</strong></span> <span class='ocrx_word' id='word_1_138' title='bbox 1046 2525 1207 2591; x_wconf 87' lang='lat' dir='ltr'><strong>patre</strong></span> <span class='ocrx_word' id='word_1_139' title='bbox 1240 2523 1581 2592; x_wconf 70' lang='lat' dir='ltr'><strong>Mathaihia,</strong></span> 
     </span>
    </p>
   </div>
   <div class='ocr_carea' id='block_1_25' title="bbox 137 2607 1644 2683">
    <p class='ocr_par' dir='ltr' id='par_1_25' title="bbox 137 2607 1644 2683">
     <span class='ocr_line' id='line_1_25' title="bbox 137 2607 1644 2683; baseline 0.005 -22"><span class='ocrx_word' id='word_1_140' title='bbox 137 2609 183 2661; x_wconf 87' lang='lat' dir='ltr'><strong>A</strong></span> <span class='ocrx_word' id='word_1_141' title='bbox 218 2607 416 2679; x_wconf 88' lang='lat' dir='ltr'><strong>patria</strong></span> <span class='ocrx_word' id='word_1_142' title='bbox 448 2607 699 2674; x_wconf 83' lang='lat' dir='ltr'><strong>hostem,</strong></span> <span class='ocrx_word' id='word_1_143' title='bbox 733 2607 1113 2680; x_wconf 78' lang='lat' dir='ltr'><strong>gladiumque</strong></span> <span class='ocrx_word' id='word_1_144' title='bbox 1139 2611 1315 2665; x_wconf 86' lang='lat' dir='ltr'><strong>simul</strong></span> <span class='ocrx_word' id='word_1_145' title='bbox 1348 2613 1644 2683; x_wconf 88' lang='lat' dir='ltr'><strong>populere,</strong></span> 
     </span>
    </p>
   </div>
   <div class='ocr_carea' id='block_1_26' title="bbox 212 2698 1439 2769">
    <p class='ocr_par' dir='ltr' id='par_1_26' title="bbox 212 2698 1439 2769">
     <span class='ocr_line' id='line_1_26' title="bbox 212 2698 1439 2769; baseline 0.004 -18"><span class='ocrx_word' id='word_1_146' title='bbox 212 2698 283 2751; x_wconf 89' lang='lat' dir='ltr'><strong>Et</strong></span> <span class='ocrx_word' id='word_1_147' title='bbox 314 2712 612 2751; x_wconf 88' lang='lat' dir='ltr'><strong>removere</strong></span> <span class='ocrx_word' id='word_1_148' title='bbox 644 2713 678 2750; x_wconf 89' lang='lat' dir='ltr'><strong>a</strong></span> <span class='ocrx_word' id='word_1_149' title='bbox 710 2713 773 2750; x_wconf 92' lang='lat' dir='ltr'><strong>se</strong></span> <span class='ocrx_word' id='word_1_150' title='bbox 798 2714 913 2751; x_wconf 89' lang='lat' dir='ltr'><strong>non</strong></span> <span class='ocrx_word' id='word_1_151' title='bbox 947 2704 1186 2769; x_wconf 90' lang='lat' dir='ltr'><strong>potuere</strong></span> <span class='ocrx_word' id='word_1_152' title='bbox 1218 2718 1439 2755; x_wconf 89' lang='lat' dir='ltr'><strong>necem.</strong></span> 
     </span>
    </p>
   </div>
   <div class='ocr_carea' id='block_1_27' title="bbox 141 2784 1573 2861">
    <p class='ocr_par' dir='ltr' id='par_1_27' title="bbox 141 2784 1573 2861">
     <span class='ocr_line' id='line_1_27' title="bbox 141 2784 1573 2861; baseline 0.003 -20"><span class='ocrx_word' id='word_1_153' title='bbox 141 2786 252 2841; x_wconf 86' lang='lat' dir='ltr'><strong>Sed</strong></span> <span class='ocrx_word' id='word_1_154' title='bbox 287 2803 362 2841; x_wconf 87' lang='lat' dir='ltr'><strong>ne</strong></span> <span class='ocrx_word' id='word_1_155' title='bbox 393 2784 712 2841; x_wconf 90' lang='lat' dir='ltr'><strong>femineum</strong></span> <span class='ocrx_word' id='word_1_156' title='bbox 748 2802 950 2840; x_wconf 82' lang='lat' dir='ltr'><strong>sexum</strong></span> <span class='ocrx_word' id='word_1_157' title='bbox 984 2802 1224 2855; x_wconf 83' lang='lat' dir='ltr'><strong>prorsus</strong></span> <span class='ocrx_word' id='word_1_158' title='bbox 1256 2794 1573 2861; x_wconf 89' lang='lat' dir='ltr'><strong>taceamus,</strong></span> 
     </span>
    </p>
   </div>
   <div class='ocr_carea' id='block_1_28' title="bbox 209 2873 1404 2947">
    <p class='ocr_par' dir='ltr' id='par_1_28' title="bbox 209 2873 1404 2947">
     <span class='ocr_line' id='line_1_28' title="bbox 209 2873 1404 2947; baseline 0.003 -19"><span class='ocrx_word' id='word_1_159' title='bbox 209 2876 281 2928; x_wconf 81' lang='lat' dir='ltr'><strong>Et</strong></span> <span class='ocrx_word' id='word_1_160' title='bbox 309 2874 391 2929; x_wconf 89' lang='lat' dir='ltr'><strong>nil</strong></span> <span class='ocrx_word' id='word_1_161' title='bbox 427 2874 697 2929; x_wconf 91' lang='lat' dir='ltr'><strong>dicamus</strong></span> <span class='ocrx_word' id='word_1_162' title='bbox 728 2873 866 2928; x_wconf 91' lang='lat' dir='ltr'><strong>hinc</strong></span> <span class='ocrx_word' id='word_1_163' title='bbox 900 2875 1119 2946; x_wconf 89' lang='lat' dir='ltr'><strong>pariter</strong></span> <span class='ocrx_word' id='word_1_164' title='bbox 1151 2879 1404 2947; x_wconf 87' lang='lat' dir='ltr'><strong>penitus,</strong></span> 
     </span>
    </p>
   </div>
   <div class='ocr_carea' id='block_1_29' title="bbox 143 2963 1796 3037">
    <p class='ocr_par' dir='ltr' id='par_1_29' title="bbox 143 2963 1796 3037">
     <span class='ocr_line' id='line_1_29' title="bbox 143 2963 1796 3037; baseline 0.005 -19"><span class='ocrx_word' id='word_1_165' title='bbox 143 2964 308 3032; x_wconf 89' lang='lat' dir='ltr'><strong>Sara,</strong></span> <span class='ocrx_word' id='word_1_166' title='bbox 345 2964 631 3029; x_wconf 77' lang='lat' dir='ltr'><strong>Rebecca,</strong></span> <span class='ocrx_word' id='word_1_167' title='bbox 688 2963 925 3031; x_wconf 82' lang='lat' dir='ltr'><strong>Rachel,</strong></span> <span class='ocrx_word' id='word_1_168' title='bbox 979 2964 1221 3034; x_wconf 90' lang='lat' dir='ltr'><strong>Debora,</strong></span> <span class='ocrx_word' id='word_1_169' title='bbox 1283 2968 1507 3037; x_wconf 89' lang='lat' dir='ltr'><strong>Noemi,</strong></span> <span class='ocrx_word' id='word_1_170' title='bbox 1543 2970 1695 3026; x_wconf 83' lang='lat' dir='ltr'><strong>Ruth</strong></span> <span class='ocrx_word' id='word_1_171' title='bbox 1747 2973 1796 3027; x_wconf 86' lang='lat' dir='ltr'><strong>ei</strong></span> 
     </span>
    </p>
   </div>
   <div class='ocr_carea' id='block_1_30' title="bbox 1587 3062 1794 3131">
    <p class='ocr_par' dir='ltr' id='par_1_30' title="bbox 1587 3062 1794 3131">
     <span class='ocr_line' id='line_1_30' title="bbox 1587 3062 1794 3131; baseline 0.014 -17"><span class='ocrx_word' id='word_1_172' title='bbox 1587 3062 1794 3131; x_wconf 83' lang='lat' dir='ltr'><strong>[Anna.</strong></span> 
     </span>
    </p>
   </div>
   <div class='ocr_carea' id='block_1_31' title="bbox 216 3142 1697 3211">
    <p class='ocr_par' dir='ltr' id='par_1_31' title="bbox 216 3142 1697 3211">
     <span class='ocr_line' id='line_1_31' title="bbox 216 3142 1697 3211; baseline 0.005 -14"><span class='ocrx_word' id='word_1_173' title='bbox 216 3142 724 3210; x_wconf 75' lang='lat' dir='ltr'><strong>llolda,Susanna,</strong></span> <span class='ocrx_word' id='word_1_174' title='bbox 759 3142 986 3211; x_wconf 87' lang='lat' dir='ltr'><strong>Judith,</strong></span> <span class='ocrx_word' id='word_1_175' title='bbox 1015 3149 1072 3198; x_wconf 92' lang='lat' dir='ltr'><strong>et</strong></span> <span class='ocrx_word' id='word_1_176' title='bbox 1103 3145 1279 3200; x_wconf 88' lang='lat' dir='ltr'><strong>simul</strong></span> <span class='ocrx_word' id='word_1_177' title='bbox 1322 3148 1529 3203; x_wconf 85' lang='lat' dir='ltr'><strong>Esther</strong></span> <span class='ocrx_word' id='word_1_178' title='bbox 1557 3150 1697 3204; x_wconf 91' lang='lat' dir='ltr'><strong>obit.</strong></span> 
     </span>
    </p>
   </div>
   <div class='ocr_carea' id='block_1_32' title="bbox 142 3229 1635 3308">
    <p class='ocr_par' dir='ltr' id='par_1_32' title="bbox 142 3229 1635 3308">
     <span class='ocr_line' id='line_1_32' title="bbox 142 3229 1635 3308; baseline 0.005 -22"><span class='ocrx_word' id='word_1_179' title='bbox 142 3232 253 3287; x_wconf 85' lang='lat' dir='ltr'><strong>Has</strong></span> <span class='ocrx_word' id='word_1_180' title='bbox 288 3232 445 3287; x_wconf 90' lang='lat' dir='ltr'><strong>inter</strong></span> <span class='ocrx_word' id='word_1_181' title='bbox 475 3231 653 3286; x_wconf 88' lang='lat' dir='ltr'><strong>micat</strong></span> <span class='ocrx_word' id='word_1_182' title='bbox 682 3229 839 3285; x_wconf 87' lang='lat' dir='ltr'><strong>alma</strong></span> <span class='ocrx_word' id='word_1_183' title='bbox 874 3232 963 3286; x_wconf 87' lang='lat' dir='ltr'><strong>sui</strong></span> <span class='ocrx_word' id='word_1_184' title='bbox 1000 3233 1330 3290; x_wconf 72' lang='lat' dir='ltr'><strong>Machabma</strong></span> <span class='ocrx_word' id='word_1_185' title='bbox 1362 3237 1635 3308; x_wconf 59' lang='lat' dir='ltr'><strong>trophaeis</strong></span> 
     </span>
    </p>
   </div>
   <div class='ocr_carea' id='block_1_33' title="bbox 210 3320 1300 3393">
    <p class='ocr_par' dir='ltr' id='par_1_33' title="bbox 210 3320 1300 3393">
     <span class='ocr_line' id='line_1_33' title="bbox 210 3320 1300 3393; baseline 0.003 -18"><span class='ocrx_word' id='word_1_186' title='bbox 210 3321 439 3377; x_wconf 87' lang='lat' dir='ltr'><strong>Nobilis</strong></span> <span class='ocrx_word' id='word_1_187' title='bbox 472 3321 531 3374; x_wconf 91' lang='lat' dir='ltr'><strong>in</strong></span> <span class='ocrx_word' id='word_1_188' title='bbox 564 3336 711 3387; x_wconf 90' lang='lat' dir='ltr'><strong>sese,</strong></span> <span class='ocrx_word' id='word_1_189' title='bbox 748 3320 959 3375; x_wconf 84' lang='lat' dir='ltr'><strong>nobilis</strong></span> <span class='ocrx_word' id='word_1_190' title='bbox 992 3322 1049 3375; x_wconf 92' lang='lat' dir='ltr'><strong>in</strong></span> <span class='ocrx_word' id='word_1_191' title='bbox 1083 3322 1300 3393; x_wconf 86' lang='lat' dir='ltr'><strong>sobole,</strong></span> 
     </span>
    </p>
   </div>
   <div class='ocr_carea' id='block_1_34' title="bbox 140 3408 1669 3486">
    <p class='ocr_par' dir='ltr' id='par_1_34' title="bbox 140 3408 1669 3486">
     <span class='ocr_line' id='line_1_34' title="bbox 140 3408 1669 3486; baseline 0.005 -21"><span class='ocrx_word' id='word_1_192' title='bbox 140 3411 249 3465; x_wconf 92' lang='lat' dir='ltr'><strong>Sed</strong></span> <span class='ocrx_word' id='word_1_193' title='bbox 279 3410 429 3483; x_wconf 89' lang='lat' dir='ltr'><strong>quid</strong></span> <span class='ocrx_word' id='word_1_194' title='bbox 463 3408 588 3464; x_wconf 91' lang='lat' dir='ltr'><strong>sola</strong></span> <span class='ocrx_word' id='word_1_195' title='bbox 618 3408 718 3463; x_wconf 92' lang='lat' dir='ltr'><strong>diu</strong></span> <span class='ocrx_word' id='word_1_196' title='bbox 750 3414 1011 3465; x_wconf 86' lang='lat' dir='ltr'><strong>veterum</strong></span> <span class='ocrx_word' id='word_1_197' title='bbox 1043 3419 1424 3469; x_wconf 87' lang='lat' dir='ltr'><strong>monumenta</strong></span> <span class='ocrx_word' id='word_1_198' title='bbox 1456 3421 1669 3486; x_wconf 82' lang='lat' dir='ltr'><strong>retexo,</strong></span> 
     </span>
    </p>
   </div>
   <div class='ocr_carea' id='block_1_35' title="bbox 210 3498 1511 3559">
    <p class='ocr_par' dir='ltr' id='par_1_35' title="bbox 210 3498 1511 3559">
     <span class='ocr_line' id='line_1_35' title="bbox 210 3498 1511 3559; baseline 0.003 -4"><span class='ocrx_word' id='word_1_199' title='bbox 210 3500 324 3555; x_wconf 88' lang='lat' dir='ltr'><strong>Nec</strong></span> <span class='ocrx_word' id='word_1_200' title='bbox 356 3515 498 3555; x_wconf 89' lang='lat' dir='ltr'><strong>cum</strong></span> <span class='ocrx_word' id='word_1_201' title='bbox 528 3498 622 3552; x_wconf 91' lang='lat' dir='ltr'><strong>his</strong></span> <span class='ocrx_word' id='word_1_202' title='bbox 653 3515 773 3553; x_wconf 89' lang='lat' dir='ltr'><strong>una</strong></span> <span class='ocrx_word' id='word_1_203' title='bbox 801 3503 859 3553; x_wconf 91' lang='lat' dir='ltr'><strong>et</strong></span> <span class='ocrx_word' id='word_1_204' title='bbox 889 3516 1045 3553; x_wconf 70' lang='lat' dir='ltr'><strong>nova:</strong></span> <span class='ocrx_word' id='word_1_205' title='bbox 1070 3504 1511 3559; x_wconf 83' lang='lat' dir='ltr'><strong>commemoro?</strong></span> 
     </span>
    </p>
   </div>
   <div class='ocr_carea' id='block_1_36' title="bbox 148 3587 1579 3660">
    <p class='ocr_par' dir='ltr' id='par_1_36' title="bbox 148 3587 1579 3660">
     <span class='ocr_line' id='line_1_36' title="bbox 148 3587 1579 3660; baseline 0.003 -17"><span class='ocrx_word' id='word_1_206' title='bbox 148 3589 478 3645; x_wconf 74' lang='lat' dir='ltr'><strong>Prmcursor</strong></span> <span class='ocrx_word' id='word_1_207' title='bbox 503 3587 735 3642; x_wconf 89' lang='lat' dir='ltr'><strong>Domini</strong></span> <span class='ocrx_word' id='word_1_208' title='bbox 765 3592 1003 3643; x_wconf 85' lang='lat' dir='ltr'><strong>sanctus</strong></span> <span class='ocrx_word' id='word_1_209' title='bbox 1037 3589 1295 3660; x_wconf 82' lang='lat' dir='ltr'><strong>Baptista</strong></span> <span class='ocrx_word' id='word_1_210' title='bbox 1323 3590 1579 3649; x_wconf 84' lang='lat' dir='ltr'><strong>Joannes</strong></span> 
     </span>
    </p>
   </div>
   <div class='ocr_carea' id='block_1_37' title="bbox 213 3677 1469 3747">
    <p class='ocr_par' dir='ltr' id='par_1_37' title="bbox 213 3677 1469 3747">
     <span class='ocr_line' id='line_1_37' title="bbox 213 3677 1469 3747; baseline 0.001 -14"><span class='ocrx_word' id='word_1_211' title='bbox 213 3678 317 3733; x_wconf 88' lang='lat' dir='ltr'><strong>Cui</strong></span> <span class='ocrx_word' id='word_1_212' title='bbox 350 3677 552 3733; x_wconf 86' lang='lat' dir='ltr'><strong>nullus</strong></span> <span class='ocrx_word' id='word_1_213' title='bbox 579 3677 768 3731; x_wconf 84' lang='lat' dir='ltr'><strong>fuerat</strong></span> <span class='ocrx_word' id='word_1_214' title='bbox 800 3678 1006 3747; x_wconf 85' lang='lat' dir='ltr'><strong>major,</strong></span> <span class='ocrx_word' id='word_1_215' title='bbox 1042 3677 1135 3732; x_wconf 91' lang='lat' dir='ltr'><strong>hic</strong></span> <span class='ocrx_word' id='word_1_216' title='bbox 1158 3679 1469 3736; x_wconf 90' lang='lat' dir='ltr'><strong>occiderat.</strong></span> 
     </span>
    </p>
   </div>
   <div class='ocr_carea' id='block_1_38' title="bbox 142 3766 1541 3839">
    <p class='ocr_par' dir='ltr' id='par_1_38' title="bbox 142 3766 1541 3839">
     <span class='ocr_line' id='line_1_38' title="bbox 142 3766 1541 3839; baseline 0.002 -17"><span class='ocrx_word' id='word_1_217' title='bbox 142 3766 361 3839; x_wconf 89' lang='lat' dir='ltr'><strong>Corpus</strong></span> <span class='ocrx_word' id='word_1_218' title='bbox 391 3766 654 3833; x_wconf 88' lang='lat' dir='ltr'><strong>Sebastc,</strong></span> <span class='ocrx_word' id='word_1_219' title='bbox 689 3771 866 3838; x_wconf 86' lang='lat' dir='ltr'><strong>caput</strong></span> <span class='ocrx_word' id='word_1_220' title='bbox 893 3766 1242 3822; x_wconf 85' lang='lat' dir='ltr'><strong>Alexandria</strong></span> <span class='ocrx_word' id='word_1_221' title='bbox 1271 3774 1541 3825; x_wconf 89' lang='lat' dir='ltr'><strong>sanctum</strong></span> 
     </span>
    </p>
   </div>
   <div class='ocr_carea' id='block_1_39' title="bbox 210 3853 1349 3913">
    <p class='ocr_par' dir='ltr' id='par_1_39' title="bbox 210 3853 1349 3913">
     <span class='ocr_line' id='line_1_39' title="bbox 210 3853 1349 3913; baseline 0.001 -1"><span class='ocrx_word' id='word_1_222' title='bbox 210 3857 356 3912; x_wconf 89' lang='lat' dir='ltr'><strong>Cum</strong></span> <span class='ocrx_word' id='word_1_223' title='bbox 390 3855 571 3911; x_wconf 90' lang='lat' dir='ltr'><strong>Marci</strong></span> <span class='ocrx_word' id='word_1_224' title='bbox 604 3853 787 3909; x_wconf 88' lang='lat' dir='ltr'><strong>sacris</strong></span> <span class='ocrx_word' id='word_1_225' title='bbox 818 3856 1077 3910; x_wconf 87' lang='lat' dir='ltr'><strong>continet</strong></span> <span class='ocrx_word' id='word_1_226' title='bbox 1107 3857 1349 3913; x_wconf 84' lang='lat' dir='ltr'><strong>exuviis.</strong></span> 
     </span>
    </p>
   </div>
   <div class='ocr_carea' id='block_1_40' title="bbox 142 3945 1621 4015">
    <p class='ocr_par' dir='ltr' id='par_1_40' title="bbox 142 3945 1621 4015">
     <span class='ocr_line' id='line_1_40' title="bbox 142 3945 1621 4015; baseline 0.003 -14"><span class='ocrx_word' id='word_1_227' title='bbox 142 3947 362 4003; x_wconf 88' lang='lat' dir='ltr'><strong>Primos</strong></span> <span class='ocrx_word' id='word_1_228' title='bbox 394 3945 667 4002; x_wconf 64' lang='lat' dir='ltr'><strong>Ecclesia:</strong></span> <span class='ocrx_word' id='word_1_229' title='bbox 700 3961 987 4015; x_wconf 88' lang='lat' dir='ltr'><strong>proceres,</strong></span> <span class='ocrx_word' id='word_1_230' title='bbox 1020 3946 1135 4000; x_wconf 91' lang='lat' dir='ltr'><strong>duo</strong></span> <span class='ocrx_word' id='word_1_231' title='bbox 1167 3945 1393 4002; x_wconf 91' lang='lat' dir='ltr'><strong>lumina</strong></span> <span class='ocrx_word' id='word_1_232' title='bbox 1419 3950 1621 4004; x_wconf 90' lang='lat' dir='ltr'><strong>mundi</strong></span> 
     </span>
    </p>
   </div>
   <div class='ocr_carea' id='block_1_41' title="bbox 212 4033 1481 4093">
    <p class='ocr_par' dir='ltr' id='par_1_41' title="bbox 212 4033 1481 4093">
     <span class='ocr_line' id='line_1_41' title="bbox 212 4033 1481 4093; baseline 0.001 -1"><span class='ocrx_word' id='word_1_233' title='bbox 212 4037 446 4092; x_wconf 87' lang='lat' dir='ltr'><strong>Petrum</strong></span> <span class='ocrx_word' id='word_1_234' title='bbox 480 4050 615 4089; x_wconf 90' lang='lat' dir='ltr'><strong>cum</strong></span> <span class='ocrx_word' id='word_1_235' title='bbox 648 4033 824 4088; x_wconf 91' lang='lat' dir='ltr'><strong>Paulo</strong></span> <span class='ocrx_word' id='word_1_236' title='bbox 860 4034 1041 4089; x_wconf 82' lang='lat' dir='ltr'><strong>Roma</strong></span> <span class='ocrx_word' id='word_1_237' title='bbox 1074 4039 1230 4090; x_wconf 90' lang='lat' dir='ltr'><strong>tenet</strong></span> <span class='ocrx_word' id='word_1_238' title='bbox 1257 4038 1481 4093; x_wconf 89' lang='lat' dir='ltr'><strong>merito.</strong></span> 
     </span>
    </p>
   </div>
   <div class='ocr_carea' id='block_1_42' title="bbox 139 4122 1684 4200">
    <p class='ocr_par' dir='ltr' id='par_1_42' title="bbox 139 4122 1684 4200">
     <span class='ocr_line' id='line_1_42' title="bbox 139 4122 1684 4200; baseline 0.003 -20"><span class='ocrx_word' id='word_1_239' title='bbox 139 4127 427 4182; x_wconf 85' lang='lat' dir='ltr'><strong>Andream</strong></span> <span class='ocrx_word' id='word_1_240' title='bbox 463 4122 643 4179; x_wconf 90' lang='lat' dir='ltr'><strong>simul</strong></span> <span class='ocrx_word' id='word_1_241' title='bbox 671 4127 728 4177; x_wconf 90' lang='lat' dir='ltr'><strong>ct</strong></span> <span class='ocrx_word' id='word_1_242' title='bbox 760 4123 998 4190; x_wconf 89' lang='lat' dir='ltr'><strong>Lucam,</strong></span> <span class='ocrx_word' id='word_1_243' title='bbox 1025 4141 1275 4195; x_wconf 91' lang='lat' dir='ltr'><strong>quorum</strong></span> <span class='ocrx_word' id='word_1_244' title='bbox 1308 4127 1480 4181; x_wconf 90' lang='lat' dir='ltr'><strong>modo</strong></span> <span class='ocrx_word' id='word_1_245' title='bbox 1506 4128 1684 4200; x_wconf 88' lang='lat' dir='ltr'><strong>pollet</strong></span> 
     </span>
    </p>
   </div>
   <div class='ocr_carea' id='block_1_43' title="bbox 210 4211 1360 4284">
    <p class='ocr_par' dir='ltr' id='par_1_43' title="bbox 210 4211 1360 4284">
     <span class='ocr_line' id='line_1_43' title="bbox 210 4211 1360 4284; baseline -0.003 -13"><span class='ocrx_word' id='word_1_246' title='bbox 210 4211 748 4284; x_wconf 87' lang='lat' dir='ltr'><strong>Constantinopolis</strong></span> <span class='ocrx_word' id='word_1_247' title='bbox 770 4212 1113 4284; x_wconf 88' lang='lat' dir='ltr'><strong>corporibus</strong></span> <span class='ocrx_word' id='word_1_248' title='bbox 1137 4214 1360 4282; x_wconf 91' lang='lat' dir='ltr'><strong>nitidis,</strong></span> 
     </span>
    </p>
   </div>
   <div class='ocr_carea' id='block_1_44' title="bbox 146 4301 1418 4374">
    <p class='ocr_par' dir='ltr' id='par_1_44' title="bbox 146 4301 1418 4374">
     <span class='ocr_line' id='line_1_44' title="bbox 146 4301 1418 4374; baseline -0.001 -15"><span class='ocrx_word' id='word_1_249' title='bbox 146 4304 326 4359; x_wconf 87' lang='lat' dir='ltr'><strong>Istum</strong></span> <span class='ocrx_word' id='word_1_250' title='bbox 358 4303 666 4374; x_wconf 58' lang='lat' dir='ltr'><strong>Bithynia),</strong></span> <span class='ocrx_word' id='word_1_251' title='bbox 702 4301 878 4374; x_wconf 72' lang='lat' dir='ltr'><strong>Syria:</strong></span> <span class='ocrx_word' id='word_1_252' title='bbox 911 4301 1207 4373; x_wconf 89' lang='lat' dir='ltr'><strong>provincia</strong></span> <span class='ocrx_word' id='word_1_253' title='bbox 1238 4303 1418 4372; x_wconf 89' lang='lat' dir='ltr'><strong>misit,</strong></span> 
     </span>
    </p>
   </div>
   <div class='ocr_carea' id='block_1_45' title="bbox 214 4389 1210 4449">
    <p class='ocr_par' dir='ltr' id='par_1_45' title="bbox 214 4389 1210 4449">
     <span class='ocr_line' id='line_1_45' title="bbox 214 4389 1210 4449; baseline -0.004 0"><span class='ocrx_word' id='word_1_254' title='bbox 214 4392 383 4449; x_wconf 91' lang='lat' dir='ltr'><strong>Illum</strong></span> <span class='ocrx_word' id='word_1_255' title='bbox 418 4391 670 4448; x_wconf 90' lang='lat' dir='ltr'><strong>fecunda</strong></span> <span class='ocrx_word' id='word_1_256' title='bbox 700 4389 947 4445; x_wconf 88' lang='lat' dir='ltr'><strong>contulit</strong></span> <span class='ocrx_word' id='word_1_257' title='bbox 974 4390 1210 4445; x_wconf 86' lang='lat' dir='ltr'><strong>Achaia.</strong></span> 
     </span>
    </p>
   </div>
   <div class='ocr_carea' id='block_1_46' title="bbox 148 4478 1788 4555">
    <p class='ocr_par' dir='ltr' id='par_1_46' title="bbox 148 4478 1788 4555">
     <span class='ocr_line' id='line_1_46' title="bbox 148 4478 1788 4555; baseline 0.003 -17"><span class='ocrx_word' id='word_1_258' title='bbox 148 4482 454 4550; x_wconf 87' lang='lat' dir='ltr'><strong>Joannem,</strong></span> <span class='ocrx_word' id='word_1_259' title='bbox 487 4496 661 4551; x_wconf 87' lang='lat' dir='ltr'><strong>quem</strong></span> <span class='ocrx_word' id='word_1_260' title='bbox 694 4479 778 4534; x_wconf 90' lang='lat' dir='ltr'><strong>sic</strong></span> <span class='ocrx_word' id='word_1_261' title='bbox 807 4478 1090 4534; x_wconf 91' lang='lat' dir='ltr'><strong>Dominus</strong></span> <span class='ocrx_word' id='word_1_262' title='bbox 1122 4482 1505 4555; x_wconf 88' lang='lat' dir='ltr'><strong>quoadusque</strong></span> <span class='ocrx_word' id='word_1_263' title='bbox 1551 4485 1788 4543; x_wconf 87' lang='lat' dir='ltr'><strong>veniret.</strong></span> 
     </span>
    </p>
   </div>
   <div class='ocr_carea' id='block_1_47' title="bbox 217 4567 1425 4638">
    <p class='ocr_par' dir='ltr' id='par_1_47' title="bbox 217 4567 1425 4638">
     <span class='ocr_line' id='line_1_47' title="bbox 217 4567 1425 4638; baseline 0 -13"><span class='ocrx_word' id='word_1_264' title='bbox 217 4571 562 4626; x_wconf 81' lang='lat' dir='ltr'><strong>Mansuram</strong></span> <span class='ocrx_word' id='word_1_265' title='bbox 594 4568 761 4635; x_wconf 84' lang='lat' dir='ltr'><strong>dixit,</strong></span> <span class='ocrx_word' id='word_1_266' title='bbox 788 4567 1051 4638; x_wconf 86' lang='lat' dir='ltr'><strong>Ephesus</strong></span> <span class='ocrx_word' id='word_1_267' title='bbox 1084 4567 1240 4623; x_wconf 87' lang='lat' dir='ltr'><strong>alma</strong></span> <span class='ocrx_word' id='word_1_268' title='bbox 1269 4570 1425 4625; x_wconf 91' lang='lat' dir='ltr'><strong>colit.</strong></span> 
     </span>
    </p>
   </div>
   <div class='ocr_carea' id='block_1_48' title="bbox 146 4656 1665 4733">
    <p class='ocr_par' dir='ltr' id='par_1_48' title="bbox 146 4656 1665 4733">
     <span class='ocr_line' id='line_1_48' title="bbox 146 4656 1665 4733; baseline 0.003 -21"><span class='ocrx_word' id='word_1_269' title='bbox 146 4660 357 4716; x_wconf 89' lang='lat' dir='ltr'><strong>Ambos</strong></span> <span class='ocrx_word' id='word_1_270' title='bbox 382 4675 520 4715; x_wconf 91' lang='lat' dir='ltr'><strong>cum</strong></span> <span class='ocrx_word' id='word_1_271' title='bbox 552 4656 847 4728; x_wconf 88' lang='lat' dir='ltr'><strong>Stephano</strong></span> <span class='ocrx_word' id='word_1_272' title='bbox 877 4657 1125 4712; x_wconf 89' lang='lat' dir='ltr'><strong>Jacobos</strong></span> <span class='ocrx_word' id='word_1_273' title='bbox 1162 4658 1365 4713; x_wconf 71' lang='lat' dir='ltr'><strong>Judrea</strong></span> <span class='ocrx_word' id='word_1_274' title='bbox 1398 4665 1665 4733; x_wconf 86' lang='lat' dir='ltr'><strong>retentat,</strong></span> 
     </span>
    </p>
   </div>
   <div class='ocr_carea' id='block_1_49' title="bbox 212 4745 1519 4820">
    <p class='ocr_par' dir='ltr' id='par_1_49' title="bbox 212 4745 1519 4820">
     <span class='ocr_line' id='line_1_49' title="bbox 212 4745 1519 4820; baseline 0 -17"><span class='ocrx_word' id='word_1_275' title='bbox 212 4750 467 4820; x_wconf 73' lang='lat' dir='ltr'><strong>Symmis</strong></span> <span class='ocrx_word' id='word_1_276' title='bbox 501 4745 914 4801; x_wconf 89' lang='lat' dir='ltr'><strong>stemmatibus</strong></span> <span class='ocrx_word' id='word_1_277' title='bbox 947 4746 1076 4816; x_wconf 89' lang='lat' dir='ltr'><strong>ipsa</strong></span> <span class='ocrx_word' id='word_1_278' title='bbox 1111 4746 1279 4801; x_wconf 89' lang='lat' dir='ltr'><strong>beata</strong></span> <span class='ocrx_word' id='word_1_279' title='bbox 1309 4749 1519 4805; x_wconf 89' lang='lat' dir='ltr'><strong>tribus.</strong></span> 
     </span>
    </p>
   </div>
   <div class='ocr_carea' id='block_1_50' title="bbox 146 4833 1719 4913">
    <p class='ocr_par' dir='ltr' id='par_1_50' title="bbox 146 4833 1719 4913">
     <span class='ocr_line' id='line_1_50' title="bbox 146 4833 1719 4913; baseline 0.004 -25"><span class='ocrx_word' id='word_1_280' title='bbox 146 4836 363 4909; x_wconf 82' lang='lat' dir='ltr'><strong>Inclyta</strong></span> <span class='ocrx_word' id='word_1_281' title='bbox 392 4833 718 4906; x_wconf 84' lang='lat' dir='ltr'><strong>Hierapolis</strong></span> <span class='ocrx_word' id='word_1_282' title='bbox 743 4836 970 4904; x_wconf 66' lang='lat' dir='ltr'><strong>prazfert</strong></span> <span class='ocrx_word' id='word_1_283' title='bbox 1000 4852 1165 4889; x_wconf 88' lang='lat' dir='ltr'><strong>sacra</strong></span> <span class='ocrx_word' id='word_1_284' title='bbox 1196 4838 1461 4893; x_wconf 88' lang='lat' dir='ltr'><strong>membra</strong></span> <span class='ocrx_word' id='word_1_285' title='bbox 1492 4840 1719 4913; x_wconf 90' lang='lat' dir='ltr'><strong>Pilippi,</strong></span> 
     </span>
    </p>
   </div>
   <div class='ocr_carea' id='block_1_51' title="bbox 210 4922 1282 4993">
    <p class='ocr_par' dir='ltr' id='par_1_51' title="bbox 210 4922 1282 4993">
     <span class='ocr_line' id='line_1_51' title="bbox 210 4922 1282 4993; baseline 0.001 -15"><span class='ocrx_word' id='word_1_286' title='bbox 210 4925 277 4978; x_wconf 88' lang='lat' dir='ltr'><strong>Et</strong></span> <span class='ocrx_word' id='word_1_287' title='bbox 307 4930 446 4980; x_wconf 90' lang='lat' dir='ltr'><strong>sunt</strong></span> <span class='ocrx_word' id='word_1_288' title='bbox 476 4924 747 4979; x_wconf 66' lang='lat' dir='ltr'><strong>Matthazo</strong></span> <span class='ocrx_word' id='word_1_289' title='bbox 782 4922 1074 4993; x_wconf 68' lang='lat' dir='ltr'><strong>Athiopes</strong></span> <span class='ocrx_word' id='word_1_290' title='bbox 1098 4925 1282 4979; x_wconf 91' lang='lat' dir='ltr'><strong>nitidi.</strong></span> 
     </span>
    </p>
   </div>
   <div class='ocr_carea' id='block_1_52' title="bbox 144 5011 1779 5086">
    <p class='ocr_par' dir='ltr' id='par_1_52' title="bbox 144 5011 1779 5086">
     <span class='ocr_line' id='line_1_52' title="bbox 144 5011 1779 5086; baseline 0.006 -22"><span class='ocrx_word' id='word_1_291' title='bbox 144 5012 422 5070; x_wconf 87' lang='lat' dir='ltr'><strong>Thomam</strong></span> <span class='ocrx_word' id='word_1_292' title='bbox 452 5011 1032 5077; x_wconf 86' lang='lat' dir='ltr'><strong>Edissatenet,habct</strong></span> <span class='ocrx_word' id='word_1_293' title='bbox 1054 5013 1218 5068; x_wconf 90' lang='lat' dir='ltr'><strong>India</strong></span> <span class='ocrx_word' id='word_1_294' title='bbox 1240 5015 1779 5086; x_wconf 70' lang='lat' dir='ltr'><strong>Dartholommrum,</strong></span> 
     </span>
    </p>
   </div>
   <div class='ocr_carea' id='block_1_53' title="bbox 210 5101 1403 5160">
    <p class='ocr_par' dir='ltr' id='par_1_53' title="bbox 210 5101 1403 5160">
     <span class='ocr_line' id='line_1_53' title="bbox 210 5101 1403 5160; baseline 0.004 -5"><span class='ocrx_word' id='word_1_295' title='bbox 210 5102 445 5159; x_wconf 85' lang='lat' dir='ltr'><strong>Persida</strong></span> <span class='ocrx_word' id='word_1_296' title='bbox 475 5106 593 5159; x_wconf 88' lang='lat' dir='ltr'><strong>stat</strong></span> <span class='ocrx_word' id='word_1_297' title='bbox 621 5101 786 5157; x_wconf 72' lang='lat' dir='ltr'><strong>Juda:</strong></span> <span class='ocrx_word' id='word_1_298' title='bbox 816 5106 874 5156; x_wconf 89' lang='lat' dir='ltr'><strong>et</strong></span> <span class='ocrx_word' id='word_1_299' title='bbox 899 5102 1158 5158; x_wconf 90' lang='lat' dir='ltr'><strong>Simonis</strong></span> <span class='ocrx_word' id='word_1_300' title='bbox 1191 5104 1403 5160; x_wconf 90' lang='lat' dir='ltr'><strong>cinere.</strong></span> 
     </span>
    </p>
   </div>
   <div class='ocr_carea' id='block_1_54' title="bbox 144 5185 1507 5263">
    <p class='ocr_par' dir='ltr' id='par_1_54' title="bbox 144 5185 1507 5263">
     <span class='ocr_line' id='line_1_54' title="bbox 144 5185 1507 5263; baseline 0.005 -22"><span class='ocrx_word' id='word_1_301' title='bbox 144 5185 415 5245; x_wconf 89' lang='lat' dir='ltr'><strong>Matthias</strong></span> <span class='ocrx_word' id='word_1_302' title='bbox 446 5194 505 5246; x_wconf 90' lang='lat' dir='ltr'><strong>et</strong></span> <span class='ocrx_word' id='word_1_303' title='bbox 536 5188 854 5256; x_wconf 89' lang='lat' dir='ltr'><strong>Barnabas,</strong></span> <span class='ocrx_word' id='word_1_304' title='bbox 890 5189 1271 5260; x_wconf 73' lang='lat' dir='ltr'><strong>Timothreus,</strong></span> <span class='ocrx_word' id='word_1_305' title='bbox 1305 5193 1507 5263; x_wconf 89' lang='lat' dir='ltr'><strong>Apollo</strong></span> 
     </span>
    </p>
   </div>
   <div class='ocr_carea' id='block_1_55' title="bbox 208 5276 1387 5350">
    <p class='ocr_par' dir='ltr' id='par_1_55' title="bbox 208 5276 1387 5350">
     <span class='ocr_line' id='line_1_55' title="bbox 208 5276 1387 5350; baseline 0.004 -20"><span class='ocrx_word' id='word_1_306' title='bbox 208 5276 514 5347; x_wconf 77' lang='lat' dir='ltr'><strong>Sylvanus,</strong></span> <span class='ocrx_word' id='word_1_307' title='bbox 548 5278 739 5346; x_wconf 89' lang='lat' dir='ltr'><strong>Titus,</strong></span> <span class='ocrx_word' id='word_1_308' title='bbox 774 5277 1155 5350; x_wconf 90' lang='lat' dir='ltr'><strong>Theophilus,</strong></span> <span class='ocrx_word' id='word_1_309' title='bbox 1188 5280 1387 5335; x_wconf 88' lang='lat' dir='ltr'><strong>Gaius.</strong></span> 
     </span>
    </p>
   </div>
   <div class='ocr_carea' id='block_1_56' title="bbox 139 5354 1519 5435">
    <p class='ocr_par' dir='ltr' id='par_1_56' title="bbox 139 5354 1519 5435">
     <span class='ocr_line' id='line_1_56' title="bbox 139 5354 1519 5435; baseline 0.006 -20"><span class='ocrx_word' id='word_1_310' title='bbox 139 5359 371 5435; x_wconf 82' lang='lat' dir='ltr'><strong>Joseph,</strong></span> <span class='ocrx_word' id='word_1_311' title='bbox 406 5365 711 5434; x_wconf 88' lang='lat' dir='ltr'><strong>Gamaliel,</strong></span> <span class='ocrx_word' id='word_1_312' title='bbox 742 5366 1098 5421; x_wconf 90' lang='lat' dir='ltr'><strong>Nicodemus</strong></span> <span class='ocrx_word' id='word_1_313' title='bbox 1129 5371 1185 5421; x_wconf 90' lang='lat' dir='ltr'><strong>et</strong></span> <span class='ocrx_word' id='word_1_314' title='bbox 1215 5354 1519 5423; x_wconf 53' lang='lat' dir='ltr'><strong>Nathziel</strong></span> 
     </span>
    </p>
   </div>
   <div class='ocr_carea' id='block_1_57' title="bbox 207 5451 1281 5527">
    <p class='ocr_par' dir='ltr' id='par_1_57' title="bbox 207 5451 1281 5527">
     <span class='ocr_line' id='line_1_57' title="bbox 207 5451 1281 5527; baseline 0.006 -22"><span class='ocrx_word' id='word_1_315' title='bbox 207 5451 512 5511; x_wconf 84' lang='lat' dir='ltr'><strong>Decessere</strong></span> <span class='ocrx_word' id='word_1_316' title='bbox 542 5455 673 5524; x_wconf 89' lang='lat' dir='ltr'><strong>viri,</strong></span> <span class='ocrx_word' id='word_1_317' title='bbox 706 5454 1032 5527; x_wconf 88' lang='lat' dir='ltr'><strong>quamlibet</strong></span> <span class='ocrx_word' id='word_1_318' title='bbox 1060 5456 1281 5511; x_wconf 87' lang='lat' dir='ltr'><strong>eximii.</strong></span> 
     </span>
    </p>
   </div>
   <div class='ocr_carea' id='block_1_58' title="bbox 142 5536 1730 5618">
    <p class='ocr_par' dir='ltr' id='par_1_58' title="bbox 142 5536 1730 5618">
     <span class='ocr_line' id='line_1_58' title="bbox 142 5536 1730 5618; baseline 0.009 -27"><span class='ocrx_word' id='word_1_319' title='bbox 142 5536 395 5613; x_wconf 84' lang='lat' dir='ltr'><strong>Longum</strong></span> <span class='ocrx_word' id='word_1_320' title='bbox 428 5561 669 5617; x_wconf 89' lang='lat' dir='ltr'><strong>prorsus</strong></span> <span class='ocrx_word' id='word_1_321' title='bbox 700 5544 829 5613; x_wconf 89' lang='lat' dir='ltr'><strong>erit,</strong></span> <span class='ocrx_word' id='word_1_322' title='bbox 861 5543 913 5597; x_wconf 81' lang='lat' dir='ltr'><strong>si</strong></span> <span class='ocrx_word' id='word_1_323' title='bbox 945 5548 1187 5599; x_wconf 89' lang='lat' dir='ltr'><strong>cunctos</strong></span> <span class='ocrx_word' id='word_1_324' title='bbox 1218 5545 1468 5618; x_wconf 89' lang='lat' dir='ltr'><strong>denique</strong></span> <span class='ocrx_word' id='word_1_325' title='bbox 1498 5555 1730 5606; x_wconf 88' lang='lat' dir='ltr'><strong>sanctos</strong></span> 
     </span>
    </p>
   </div>
   <div class='ocr_carea' id='block_1_59' title="bbox 206 5627 1604 5708">
    <p class='ocr_par' dir='ltr' id='par_1_59' title="bbox 206 5627 1604 5708">
     <span class='ocr_line' id='line_1_59' title="bbox 206 5627 1604 5708; baseline 0.006 -26"><span class='ocrx_word' id='word_1_326' title='bbox 206 5627 309 5684; x_wconf 88' lang='lat' dir='ltr'><strong>Per</strong></span> <span class='ocrx_word' id='word_1_327' title='bbox 338 5635 649 5703; x_wconf 90' lang='lat' dir='ltr'><strong>mundum,</strong></span> <span class='ocrx_word' id='word_1_328' title='bbox 684 5632 927 5688; x_wconf 87' lang='lat' dir='ltr'><strong>metrico</strong></span> <span class='ocrx_word' id='word_1_329' title='bbox 956 5650 1242 5705; x_wconf 87' lang='lat' dir='ltr'><strong>exsequar</strong></span> <span class='ocrx_word' id='word_1_330' title='bbox 1272 5651 1402 5691; x_wconf 89' lang='lat' dir='ltr'><strong>cccc</strong></span> <span class='ocrx_word' id='word_1_331' title='bbox 1435 5637 1604 5708; x_wconf 81' lang='lat' dir='ltr'><strong>stylo.</strong></span> 
     </span>
    </p>
   </div>
   <div class='ocr_carea' id='block_1_60' title="bbox 142 5710 1704 5805">
    <p class='ocr_par' dir='ltr' id='par_1_60' title="bbox 142 5710 1704 5805">
     <span class='ocr_line' id='line_1_60' title="bbox 142 5710 1704 5805; baseline 0.01 -36"><span class='ocrx_word' id='word_1_332' title='bbox 142 5710 197 5770; x_wconf 89' lang='lat' dir='ltr'><strong>Si</strong></span> <span class='ocrx_word' id='word_1_333' title='bbox 227 5717 400 5779; x_wconf 84' lang='lat' dir='ltr'><strong>simul</strong></span> <span class='ocrx_word' id='word_1_334' title='bbox 433 5728 488 5783; x_wconf 87' lang='lat' dir='ltr'><strong>et</strong></span> <span class='ocrx_word' id='word_1_335' title='bbox 518 5724 753 5781; x_wconf 88' lang='lat' dir='ltr'><strong>turbam</strong></span> <span class='ocrx_word' id='word_1_336' title='bbox 786 5723 960 5781; x_wconf 88' lang='lat' dir='ltr'><strong>modo</strong></span> <span class='ocrx_word' id='word_1_337' title='bbox 995 5738 1336 5802; x_wconf 85' lang='lat' dir='ltr'><strong>percurram</strong></span> <span class='ocrx_word' id='word_1_338' title='bbox 1367 5723 1704 5805; x_wconf 85' lang='lat' dir='ltr'><strong>mulierum,</strong></span> 
     </span>
    </p>
   </div>
   <div class='ocr_carea' id='block_1_61' title="bbox 1150 430 2548 501">
    <p class='ocr_par' dir='ltr' id='par_1_61' title="bbox 1150 430 2548 501">
     <span class='ocr_line' id='line_1_61' title="bbox 1150 430 2548 501; baseline 0.006 -12"><span class='ocrx_word' id='word_1_339' title='bbox 1150 430 1535 494; x_wconf 75' lang='lat' dir='ltr'><strong>DIALOGITS</strong></span> <span class='ocrx_word' id='word_1_340' title='bbox 1584 437 1683 493; x_wconf 73' lang='lat' dir='ltr'><strong>DE</strong></span> <span class='ocrx_word' id='word_1_341' title='bbox 1727 432 1959 495; x_wconf 30' lang='lat' dir='ltr'><strong>tilBl&#39;lU</strong></span> <span class='ocrx_word' id='word_1_342' title='bbox 2008 437 2548 501; x_wconf 46' lang='lat' dir='ltr'><strong>llATllIiMODiE.</strong></span> 
     </span>
    </p>
   </div>
   <div class='ocr_carea' id='block_1_62' title="bbox 1821 4675 1868 4738">
    <p class='ocr_par' dir='ltr' id='par_1_62' title="bbox 1821 4675 1868 4738">
     <span class='ocr_line' id='line_1_62' title="bbox 1821 4675 1868 4738; baseline 0 0"><span class='ocrx_word' id='word_1_343' title='bbox 1821 4675 1868 4738; x_wconf 91' lang='lat' dir='ltr'><strong>D</strong></span> 
     </span>
    </p>
   </div>
   <div class='ocr_carea' id='block_1_63' title="bbox 3402 445 3555 506">
    <p class='ocr_par' dir='ltr' id='par_1_63' title="bbox 3402 445 3555 506">
     <span class='ocr_line' id='line_1_63' title="bbox 3402 445 3555 506; baseline 0.013 -2"><span class='ocrx_word' id='word_1_344' title='bbox 3402 445 3555 506; x_wconf 78' lang='lat'><strong>90</strong></span> 
     </span>
    </p>
   </div>
   <div class='ocr_carea' id='block_1_64' title="bbox 1822 572 3317 635">
    <p class='ocr_par' dir='ltr' id='par_1_64' title="bbox 1822 572 3317 635">
     <span class='ocr_line' id='line_1_64' title="bbox 1822 572 3317 635; baseline 0.007 -14"><span class='ocrx_word' id='word_1_345' title='bbox 1822 573 1873 635; x_wconf 72' lang='grc' dir='ltr'><strong></strong></span> <span class='ocrx_word' id='word_1_346' title='bbox 1975 572 2128 633; x_wconf 87' lang='lat' dir='ltr'><strong>Quas</strong></span> <span class='ocrx_word' id='word_1_347' title='bbox 2162 576 2315 625; x_wconf 88' lang='lat' dir='ltr'><strong>tenet</strong></span> <span class='ocrx_word' id='word_1_348' title='bbox 2347 574 2403 627; x_wconf 90' lang='lat' dir='ltr'><strong>in</strong></span> <span class='ocrx_word' id='word_1_349' title='bbox 2440 576 2620 631; x_wconf 87' lang='lat' dir='ltr'><strong>sacris</strong></span> <span class='ocrx_word' id='word_1_350' title='bbox 2654 576 2930 631; x_wconf 86' lang='lat' dir='ltr'><strong>schcdula</strong></span> <span class='ocrx_word' id='word_1_351' title='bbox 2962 584 3123 632; x_wconf 80' lang='lat' dir='ltr'><strong>saeta</strong></span> <span class='ocrx_word' id='word_1_352' title='bbox 3152 578 3317 633; x_wconf 85' lang='lat' dir='ltr'><strong>libris</strong></span> 
     </span>
    </p>
   </div>
   <div class='ocr_carea' id='block_1_65' title="bbox 1902 660 3442 736">
    <p class='ocr_par' dir='ltr' id='par_1_65' title="bbox 1902 660 3442 736">
     <span class='ocr_line' id='line_1_65' title="bbox 1902 660 3442 736; baseline 0.007 -24"><span class='ocrx_word' id='word_1_353' title='bbox 1902 660 2068 712; x_wconf 83' lang='lat' dir='ltr'><strong>Anna</strong></span> <span class='ocrx_word' id='word_1_354' title='bbox 2100 660 2488 731; x_wconf 82' lang='lat' dir='ltr'><strong>prophetissa,</strong></span> <span class='ocrx_word' id='word_1_355' title='bbox 2514 663 2832 731; x_wconf 84' lang='lat' dir='ltr'><strong>Elisabeth,</strong></span> <span class='ocrx_word' id='word_1_356' title='bbox 2868 669 3159 733; x_wconf 83' lang='lat' dir='ltr'><strong>Susanna,</strong></span> <span class='ocrx_word' id='word_1_357' title='bbox 3192 668 3442 736; x_wconf 87' lang='lat' dir='ltr'><strong>Joanna,</strong></span> 
     </span>
    </p>
   </div>
   <div class='ocr_carea' id='block_1_66' title="bbox 1977 748 3261 820">
    <p class='ocr_par' dir='ltr' id='par_1_66' title="bbox 1977 748 3261 820">
     <span class='ocr_line' id='line_1_66' title="bbox 1977 748 3261 820; baseline 0.009 -20"><span class='ocrx_word' id='word_1_358' title='bbox 1977 748 2321 820; x_wconf 84' lang='lat' dir='ltr'><strong>Marthaque</strong></span> <span class='ocrx_word' id='word_1_359' title='bbox 2355 768 2487 805; x_wconf 90' lang='lat' dir='ltr'><strong>eum</strong></span> <span class='ocrx_word' id='word_1_360' title='bbox 2523 754 2704 809; x_wconf 89' lang='lat' dir='ltr'><strong>ternis</strong></span> <span class='ocrx_word' id='word_1_361' title='bbox 2736 754 3010 809; x_wconf 88' lang='lat' dir='ltr'><strong>occubuit</strong></span> <span class='ocrx_word' id='word_1_362' title='bbox 3043 756 3261 812; x_wconf 88' lang='lat' dir='ltr'><strong>Mariis.</strong></span> 
     </span>
    </p>
   </div>
   <div class='ocr_carea' id='block_1_67' title="bbox 1906 836 3303 913">
    <p class='ocr_par' dir='ltr' id='par_1_67' title="bbox 1906 836 3303 913">
     <span class='ocr_line' id='line_1_67' title="bbox 1906 836 3303 913; baseline 0.006 -24"><span class='ocrx_word' id='word_1_363' title='bbox 1906 836 2036 907; x_wconf 87' lang='lat' dir='ltr'><strong>Ipsa</strong></span> <span class='ocrx_word' id='word_1_364' title='bbox 2067 836 2226 891; x_wconf 88' lang='lat' dir='ltr'><strong>salus</strong></span> <span class='ocrx_word' id='word_1_365' title='bbox 2258 839 2415 893; x_wconf 81' lang='lat' dir='ltr'><strong>orbis</strong></span> <span class='ocrx_word' id='word_1_366' title='bbox 2447 846 2503 893; x_wconf 89' lang='lat' dir='ltr'><strong>et</strong></span> <span class='ocrx_word' id='word_1_367' title='bbox 2534 841 2651 895; x_wconf 86' lang='lat' dir='ltr'><strong>vita</strong></span> <span class='ocrx_word' id='word_1_368' title='bbox 2684 860 2783 913; x_wconf 88' lang='lat' dir='ltr'><strong>per</strong></span> <span class='ocrx_word' id='word_1_369' title='bbox 2806 843 3003 898; x_wconf 89' lang='lat' dir='ltr'><strong>omnia</strong></span> <span class='ocrx_word' id='word_1_370' title='bbox 3036 844 3303 899; x_wconf 89' lang='lat' dir='ltr'><strong>Christus</strong></span> 
     </span>
    </p>
   </div>
   <div class='ocr_carea' id='block_1_68' title="bbox 1977 926 3298 1000">
    <p class='ocr_par' dir='ltr' id='par_1_68' title="bbox 1977 926 3298 1000">
     <span class='ocr_line' id='line_1_68' title="bbox 1977 926 3298 1000; baseline 0.006 -23"><span class='ocrx_word' id='word_1_371' title='bbox 1977 926 2104 994; x_wconf 81' lang='lat' dir='ltr'><strong>Ipse</strong></span> <span class='ocrx_word' id='word_1_372' title='bbox 2137 927 2293 979; x_wconf 85' lang='lat' dir='ltr'><strong>subit</strong></span> <span class='ocrx_word' id='word_1_373' title='bbox 2330 934 2597 995; x_wconf 86' lang='lat' dir='ltr'><strong>mortem,</strong></span> <span class='ocrx_word' id='word_1_374' title='bbox 2634 930 2757 1000; x_wconf 81' lang='lat' dir='ltr'><strong>ipse</strong></span> <span class='ocrx_word' id='word_1_375' title='bbox 2791 936 2946 984; x_wconf 79' lang='lat' dir='ltr'><strong>tenet</strong></span> <span class='ocrx_word' id='word_1_376' title='bbox 2982 931 3298 986; x_wconf 89' lang='lat' dir='ltr'><strong>tumulum.</strong></span> 
     </span>
    </p>
   </div>
   <div class='ocr_carea' id='block_1_69' title="bbox 1909 1013 3305 1089">
    <p class='ocr_par' dir='ltr' id='par_1_69' title="bbox 1909 1013 3305 1089">
     <span class='ocr_line' id='line_1_69' title="bbox 1909 1013 3305 1089; baseline 0.006 -23"><span class='ocrx_word' id='word_1_377' title='bbox 1909 1013 2036 1083; x_wconf 83' lang='lat' dir='ltr'><strong>Ipsa</strong></span> <span class='ocrx_word' id='word_1_378' title='bbox 2070 1014 2163 1067; x_wconf 68' lang='lat' dir='ltr'><strong>llui</strong></span> <span class='ocrx_word' id='word_1_379' title='bbox 2199 1017 2443 1082; x_wconf 68' lang='lat' dir='ltr'><strong>genitrix</strong></span> <span class='ocrx_word' id='word_1_380' title='bbox 2477 1036 2709 1089; x_wconf 76' lang='lat' dir='ltr'><strong>Semper</strong></span> <span class='ocrx_word' id='word_1_381' title='bbox 2741 1038 2905 1074; x_wconf 85' lang='lat' dir='ltr'><strong>sacra</strong></span> <span class='ocrx_word' id='word_1_382' title='bbox 2937 1021 3095 1089; x_wconf 65' lang='lat' dir='ltr'><strong>virgo</strong></span> <span class='ocrx_word' id='word_1_383' title='bbox 3128 1022 3305 1075; x_wconf 83' lang='lat' dir='ltr'><strong>Maria</strong></span> 
     </span>
    </p>
   </div>
   <div class='ocr_carea' id='block_1_70' title="bbox 1976 1103 3166 1173">
    <p class='ocr_par' dir='ltr' id='par_1_70' title="bbox 1976 1103 3166 1173">
     <span class='ocr_line' id='line_1_70' title="bbox 1976 1103 3166 1173; baseline 0.008 -21"><span class='ocrx_word' id='word_1_384' title='bbox 1976 1103 2289 1173; x_wconf 68' lang='lat' dir='ltr'><strong>Assumpla</strong></span> <span class='ocrx_word' id='word_1_385' title='bbox 2321 1106 2567 1159; x_wconf 63' lang='lat' dir='ltr'><strong>rellierca</strong></span> <span class='ocrx_word' id='word_1_386' title='bbox 2601 1106 2803 1160; x_wconf 83' lang='lat' dir='ltr'><strong>ineulit</strong></span> <span class='ocrx_word' id='word_1_387' title='bbox 2834 1109 2990 1162; x_wconf 89' lang='lat' dir='ltr'><strong>alma</strong></span> <span class='ocrx_word' id='word_1_388' title='bbox 3024 1109 3166 1163; x_wconf 89' lang='lat' dir='ltr'><strong>loca.</strong></span> 
     </span>
    </p>
   </div>
   <div class='ocr_carea' id='block_1_71' title="bbox 1910 1190 3303 1269">
    <p class='ocr_par' dir='ltr' id='par_1_71' title="bbox 1910 1190 3303 1269">
     <span class='ocr_line' id='line_1_71' title="bbox 1910 1190 3303 1269; baseline 0.006 -27"><span class='ocrx_word' id='word_1_389' title='bbox 1910 1190 2165 1260; x_wconf 61' lang='lat' dir='ltr'><strong>Denique</strong></span> <span class='ocrx_word' id='word_1_390' title='bbox 2198 1192 2330 1262; x_wconf 83' lang='lat' dir='ltr'><strong>quis</strong></span> <span class='ocrx_word' id='word_1_391' title='bbox 2363 1200 2605 1248; x_wconf 80' lang='lat' dir='ltr'><strong>mortem</strong></span> <span class='ocrx_word' id='word_1_392' title='bbox 2642 1214 2703 1249; x_wconf 89' lang='lat' dir='ltr'><strong>se</strong></span> <span class='ocrx_word' id='word_1_393' title='bbox 2734 1197 3025 1251; x_wconf 84' lang='lat' dir='ltr'><strong>declinare</strong></span> <span class='ocrx_word' id='word_1_394' title='bbox 3053 1199 3303 1269; x_wconf 85' lang='lat' dir='ltr'><strong>putabit,</strong></span> 
     </span>
    </p>
   </div>
   <div class='ocr_carea' id='block_1_72' title="bbox 1976 1282 3258 1343">
    <p class='ocr_par' dir='ltr' id='par_1_72' title="bbox 1976 1282 3258 1343">
     <span class='ocr_line' id='line_1_72' title="bbox 1976 1282 3258 1343; baseline 0.009 -13"><span class='ocrx_word' id='word_1_395' title='bbox 1976 1282 2160 1343; x_wconf 81' lang='lat' dir='ltr'><strong>Quam</strong></span> <span class='ocrx_word' id='word_1_396' title='bbox 2194 1282 2380 1335; x_wconf 74' lang='lat' dir='ltr'><strong>cernit</strong></span> <span class='ocrx_word' id='word_1_397' title='bbox 2406 1282 2583 1337; x_wconf 83' lang='lat' dir='ltr'><strong>vitam</strong></span> <span class='ocrx_word' id='word_1_398' title='bbox 2617 1290 2751 1339; x_wconf 88' lang='lat' dir='ltr'><strong>ante</strong></span> <span class='ocrx_word' id='word_1_399' title='bbox 2780 1286 3013 1340; x_wconf 87' lang='lat' dir='ltr'><strong>subisse</strong></span> <span class='ocrx_word' id='word_1_400' title='bbox 3044 1304 3209 1341; x_wconf 89' lang='lat' dir='ltr'><strong>suam</strong></span> <span class='ocrx_word' id='word_1_401' title='bbox 3231 1288 3258 1342; x_wconf 76' lang='lat' dir='ltr'><strong>I</strong></span> 
     </span>
    </p>
   </div>
   <div class='ocr_carea' id='block_1_73' title="bbox 1906 1366 3316 1438">
    <p class='ocr_par' dir='ltr' id='par_1_73' title="bbox 1906 1366 3316 1438">
     <span class='ocr_line' id='line_1_73' title="bbox 1906 1366 3316 1438; baseline 0.009 -21"><span class='ocrx_word' id='word_1_402' title='bbox 1906 1366 2045 1430; x_wconf 86' lang='lat' dir='ltr'><strong>Quis</strong></span> <span class='ocrx_word' id='word_1_403' title='bbox 2079 1385 2180 1438; x_wconf 90' lang='lat' dir='ltr'><strong>pro</strong></span> <span class='ocrx_word' id='word_1_404' title='bbox 2214 1369 2505 1425; x_wconf 78' lang='lat' dir='ltr'><strong>defunctis</strong></span> <span class='ocrx_word' id='word_1_405' title='bbox 2540 1389 2844 1427; x_wconf 74' lang='lat' dir='ltr'><strong>nuerorem</strong></span> <span class='ocrx_word' id='word_1_406' title='bbox 2882 1374 3025 1429; x_wconf 85' lang='lat' dir='ltr'><strong>forte</strong></span> <span class='ocrx_word' id='word_1_407' title='bbox 3059 1376 3316 1429; x_wconf 86' lang='lat' dir='ltr'><strong>tenebit?</strong></span> 
     </span>
    </p>
   </div>
   <div class='ocr_carea' id='block_1_74' title="bbox 1978 1457 3285 1531">
    <p class='ocr_par' dir='ltr' id='par_1_74' title="bbox 1978 1457 3285 1531">
     <span class='ocr_line' id='line_1_74' title="bbox 1978 1457 3285 1531; baseline 0.008 -23"><span class='ocrx_word' id='word_1_408' title='bbox 1978 1457 2119 1520; x_wconf 82' lang='lat' dir='ltr'><strong>Quis</strong></span> <span class='ocrx_word' id='word_1_409' title='bbox 2150 1457 2340 1512; x_wconf 86' lang='lat' dir='ltr'><strong>doleat</strong></span> <span class='ocrx_word' id='word_1_410' title='bbox 2373 1460 2581 1515; x_wconf 88' lang='lat' dir='ltr'><strong>charos</strong></span> <span class='ocrx_word' id='word_1_411' title='bbox 2611 1468 2857 1515; x_wconf 79' lang='lat' dir='ltr'><strong>mu-stus</strong></span> <span class='ocrx_word' id='word_1_412' title='bbox 2888 1464 3081 1518; x_wconf 86' lang='lat' dir='ltr'><strong>obisse</strong></span> <span class='ocrx_word' id='word_1_413' title='bbox 3113 1482 3285 1531; x_wconf 87' lang='lat' dir='ltr'><strong>suos;</strong></span> 
     </span>
    </p>
   </div>
   <div class='ocr_carea' id='block_1_75' title="bbox 1905 1544 3452 1620">
    <p class='ocr_par' dir='ltr' id='par_1_75' title="bbox 1905 1544 3452 1620">
     <span class='ocr_line' id='line_1_75' title="bbox 1905 1544 3452 1620; baseline 0.006 -22"><span class='ocrx_word' id='word_1_414' title='bbox 1905 1544 2050 1598; x_wconf 87' lang='lat' dir='ltr'><strong>Cum</strong></span> <span class='ocrx_word' id='word_1_415' title='bbox 2075 1547 2199 1615; x_wconf 86' lang='lat' dir='ltr'><strong>jam</strong></span> <span class='ocrx_word' id='word_1_416' title='bbox 2236 1565 2335 1617; x_wconf 87' lang='lat' dir='ltr'><strong>per</strong></span> <span class='ocrx_word' id='word_1_417' title='bbox 2365 1548 2660 1603; x_wconf 89' lang='lat' dir='ltr'><strong>Christum</strong></span> <span class='ocrx_word' id='word_1_418' title='bbox 2692 1568 2801 1620; x_wconf 89' lang='lat' dir='ltr'><strong>pax</strong></span> <span class='ocrx_word' id='word_1_419' title='bbox 2834 1552 3005 1618; x_wconf 90' lang='lat' dir='ltr'><strong>facta,</strong></span> <span class='ocrx_word' id='word_1_420' title='bbox 3041 1553 3452 1608; x_wconf 89' lang='lat' dir='ltr'><strong>reconciliatus</strong></span> 
     </span>
    </p>
   </div>
   <div class='ocr_carea' id='block_1_76' title="bbox 1975 1634 3518 1711">
    <p class='ocr_par' dir='ltr' id='par_1_76' title="bbox 1975 1634 3518 1711">
     <span class='ocr_line' id='line_1_76' title="bbox 1975 1634 3518 1711; baseline 0.005 -22"><span class='ocrx_word' id='word_1_421' title='bbox 1975 1634 2105 1689; x_wconf 86' lang='lat' dir='ltr'><strong>Jam</strong></span> <span class='ocrx_word' id='word_1_422' title='bbox 2140 1635 2213 1689; x_wconf 86' lang='lat' dir='ltr'><strong>sit</strong></span> <span class='ocrx_word' id='word_1_423' title='bbox 2248 1654 2349 1707; x_wconf 88' lang='lat' dir='ltr'><strong>per</strong></span> <span class='ocrx_word' id='word_1_424' title='bbox 2378 1638 2673 1692; x_wconf 79' lang='lat' dir='ltr'><strong>Christum</strong></span> <span class='ocrx_word' id='word_1_425' title='bbox 2704 1641 2962 1693; x_wconf 87' lang='lat' dir='ltr'><strong>mundus</strong></span> <span class='ocrx_word' id='word_1_426' title='bbox 2994 1642 3148 1711; x_wconf 89' lang='lat' dir='ltr'><strong>apud</strong></span> <span class='ocrx_word' id='word_1_427' title='bbox 3182 1642 3518 1707; x_wconf 85' lang='lat' dir='ltr'><strong>Dominum,</strong></span> 
     </span>
    </p>
   </div>
   <div class='ocr_carea' id='block_1_77' title="bbox 1906 1722 3182 1797">
    <p class='ocr_par' dir='ltr' id='par_1_77' title="bbox 1906 1722 3182 1797">
     <span class='ocr_line' id='line_1_77' title="bbox 1906 1722 3182 1797; baseline 0.008 -23"><span class='ocrx_word' id='word_1_428' title='bbox 1906 1722 1975 1775; x_wconf 85' lang='lat' dir='ltr'><strong>Et</strong></span> <span class='ocrx_word' id='word_1_429' title='bbox 2008 1724 2081 1776; x_wconf 91' lang='lat' dir='ltr'><strong>sit</strong></span> <span class='ocrx_word' id='word_1_430' title='bbox 2111 1730 2415 1794; x_wconf 89' lang='lat' dir='ltr'><strong>peccatum</strong></span> <span class='ocrx_word' id='word_1_431' title='bbox 2451 1743 2553 1797; x_wconf 90' lang='lat' dir='ltr'><strong>pro</strong></span> <span class='ocrx_word' id='word_1_432' title='bbox 2588 1728 2756 1781; x_wconf 88' lang='lat' dir='ltr'><strong>nobis</strong></span> <span class='ocrx_word' id='word_1_433' title='bbox 2790 1729 2980 1783; x_wconf 83' lang='lat' dir='ltr'><strong>factus</strong></span> <span class='ocrx_word' id='word_1_434' title='bbox 3008 1729 3182 1784; x_wconf 89' lang='lat' dir='ltr'><strong>Jcsus</strong></span> 
     </span>
    </p>
   </div>
   <div class='ocr_carea' id='block_1_78' title="bbox 1978 1811 3226 1889">
    <p class='ocr_par' dir='ltr' id='par_1_78' title="bbox 1978 1811 3226 1889">
     <span class='ocr_line' id='line_1_78' title="bbox 1978 1811 3226 1889; baseline 0.007 -25"><span class='ocrx_word' id='word_1_435' title='bbox 1978 1811 2049 1865; x_wconf 85' lang='lat' dir='ltr'><strong>Ut</strong></span> <span class='ocrx_word' id='word_1_436' title='bbox 2082 1814 2283 1866; x_wconf 91' lang='lat' dir='ltr'><strong>mundi</strong></span> <span class='ocrx_word' id='word_1_437' title='bbox 2318 1819 2529 1869; x_wconf 90' lang='lat' dir='ltr'><strong>cuncta</strong></span> <span class='ocrx_word' id='word_1_438' title='bbox 2560 1814 2786 1871; x_wconf 86' lang='lat' dir='ltr'><strong>tolleret</strong></span> <span class='ocrx_word' id='word_1_439' title='bbox 2816 1816 2939 1887; x_wconf 91' lang='lat' dir='ltr'><strong>ipse</strong></span> <span class='ocrx_word' id='word_1_440' title='bbox 2972 1819 3226 1889; x_wconf 89' lang='lat' dir='ltr'><strong>probra?</strong></span> 
     </span>
    </p>
   </div>
   <div class='ocr_carea' id='block_1_79' title="bbox 1908 1900 3303 1976">
    <p class='ocr_par' dir='ltr' id='par_1_79' title="bbox 1908 1900 3303 1976">
     <span class='ocr_line' id='line_1_79' title="bbox 1908 1900 3303 1976; baseline 0.006 -21"><span class='ocrx_word' id='word_1_441' title='bbox 1908 1900 2029 1955; x_wconf 80' lang='lat' dir='ltr'><strong>Non</strong></span> <span class='ocrx_word' id='word_1_442' title='bbox 2064 1901 2212 1957; x_wconf 89' lang='lat' dir='ltr'><strong>hanc</strong></span> <span class='ocrx_word' id='word_1_443' title='bbox 2246 1920 2381 1975; x_wconf 83' lang='lat' dir='ltr'><strong>ergo</strong></span> <span class='ocrx_word' id='word_1_444' title='bbox 2413 1904 2570 1958; x_wconf 82' lang='lat' dir='ltr'><strong>brevi</strong></span> <span class='ocrx_word' id='word_1_445' title='bbox 2602 1905 2720 1959; x_wconf 89' lang='lat' dir='ltr'><strong>vita</strong></span> <span class='ocrx_word' id='word_1_446' title='bbox 2743 1906 3003 1961; x_wconf 90' lang='lat' dir='ltr'><strong>functam</strong></span> <span class='ocrx_word' id='word_1_447' title='bbox 3036 1907 3303 1976; x_wconf 87' lang='lat' dir='ltr'><strong>deleatis,</strong></span> 
     </span>
    </p>
   </div>
   <div class='ocr_carea' id='block_1_80' title="bbox 1980 1991 3196 2066">
    <p class='ocr_par' dir='ltr' id='par_1_80' title="bbox 1980 1991 3196 2066">
     <span class='ocr_line' id='line_1_80' title="bbox 1980 1991 3196 2066; baseline 0.007 -23"><span class='ocrx_word' id='word_1_448' title='bbox 1980 1991 2059 2045; x_wconf 74' lang='lat' dir='ltr'><strong>Ne</strong></span> <span class='ocrx_word' id='word_1_449' title='bbox 2088 1991 2247 2045; x_wconf 85' lang='lat' dir='ltr'><strong>vobis</strong></span> <span class='ocrx_word' id='word_1_450' title='bbox 2279 1992 2435 2046; x_wconf 89' lang='lat' dir='ltr'><strong>aliud</strong></span> <span class='ocrx_word' id='word_1_451' title='bbox 2469 2010 2648 2064; x_wconf 89' lang='lat' dir='ltr'><strong>quam</strong></span> <span class='ocrx_word' id='word_1_452' title='bbox 2684 1994 2928 2049; x_wconf 89' lang='lat' dir='ltr'><strong>Domino</strong></span> <span class='ocrx_word' id='word_1_453' title='bbox 2952 1995 3196 2066; x_wconf 88' lang='lat' dir='ltr'><strong>placeat.</strong></span> 
     </span>
    </p>
   </div>
   <div class='ocr_carea' id='block_1_81' title="bbox 1908 2078 3456 2155">
    <p class='ocr_par' dir='ltr' id='par_1_81' title="bbox 1908 2078 3456 2155">
     <span class='ocr_line' id='line_1_81' title="bbox 1908 2078 3456 2155; baseline 0.008 -25"><span class='ocrx_word' id='word_1_454' title='bbox 1908 2078 2077 2132; x_wconf 81' lang='lat' dir='ltr'><strong>Nulla</strong></span> <span class='ocrx_word' id='word_1_455' title='bbox 2110 2081 2295 2151; x_wconf 72' lang='lat' dir='ltr'><strong>magis</strong></span> <span class='ocrx_word' id='word_1_456' title='bbox 2328 2080 2495 2152; x_wconf 87' lang='lat' dir='ltr'><strong>plena</strong></span> <span class='ocrx_word' id='word_1_457' title='bbox 2526 2087 2633 2149; x_wconf 88' lang='lat' dir='ltr'><strong>est,</strong></span> <span class='ocrx_word' id='word_1_458' title='bbox 2670 2082 2830 2137; x_wconf 90' lang='lat' dir='ltr'><strong>nulla</strong></span> <span class='ocrx_word' id='word_1_459' title='bbox 2860 2089 2949 2139; x_wconf 91' lang='lat' dir='ltr'><strong>est</strong></span> <span class='ocrx_word' id='word_1_460' title='bbox 2980 2086 3286 2155; x_wconf 87' lang='lat' dir='ltr'><strong>perfectior</strong></span> <span class='ocrx_word' id='word_1_461' title='bbox 3317 2090 3456 2141; x_wconf 64' lang='lat' dir='ltr'><strong>aztas</strong></span> 
     </span>
    </p>
   </div>
   <div class='ocr_carea' id='block_1_82' title="bbox 1980 2169 3206 2243">
    <p class='ocr_par' dir='ltr' id='par_1_82' title="bbox 1980 2169 3206 2243">
     <span class='ocr_line' id='line_1_82' title="bbox 1980 2169 3206 2243; baseline 0.005 -21"><span class='ocrx_word' id='word_1_462' title='bbox 1980 2169 2151 2224; x_wconf 83' lang='lat' dir='ltr'><strong>Nulla</strong></span> <span class='ocrx_word' id='word_1_463' title='bbox 2184 2170 2482 2240; x_wconf 83' lang='lat' dir='ltr'><strong>Optabilio,</strong></span> <span class='ocrx_word' id='word_1_464' title='bbox 2516 2171 2795 2243; x_wconf 90' lang='lat' dir='ltr'><strong>nullaque</strong></span> <span class='ocrx_word' id='word_1_465' title='bbox 2826 2174 3206 2241; x_wconf 88' lang='lat' dir='ltr'><strong>commodior,</strong></span> 
     </span>
    </p>
   </div>
   <div class='ocr_carea' id='block_1_83' title="bbox 1909 2258 3554 2335">
    <p class='ocr_par' dir='ltr' id='par_1_83' title="bbox 1909 2258 3554 2335">
     <span class='ocr_line' id='line_1_83' title="bbox 1909 2258 3554 2335; baseline 0.005 -25"><span class='ocrx_word' id='word_1_466' title='bbox 1909 2258 2091 2321; x_wconf 84' lang='lat' dir='ltr'><strong>Quam</strong></span> <span class='ocrx_word' id='word_1_467' title='bbox 2127 2258 2267 2326; x_wconf 56' lang='lat' dir='ltr'><strong>haec,</strong></span> <span class='ocrx_word' id='word_1_468' title='bbox 2301 2276 2479 2330; x_wconf 90' lang='lat' dir='ltr'><strong>quam</strong></span> <span class='ocrx_word' id='word_1_469' title='bbox 2512 2260 2797 2315; x_wconf 89' lang='lat' dir='ltr'><strong>Dominus</strong></span> <span class='ocrx_word' id='word_1_470' title='bbox 2827 2260 3093 2317; x_wconf 89' lang='lat' dir='ltr'><strong>Christus</strong></span> <span class='ocrx_word' id='word_1_471' title='bbox 3126 2262 3404 2318; x_wconf 86' lang='lat' dir='ltr'><strong>habuisse</strong></span> <span class='ocrx_word' id='word_1_472' title='bbox 3424 2280 3554 2335; x_wconf 89' lang='lat' dir='ltr'><strong>pro-</strong></span> 
     </span>
    </p>
   </div>
   <div class='ocr_carea' id='block_1_84' title="bbox 3328 2352 3552 2426">
    <p class='ocr_par' dir='ltr' id='par_1_84' title="bbox 3328 2352 3552 2426">
     <span class='ocr_line' id='line_1_84' title="bbox 3328 2352 3552 2426; baseline -0.004 -18"><span class='ocrx_word' id='word_1_473' title='bbox 3328 2352 3552 2426; x_wconf 89' lang='lat' dir='ltr'><strong>[batur,</strong></span> 
     </span>
    </p>
   </div>
   <div class='ocr_carea' id='block_1_85' title="bbox 1978 2434 3321 2511">
    <p class='ocr_par' dir='ltr' id='par_1_85' title="bbox 1978 2434 3321 2511">
     <span class='ocr_line' id='line_1_85' title="bbox 1978 2434 3321 2511; baseline 0.006 -24"><span class='ocrx_word' id='word_1_474' title='bbox 1978 2434 2152 2488; x_wconf 83' lang='lat' dir='ltr'><strong>Juxta</strong></span> <span class='ocrx_word' id='word_1_475' title='bbox 2182 2437 2334 2506; x_wconf 92' lang='lat' dir='ltr'><strong>quod</strong></span> <span class='ocrx_word' id='word_1_476' title='bbox 2372 2441 2639 2491; x_wconf 89' lang='lat' dir='ltr'><strong>sanctum</strong></span> <span class='ocrx_word' id='word_1_477' title='bbox 2672 2437 2873 2509; x_wconf 86' lang='lat' dir='ltr'><strong>pandit</strong></span> <span class='ocrx_word' id='word_1_478' title='bbox 2906 2438 3321 2511; x_wconf 87' lang='lat' dir='ltr'><strong>Evangelium;</strong></span> 
     </span>
    </p>
   </div>
   <div class='ocr_carea' id='block_1_86' title="bbox 1907 2524 3432 2597">
    <p class='ocr_par' dir='ltr' id='par_1_86' title="bbox 1907 2524 3432 2597">
     <span class='ocr_line' id='line_1_86' title="bbox 1907 2524 3432 2597; baseline 0.005 -22"><span class='ocrx_word' id='word_1_479' title='bbox 1907 2524 2206 2577; x_wconf 82' lang='lat' dir='ltr'><strong>Annorum</strong></span> <span class='ocrx_word' id='word_1_480' title='bbox 2242 2524 2533 2595; x_wconf 89' lang='lat' dir='ltr'><strong>siquidem</strong></span> <span class='ocrx_word' id='word_1_481' title='bbox 2568 2527 2806 2597; x_wconf 78' lang='lat' dir='ltr'><strong>triginta</strong></span> <span class='ocrx_word' id='word_1_482' title='bbox 2838 2528 3016 2582; x_wconf 91' lang='lat' dir='ltr'><strong>trium</strong></span> <span class='ocrx_word' id='word_1_483' title='bbox 3050 2533 3432 2595; x_wconf 77' lang='lat' dir='ltr'><strong>memoratur,</strong></span> 
     </span>
    </p>
   </div>
   <div class='ocr_carea' id='block_1_87' title="bbox 1980 2612 3385 2685">
    <p class='ocr_par' dir='ltr' id='par_1_87' title="bbox 1980 2612 3385 2685">
     <span class='ocr_line' id='line_1_87' title="bbox 1980 2612 3385 2685; baseline 0.005 -20"><span class='ocrx_word' id='word_1_484' title='bbox 1980 2615 2160 2677; x_wconf 88' lang='lat' dir='ltr'><strong>Quem</strong></span> <span class='ocrx_word' id='word_1_485' title='bbox 2195 2612 2371 2667; x_wconf 90' lang='lat' dir='ltr'><strong>simul</strong></span> <span class='ocrx_word' id='word_1_486' title='bbox 2405 2631 2694 2668; x_wconf 90' lang='lat' dir='ltr'><strong>annorum</strong></span> <span class='ocrx_word' id='word_1_487' title='bbox 2729 2614 2856 2685; x_wconf 91' lang='lat' dir='ltr'><strong>ipsa</strong></span> <span class='ocrx_word' id='word_1_488' title='bbox 2886 2616 3020 2670; x_wconf 92' lang='lat' dir='ltr'><strong>tulit</strong></span> <span class='ocrx_word' id='word_1_489' title='bbox 3051 2634 3385 2672; x_wconf 87' lang='lat' dir='ltr'><strong>numerum.</strong></span> 
     </span>
    </p>
   </div>
   <div class='ocr_carea' id='block_1_88' title="bbox 1909 2701 3386 2777">
    <p class='ocr_par' dir='ltr' id='par_1_88' title="bbox 1909 2701 3386 2777">
     <span class='ocr_line' id='line_1_88' title="bbox 1909 2701 3386 2777; baseline 0.005 -22"><span class='ocrx_word' id='word_1_490' title='bbox 1909 2701 2023 2755; x_wconf 83' lang='lat' dir='ltr'><strong>llac</strong></span> <span class='ocrx_word' id='word_1_491' title='bbox 2056 2706 2221 2755; x_wconf 63' lang='lat' dir='ltr'><strong>(etate</strong></span> <span class='ocrx_word' id='word_1_492' title='bbox 2253 2701 2439 2771; x_wconf 84' lang='lat' dir='ltr'><strong>liquet</strong></span> <span class='ocrx_word' id='word_1_493' title='bbox 2470 2704 2590 2757; x_wconf 82' lang='lat' dir='ltr'><strong>fore</strong></span> <span class='ocrx_word' id='word_1_494' title='bbox 2619 2702 2944 2775; x_wconf 89' lang='lat' dir='ltr'><strong>plasmatos</strong></span> <span class='ocrx_word' id='word_1_495' title='bbox 2974 2705 3386 2777; x_wconf 89' lang='lat' dir='ltr'><strong>protoplastos,</strong></span> 
     </span>
    </p>
   </div>
   <div class='ocr_carea' id='block_1_89' title="bbox 1980 2790 3265 2863">
    <p class='ocr_par' dir='ltr' id='par_1_89' title="bbox 1980 2790 3265 2863">
     <span class='ocr_line' id='line_1_89' title="bbox 1980 2790 3265 2863; baseline 0.004 -21"><span class='ocrx_word' id='word_1_496' title='bbox 1980 2790 2047 2843; x_wconf 76' lang='lat' dir='ltr'><strong>Et</strong></span> <span class='ocrx_word' id='word_1_497' title='bbox 2078 2794 2481 2845; x_wconf 87' lang='lat' dir='ltr'><strong>surrecturum</strong></span> <span class='ocrx_word' id='word_1_498' title='bbox 2514 2808 2685 2845; x_wconf 91' lang='lat' dir='ltr'><strong>omne</strong></span> <span class='ocrx_word' id='word_1_499' title='bbox 2716 2808 2901 2863; x_wconf 88' lang='lat' dir='ltr'><strong>genus</strong></span> <span class='ocrx_word' id='word_1_500' title='bbox 2933 2791 3265 2847; x_wconf 90' lang='lat' dir='ltr'><strong>hominum.</strong></span> 
     </span>
    </p>
   </div>
   <div class='ocr_carea' id='block_1_90' title="bbox 1908 2879 3551 2956">
    <p class='ocr_par' dir='ltr' id='par_1_90' title="bbox 1908 2879 3551 2956">
     <span class='ocr_line' id='line_1_90' title="bbox 1908 2879 3551 2956; baseline 0.004 -23"><span class='ocrx_word' id='word_1_501' title='bbox 1908 2880 2024 2933; x_wconf 88' lang='lat' dir='ltr'><strong>IIoc</strong></span> <span class='ocrx_word' id='word_1_502' title='bbox 2056 2879 2483 2950; x_wconf 87' lang='lat' dir='ltr'><strong>siquidem,hoc</strong></span> <span class='ocrx_word' id='word_1_503' title='bbox 2505 2882 2777 2951; x_wconf 88' lang='lat' dir='ltr'><strong>cst,quod</strong></span> <span class='ocrx_word' id='word_1_504' title='bbox 2794 2880 3008 2935; x_wconf 83' lang='lat' dir='ltr'><strong>Paulus</strong></span> <span class='ocrx_word' id='word_1_505' title='bbox 3022 2882 3320 2953; x_wconf 87' lang='lat' dir='ltr'><strong>apostolus</strong></span> <span class='ocrx_word' id='word_1_506' title='bbox 3340 2883 3551 2956; x_wconf 86' lang='lat' dir='ltr'><strong>inquit,</strong></span> 
     </span>
    </p>
   </div>
   <div class='ocr_carea' id='block_1_91' title="bbox 1978 2968 3263 3026">
    <p class='ocr_par' dir='ltr' id='par_1_91' title="bbox 1978 2968 3263 3026">
     <span class='ocr_line' id='line_1_91' title="bbox 1978 2968 3263 3026; baseline 0.004 -5"><span class='ocrx_word' id='word_1_507' title='bbox 1978 2968 2121 3021; x_wconf 88' lang='lat' dir='ltr'><strong>Cum</strong></span> <span class='ocrx_word' id='word_1_508' title='bbox 2156 2969 2226 3022; x_wconf 90' lang='lat' dir='ltr'><strong>de</strong></span> <span class='ocrx_word' id='word_1_509' title='bbox 2259 2968 2351 3023; x_wconf 90' lang='lat' dir='ltr'><strong>his</strong></span> <span class='ocrx_word' id='word_1_510' title='bbox 2382 2969 2573 3024; x_wconf 87' lang='lat' dir='ltr'><strong>verbis</strong></span> <span class='ocrx_word' id='word_1_511' title='bbox 2599 2970 2913 3024; x_wconf 88' lang='lat' dir='ltr'><strong>dissereret</strong></span> <span class='ocrx_word' id='word_1_512' title='bbox 2944 2971 3216 3026; x_wconf 87' lang='lat' dir='ltr'><strong>brevibus</strong></span> <span class='ocrx_word' id='word_1_513' title='bbox 3250 2989 3263 3026; x_wconf 88' lang='lat'><strong>:</strong></span> 
     </span>
    </p>
   </div>
   <div class='ocr_carea' id='block_1_92' title="bbox 1908 3058 3319 3124">
    <p class='ocr_par' dir='ltr' id='par_1_92' title="bbox 1908 3058 3319 3124">
     <span class='ocr_line' id='line_1_92' title="bbox 1908 3058 3319 3124; baseline 0.002 -12"><span class='ocrx_word' id='word_1_514' title='bbox 1908 3059 2119 3123; x_wconf 82' lang='lat' dir='ltr'><strong>Donec,</strong></span> <span class='ocrx_word' id='word_1_515' title='bbox 2154 3058 2252 3124; x_wconf 91' lang='lat' dir='ltr'><strong>ait,</strong></span> <span class='ocrx_word' id='word_1_516' title='bbox 2288 3058 2532 3111; x_wconf 87' lang='lat' dir='ltr'><strong>Domino</strong></span> <span class='ocrx_word' id='word_1_517' title='bbox 2564 3058 2671 3113; x_wconf 88' lang='lat' dir='ltr'><strong>hoc</strong></span> <span class='ocrx_word' id='word_1_518' title='bbox 2703 3076 3080 3114; x_wconf 88' lang='lat' dir='ltr'><strong>occurramus</strong></span> <span class='ocrx_word' id='word_1_519' title='bbox 3112 3059 3168 3114; x_wconf 92' lang='lat' dir='ltr'><strong>in</strong></span> <span class='ocrx_word' id='word_1_520' title='bbox 3202 3079 3319 3115; x_wconf 68' lang='lat' dir='ltr'><strong>aevo</strong></span> 
     </span>
    </p>
   </div>
   <div class='ocr_carea' id='block_1_93' title="bbox 1978 3146 3298 3218">
    <p class='ocr_par' dir='ltr' id='par_1_93' title="bbox 1978 3146 3298 3218">
     <span class='ocr_line' id='line_1_93' title="bbox 1978 3146 3298 3218; baseline 0.004 -19"><span class='ocrx_word' id='word_1_521' title='bbox 1978 3149 2100 3211; x_wconf 81' lang='lat' dir='ltr'><strong>Quo</strong></span> <span class='ocrx_word' id='word_1_522' title='bbox 2136 3164 2239 3199; x_wconf 90' lang='lat' dir='ltr'><strong>nos</strong></span> <span class='ocrx_word' id='word_1_523' title='bbox 2272 3147 2556 3217; x_wconf 76' lang='lat' dir='ltr'><strong>perfectos</strong></span> <span class='ocrx_word' id='word_1_524' title='bbox 2578 3148 2704 3217; x_wconf 87' lang='lat' dir='ltr'><strong>jam</strong></span> <span class='ocrx_word' id='word_1_525' title='bbox 2741 3146 2921 3218; x_wconf 89' lang='lat' dir='ltr'><strong>liquet</strong></span> <span class='ocrx_word' id='word_1_526' title='bbox 2952 3164 3082 3203; x_wconf 88' lang='lat' dir='ltr'><strong>esse</strong></span> <span class='ocrx_word' id='word_1_527' title='bbox 3114 3149 3298 3204; x_wconf 87' lang='lat' dir='ltr'><strong>viros:</strong></span> 
     </span>
    </p>
   </div>
   <div class='ocr_carea' id='block_1_94' title="bbox 1909 3235 3175 3308">
    <p class='ocr_par' dir='ltr' id='par_1_94' title="bbox 1909 3235 3175 3308">
     <span class='ocr_line' id='line_1_94' title="bbox 1909 3235 3175 3308; baseline 0 -16"><span class='ocrx_word' id='word_1_528' title='bbox 1909 3236 1971 3292; x_wconf 90' lang='lat' dir='ltr'><strong>In</strong></span> <span class='ocrx_word' id='word_1_529' title='bbox 2006 3237 2111 3289; x_wconf 86' lang='lat' dir='ltr'><strong>hoc</strong></span> <span class='ocrx_word' id='word_1_530' title='bbox 2144 3235 2327 3290; x_wconf 67' lang='lat' dir='ltr'><strong>celatis</strong></span> <span class='ocrx_word' id='word_1_531' title='bbox 2360 3236 2616 3302; x_wconf 90' lang='lat' dir='ltr'><strong>modulo,</strong></span> <span class='ocrx_word' id='word_1_532' title='bbox 2645 3253 2760 3308; x_wconf 80' lang='lat' dir='ltr'><strong>quo</strong></span> <span class='ocrx_word' id='word_1_533' title='bbox 2793 3235 2907 3291; x_wconf 89' lang='lat' dir='ltr'><strong>vita</strong></span> <span class='ocrx_word' id='word_1_534' title='bbox 2939 3242 3175 3307; x_wconf 89' lang='lat' dir='ltr'><strong>peracta</strong></span> 
     </span>
    </p>
   </div>
   <div class='ocr_carea' id='block_1_95' title="bbox 1825 3311 3400 3396">
    <p class='ocr_par' dir='ltr' id='par_1_95' title="bbox 1825 3311 3400 3396">
     <span class='ocr_line' id='line_1_95' title="bbox 1825 3311 3400 3396; baseline 0.004 -19"><span class='ocrx_word' id='word_1_535' title='bbox 1825 3311 1867 3377; x_wconf 86' lang='lat' dir='ltr'><strong>C</strong></span> <span class='ocrx_word' id='word_1_536' title='bbox 1977 3326 2142 3380; x_wconf 89' lang='lat' dir='ltr'><strong>Tunc</strong></span> <span class='ocrx_word' id='word_1_537' title='bbox 2173 3324 2389 3379; x_wconf 87' lang='lat' dir='ltr'><strong>Christi</strong></span> <span class='ocrx_word' id='word_1_538' title='bbox 2421 3325 2628 3391; x_wconf 87' lang='lat' dir='ltr'><strong>fuerat,</strong></span> <span class='ocrx_word' id='word_1_539' title='bbox 2664 3326 2898 3396; x_wconf 89' lang='lat' dir='ltr'><strong>quando</strong></span> <span class='ocrx_word' id='word_1_540' title='bbox 2931 3342 3165 3380; x_wconf 91' lang='lat' dir='ltr'><strong>erucem</strong></span> <span class='ocrx_word' id='word_1_541' title='bbox 3196 3328 3400 3383; x_wconf 88' lang='lat' dir='ltr'><strong>subiit.</strong></span> 
     </span>
    </p>
   </div>
   <div class='ocr_carea' id='block_1_96' title="bbox 1906 3412 3266 3485">
    <p class='ocr_par' dir='ltr' id='par_1_96' title="bbox 1906 3412 3266 3485">
     <span class='ocr_line' id='line_1_96' title="bbox 1906 3412 3266 3485; baseline 0.001 -17"><span class='ocrx_word' id='word_1_542' title='bbox 1906 3417 2060 3480; x_wconf 88' lang='lat' dir='ltr'><strong>Quos</strong></span> <span class='ocrx_word' id='word_1_543' title='bbox 2092 3414 2271 3485; x_wconf 87' lang='lat' dir='ltr'><strong>igitur</strong></span> <span class='ocrx_word' id='word_1_544' title='bbox 2300 3413 2495 3485; x_wconf 89' lang='lat' dir='ltr'><strong>potius</strong></span> <span class='ocrx_word' id='word_1_545' title='bbox 2526 3412 2662 3467; x_wconf 90' lang='lat' dir='ltr'><strong>hinc</strong></span> <span class='ocrx_word' id='word_1_546' title='bbox 2695 3412 2987 3469; x_wconf 88' lang='lat' dir='ltr'><strong>exsultare</strong></span> <span class='ocrx_word' id='word_1_547' title='bbox 3019 3415 3266 3484; x_wconf 88' lang='lat' dir='ltr'><strong>decebit,</strong></span> 
     </span>
    </p>
   </div>
   <div class='ocr_carea' id='block_1_97' title="bbox 1975 3501 3364 3573">
    <p class='ocr_par' dir='ltr' id='par_1_97' title="bbox 1975 3501 3364 3573">
     <span class='ocr_line' id='line_1_97' title="bbox 1975 3501 3364 3573; baseline 0.003 -18"><span class='ocrx_word' id='word_1_548' title='bbox 1975 3504 2137 3568; x_wconf 87' lang='lat' dir='ltr'><strong>Quod</strong></span> <span class='ocrx_word' id='word_1_549' title='bbox 2173 3503 2457 3556; x_wconf 86' lang='lat' dir='ltr'><strong>transfata</strong></span> <span class='ocrx_word' id='word_1_550' title='bbox 2490 3501 2625 3568; x_wconf 90' lang='lat' dir='ltr'><strong>cito,</strong></span> <span class='ocrx_word' id='word_1_551' title='bbox 2660 3518 2817 3556; x_wconf 90' lang='lat' dir='ltr'><strong>nunc</strong></span> <span class='ocrx_word' id='word_1_552' title='bbox 2850 3502 3064 3556; x_wconf 89' lang='lat' dir='ltr'><strong>fruitur</strong></span> <span class='ocrx_word' id='word_1_553' title='bbox 3093 3502 3364 3573; x_wconf 91' lang='lat' dir='ltr'><strong>Domino,</strong></span> 
     </span>
    </p>
   </div>
   <div class='ocr_carea' id='block_1_98' title="bbox 1904 3584 3216 3659">
    <p class='ocr_par' dir='ltr' id='par_1_98' title="bbox 1904 3584 3216 3659">
     <span class='ocr_line' id='line_1_98' title="bbox 1904 3584 3216 3659; baseline 0.002 -16"><span class='ocrx_word' id='word_1_554' title='bbox 1904 3592 2038 3654; x_wconf 69' lang='lat' dir='ltr'><strong>Qua:</strong></span> <span class='ocrx_word' id='word_1_555' title='bbox 2070 3588 2327 3644; x_wconf 86' lang='lat' dir='ltr'><strong>breviore</strong></span> <span class='ocrx_word' id='word_1_556' title='bbox 2342 3584 2451 3643; x_wconf 79' lang='lat' dir='ltr'><strong>&#39;via</strong></span> <span class='ocrx_word' id='word_1_557' title='bbox 2480 3587 2686 3642; x_wconf 89' lang='lat' dir='ltr'><strong>mundi</strong></span> <span class='ocrx_word' id='word_1_558' title='bbox 2714 3588 2965 3643; x_wconf 86' lang='lat' dir='ltr'><strong>transire</strong></span> <span class='ocrx_word' id='word_1_559' title='bbox 2997 3589 3216 3659; x_wconf 68' lang='lat' dir='ltr'><strong>pericla</strong></span> 
     </span>
    </p>
   </div>
   <div class='ocr_carea' id='block_1_99' title="bbox 1974 3674 3199 3748">
    <p class='ocr_par' dir='ltr' id='par_1_99' title="bbox 1974 3674 3199 3748">
     <span class='ocr_line' id='line_1_99' title="bbox 1974 3674 3199 3748; baseline -0.001 -15"><span class='ocrx_word' id='word_1_560' title='bbox 1974 3681 2043 3733; x_wconf 90' lang='lat' dir='ltr'><strong>Et</strong></span> <span class='ocrx_word' id='word_1_561' title='bbox 2076 3677 2328 3748; x_wconf 85' lang='lat' dir='ltr'><strong>reperire</strong></span> <span class='ocrx_word' id='word_1_562' title='bbox 2360 3676 2535 3731; x_wconf 90' lang='lat' dir='ltr'><strong>citam</strong></span> <span class='ocrx_word' id='word_1_563' title='bbox 2568 3674 2890 3747; x_wconf 75' lang='lat' dir='ltr'><strong>promeruit</strong></span> <span class='ocrx_word' id='word_1_564' title='bbox 2917 3677 3199 3748; x_wconf 90' lang='lat' dir='ltr'><strong>requiem.</strong></span> 
     </span>
    </p>
   </div>
   <div class='ocr_carea' id='block_1_100' title="bbox 1902 3765 3462 3838">
    <p class='ocr_par' dir='ltr' id='par_1_100' title="bbox 1902 3765 3462 3838">
     <span class='ocr_line' id='line_1_100' title="bbox 1902 3765 3462 3838; baseline 0.003 -16"><span class='ocrx_word' id='word_1_565' title='bbox 1902 3769 2279 3822; x_wconf 85' lang='lat' dir='ltr'><strong>Transfertur</strong></span> <span class='ocrx_word' id='word_1_566' title='bbox 2307 3765 2598 3837; x_wconf 89' lang='lat' dir='ltr'><strong>siquidem</strong></span> <span class='ocrx_word' id='word_1_567' title='bbox 2622 3766 2846 3835; x_wconf 88' lang='lat' dir='ltr'><strong>justus,</strong></span> <span class='ocrx_word' id='word_1_568' title='bbox 2882 3782 2953 3820; x_wconf 91' lang='lat' dir='ltr'><strong>ne</strong></span> <span class='ocrx_word' id='word_1_569' title='bbox 2983 3783 3160 3838; x_wconf 87' lang='lat' dir='ltr'><strong>prava</strong></span> <span class='ocrx_word' id='word_1_570' title='bbox 3189 3768 3462 3827; x_wconf 86' lang='lat' dir='ltr'><strong>voluntas</strong></span> 
     </span>
    </p>
   </div>
   <div class='ocr_carea' id='block_1_101' title="bbox 1972 3854 3241 3926">
    <p class='ocr_par' dir='ltr' id='par_1_101' title="bbox 1972 3854 3241 3926">
     <span class='ocr_line' id='line_1_101' title="bbox 1972 3854 3241 3926; baseline 0 -15"><span class='ocrx_word' id='word_1_571' title='bbox 1972 3857 2083 3912; x_wconf 90' lang='lat' dir='ltr'><strong>Cor</strong></span> <span class='ocrx_word' id='word_1_572' title='bbox 2113 3858 2301 3911; x_wconf 90' lang='lat' dir='ltr'><strong>mutet</strong></span> <span class='ocrx_word' id='word_1_573' title='bbox 2330 3859 2576 3922; x_wconf 88' lang='lat' dir='ltr'><strong>rectum,</strong></span> <span class='ocrx_word' id='word_1_574' title='bbox 2613 3854 2932 3926; x_wconf 88' lang='lat' dir='ltr'><strong>decipiatve</strong></span> <span class='ocrx_word' id='word_1_575' title='bbox 2958 3855 3241 3913; x_wconf 88' lang='lat' dir='ltr'><strong>animam.</strong></span> 
     </span>
    </p>
   </div>
   <div class='ocr_carea' id='block_1_102' title="bbox 2555 3959 2887 3999">
    <p class='ocr_par' dir='ltr' id='par_1_102' title="bbox 2555 3959 2887 3999">
     <span class='ocr_line' id='line_1_102' title="bbox 2555 3959 2887 3999; baseline -0.003 -1"><span class='ocrx_word' id='word_1_576' title='bbox 2555 3959 2887 3999; x_wconf 75' lang='lat' dir='ltr'><strong>RESPONSIO.</strong></span> 
     </span>
    </p>
   </div>
   <div class='ocr_carea' id='block_1_103' title="bbox 1902 4032 3259 4108">
    <p class='ocr_par' dir='ltr' id='par_1_103' title="bbox 1902 4032 3259 4108">
     <span class='ocr_line' id='line_1_103' title="bbox 1902 4032 3259 4108; baseline 0.001 -17"><span class='ocrx_word' id='word_1_577' title='bbox 1902 4037 2017 4091; x_wconf 87' lang='lat' dir='ltr'><strong>Ista</strong></span> <span class='ocrx_word' id='word_1_578' title='bbox 2048 4035 2285 4108; x_wconf 91' lang='lat' dir='ltr'><strong>quidem</strong></span> <span class='ocrx_word' id='word_1_579' title='bbox 2320 4034 2439 4090; x_wconf 88' lang='lat' dir='ltr'><strong>fore</strong></span> <span class='ocrx_word' id='word_1_580' title='bbox 2471 4033 2604 4087; x_wconf 83' lang='lat' dir='ltr'><strong>nixa</strong></span> <span class='ocrx_word' id='word_1_581' title='bbox 2634 4032 2781 4088; x_wconf 88' lang='lat' dir='ltr'><strong>satis</strong></span> <span class='ocrx_word' id='word_1_582' title='bbox 2814 4033 2985 4089; x_wconf 82' lang='lat' dir='ltr'><strong>firma</strong></span> <span class='ocrx_word' id='word_1_583' title='bbox 3014 4035 3259 4093; x_wconf 90' lang='lat' dir='ltr'><strong>ratione.</strong></span> 
     </span>
    </p>
   </div>
   <div class='ocr_carea' id='block_1_104' title="bbox 1970 4123 3256 4196">
    <p class='ocr_par' dir='ltr' id='par_1_104' title="bbox 1970 4123 3256 4196">
     <span class='ocr_line' id='line_1_104' title="bbox 1970 4123 3256 4196; baseline -0.001 -15"><span class='ocrx_word' id='word_1_584' title='bbox 1970 4125 2141 4181; x_wconf 87' lang='lat' dir='ltr'><strong>Nullo</strong></span> <span class='ocrx_word' id='word_1_585' title='bbox 2174 4124 2344 4179; x_wconf 90' lang='lat' dir='ltr'><strong>modo</strong></span> <span class='ocrx_word' id='word_1_586' title='bbox 2378 4126 2532 4177; x_wconf 90' lang='lat' dir='ltr'><strong>certe</strong></span> <span class='ocrx_word' id='word_1_587' title='bbox 2563 4137 2881 4194; x_wconf 88' lang='lat' dir='ltr'><strong>possumus</strong></span> <span class='ocrx_word' id='word_1_588' title='bbox 2911 4123 3209 4196; x_wconf 84' lang='lat' dir='ltr'><strong>ambigere</strong></span> <span class='ocrx_word' id='word_1_589' title='bbox 3243 4144 3256 4180; x_wconf 90' lang='lat'>:</span> 
     </span>
    </p>
   </div>
   <div class='ocr_carea' id='block_1_105' title="bbox 1902 4210 3306 4283">
    <p class='ocr_par' dir='ltr' id='par_1_105' title="bbox 1902 4210 3306 4283">
     <span class='ocr_line' id='line_1_105' title="bbox 1902 4210 3306 4283; baseline 0 -13"><span class='ocrx_word' id='word_1_590' title='bbox 1902 4216 2134 4271; x_wconf 88' lang='lat' dir='ltr'><strong>Scimus</strong></span> <span class='ocrx_word' id='word_1_591' title='bbox 2163 4214 2320 4268; x_wconf 88' lang='lat' dir='ltr'><strong>enim</strong></span> <span class='ocrx_word' id='word_1_592' title='bbox 2354 4212 2561 4267; x_wconf 87' lang='lat' dir='ltr'><strong>debere</strong></span> <span class='ocrx_word' id='word_1_593' title='bbox 2592 4210 2739 4266; x_wconf 91' lang='lat' dir='ltr'><strong>mori</strong></span> <span class='ocrx_word' id='word_1_594' title='bbox 2773 4211 3043 4267; x_wconf 89' lang='lat' dir='ltr'><strong>mortalia</strong></span> <span class='ocrx_word' id='word_1_595' title='bbox 3072 4220 3306 4283; x_wconf 90' lang='lat' dir='ltr'><strong>cuncta,</strong></span> 
     </span>
    </p>
   </div>
   <div class='ocr_carea' id='block_1_106' title="bbox 1972 4302 3362 4374">
    <p class='ocr_par' dir='ltr' id='par_1_106' title="bbox 1972 4302 3362 4374">
     <span class='ocr_line' id='line_1_106' title="bbox 1972 4302 3362 4374; baseline 0.001 -15"><span class='ocrx_word' id='word_1_596' title='bbox 1972 4304 2203 4360; x_wconf 87' lang='lat' dir='ltr'><strong>Scimus</strong></span> <span class='ocrx_word' id='word_1_597' title='bbox 2236 4303 2306 4357; x_wconf 88' lang='lat' dir='ltr'><strong>ad</strong></span> <span class='ocrx_word' id='word_1_598' title='bbox 2337 4316 2610 4357; x_wconf 89' lang='lat' dir='ltr'><strong>occasum</strong></span> <span class='ocrx_word' id='word_1_599' title='bbox 2644 4302 2879 4357; x_wconf 85' lang='lat' dir='ltr'><strong>tendere</strong></span> <span class='ocrx_word' id='word_1_600' title='bbox 2909 4308 3120 4358; x_wconf 89' lang='lat' dir='ltr'><strong>cuncta</strong></span> <span class='ocrx_word' id='word_1_601' title='bbox 3150 4322 3362 4374; x_wconf 89' lang='lat' dir='ltr'><strong>suum;</strong></span> 
     </span>
    </p>
   </div>
   <div class='ocr_carea' id='block_1_107' title="bbox 1901 4389 3370 4462">
    <p class='ocr_par' dir='ltr' id='par_1_107' title="bbox 1901 4389 3370 4462">
     <span class='ocr_line' id='line_1_107' title="bbox 1901 4389 3370 4462; baseline -0.001 -13"><span class='ocrx_word' id='word_1_602' title='bbox 1901 4394 2013 4450; x_wconf 88' lang='lat' dir='ltr'><strong>Sed</strong></span> <span class='ocrx_word' id='word_1_603' title='bbox 2047 4398 2241 4448; x_wconf 88' lang='lat' dir='ltr'><strong>tamen</strong></span> <span class='ocrx_word' id='word_1_604' title='bbox 2272 4389 2567 4462; x_wconf 86' lang='lat' dir='ltr'><strong>ingenitus</strong></span> <span class='ocrx_word' id='word_1_605' title='bbox 2599 4389 2949 4446; x_wconf 87' lang='lat' dir='ltr'><strong>mortalibus</strong></span> <span class='ocrx_word' id='word_1_606' title='bbox 2981 4392 3123 4446; x_wconf 89' lang='lat' dir='ltr'><strong>ador</strong></span> <span class='ocrx_word' id='word_1_607' title='bbox 3151 4394 3370 4449; x_wconf 91' lang='lat' dir='ltr'><strong>amoris</strong></span> 
     </span>
    </p>
   </div>
   <div class='ocr_carea' id='block_1_108' title="bbox 1971 4478 3331 4552">
    <p class='ocr_par' dir='ltr' id='par_1_108' title="bbox 1971 4478 3331 4552">
     <span class='ocr_line' id='line_1_108' title="bbox 1971 4478 3331 4552; baseline -0.001 -15"><span class='ocrx_word' id='word_1_608' title='bbox 1971 4484 2096 4538; x_wconf 89' lang='lat' dir='ltr'><strong>Non</strong></span> <span class='ocrx_word' id='word_1_609' title='bbox 2129 4482 2300 4536; x_wconf 89' lang='lat' dir='ltr'><strong>modo</strong></span> <span class='ocrx_word' id='word_1_610' title='bbox 2333 4496 2446 4534; x_wconf 89' lang='lat' dir='ltr'><strong>non</strong></span> <span class='ocrx_word' id='word_1_611' title='bbox 2481 4478 2636 4548; x_wconf 86' lang='lat' dir='ltr'><strong>ere,</strong></span> <span class='ocrx_word' id='word_1_612' title='bbox 2671 4496 2787 4533; x_wconf 91' lang='lat' dir='ltr'><strong>non</strong></span> <span class='ocrx_word' id='word_1_613' title='bbox 2819 4479 2961 4535; x_wconf 90' lang='lat' dir='ltr'><strong>sinit</strong></span> <span class='ocrx_word' id='word_1_614' title='bbox 2989 4484 3045 4535; x_wconf 90' lang='lat' dir='ltr'><strong>et</strong></span> <span class='ocrx_word' id='word_1_615' title='bbox 3073 4497 3331 4552; x_wconf 85' lang='lat' dir='ltr'><strong>gemere.</strong></span> 
     </span>
    </p>
   </div>
   <div class='ocr_carea' id='block_1_109' title="bbox 1902 4567 3501 4640">
    <p class='ocr_par' dir='ltr' id='par_1_109' title="bbox 1902 4567 3501 4640">
     <span class='ocr_line' id='line_1_109' title="bbox 1902 4567 3501 4640; baseline 0.001 -13"><span class='ocrx_word' id='word_1_616' title='bbox 1902 4574 2025 4628; x_wconf 86' lang='lat' dir='ltr'><strong>Non</strong></span> <span class='ocrx_word' id='word_1_617' title='bbox 2061 4570 2251 4625; x_wconf 79' lang='lat' dir='ltr'><strong>solum</strong></span> <span class='ocrx_word' id='word_1_618' title='bbox 2286 4567 2575 4640; x_wconf 90' lang='lat' dir='ltr'><strong>siquidem</strong></span> <span class='ocrx_word' id='word_1_619' title='bbox 2601 4572 2839 4639; x_wconf 89' lang='lat' dir='ltr'><strong>propter</strong></span> <span class='ocrx_word' id='word_1_620' title='bbox 2866 4567 3019 4623; x_wconf 90' lang='lat' dir='ltr'><strong>hanc</strong></span> <span class='ocrx_word' id='word_1_621' title='bbox 3052 4586 3181 4624; x_wconf 90' lang='lat' dir='ltr'><strong>esse</strong></span> <span class='ocrx_word' id='word_1_622' title='bbox 3214 4570 3501 4640; x_wconf 87' lang='lat' dir='ltr'><strong>dolemus,</strong></span> 
     </span>
    </p>
   </div>
   <div class='ocr_carea' id='block_1_110' title="bbox 1974 4654 3330 4729">
    <p class='ocr_par' dir='ltr' id='par_1_110' title="bbox 1974 4654 3330 4729">
     <span class='ocr_line' id='line_1_110' title="bbox 1974 4654 3330 4729; baseline 0 -15"><span class='ocrx_word' id='word_1_623' title='bbox 1974 4660 2227 4729; x_wconf 86' lang='lat' dir='ltr'><strong>Flemus,</strong></span> <span class='ocrx_word' id='word_1_624' title='bbox 2259 4658 2552 4729; x_wconf 88' lang='lat' dir='ltr'><strong>lugemus,</strong></span> <span class='ocrx_word' id='word_1_625' title='bbox 2586 4654 2925 4727; x_wconf 87' lang='lat' dir='ltr'><strong>plangimus</strong></span> <span class='ocrx_word' id='word_1_626' title='bbox 2954 4661 3010 4711; x_wconf 91' lang='lat' dir='ltr'><strong>et</strong></span> <span class='ocrx_word' id='word_1_627' title='bbox 3037 4658 3330 4728; x_wconf 84' lang='lat' dir='ltr'><strong>geminus,</strong></span> 
     </span>
    </p>
   </div>
   <div class='ocr_carea' id='block_1_111' title="bbox 1900 4746 3170 4817">
    <p class='ocr_par' dir='ltr' id='par_1_111' title="bbox 1900 4746 3170 4817">
     <span class='ocr_line' id='line_1_111' title="bbox 1900 4746 3170 4817; baseline -0.002 -12"><span class='ocrx_word' id='word_1_628' title='bbox 1900 4753 2035 4816; x_wconf 74' lang='lat' dir='ltr'><strong>Qum</strong></span> <span class='ocrx_word' id='word_1_629' title='bbox 2069 4748 2359 4803; x_wconf 86' lang='lat' dir='ltr'><strong>desolatas</strong></span> <span class='ocrx_word' id='word_1_630' title='bbox 2389 4747 2517 4817; x_wconf 87' lang='lat' dir='ltr'><strong>ejus</strong></span> <span class='ocrx_word' id='word_1_631' title='bbox 2552 4762 2656 4800; x_wconf 91' lang='lat' dir='ltr'><strong>nos</strong></span> <span class='ocrx_word' id='word_1_632' title='bbox 2688 4749 2872 4799; x_wconf 91' lang='lat' dir='ltr'><strong>morte</strong></span> <span class='ocrx_word' id='word_1_633' title='bbox 2903 4746 3170 4802; x_wconf 87' lang='lat' dir='ltr'><strong>dolemus</strong></span> 
     </span>
    </p>
   </div>
   <div class='ocr_carea' id='block_1_112' title="bbox 1968 4833 3303 4909">
    <p class='ocr_par' dir='ltr' id='par_1_112' title="bbox 1968 4833 3303 4909">
     <span class='ocr_line' id='line_1_112' title="bbox 1968 4833 3303 4909; baseline -0.001 -16"><span class='ocrx_word' id='word_1_634' title='bbox 1968 4839 2198 4909; x_wconf 90' lang='lat' dir='ltr'><strong>Nosque</strong></span> <span class='ocrx_word' id='word_1_635' title='bbox 2229 4836 2351 4908; x_wconf 91' lang='lat' dir='ltr'><strong>lupi</strong></span> <span class='ocrx_word' id='word_1_636' title='bbox 2388 4836 2634 4889; x_wconf 86' lang='lat' dir='ltr'><strong>miseras</strong></span> <span class='ocrx_word' id='word_1_637' title='bbox 2662 4833 2958 4890; x_wconf 90' lang='lat' dir='ltr'><strong>morsibus</strong></span> <span class='ocrx_word' id='word_1_638' title='bbox 2990 4837 3303 4906; x_wconf 86' lang='lat' dir='ltr'><strong>expositas.</strong></span> 
     </span>
    </p>
   </div>
   <div class='ocr_carea' id='block_1_113' title="bbox 1894 4923 3509 4999">
    <p class='ocr_par' dir='ltr' id='par_1_113' title="bbox 1894 4923 3509 4999">
     <span class='ocr_line' id='line_1_113' title="bbox 1894 4923 3509 4999; baseline 0.001 -19"><span class='ocrx_word' id='word_1_639' title='bbox 1894 4930 2088 4999; x_wconf 84' lang='lat' dir='ltr'><strong>Agnos</strong></span> <span class='ocrx_word' id='word_1_640' title='bbox 2121 4940 2375 4995; x_wconf 89' lang='lat' dir='ltr'><strong>namque</strong></span> <span class='ocrx_word' id='word_1_641' title='bbox 2407 4923 2599 4995; x_wconf 84' lang='lat' dir='ltr'><strong>gregis</strong></span> <span class='ocrx_word' id='word_1_642' title='bbox 2632 4939 2910 4994; x_wconf 89' lang='lat' dir='ltr'><strong>percussa</strong></span> <span class='ocrx_word' id='word_1_643' title='bbox 2944 4928 3131 4979; x_wconf 86' lang='lat' dir='ltr'><strong>matre</strong></span> <span class='ocrx_word' id='word_1_644' title='bbox 3164 4942 3398 4982; x_wconf 87' lang='lat' dir='ltr'><strong>necesse</strong></span> <span class='ocrx_word' id='word_1_645' title='bbox 3423 4934 3509 4982; x_wconf 90' lang='lat' dir='ltr'><strong>est</strong></span> 
     </span>
    </p>
   </div>
   <div class='ocr_carea' id='block_1_114' title="bbox 1967 5012 3183 5084">
    <p class='ocr_par' dir='ltr' id='par_1_114' title="bbox 1967 5012 3183 5084">
     <span class='ocr_line' id='line_1_114' title="bbox 1967 5012 3183 5084; baseline -0.002 -14"><span class='ocrx_word' id='word_1_646' title='bbox 1967 5017 2095 5071; x_wconf 84' lang='lat' dir='ltr'><strong>Sive</strong></span> <span class='ocrx_word' id='word_1_647' title='bbox 2128 5014 2273 5068; x_wconf 89' lang='lat' dir='ltr'><strong>mori</strong></span> <span class='ocrx_word' id='word_1_648' title='bbox 2310 5018 2558 5080; x_wconf 87' lang='lat' dir='ltr'><strong>teneras,</strong></span> <span class='ocrx_word' id='word_1_649' title='bbox 2596 5012 2763 5067; x_wconf 89' lang='lat' dir='ltr'><strong>laetis</strong></span> <span class='ocrx_word' id='word_1_650' title='bbox 2787 5017 2844 5067; x_wconf 90' lang='lat' dir='ltr'><strong>et</strong></span> <span class='ocrx_word' id='word_1_651' title='bbox 2874 5013 3183 5084; x_wconf 88' lang='lat' dir='ltr'><strong>indignas;</strong></span> 
     </span>
    </p>
   </div>
   <div class='ocr_carea' id='block_1_115' title="bbox 1892 5101 3163 5173">
    <p class='ocr_par' dir='ltr' id='par_1_115' title="bbox 1892 5101 3163 5173">
     <span class='ocr_line' id='line_1_115' title="bbox 1892 5101 3163 5173; baseline -0.003 -13"><span class='ocrx_word' id='word_1_652' title='bbox 1892 5108 2007 5160; x_wconf 89' lang='lat' dir='ltr'><strong>Aut</strong></span> <span class='ocrx_word' id='word_1_653' title='bbox 2036 5102 2397 5159; x_wconf 87' lang='lat' dir='ltr'><strong>errabundas</strong></span> <span class='ocrx_word' id='word_1_654' title='bbox 2428 5101 2515 5155; x_wconf 91' lang='lat' dir='ltr'><strong>lac</strong></span> <span class='ocrx_word' id='word_1_655' title='bbox 2548 5107 2872 5173; x_wconf 66' lang='lat' dir='ltr'><strong>qumrentes</strong></span> <span class='ocrx_word' id='word_1_656' title='bbox 2905 5101 3163 5156; x_wconf 89' lang='lat' dir='ltr'><strong>alienum</strong></span> 
     </span>
    </p>
   </div>
   <div class='ocr_carea' id='block_1_116' title="bbox 1962 5189 3111 5263">
    <p class='ocr_par' dir='ltr' id='par_1_116' title="bbox 1962 5189 3111 5263">
     <span class='ocr_line' id='line_1_116' title="bbox 1962 5189 3111 5263; baseline -0.006 -14"><span class='ocrx_word' id='word_1_657' title='bbox 1962 5192 2247 5249; x_wconf 89' lang='lat' dir='ltr'><strong>Dentibus</strong></span> <span class='ocrx_word' id='word_1_658' title='bbox 2280 5190 2470 5246; x_wconf 89' lang='lat' dir='ltr'><strong>insani</strong></span> <span class='ocrx_word' id='word_1_659' title='bbox 2502 5206 2709 5262; x_wconf 92' lang='lat' dir='ltr'><strong>nempe</strong></span> <span class='ocrx_word' id='word_1_660' title='bbox 2733 5195 2927 5261; x_wconf 89' lang='lat' dir='ltr'><strong>patere</strong></span> <span class='ocrx_word' id='word_1_661' title='bbox 2949 5189 3072 5263; x_wconf 91' lang='lat' dir='ltr'><strong>lupi</strong></span> <span class='ocrx_word' id='word_1_662' title='bbox 3098 5208 3111 5260; x_wconf 90' lang='lat'><strong>;</strong></span> 
     </span>
    </p>
   </div>
   <div class='ocr_carea' id='block_1_117' title="bbox 1894 5278 3431 5355">
    <p class='ocr_par' dir='ltr' id='par_1_117' title="bbox 1894 5278 3431 5355">
     <span class='ocr_line' id='line_1_117' title="bbox 1894 5278 3431 5355; baseline -0.001 -16"><span class='ocrx_word' id='word_1_663' title='bbox 1894 5284 2055 5339; x_wconf 92' lang='lat' dir='ltr'><strong>Sicut</strong></span> <span class='ocrx_word' id='word_1_664' title='bbox 2084 5282 2241 5337; x_wconf 91' lang='lat' dir='ltr'><strong>enim</strong></span> <span class='ocrx_word' id='word_1_665' title='bbox 2273 5278 2574 5351; x_wconf 89' lang='lat' dir='ltr'><strong>Scriptura</strong></span> <span class='ocrx_word' id='word_1_666' title='bbox 2604 5279 2778 5333; x_wconf 86' lang='lat' dir='ltr'><strong>refert</strong></span> <span class='ocrx_word' id='word_1_667' title='bbox 2810 5295 2822 5333; x_wconf 93' lang='lat'><strong>:</strong></span> <span class='ocrx_word' id='word_1_668' title='bbox 2860 5279 3097 5335; x_wconf 88' lang='lat' dir='ltr'><strong>Pastore</strong></span> <span class='ocrx_word' id='word_1_669' title='bbox 3129 5288 3431 5355; x_wconf 89' lang='lat' dir='ltr'><strong>perempto</strong></span> 
     </span>
    </p>
   </div>
   <div class='ocr_carea' id='block_1_118' title="bbox 1964 5366 3072 5439">
    <p class='ocr_par' dir='ltr' id='par_1_118' title="bbox 1964 5366 3072 5439">
     <span class='ocr_line' id='line_1_118' title="bbox 1964 5366 3072 5439; baseline -0.002 -13"><span class='ocrx_word' id='word_1_670' title='bbox 1964 5370 2189 5425; x_wconf 84' lang='lat' dir='ltr'><strong>Passim</strong></span> <span class='ocrx_word' id='word_1_671' title='bbox 2222 5368 2499 5439; x_wconf 69' lang='lat' dir='ltr'><strong>dispersa:</strong></span> <span class='ocrx_word' id='word_1_672' title='bbox 2531 5366 2893 5438; x_wconf 88' lang='lat' dir='ltr'><strong>diripiuntur</strong></span> <span class='ocrx_word' id='word_1_673' title='bbox 2918 5385 3072 5424; x_wconf 89' lang='lat' dir='ltr'><strong>oves.</strong></span> 
     </span>
    </p>
   </div>
   <div class='ocr_carea' id='block_1_119' title="bbox 1891 5454 3394 5528">
    <p class='ocr_par' dir='ltr' id='par_1_119' title="bbox 1891 5454 3394 5528">
     <span class='ocr_line' id='line_1_119' title="bbox 1891 5454 3394 5528; baseline -0.001 -14"><span class='ocrx_word' id='word_1_674' title='bbox 1891 5459 2051 5526; x_wconf 87' lang='lat' dir='ltr'><strong>Quod</strong></span> <span class='ocrx_word' id='word_1_675' title='bbox 2086 5460 2155 5513; x_wconf 90' lang='lat' dir='ltr'><strong>de</strong></span> <span class='ocrx_word' id='word_1_676' title='bbox 2185 5455 2491 5528; x_wconf 88' lang='lat' dir='ltr'><strong>discipulis</strong></span> <span class='ocrx_word' id='word_1_677' title='bbox 2522 5454 2752 5510; x_wconf 90' lang='lat' dir='ltr'><strong>Domini</strong></span> <span class='ocrx_word' id='word_1_678' title='bbox 2787 5456 3010 5513; x_wconf 92' lang='lat' dir='ltr'><strong>dictum</strong></span> <span class='ocrx_word' id='word_1_679' title='bbox 3042 5477 3143 5515; x_wconf 90' lang='lat' dir='ltr'><strong>seu</strong></span> <span class='ocrx_word' id='word_1_680' title='bbox 3177 5460 3394 5514; x_wconf 90' lang='lat' dir='ltr'><strong>factum</strong></span> 
     </span>
    </p>
   </div>
   <div class='ocr_carea' id='block_1_120' title="bbox 1961 5545 3338 5619">
    <p class='ocr_par' dir='ltr' id='par_1_120' title="bbox 1961 5545 3338 5619">
     <span class='ocr_line' id='line_1_120' title="bbox 1961 5545 3338 5619; baseline -0.001 -16"><span class='ocrx_word' id='word_1_681' title='bbox 1961 5547 2081 5603; x_wconf 90' lang='lat' dir='ltr'><strong>Scit</strong></span> <span class='ocrx_word' id='word_1_682' title='bbox 2112 5548 2277 5613; x_wconf 88' lang='lat' dir='ltr'><strong>bene,</strong></span> <span class='ocrx_word' id='word_1_683' title='bbox 2312 5545 2412 5616; x_wconf 90' lang='lat' dir='ltr'><strong>qui</strong></span> <span class='ocrx_word' id='word_1_684' title='bbox 2447 5547 2716 5600; x_wconf 89' lang='lat' dir='ltr'><strong>sanctum</strong></span> <span class='ocrx_word' id='word_1_685' title='bbox 2751 5545 2910 5601; x_wconf 86' lang='lat' dir='ltr'><strong>novit</strong></span> <span class='ocrx_word' id='word_1_686' title='bbox 2940 5548 3338 5619; x_wconf 85' lang='lat' dir='ltr'><strong>Evangelium.</strong></span> 
     </span>
    </p>
   </div>
   <div class='ocr_carea' id='block_1_121' title="bbox 1888 5632 3389 5708">
    <p class='ocr_par' dir='ltr' id='par_1_121' title="bbox 1888 5632 3389 5708">
     <span class='ocr_line' id='line_1_121' title="bbox 1888 5632 3389 5708; baseline -0.003 -15"><span class='ocrx_word' id='word_1_687' title='bbox 1888 5636 2147 5707; x_wconf 88' lang='lat' dir='ltr'><strong>Denique</strong></span> <span class='ocrx_word' id='word_1_688' title='bbox 2178 5650 2305 5705; x_wconf 74' lang='lat' dir='ltr'><strong>qum</strong></span> <span class='ocrx_word' id='word_1_689' title='bbox 2340 5632 2573 5689; x_wconf 90' lang='lat' dir='ltr'><strong>miseris</strong></span> <span class='ocrx_word' id='word_1_690' title='bbox 2595 5632 2800 5690; x_wconf 88' lang='lat' dir='ltr'><strong>ovibus</strong></span> <span class='ocrx_word' id='word_1_691' title='bbox 2834 5652 2969 5708; x_wconf 88' lang='lat' dir='ltr'><strong>spes</strong></span> <span class='ocrx_word' id='word_1_692' title='bbox 2999 5652 3126 5690; x_wconf 89' lang='lat' dir='ltr'><strong>esse</strong></span> <span class='ocrx_word' id='word_1_693' title='bbox 3158 5635 3389 5708; x_wconf 85' lang='lat' dir='ltr'><strong>valebit,</strong></span> 
     </span>
    </p>
   </div>
   <div class='ocr_carea' id='block_1_122' title="bbox 1953 5721 3164 5799">
    <p class='ocr_par' dir='ltr' id='par_1_122' title="bbox 1953 5721 3164 5799">
     <span class='ocr_line' id='line_1_122' title="bbox 1953 5721 3164 5799; baseline 0.001 -20"><span class='ocrx_word' id='word_1_694' title='bbox 1953 5725 2010 5780; x_wconf 91' lang='lat' dir='ltr'><strong>Si</strong></span> <span class='ocrx_word' id='word_1_695' title='bbox 2035 5729 2174 5780; x_wconf 90' lang='lat' dir='ltr'><strong>tunc</strong></span> <span class='ocrx_word' id='word_1_696' title='bbox 2206 5721 2314 5777; x_wconf 92' lang='lat' dir='ltr'><strong>hoc</strong></span> <span class='ocrx_word' id='word_1_697' title='bbox 2347 5721 2529 5780; x_wconf 85' lang='lat' dir='ltr'><strong>tantis</strong></span> <span class='ocrx_word' id='word_1_698' title='bbox 2561 5727 2884 5799; x_wconf 79' lang='lat' dir='ltr'><strong>contigerat</strong></span> <span class='ocrx_word' id='word_1_699' title='bbox 2915 5723 3164 5781; x_wconf 86' lang='lat' dir='ltr'><strong>ovibus?</strong></span> 
     </span>
    </p>
   </div>
  </div>
