3904 6384
327 401 475 461 1191

532 500 570 539 ⁸
1058 546 1250 585 AGIUS.

327 625 444 679 Hoc
477 623 735 695 primum
762 639 862 675 vos
895 637 1067 675 nosse
1096 618 1245 689 volo,
1278 619 1584 689 geminum
1617 619 1737 671 fere
1768 612 1938 669 nobis

397 713 743 766 Nostrorum
777 710 1049 764 alfeetum
1085 708 1317 763 ccelitus
1346 707 1698 777 ingenitum,

325 802 584 855 Carneus
616 805 706 853 est
738 815 913 867 unus,
950 797 1094 852 alter
1123 797 1359 851 divinus
1392 796 1662 851 habetur.

398 889 560 943 Unus
592 887 864 956 C(l‘leSllS,
896 890 1121 942 terrens
1152 890 1241 941 est
1272 885 1445 940 alius.

327 979 436 1033 Sed
471 977 724 1031 carnalis
755 993 939 1045 amor,
971 976 1179 1029 charos
1212 994 1318 1029 nos
1350 974 1627 1046 plangere
1659 976 1909 1039 nostros,

400 1067 715 1120 Defunctus
750 1066 885 1118 flere
918 1083 1023 1119 nos
1058 1064 1193 1117 facit
1224 1069 1280 1117 et
1310 1080 1561 1133 gernere.

328 1156 491 1210 Sicut
521 1172 550 1208 e
583 1160 785 1208 contra
815 1154 1050 1208 divinus
1081 1170 1247 1207 ovare
1279 1152 1508 1221 suadet,

400 1249 541 1299 Cum
576 1244 669 1299 his
702 1243 998 1298 salvandis
1032 1260 1136 1296 nos
1170 1258 1378 1296 sumus
1412 1239 1655 1294 indubii.

327 1336 693 1405 Quapropter
706 1333 878 1387 modo
892 1349 991 1385 vos
1011 1332 1155 1385 iteru
1167 1347 1341 1401 mque
1363 1330 1691 1399 iterumque
1712 1324 1981 1392 monebo,

400 1423 472 1479 Ut
500 1421 813 1476 dimittatis
845 1420 952 1474 has
984 1420 1197 1475 nimias
1230 1419 1517 1489 lacrymas
1552 1434 1564 1472 :

330 1513 496 1569 Sicut
525 1510 682 1567 enim
715 1509 968 1565 carnalis
1001 1526 1166 1564 amor
1194 1511 1417 1581 gratus,
1451 1507 1814 1574 moderatus,

402 1601 495 1657 Sic
530 1602 629 1655 ﬁet
660 1617 905 1669 nocuus,
944 1597 991 1653 si
1025 1596 1201 1652 fuerit
1232 1596 1472 1650 nimius.

332 1690 519 1754 Quare
551 1686 600 1742 si
634 1688 837 1741 ﬂetum
868 1683 1032 1739 vobis
1060 1684 1167 1738 hoc
1198 1683 1346 1738 forte
1378 1682 1606 1751 suadet,

401 1777 515 1832 Vos
544 1776 719 1830 faciat
748 1774 913 1829 laetas
944 1774 1268 1845 tripudiare
1301 1773 1464 1827 ﬁdes.

331 1865 476 1919 Nam
509 1862 696 1935 pietas
728 1862 874 1931 haec,
902 1860 1177 1933 impietas
1209 1860 1397 1931 magis
1439 1876 1565 1914 esse
1599 1859 1880 1931 probatur

403 1952 645 2019 Quando
677 1950 919 2006 adversa
951 1950 1045 2022 pio
1079 1949 1383 2023 diligimus
1412 1949 1681 2004 Domino.

333 2044 444 2098 Sed
478 2042 619 2114 quia
652 2039 893 2095 lenitum
919 2040 1047 2109 jam
1077 2039 1373 2094 credimus
1405 2054 1532 2093 esse
1566 2037 1846 2107 dolorem,

404 2130 709 2186 Credimus
741 2129 836 2183 his
867 2132 1124 2182 vestrum
1158 2127 1482 2183 cohibitum
1513 2126 1821 2199 gemitum,

333 2221 441 2289 Qui
472 2221 543 2275 de
574 2223 761 2274 morte
792 2219 901 2289 pia:
931 2222 1155 2287 vestrae,
1190 2221 1521 2287 sanctznquc
1553 2215 1769 2270 sororis

404 2308 741 2381 Torquebat
771 2311 1031 2361 vestrum
1064 2305 1424 2361 omnimodis
1454 2304 1742 2373 animum,

332 2400 416 2455 Ad
452 2399 594 2467 haec,
628 2414 755 2469 quae
789 2399 1033 2465 restant,
1059 2396 1186 2465 jam
1219 2394 1567 2466 respondere
1599 2392 1867 2462 studebo,

407 2487 569 2552 Quod
603 2491 795 2540 tamen
830 2488 919 2538 est
949 2488 1102 2537 certe
1133 2487 1223 2539 sat
1254 2482 1399 2537 mihi
1432 2482 1691 2537 difﬁcile.

334 2578 542 2633 Justus
573 2573 728 2629 enim
760 2571 903 2627 satis
934 2572 1044 2626 istc
1074 2570 1239 2626 dolor
1267 2571 1597 2641 cuicunque
1629 2570 1878 2641 videtur,

407 2669 529 2731 Quo
560 2680 663 2735 pro
693 2679 753 2717 se
788 2664 1011 2730 mmrct,
1045 2676 1160 2731 quo
1193 2659 1303 2713 sibi
1338 2659 1587 2731 quisque
1619 2658 1793 2714 dolet.

340 2756 409 2809 Et
440 2769 579 2809 sane
610 2767 845 2823 possem
879 2749 1051 2804 modo
1084 2748 1300 2817 dicere,
1335 2749 1488 2820 quod
1522 2748 1854 2821 sapientum

410 2845 541 2898 11100
573 2841 717 2896 satis
748 2844 837 2895 est
866 2857 1001 2894 vera
1030 2843 1087 2894 et
1116 2837 1213 2910 pia
1240 2838 1476 2894 traditio
1509 2854 1523 2893 :

340 2934 565 2988 Fortem
590 2945 883 3001 quemque
904 2927 1095 2982 virum
1128 2927 1346 2998 qumvis
1380 2928 1753 2983 incommoda
1785 2926 1989 2982 mundi

414 3020 563 3075 li‘orti
596 3020 848 3090 perferre
880 3022 1109 3089 pectore
1140 3022 1487 3088 competere.

336 3114 439 3165 Ast
470 3110 577 3163 hoc
613 3106 838 3163 lemclis
870 3106 1083 3161 teneris
1114 3123 1286 3177 grave
1317 3108 1461 3162 forte
1489 3107 1740 3177 videtur,

412 3199 526 3252 Nec
557 3197 677 3250 11100
710 3214 800 3251 108
832 3195 994 3250 vobis
1023 3200 1112 3249 est
1142 3195 1284 3249 adeo
1318 3195 1524 3250 facilis.

1318 398 1420 456 AD
1472 394 1732 455 OPEllA
1782 387 2313 450 ΗΠΟἹΞΗΙΊἭᾸΞ
2356 387 2769 449 APPENDIX.

2015 521 2069 586 Α
2101 521 2227 576 Νο11
2254 523 2467 593 poterit
2499 522 2547 577 si
2576 520 2722 592 vult,
2746 520 2923 576 etiam
2952 519 3022 574 de
3055 518 3329 574 cantibus
3361 517 3496 573 istis

2015 1895 2064 1958 Β
2086 1928 2093 1941 ,

3612 383 3754 443 1192

2169 610 2461 683 Propitius
2496 612 2682 666 facem
2715 608 2927 665 ﬁliolas
2955 608 3244 664 Abrahae?

2093 698 2209 753 Vos
2244 701 2416 755 modo
2450 718 2521 755 ne
2553 699 2729 771 pigra:
2762 698 2913 769 sitis,
2950 697 3060 752 hoc
3087 695 3312 770 jugiter
3341 695 3546 768 ipsum

2162 788 2308 843 Veto
2340 805 2596 859 exorare,
2629 790 2686 842 et
2716 804 2886 860 prcee
2916 786 3218 841 continua.

2092 877 2292 931 Aderit
2324 878 2379 931 in
2416 878 2644 933 cunctis
2675 875 2861 947 vobis,
2895 880 2962 930 ut
2992 875 3250 931 diximus
3284 878 3446 941 ante,

2162 967 2291 1021 l-Imc
2322 968 2525 1021 eadem
2560 965 2785 1020 meritis
2819 965 3039 1019 femina
3066 982 3234 1019 sacra
3264 963 3410 1018 suis.

2094 1057 2165 1110 lit
2195 1055 2486 1127 siquidem
2518 1072 2619 1109 vos
2650 1054 2771 1126 ipta
2800 1053 2958 1125 velit,
2989 1052 3248 1108 valeatvc
3278 1053 3512 1123 juvare.

2165 1147 2337 1200 Posse
2370 1146 2468 1199 dat
2498 1143 2871 1215 omnipotens
2902 1142 3162 1214 velleque
3192 1141 3565 1214 proximitas.

2092 1236 2237 1289 Nam
2270 1235 2407 1289 licet
2438 1235 2495 1287 in
2526 1232 2737 1288 cwlum
2771 1236 3085 1303 susceptus
3124 1230 3371 1303 spiritus
3401 1233 3613 1300 exstet,

2163 1325 2278 1379 Nos
2312 1329 2508 1378 tamen
2541 1339 2614 1377 an
2650 1322 2819 1377 nobis
2849 1321 2987 1376 hinc
3019 1320 3164 1376 abiit
3196 1320 3466 1392 penitus;

2091 1414 2310 1468 Vivunt
2337 1413 2605 1483 virtutes,
2636 1411 2777 1466 vivit
2808 1426 3041 1483 quoque
3072 1409 3192 1465 vita
3221 1409 3413 1477 beata,

2163 1502 2319 1557 Vivit
2344 1500 2550 1573 lingua
2579 1500 2698 1572 pia,
2730 1505 2788 1556 et
2820 1499 3034 1555 merita
3063 1497 3342 1554 almiﬁca.

2092 1592 2245 1662 Haec,
2279 1591 2420 1663 quia
2439 1591 2568 1662 jam
2594 1590 2803 1645 faciem
2835 1606 2991 1644 nunc
3024 1604 3233 1659 nempe
3252 1586 3452 1643 videre
3476 1586 3744 1659 nequitis,

2165 1681 2330 1736 Nunc
2358 1697 2555 1735 coram
2588 1678 2797 1734 vestris
2827 1678 3025 1750 ponite
3055 1695 3157 1733 vos
3185 1674 3393 1732 oculis.

2095 1771 2152 1827 Si
2187 1770 2328 1842 quid
2362 1770 2421 1825 in
2450 1770 2558 1824 hac
2580 1785 2812 1824 8111111110
2840 1784 2942 1823 vos
2972 1784 3203 1839 semper
3228 1765 3504 1837 amastis,
3527 1763 3743 1822 habetis

2164 1860 2359 1915 Vitam
2391 1858 2851 1928 sanctissimam,
2886 1856 3265 1929 magniﬁcum
3298 1855 3603 1911 meritum.

2093 1951 2225 2006 11000
2258 1954 2397 2004 811111
2425 1949 2663 2019 exuviae,
2696 1946 2807 2002 hoc
2839 1945 3145 2019 palliolum
3177 1945 3590 2016 reverendam,

2168 2042 2289 2105 Quo
2326 2054 2566 2093 sursum
2599 2041 2764 2109 rapto
2796 2036 3092 2092 deciderat
3119 2033 3278 2105 Elim,

2097 2131 2212 2186 Isto
2242 2128 2558 2184 Jordanem
2593 2132 2732 2181 tunc
2766 2125 2965 2181 divisit
2994 2122 3250 2190 Eliseus;

2166 2219 2235 2273 Et
2267 2217 2414 2272 falsa
2443 2234 2476 2271 a
2506 2216 2654 2271 veris
2680 2232 2782 2271 vos
2813 2230 3048 2286 quoque
3077 2211 3358 2268 dividitis.

2755 2318 3089 2359 RESPONSIO.

2095 2401 2227 2457 Jam
2260 2398 2404 2453 satis
2435 2400 2525 2451 est
2556 2395 2773 2450 factum
2807 2393 2979 2449 nobis
3009 2392 3121 2447 hoc
3151 2392 3333 2447 aﬂ‘orc
3358 2408 3543 2459 vanos

2168 2485 2538 2544 Omnimodis
2569 2485 2762 2557 ﬁctus,
2794 2500 2943 2555 quos
2972 2480 3351 2555 lacrymando
3383 2482 3595 2536 damus
3630 2497 3642 2533 :

2098 2577 2188 2633 Nil
2218 2575 2434 2631 etenim
2467 2591 2743 2647 prosuns,
2767 2589 2872 2628 nec
2893 2571 3010 2643 his,
3034 2571 3414 2643 quantmlibet
3434 2573 3674 2639 exstent,

2170 2666 2418 2732 Quosvis
2448 2664 2757 2735 defunctos
2780 2663 2909 2734 jam
2943 2661 3193 2717 facimus
3223 2660 3492 2716 reduces.

2100 2757 2215 2811 Nos
2248 2754 2442 2828 potius
2474 2757 2677 2809 nostra
2704 2751 3013 2824 perfuncta
3042 2754 3197 2805 sorte
3227 2754 3545 2821 sequentes

2172 2845 2318 2900 Ilinc
2349 2842 2519 2916 quasi
2548 2843 2619 2897 de
2648 2840 2820 2913 longe
2853 2839 3072 2895 ibimus
3100 2837 3324 2893 exsilio.

2101 2938 2289 3001 Quare
2319 2932 2567 2988 detersis
2599 2929 2807 3000 oculis,
2839 2928 3234 3002 lacrymisque
3265 2927 3528 2995 remotis,

2173 3024 2385 3079 Sedato
2408 3020 2669 3093 planctu,
2703 3017 2958 3074 cohibito
2990 3017 3235 3089 gemitu,

2100 3114 2231 3169 Jam
2263 3110 2392 3181 tibi,
2415 3110 2593 3166 chara
2624 3125 2808 3176 soror,
2832 3111 3067 3162 nosmet
3096 3106 3353 3179 gaudere
3385 3104 3621 3175 decebit,

2172 3202 2334 3267 Quod
2370 3200 2476 3254 has
2507 3215 2801 3253 mrumnas
2832 3201 2953 3251 tam
2984 3196 3096 3251 cito
3127 3194 3470 3263 transieras.

341 3289 451 3344 Sed
477 3287 617 3358 quid
641 3284 850 3358 agam?
882 3302 954 3339 an
985 3289 1345 3355 postremum
1372 3285 1525 3338 inter
1546 3284 1753 3339 solatia
1776 3284 1991 3355 dicam,
2025 3263 2067 3329 (ἶ
2103 3292 2217 3347 Nos
2249 3290 2478 3359 ﬂemus,
2504 3304 2634 3359 qua:
2668 3302 2783 3341 non
2814 3289 3008 3340 tecum
3041 3283 3219 3339 simul
3252 3300 3384 3339 esse
3417 3284 3705 3347 merentes,

412 3375 572 3441 Quod
599 3375 728 3445 jam
762 3374 940 3427 ferme
972 3389 1175 3427 omnes
1209 3373 1400 3427 dicere
1432 3390 1583 3446 szepc
1610 3372 1799 3428 solent
1832 3389 1845 3428 :

339 3465 500 3531 Quod
534 3462 779 3518 minime
809 3460 1040 3533 penitus
1075 3478 1180 3515 nos
1215 3461 1526 3517 emendare
1556 3459 1839 3533 valemus,

413 3553 559 3608 Illud
593 3552 803 3607 debere
834 3568 939 3606 nos
971 3549 1229 3621 tolerare.
1250 3550 1435 3606 bene?

339 3643 464 3698 Non
496 3642 675 3715 igitur
702 3640 830 3697 volo
862 3640 992 3711 hoc,
1018 3656 1131 3695 non
1161 3638 1269 3694 hoc
1290 3638 1417 3694 volo
1439 3638 1629 3695 (110010
1659 3638 1824 3695 vobis

410 3732 521 3788 Sed
554 3731 709 3803 quod
745 3728 922 3785 solari
951 3746 1051 3784 vos
1081 3727 1268 3783 valeat
1299 3729 1527 3800 merito,

338 3825 464 3881 Non
497 3823 616 3877 fore
642 3837 745 3875 vos
776 3817 1089 3889 desolatas,
1125 3835 1240 3872 non
1270 3835 1372 3873 vos
1400 3818 1691 3889 viduatae,

408 3912 597 3968 Alfore
629 3924 785 3964 nunc
812 3911 1061 3962 matrem
1092 3923 1335 3979 prorsus
1369 3906 1774 3963 honorificam.

338 4003 468 4075 Ipse
497 4000 672 4069 Deus,
706 3996 808 4070 qui
837 3996 988 4051 hanc
1017 3995 1182 4051 vobis
1214 3999 1602 4066 concesserat,
1636 3996 1760 4067 ipse

408 4089 524 4145 Vos
558 4084 945 4155 conservabit,
978 4083 1191 4158 diriget
1221 4089 1396 4156 atque
1426 4089 1605 4157 reget,
1976 4119 1999 4135 .

340 4180 621 4235 Prmterea
652 4179 840 4230 mater
870 4174 987 4246 pia,
1021 4174 1193 4244 cujus
1225 4173 1284 4228 in
1316 4174 1593 4229 omnibus
1625 4173 1753 4245 ipsa

411 4267 529 4324 Usa
560 4265 670 4322 fuit
692 4263 821 4336 jugi
847 4262 1071 4335 jugitcr
1098 4261 1334 4334 auxilio,

341 4359 402 4414 In
436 4353 665 4411 cunctis
698 4351 885 4408 aderit
917 4367 1169 4424 semper,
1203 4368 1438 4426 quoque
1470 4350 1675 4409 sedula
1702 4352 1865 4408 vobis

410 4447 544 4512 Qua:
575 4441 664 4499 vel
696 4442 984 4514 tractatis,
1021 4442 1217 4497 dicitis
1248 4447 1351 4498 aut
1382 4442 1593 4497 facitis.

338 4536 452 4591 Nec
484 4532 668 4589 deerit
698 4532 899 4603 regina
931 4548 1096 4586 soror
1123 4530 1287 4587 vobis
1321 4530 1658 4603 ubicunque

410 4624 630 4679 Forsan
662 4619 842 4693 regali
873 4624 964 4676 est
994 4638 1143 4693 opus
1174 4619 1409 4676 auxilio.

337 4713 462 4768 Non
494 4712 741 4765 deerunt
770 4709 999 4780 fratres,
1034 4726 1149 4764 non
1182 4713 1287 4780 tot,
1319 4708 1581 4780 tantique
1612 4708 1834 4780 ﬁdeles,

407 4803 562 4866 Quos
592 4798 708 4855 late
736 4803 995 4853 vestrum
1025 4796 1347 4869 promeruit
1377 4797 1673 4853 meritum.

338 4888 629 4961 Praecipue
660 4894 853 4944 tamen
884 4888 1039 4944 alma
1071 4905 1253 4958 soror,
1278 4886 1436 4942 velut
1466 4887 1691 4959 optima
1721 4890 1908 4942 mater

408 4978 641 5034 Filiolas
674 4978 944 5050 precibus
976 4982 1239 5051 proteget
1270 4977 1545 5032 assiduis.

336 5068 502 5122 Nunc
533 5066 821 5137 siquidem
856 5072 1017 5123 tanto
1051 5066 1212 5122 vobis
1246 5065 1433 5138 magis
1466 5064 1627 5121 utilis
1658 5069 1866 5136 exstat,

407 5157 635 5221 Quanto
661 5155 853 5215 vicina
884 5173 1039 5211 nunc
1071 5154 1260 5228 magis
1290 5159 1378 5212 est
1406 5154 1676 5210 Domino.

336 5245 431 5299 Sic
462 5242 603 5299 olim
635 5259 800 5297 sacer
829 5244 983 5300 Elias
1016 5245 1156 5300 dum
1190 5246 1336 5300 forte
1368 5248 1631 5300 revectus

404 5332 487 5387 Ad
522 5347 765 5402 superos
796 5346 973 5387 curru
1005 5333 1207 5389 aﬁ'oret
1238 5331 1487 5406 igneolo,

335 5420 589 5493 Spiritus
619 5418 781 5494 illius
813 5419 1024 5490 duplex
1056 5421 1337 5493 requievit
1370 5422 1427 5477 in
1458 5422 1587 5494 ejus

406 5511 571 5566 Tunc
602 5507 789 5563 Eliseo
820 5508 1013 5563 denuo
1041 5509 1359 5581 discipulo;

334 5600 404 5657 Et
433 5598 573 5670 quia
602 5601 815 5653 cuncta
849 5600 1039 5669 potest
1066 5598 1372 5671 Dominus,
1406 5600 1618 5673 poterit
1650 5618 1905 5675 quoque,
1938 5601 1987 5659 si

407 5687 487 5744 De
520 5684 782 5747 minimis
813 5701 943 5757 ecce
970 5684 1092 5744 haec
1123 5686 1327 5747 eadem
1359 5688 1569 5747 facere.
1810 5689 1956 5767 [vult

2175 3380 2291 3434 Hoc
2320 3381 2542 3433 certare
2574 3375 2675 3431 diu
2706 3373 2973 3446 cogimur
3004 3373 3061 3427 in
3094 3372 3316 3440 stadio;

2103 3470 2219 3524 Nos
2243 3469 2607 3536 ﬂemus,qua:
2630 3463 2690 3518 in
2709 3463 2816 3518 hac
2835 3461 3093 3519 convalle
3110 3478 3322 3517 sumus
3342 3460 3726 3534 lacrymarum,

2172 3558 2438 3627 Tamque
2465 3554 2565 3608 diu
2597 3570 2631 3609 a
2662 3556 2864 3608 nostra
2900 3552 3228 3608 differimus
3256 3551 3470 3624 patria.

2103 3648 2191 3702 Tu
2225 3645 2383 3717 ﬁdei,
2410 3643 2538 3699 vitae
2571 3642 2762 3699 stadio
2794 3657 3089 3714 cursuque
3121 3644 3380 3713 peracto,

2173 3735 2307 3792 Jam
2338 3732 2557 3789 renites
2587 3732 2764 3804 digno
2793 3730 3042 3805 justitize
3075 3728 3307 3807 bravio;

2104 3824 2315 3880 Nostra
2345 3822 2512 3894 ﬁdes,
2536 3826 2736 3877 noster
2757 3837 2986 3888 cursus,
3010 3835 3185 3893 quem
3208 3834 3455 3891 prorsus
3476 3815 3672 3873 habere

2176 3912 2379 3969 Finem
2411 3908 2741 3984 praevaleat,
2766 3910 2827 3965 in
2858 3909 3037 3966 dubio
3064 3911 3350 3965 remanet.

2103 4004 2189 4059 Tu
2215 4004 2341 4075 jam
2374 4018 2509 4057 cum
2541 3999 2788 4056 Domine
2820 3998 3041 4054 devicto
3070 3997 3238 4054 hoste
3267 3994 3621 4070 triomphas;

2173 4092 2290 4147 Nos
2321 4089 2513 4145 adhuc
2544 4088 2730 4145 hostis
2763 4086 3011 4161 impedit
3042 4085 3391 4142 assidimus.

2102 4182 2182 4237 Te
2205 4182 2333 4253 jam
2365 4183 2569 4251 portus
2599 4177 2807 4246 habet;
2844 4193 2950 4233 nos
2980 4174 3174 4232 adhuc
3196 4175 3390 4247 jactat
3419 4174 3670 4247 abyssus.

2173 4270 2253 4325 Te
2283 4267 2383 4324 lux
2411 4283 2550 4323 vera
2579 4269 2765 4335 tenet;
2799 4282 2905 4321 nos
2935 4263 3188 4320 tenebra:
3221 4262 3500 4319 retinent.

2101 4358 2188 4414 Tu
2212 4374 2348 4413 cum
2368 4355 2695 4429 virginibus
2715 4354 3025 4425 comitans,
3045 4368 3403 4425 quocunque
3427 4351 3490 4421 it,
3502 4350 3724 4420 Agnum,

2175 4446 2324 4503 Lilia
2350 4462 2486 4502 cum
2515 4442 2684 4501 violis
2715 4442 2943 4518 colligis
2974 4446 3149 4521 atque
3179 4440 3364 4510 rosis;

2100 4537 2218 4592 Nos
2249 4552 2384 4591 cum
2417 4531 2719 4590 coancillis
2750 4530 2967 4589 nostris
2997 4529 3230 4587 tumulo
3260 4545 3399 4586 ecce
3428 4531 3618 4601 tuopte

2022 4637 2070 4701 1)
2173 4624 2368 4681 Flores
2400 4626 2741 4696 spargentcs
2771 4621 3045 4676 ducimus
3077 4618 3380 4675 excubias.

2104 4716 2191 4771 Tu
2215 4716 2342 4787 jam
2371 4714 2490 4768 fata
2519 4711 2726 4785 patris,
2752 4710 3000 4766 fratrum
3032 4705 3212 4765 simul
3243 4711 3424 4779 atque
3454 4715 3694 4763 sororum

2171 4801 2393 4858 Isthinc
2423 4817 2597 4856 nosse
2625 4798 2805 4869 vales,
2838 4797 2974 4853 inde
2997 4798 3207 4868 juvare
3235 4800 3436 4868 potes;

2098 4894 2215 4949 Nos
2246 4889 2355 4946 etsi
2386 4891 2541 4945 bona
2566 4888 2878 4945 credamus
2908 4888 2979 4942 de
3012 4902 3253 4941 munere
3284 4883 3529 4957 Christi,

2167 4979 2371 5048 Qualia
2402 4980 2521 5034 sint
2550 4994 2792 5051 prorsus
2823 4976 3114 5047 ambigua:
3142 4974 3425 5031 cluimus.

2096 5070 2285 5127 Chara
2314 5084 2499 5137 soror,
2530 5084 2658 5138 qua:
2691 5082 2864 5122 110880
2893 5068 3058 5137 potes
3088 5061 3267 5119 simul
3298 5067 3475 5135 atque
3496 5062 3680 5132 juvare

2170 5155 2305 5213 Illos
2336 5154 2645 5211 nobiscum
2676 5153 2893 5224 adiuva
2921 5151 3077 5225 apud
3109 5149 3429 5207 Dominum
3454 5149 3468 5205 l

2100 5246 2239 5302 Pars
2270 5249 2371 5300 tua
2401 5260 2508 5299 nos
2529 5242 2807 5314 cluimus,
2837 5240 2990 5298 sicut
3009 5244 3074 5297 tu
3097 5257 3234 5312 pars
3264 5254 3499 5313 quoque
3526 5236 3716 5297 nostra,

2171 5334 2251 5390 Tc
2282 5338 2477 5389 tecum
2509 5335 2741 5405 ’110111
2772 5347 2931 5387 1111110
2961 5346 3123 5404 rape,
3155 5328 3360 5402 chara,
3391 5316 3574 5386 tuum.

2100 5424 2354 5493 Fratres,
2386 5436 2815 5493 germanaeque
2847 5417 3049 5487 simul,
3082 5416 3260 5475 simul
3288 5434 3419 5476 esse
3448 5412 3690 5489 parentes

2170 5512 2318 5578 Quid
2351 5510 2542 5583 magis
2572 5525 2701 5566 0880
2731 5508 2964 5580 decens,
2989 5507 3130 5581 qu.d
3160 5522 3335 5581 mage
3365 5503 3532 5563 dulce
3557 5495 3715 5576 potest

2100 5602 2256 5658 Inter
2284 5616 2346 5656 se
2378 5598 2575 5657 dirimi
2606 5596 2849 5655 minimc
2881 5613 3037 5653 nunc
3067 5584 3343 5654 Convenit
3370 5593 3486 5652 illic

2172 5690 2295 5752 Uno
2325 5694 2487 5768 patre
2520 5692 2700 5765 satos,
2728 5697 2845 5747 un‘o
2876 5691 3042 5751 utero
3072 5686 3324 5761 genitos.
