3904 6382
199 491 371 552 “93
1180 497 1565 557 DIALOGI'S
1613 500 1712 558 nn
1759 497 1995 561 (iBITU
2039 502 2102 562 s.
2153 504 2694 568 llATlIUMOD/E.
3464 479 3620 576 “et

192 624 393 681 Chara
421 642 606 715 soror,
651 625 1030 696 desiderium,
1063 625 1379 701 lumenque
1409 635 1666 698 tuorum,
1883 625 1938 700 Α
1965 635 2326 692 Arsurumne
2358 639 2582 710 putatis
2613 656 2769 709 cum,
2803 641 2973 714 cujus
3002 643 3098 715 pia
3129 639 3281 704 facta

271 715 461 780 Quam
493 714 682 770 brevis
717 719 804 770 est
835 715 1026 784 nobis,
1061 733 1217 772 nunc
1249 717 1352 772 tibi
1385 717 1558 790 longa
1589 718 1787 774 salus!
2039 723 2254 781 Mundo
2290 725 2486 782 labent
2509 731 2701 785 cstant
2733 729 2858 786 sine
2885 714 3191 789 ﬁneifere?

191 803 346 871 Heu,
379 819 558 875 quam
592 803 649 858 in
680 804 909 859 modico
943 806 1246 860 nobiscum
1282 812 1541 879 tempore
1572 807 1788 876 vivens,
1965 814 2092 867 Stat
2123 814 2284 869 locus
2319 815 2414 871 ille
2445 816 2568 885 Dei,
2603 833 2778 890 quem
2813 819 3133 877 tradiderat
3155 808 3495 882 famulabiis

267 897 458 960 Quam
486 893 600 948 cito
634 895 697 948 tu
729 893 899 948 nobis
934 899 1166 950 mortua
1198 897 1553 952 transicrasl
2035 905 2168 970 Qum
2202 922 2304 976 pro
2337 921 2397 959 sc
2420 906 2596 978 juges
2627 893 3312 983 continuant‘lacrymas.

187 981 366 1036 Nunc
399 981 458 1036 in
489 981 706 1037 ce‘lesti
743 981 877 1036 felix
912 983 1139 1055 regione
1173 983 1378 1052 locata,
1964 991 2065 1045 llic
2097 993 2310 1047 chorus
2343 990 2444 1049 ille
2467 994 2630 1060 eluit,
2659 1014 2835 1068 quem
2886 981 3142 1070 pridem:
3164 999 3384 1057 solvere
3423 1005 3619 1075 grates

263 1071 386 1124 Nos
417 1071 503 1126 vel
537 1087 640 1143 per
665 1071 827 1126 visus
861 1071 1038 1126 chara
1070 1074 1253 1128 revise
1284 1075 1578 1145 frequens.
2034 1081 2137 1134 Pro
2171 1099 2231 1138 se
2263 1083 2483 1138 salvato
2513 1085 2736 1140 viderat
2762 1085 2888 1158 ipse
2919 1086 3055 1142 Deo.

186 1159 283 1214 Sit
317 1159 524 1214 saltem
557 1161 786 1215 mmstis
817 1160 940 1216 hzee
971 1162 1292 1218 consolatio
1326 1163 1518 1230 nobis,
1820 1203 1824 1206 ‹
1959 1169 2116 1224 Vidit
2145 1171 2299 1226 enim
2333 1172 2388 1226 in
2424 1174 2646 1227 somnis
2681 1175 2736 1228 in
2773 1175 3024 1232 maceria
3061 1176 3240 1233 nimis
3271 1176 3389 1235 alta

265 1247 342 1303 Ut
373 1264 477 1320 per
506 1249 708 1304 crebra
740 1251 808 1338 ad
846 1268 950 1304 nos
984 1252 1214 1306 somnia
1246 1256 1307 1306 tu
1335 1251 1532 1307 venias
1555 1252 1582 1306 ‘2
2031 1259 2110 1313 'l‘e
2145 1261 2554 1316 nutabundum
2591 1268 2747 1318 stare
2781 1263 2924 1318 satis
2955 1265 3286 1338 trepidum;

186 1338 261 1392 Et
285 1338 443 1408 jam,
474 1338 670 1407 chara,
702 1337 850 1405 vale,
884 1339 1127 1394 dulcedo
1158 1345 1214 1395 et
1246 1340 1432 1412 gloria
1459 1345 1656 1396 nostra
1957 1347 2222 1418 Cumque
2256 1353 2563 1420 putaretur
2591 1350 2759 1422 quasi
2793 1337 3103 1408 confestim
3136 1355 3453 1427 periturus,

261 1427 502 1500 Nosque
531 1429 650 1483 tuis
682 1428 898 1500 dignis,
933 1429 1131 1496 chara,
1158 1431 1301 1500 juva
1332 1430 1579 1485 meritis.
2030 1438 2353 1502 Qnemdam
2387 1438 2675 1494 clamasse
2708 1441 2978 1512 protinus
3009 1458 3040 1497 c
3070 1441 3247 1498 latere
3284 1459 3298 1498 :

183 1514 283 1604 Te,
303 1517 482 1572 modo
516 1515 832 1585 submisse,
868 1518 1046 1572 frater
1077 1518 1307 1586 dilecte,
1340 1534 1642 1590 rogamus,
1955 1523 2049 1577 Va:
2084 1525 2318 1593 misero,
2345 1527 2493 1598 jam,
2527 1526 2739 1600 inquit,
2776 1529 3020 1600 ruituro,
3047 1531 3174 1602 jam
3206 1521 3486 1604 perituro,

255 1603 626 1662 Commendo.
653 1605 876 1661 crebris
902 1605 1055 1661 hanc
1087 1606 1335 1662 Domino
1367 1607 1662 1679 precibus.
2027 1613 2141 1669 Nec
2173 1631 2308 1685 spes
2339 1613 2461 1670 ulla
2489 1615 2603 1671 sibi
2628 1617 2755 1688 jam
2784 1617 2999 1690 poterit
3029 1615 3176 1676 fieri.

181 1694 275 1750 Tu
310 1693 420 1750 tibi
451 1693 618 1750 testis
649 1693 808 1762 ades,
835 1699 1121 1767 quantum
1154 1700 1209 1750 te
1241 1712 1472 1768 semper
1499 1697 1732 1766 amarit,
1950 1701 2036 1756 Ad
2064 1702 2184 1757 hate
2216 1702 2312 1758 ille
2343 1703 2456 1758 fide
2482 1703 2654 1776 plena
2687 1722 2700 1760 :
2735 1723 2850 1762 non
2884 1705 2968 1763 sic
2999 1706 3129 1776 erit,
3161 1707 3374 1780 inquit,

257 1783 430 1870 Nunc
463 1782 545 1838 illi
572 1782 811 1870 dignam
841 1783 966 1856 ipse
1000 1784 1249 1856 repende
1276 1784 1484 1852 vicem,
2023 1790 2135 1846 Sed
2167 1809 2300 1863 spes
2333 1809 2574 1864 prorsus
2605 1793 2736 1862 erit,
2772 1795 2822 1852 si
2852 1796 3006 1852 Deus
3038 1793 3162 1870 ipse
3192 1791 3349 1852 velit.

181 1869 304 1925 Nos
337 1869 516 1925 etiam
549 1869 828 1925 minimas
859 1871 985 1940 ejus
1018 1873 1090 1926 de
1118 1887 1278 1928 more
1309 1889 1540 1928 sorores
1952 1878 2045 1933 Sic
2075 1879 2219 1950 pede
2249 1877 2487 1951 delapso
2518 1898 2580 1937 se
2611 1883 2937 1939 demissum
2969 1884 3365 1956 pededentim,

256 1960 430 2015 Nunc
461 1960 946 2016 commendamus
979 1978 1109 2016 ecce
1139 1961 1258 2018 tuis
1290 1963 1588 2030 manibus,
1873 2005 1920 2070 B
2026 1967 2094 2021 Et
2120 1974 2273 2022 recto
2302 1972 2546 2042 utroque
2577 1969 2686 2026 rite
2717 1973 2951 2028 stetisse
2981 1973 3148 2046 pede.

297 2049 509 2070 JH-”
2177 2059 2185 2070 .
2780 2061 2792 2070 .
2859 2062 2881 2070 -
2950 2061 3016 2070 .-

183 2047 260 2104 Ut
291 2049 528 2117 doceas,
561 2063 871 2105 moneasve
903 2050 1006 2105 tibi
1039 2067 1145 2106 nos
1175 2067 1336 2107 more
1367 2055 1553 2118 sueto,
1873 2047 1920 2070 ”
1954 2055 2056 2111 IIic
2083 2059 2297 2112 coetum
2331 2073 2612 2132 magnum
2641 2061 2827 2118 versis
2853 2061 3114 2118 faciebas
3143 2064 3216 2120 ad
3247 2067 3445 2120 ortum

256 2139 329 2194 Et
360 2154 470 2195 nos
500 2137 686 2210 ipsius
717 2154 948 2210 semper
979 2155 1173 2195 amore
1205 2139 1382 2207 colas,
2023 2147 2224 2202 Grates
2254 2145 2390 2202 inde
2421 2147 2514 2220 pio
2547 2165 2682 2205 mox
2712 2149 2982 2206 retulisse
3009 2147 3146 2208 Deo.

182 2227 518 2284 Mercedem
549 2227 713 2284 dabit
744 2227 839 2282 hic
871 2229 1052 2296 vobis,
1085 2229 1177 2284 cui
1213 2229 1410 2284 scr-viit
1439 2229 1586 2302 ipsa,
1950 2232 2110 2288 Vidit
2142 2233 2279 2288 huic
2311 2233 2492 2291 alium
2520 2253 2635 2292 non
2669 2237 3017 2294 dissimilem
3053 2240 3168 2296 fere
3197 2240 3390 2298 visum
3417 2260 3430 2310 ;

259 2318 448 2389 cuius
481 2317 622 2372 item
657 2316 888 2372 famulir
923 2337 1036 2372 non
1071 2336 1278 2374 sumus
1309 2319 1550 2390 exiguae.
2023 2323 2086 2376 In
2122 2323 2368 2379 nimium
2403 2323 2556 2382 celsa
2588 2326 2764 2382 affore
2793 2343 2854 2382 se
2886 2327 3095 2384 frutice
3123 2345 3138 2396 ;

181 2405 298 2460 Nos
332 2405 516 2461 etiam
548 2405 719 2459 solito
750 2408 804 2459 te
837 2422 1069 2478 semper
1101 2422 1298 2461 amore
1322 2405 1604 2473 colemus,
1949 2412 2214 2484 Cumque
2244 2413 2537 2470 videretur
2561 2413 2718 2470 velut
2747 2433 2814 2470 cx
2847 2414 2964 2472 alto
2995 2415 3280 2486 ruiturus,

253 2497 448 2552 Immo
479 2496 670 2568 magis
703 2495 972 2564 colimus,
1008 2513 1185 2568 quam
1218 2495 1402 2553 solita)
1435 2497 1677 2553 fuimus.
2021 2503 2345 2570 Quemdam
2379 2502 2597 2560 dixisse
2629 2503 2713 2560 sic
2745 2503 2984 2560 sibimet
3015 2505 3213 2562 subito
3247 2522 3262 2560 :

921 2647 1113 2687 “nos.
1949 2592 2005 2648 Si
2041 2609 2293 2660 ramum,
2327 2591 2428 2664 qui
2459 2592 2848 2664 prmmodicus
2878 2592 2989 2650 sibi
3023 2593 3327 2666 proximus
3355 2583 3528 2666 esset,

1101 2672 1113 2686 ’
2023 2681 2270 2736 Fortiter
2297 2679 2586 2736 ambabus
2615 2681 2944 2753 conciperet
2972 2681 3272 2750 manibus,

183 2764 433 2820 Gratum
464 2763 631 2820 valde
662 2764 807 2819 mihi
840 2764 947 2819 hoc
979 2768 1086 2832 est,
1120 2765 1273 2836 quod
1306 2763 1523 2832 dicitis,
1549 2764 1730 2820 immo
1949 2768 2019 2823 Se
2052 2767 2195 2821 nihil
2229 2765 2586 2824 omnimodis
2617 2785 2934 2840 passurum
2968 2783 3178 2842 nempe
3207 2755 3430 2843 pericli,

257 2854 424 2910 Istud
458 2870 615 2910 nunc
645 2854 769 2926 ipsc
801 2854 1116 2910 debueram
1148 2858 1363 2924 petere.
2022 2857 2134 2914 Nec
2168 2857 2306 2928 quid
2338 2855 2389 2912 ci
2420 2872 2663 2928 prorsus
2695 2873 2866 2928 posse
2897 2858 3050 2914 male
3080 2858 3227 2913 fieri.

185 2943 295 2997 Sed
328 2942 693 3015 praavcuistis
725 2943 878 2998 sicut
909 2942 1153 3008 meritis,
1186 2942 1268 2998 ita
1299 2959 1488 2998 causa
1946 2946 2112 3000 Tunc
2143 2945 2355 3000 iterum
2403 2949 2644 3014 coitum,
2677 2949 2742 3000 ut
2772 2943 2910 3014 dixi,
2944 2961 3290 3003 conversum
3322 2947 3396 3004 ad
3429 2933 3599 3006 illum

255 3031 433 3086 Istius
464 3031 671 3086 humili
708 3032 974 3086 funditus
1008 3031 1220 3086 officio.
2019 3035 2246 3090 Laudes
2277 3032 2526 3089 salvanti
2557 3033 2929 3090 concinuisse
2959 3032 3097 3090 Deo.

185 3117 346 3175 Unde
377 3121 520 3193 quia
549 3118 839 3176 alternum
873 3125 1138 3176 nostrum
1173 3120 1319 3175 bene
1357 3121 1522 3176 scitis
1576 3136 1833 3175 amorem
1944 3124 2182 3179 Viderat
2211 3122 2320 3178 hoc
2351 3139 2509 3190 sane,
2543 3121 2746 3194 paucis
2777 3123 2942 3196 prius
2971 3120 3096 3196 ipse
3125 3122 3334 3182 diebus

253 3213 372 3265 Hoc
404 3227 509 3265 vos
539 3211 746 3266 affectu
777 3211 957 3281 diligo
988 3215 1135 3265 teste
1165 3210 1302 3266 Deo.
2017 3216 2202 3281 Quam
2236 3213 2381 3268 foret
2411 3211 2702 3281 inﬁmus,
2734 3229 2916 3268 sanus
2946 3212 3138 3270 adhuc
3168 3202 3423 3286 penitus.

182 3295 462 3354 Doctrina
489 3317 589 3354 vos
618 3317 750 3354 vero
785 3317 912 3354 mea
947 3319 1059 3354 non
1093 3317 1336 3372 prorsus
1365 3299 1546 3372 egetis
1571 3317 1584 3367 ;
1949 3305 2080 3360 ΙΙωο
2111 3302 2250 3374 quid
2281 3301 2633 3374 portendant
2661 3301 2809 3356 bene
2837 3315 2941 3358 vos
2971 3298 3264 3359 advertere
3295 3303 3498 3374 quitis,

251 3389 350 3444 Est
381 3388 488 3460 qui
518 3407 618 3445 vos
649 3389 934 3444 Dominus
964 3391 1218 3444 instruat
1249 3389 1516 3445 interius.
1863 3375 1906 3440 (ἶ
2019 3395 2086 3448 Et
2117 3392 2235 3446 hmc
2266 3390 2420 3446 inter
2447 3406 2510 3445 se
2539 3407 2655 3445 non
2687 3391 2810 3446 fore
2839 3389 3118 3462 disparia.

183 3477 480 3551 Quidquid
540 3478 601 3533 in
649 3478 928 3550 obsequio
981 3495 1108 3533 esse
1159 3483 1368 3549 potest,
1417 3478 1489 3532 ad
1553 3477 1661 3532 hoc
1711 3479 1831 3534 fore
1941 3483 2090 3552 Ergo
2123 3480 2265 3552 quid
2300 3479 2359 3533 in
2391 3495 2562 3534 muro
2595 3479 2828 3547 renitet,
2861 3478 2977 3533 nisi
3010 3477 3166 3536 celsa
3195 3468 3474 3552 potestas,

1467 3565 1830 3638 [promptum
2011 3575 2134 3636 Qua
2167 3574 2306 3624 tunc
2336 3565 2612 3622 sublatus
2637 3565 2765 3639 ipse
2795 3561 2908 3621 fuit
2935 3567 3175 3638 penitus
3195 3559 3227 3622 ἵ

253 3656 322 3711 Et
352 3673 448 3713 me
479 3655 777 3730 promitto,
809 3662 868 3713 et
899 3657 1020 3712 fore
1051 3673 1166 3713 non
1199 3655 1423 3712 dubito.
1940 3661 2144 3717 Murus
2173 3657 2330 3714 enim
2363 3656 2552 3712 factus
2581 3656 2653 3710 de
2683 3655 2841 3710 saxis
2869 3651 3144 3728 pluribus
3173 3645 3386 3724 exstat,

184 3743 262 3800 De
292 3747 480 3818 patris
509 3751 566 3802 et
596 3746 864 3815 fratrum,
899 3746 998 3818 qui
1031 3747 1351 3815 decessere,
1384 3744 1572 3801 salute
2010 3749 2174 3806 Sicut
2201 3749 2325 3802 erat
2354 3745 2558 3801 multis
2589 3742 2774 3801 fultus
2805 3743 2902 3800 hic
2931 3743 3237 3802 asseculis.

252 3834 377 3890 Non
410 3836 578 3892 decet
600 3852 729 3891 esse
762 3835 938 3896 nimis
965 3853 1066 3891 vos
1097 3835 1270 3890 modo
1302 3834 1604 3890 sollicitas.
1940 3839 2051 3896 Sed
2084 3837 2179 3893 hic
2210 3853 2268 3890 in
2297 3851 2532 3890 summo
2564 3850 2870 3890 murorum
2901 3831 3158 3890 culmine
3186 3834 3399 3903 stabat,

187 3921 307 3980 Una
338 3941 526 3996 soror,
559 3925 709 3980 terni
742 3925 950 3980 fratres
982 3924 1177 3980 obiere
1207 3923 1426 3993 tenelli,
2011 3928 2174 3996 Quod
2210 3923 2414 3980 multis
2447 3941 2602 3980 unus
2634 3923 2755 3980 dux
2785 3923 2975 3979 fuerat
3001 3922 3251 3995 positus.

250 4015 414 4080 Quod
446 4013 567 4070 fore
597 4014 704 4070 hos
735 4015 896 4086 ipsos
925 4015 1210 4086 approbat
1238 4013 1543 4071 innocuos.
1939 4019 2009 4073 Et
2038 4015 2178 4089 quia
2207 4012 2417 4070 salvari
2450 4011 2684 4080 meruit,
2715 4015 2856 4068 tunc
2887 4009 3134 4086 spiritus
3162 4011 3315 4084 ejus,

183 4101 344 4159 Enda
373 4120 561 4169 soror,
593 4120 722 4175 quae
745 4103 872 4175 jam
904 4104 1094 4159 fuerat
1123 4104 1438 4173 conjuncta
1468 4101 1702 4172 marito,
2012 4105 2152 4162 Inde
2182 4119 2360 4160 ruens
2393 4101 2566 4158 rectis
2597 4101 2938 4158 constiterat
2965 4099 3234 4174 pedibus.

252 4194 416 4257 Quod
449 4193 648 4248 minus
678 4191 808 4264 ipsa
835 4196 1013 4260 tenet,
1048 4191 1109 4247 in
1137 4191 1336 4248 sobole
1366 4191 1514 4248 illud
1547 4193 1744 4249 habet.
1941 4194 2105 4251 Unde
2137 4193 2301 4248 locus
2325 4195 2534 4261 vester,
2568 4207 2744 4264 quem
2776 4189 3034 4248 fundans
3061 4185 3334 4260 initiavit,

188 4279 314 4351 Ipse
343 4286 511 4354 pater
538 4281 809 4354 quamvis
841 4282 968 4336 sine
999 4281 1169 4336 sorde
1198 4280 1526 4352 nequiverit
1553 4299 1704 4350 esse,
2009 4283 2095 4339 0b
2127 4282 2286 4337 hunc
2317 4279 2606 4336 salvatum
2636 4278 2926 4352 gloriﬁcat
2952 4276 3292 4352 Dominum.

253 4369 464 4444 Utpote
496 4370 796 4426 mundano
826 4370 1105 4442 praeditus
1135 4368 1326 4426 officio
1351 4388 1365 4438 ;
1939 4373 2054 4428 Nec
2086 4371 2196 4426 hoc
2227 4367 2516 4425 dissimile
2543 4371 2634 4422 est
2661 4368 2816 4440 quod
2852 4365 2987 4439 post
3014 4365 3140 4439 haec
3165 4363 3292 4440 ipse
3319 4363 3593 4438 videbat;

186 4458 428 4524 Quantis
458 4461 584 4533 ipse
614 4458 782 4515 bonis
814 4463 1010 4514 tamen
1041 4458 1362 4514 emundare
1392 4458 1582 4532 piacla
2011 4461 2122 4518 Sed
2150 4460 2270 4516 fore
2298 4457 2455 4514 hunc
2483 4454 2677 4512 visum
2707 4455 2910 4512 edocet
2940 4453 3275 4511 indubiam.
3335 4521 3346 4526 _

253 4547 485 4604 Curarit
513 4547 768 4621 propria,
799 4563 900 4604 vos
921 4548 1067 4603 bene
1097 4563 1272 4604 nosse
1299 4547 1444 4604 scio.
1936 4551 2125 4607 Arbor
2152 4547 2332 4617 enim,
2364 4561 2491 4619 quae
2523 4543 2679 4602 celsa
2706 4542 2852 4602 satis
2881 4538 3072 4600 fuerat
3099 4539 3213 4600 Sibi
3241 4539 3368 4602 visa

187 4635 330 4694 Nam
359 4637 498 4694 licet
524 4637 852 4693 innumeris
881 4636 1089 4692 mundi
1121 4637 1279 4692 curis
1301 4642 1684 4710 premeretur,
2011 4638 2214 4695 Ramis
2244 4635 2474 4702 erectis,
2505 4633 2648 4690 ﬂore
2679 4631 2892 4690 decora
2919 4627 3086 4701 satis,

253 4720 299 4780 A
327 4725 546 4799 quibus
575 4725 735 4782 haud
766 4741 939 4797 opere
969 4741 1032 4782 se
1063 4725 1251 4797 quivit
1279 4742 1508 4794 exuere,
1859 4741 1906 4806 D
1939 4726 2160 4800 Inclyta
2189 4723 2498 4799 progenies
2527 4724 2658 4796 ejus
2690 4719 3066 4796 propagoque
3096 4713 3252 4806 celsa
3279 4717 3389 4791 cst,

190 4812 432 4872 Romam
464 4815 733 4888 perrexit,
767 4831 905 4886 quo,
939 4814 1034 4870 cui
1065 4831 1346 4871 concessa
1374 4815 1622 4873 facultas
1866 4805 1875 4806 ί
2009 4817 2080 4871 Et
2104 4813 2325 4871 mundo
2356 4811 2514 4868 clara
2541 4815 2600 4867 et
2627 4809 2876 4868 Domino
2905 4805 3138 4882 placita.

257 4903 526 4962 Solvendi
561 4904 768 4972 fuerat,
802 4903 1024 4960 solvere
1053 4921 1114 4960 se
1146 4907 1387 4976 peteret.
1939 4905 2085 4964 Nam
2117 4903 2272 4976 quod
2305 4901 2463 4958 clara
2492 4900 2606 4956 fuit
2635 4899 2878 4969 mundo,
2912 4899 3020 4954 ﬂos
3049 4898 3458 4972 prodigiabat;

189 4989 330 5048 Hinc
361 4994 572 5067 dignos
603 4992 828 5049 cineres
859 4998 1200 5049 sanctorum
1231 4993 1338 5048 rite
1369 4998 1668 5049 revectans
2009 4993 2120 5048 Sed
2155 4993 2444 5047 monstrat
2473 4992 2652 5054 recta,
2685 4987 2842 5060 quod
2873 4986 3120 5042 Domino
3150 4985 3389 5059 placita.

259 5081 488 5138 Partem
519 5082 590 5138 de
620 5081 855 5152 proprio
875 5083 1010 5152 jure
1039 5081 1199 5137 dedit
1227 5081 1494 5138 Domino.
1855 5110 1870 5116 ~
1939 5083 2000 5138 In
2033 5081 2215 5154 hujus
2247 5095 2480 5136 summo
2511 5094 2628 5134 non
2661 5081 2852 5144 stans,
2875 5075 2978 5132 sed
3009 5074 3305 5148 pendulus
3335 5077 3524 5146 haesit,

189 5166 466 5226 Hicsacra
484 5174 821 5226 sanctorum
835 5169 1309 5238 ossalocans,vos
1327 5169 1584 5242 quinque
1603 5189 1828 5227 sorores
2011 5171 2136 5242 Ipse
2169 5169 2324 5242 quod
2357 5169 2489 5224 ante
2520 5169 2727 5237 potens
2758 5164 2988 5220 ﬁnierat
3016 5164 3300 5239 attiguas.

259 5259 358 5315 llic
387 5261 584 5316 divino
615 5259 843 5314 dedidit
872 5259 1175 5332 obsequio.
1938 5261 2221 5316 Summus
2243 5260 2385 5326 erat,
2401 5255 2540 5328 quia
2559 5269 2769 5326 nempe
2797 5251 2890 5310 sui
2921 5253 3153 5325 generis
3183 5255 3363 5313 simul
3383 5273 3586 5314 omnes

191 5344 476 5416 Filiolum,
511 5365 685 5422 quem
721 5348 984 5404 ccenobio
1006 5349 1208 5418 junxit
1239 5349 1683 5418 monachorum,
2007 5347 2160 5403 Vicit
2185 5345 2419 5412 virtute,
2449 5343 2590 5401 vicit
2621 5342 2839 5398 honore
2868 5358 3124 5416 quoque.

257 5434 334 5492 Ne
365 5454 482 5509 qua
506 5438 623 5493 Deo
655 5437 884 5493 deesset
915 5437 1102 5508 portio
1137 5438 1280 5492 forte
1311 5438 1426 5493 sui.
1941 5435 2237 5492 Pendulus
2267 5432 2534 5500 adhaesit,
2569 5430 2707 5504 quia
2729 5431 2856 5502 jam
2882 5435 3089 5489 nutare
3119 5437 3375 5506 potestas

189 5517 480 5582 Postremo
512 5526 806 5583 redimens
836 5525 1220 5596 clecmosynis
1251 5525 1578 5595 malefacta,
2009 5525 2214 5581 Vicina
2245 5526 2430 5578 morte
2463 5525 2717 5592 cmperat
2748 5521 2877 5593 ipsa
2905 5538 3035 5580 sua.

257 5611 504 5686 Ipsaque
535 5616 866 5680 confessus,
901 5619 1169 5670 mortuus
1203 5615 1258 5669 in
1292 5615 1484 5670 cinere
1513 5621 1622 5671 est.
1941 5615 2087 5670 Huic
2117 5615 2239 5668 erat
2267 5611 2528 5684 attiguus
2562 5627 2782 5679 ramus,
2817 5611 2956 5683 quia
2982 5609 3244 5684 proxima
3271 5627 3444 5668 carne

187 5695 323 5760 Quis
353 5703 564 5774 pietate
595 5705 694 5760 Dei
729 5721 832 5776 pro
862 5703 954 5758 his
985 5720 1100 5759 non
1125 5703 1355 5773 judicet
1384 5705 1579 5776 ipsum
2010 5700 2342 5759 Hatbumed
2373 5699 2529 5755 alma
2557 5700 2684 5755 suis
2705 5700 2862 5774 juvit
2889 5715 3024 5756 eum
3055 5698 3300 5755 meritis.

255 5785 621 5852 Omnimodis
652 5792 897 5866 dignum
931 5792 1176 5849 crimine
1208 5792 1328 5851 fore
1357 5809 1522 5850 reum
1543 5793 1572 5852 ?
1939 5794 2042 5853 Hic
2074 5806 2407 5868 praeparvus
2438 5793 2580 5863 erat,
2615 5789 2892 5866 quoniam
2922 5787 3043 5847 hac
3072 5785 3294 5848 femina
3321 5804 3463 5848 sexu

498 5921 763 5987 PATROL.
809 5917 1146 5986 CXXXVII.
3190 5912 3270 5983 38
