3904 6394
327 449 484 514 H95

390 587 519 645 Non
553 587 747 643 fuerat
774 587 943 642 famas
975 589 1290 645 ambitiosa
1320 607 1460 647 suae.

320 676 487 732 Hunc
518 675 613 731 hic
644 675 998 749 constringit
1028 677 1330 749 manibus,
1360 678 1503 751 quia
1549 679 1804 752 plurima
1828 683 1977 738 natm

390 766 580 836 Atque
607 765 907 821 ceancillis
940 767 1192 823 contulit
1222 768 1347 840 ipse
1378 768 1525 826 suis.

312 853 430 911 Hoc
464 854 767 927 meritum,
801 856 911 913 hoe
942 861 1053 926 est,
1088 858 1244 930 quod
1289 875 1426 915 eum
1468 860 1596 931 jam
1632 860 1879 931 jamque
1901 858 1979 915 la-

558 946 561 949 ’
1720 950 1978 1021 [bentem

356 1036 430 1090 'A
462 1052 603 1091 casu
636 1035 804 1108 plene
836 1037 1060 1110 eripuit
1088 1038 1333 1110 duplici.

320 1123 469 1182 Nam
500 1126 658 1196 quod
691 1127 967 1183 nobilitas
1000 1127 1137 1184 tulit
1164 1133 1266 1183 aut
1292 1132 1524 1184 terrena
1554 1132 1836 1200 potestas,

392 1214 511 1271 Hoc
540 1215 924 1291 eleemosyme
956 1218 1333 1274 reddiderant
1356 1217 1549 1274 varies.

319 1302 458 1372 Vos,
491 1306 593 1375 qui
624 1306 718 1363 his
748 1307 965 1361 uterini
998 1307 1215 1378 pariter
1248 1323 1381 1362 cum
1415 1307 1664 1379 conjuge
1695 1306 1877 1379 digna

394 1392 587 1464 Ipsius
620 1394 751 1450 sitis
782 1399 1061 1467 perpetuo
1095 1412 1406 1452 memores.

319 1481 452 1538 Haac
482 1483 721 1553 etenim,
754 1483 876 1539 bzec
907 1488 1015 1555 est,
1041 1502 1169 1556 quae
1204 1502 1434 1542 ramum
1464 1487 1746 1558 prendere
1768 1484 1983 1557 palmis

393 1571 525 1627 Haze
557 1588 684 1644 qua
707 1572 1111 1648 eleemosynas
1143 1575 1332 1631 suasit
1363 1576 1415 1631 ei
1445 1577 1659 1633 varias.

320 1657 437 1715 Vos
467 1660 778 1717 debitrices
811 1662 991 1718 simul
1023 1664 1165 1718 estis
1198 1665 1433 1737 utrique
1463 1666 1711 1738 parenti,

394 1748 523 1805 Una
552 1766 687 1806 cum
717 1752 965 1820 cunctis,
1001 1770 1151 1824 quas
1179 1757 1338 1809 tenet
1367 1754 1465 1810 ille
1495 1754 1680 1811 locus.

315 1836 501 1904 Quem
523 1837 791 1908 Domino,
826 1841 1165 1912 sanctisque
1195 1842 1319 1898 suis
1350 1843 1557 1900 dantes
1588 1843 1916 1900 voluerunt

387 1925 627 1984 Cunctis
658 1945 1034 1985 communem
1064 1931 1241 1987 affore
1266 1948 1369 2003 per
1397 1933 1737 1990 Dominum.

314 2013 431 2071 Vos
461 2017 602 2073 estis
631 2034 771 2091 grex
798 2018 897 2075 ille
927 2037 1110 2090 sacer,
1145 2038 1321 2092 quem
1348 2020 1570 2079 solvere
1595 2026 1809 2095 grates,

385 2105 546 2161 Vidit
574 2107 670 2163 hic
696 2108 757 2165 in
790 2109 1015 2164 somnis
1044 2110 1133 2165 vir
1161 2111 1408 2167 Domino
1437 2110 1712 2183 placitus.

321 2194 617 2267 Quidquid
640 2214 894 2269 namque
916 2199 1053 2253 boni
1081 2198 1292 2268 facitis,
1316 2199 1426 2255 hoc
1446 2201 1517 2256 ad
1547 2200 1656 2257 hoc
1678 2203 1988 2272 remeabit,

389 2284 499 2351 Qui
528 2285 692 2341 vobis
724 2285 893 2342 illum
925 2286 1035 2343 rite
1066 2288 1278 2343 dedere
1310 2287 1525 2347 locum.

325 2372 618 2445 Praecipue
649 2379 848 2431 tamen
880 2375 989 2431 hoc
1021 2377 1093 2432 ad
1125 2376 1276 2432 hanc
1308 2379 1517 2435 merito
1549 2381 1854 2447 remeabit,

398 2465 532 2530 Quae
562 2481 665 2521 vos
696 2466 962 2534 nutrivit,
998 2482 1125 2537 qua)
1159 2466 1336 2522 simul
1369 2468 1650 2526 instituit.

329 2552 457 2618 Qua
485 2551 557 2606 de
588 2568 648 2608 re
679 2552 950 2624 precibus
980 2570 1083 2625 pro
1110 2554 1238 2621 hac,
1276 2556 1431 2626 quod
1461 2557 1725 2629 poscitis,
1760 2557 1871 2614 etsi

398 2640 592 2711 Ipsius
622 2641 748 2712 ipse
779 2642 969 2713 magis
1004 2643 1302 2715 indigeam
1333 2645 1632 2718 precibus,

323 2728 444 2784 IIoe
474 2746 575 2785 vos
610 2747 782 2786 nosse
808 2729 957 2799 volo,
999 2731 1189 2803 ipsius
1223 2734 1611 2806 quoadusque
1643 2740 1989 2808 superstans

399 2818 564 2887 Sum,
599 2835 826 2875 memor
855 2820 982 2891 ipse
1014 2821 1129 2876 mei
1163 2838 1256 2877 me
1289 2838 1611 2879 memorem
1644 2824 1792 2880 fieri.

326 2907 442 2963 Nec
474 2908 543 2963 de
571 2910 743 2964 corde
772 2926 900 2964 meo
933 2927 1041 2966 sua
1071 2911 1248 2967 chara
1279 2913 1499 2969 recedit
1522 2912 1738 2985 imago,

398 2995 503 3053 Vel
534 3013 669 3054 cum
701 2998 975 3067 dormite,
1004 2998 1092 3054 vel
1124 3001 1322 3072 potius
1351 3000 1550 3074 vigilo.

332 3086 597 3158 Denique
629 3103 765 3144 cum
795 3088 992 3160 vigilo,
1029 3090 1100 3145 de
1132 3090 1240 3146 hac
1269 3090 1356 3147 vel
1387 3107 1570 3164 penso
1602 3091 1898 3164 loquorve,

404 3175 585 3235 Nocte
616 3176 761 3232 mihi
794 3177 1035 3234 charam
1066 3181 1297 3235 somnia
1327 3181 1471 3237 dant
1498 3181 1729 3237 faciem.

332 3262 483 3322 Nam
506 3264 734 3335 quoties
767 3282 1013 3323 somnus
1044 3265 1233 3323 lassos
1263 3268 1504 3324 obducit
1531 3268 1764 3338 ocellos,

405 3351 679 3408 Protinus
710 3359 972 3426 apparet,
1006 3371 1141 3411 mox
1171 3355 1392 3428 aliquid
1424 3361 1736 3416 memorat.

333 3439 597 3499 Plurima
624 3446 785 3510 sunt,
817 3444 919 3499 sed
951 3444 1023 3501 de
1053 3444 1257 3502 multis
1286 3446 1414 3518 ipse
1441 3446 1531 3504 vel
1562 3463 1749 3504 unum

401 3530 663 3605 Exempli
695 3550 873 3589 causa
903 3533 1093 3591 dicere
1123 3551 1335 3608 nempe
1359 3534 1508 3595 volo.

329 3619 465 3678 Jam
496 3638 597 3679 sex
624 3624 984 3679 transierant
1014 3629 1233 3693 noctes,
1267 3629 1325 3681 et
1354 3626 1607 3698 septima
1632 3626 1808 3694 venit,

402 3709 719 3783 Postquam
751 3712 1022 3769 discessit
1044 3713 1292 3785 jamque
1320 3713 1565 3772 humata
1590 3714 1721 3785 fuit,

329 3798 478 3856 Cum
510 3801 775 3857 cubitum
806 3818 898 3857 me
928 3801 1118 3859 vicina
1141 3804 1269 3874 jam
1301 3803 1433 3860 luce
1460 3804 1769 3873 locassem,

399 3888 533 3945 Vidi
564 3906 658 3945 me
686 3890 747 3944 in
779 3895 972 3946 vestro
1004 3907 1132 3947 esse
1165 3894 1543 3951 monasterio.

331 3977 525 4050 Ipsam
554 3994 688 4035 vero
720 3979 880 4050 loqui
914 3997 1145 4035 mecum
1178 3983 1246 4037 de
1278 3999 1440 4039 more
1466 3983 1738 4041 videbam

402 4068 546 4123 Cum
582 4069 652 4123 de
683 4068 1004 4137 nonnullis,
1039 4086 1165 4140 quas
1199 4070 1546 4139 inciderant,
1581 4072 1734 4142 aliis,

331 4158 484 4213 Tum
515 4157 587 4212 de
620 4157 824 4229 regula
852 4159 992 4213 item
1026 4164 1246 4227 nostra,
1278 4164 1518 4232 totaque
1547 4163 1789 4234 perinde

397 4246 499 4301 Vel
531 4246 651 4302 vita
679 4251 880 4303 nostra
910 4247 1272 4319 coenobiique
1304 4253 1484 4319 statu,

329 4328 594 4408 Cumque
627 4335 772 4391 mihi
803 4336 1045 4403 librum,
1079 4337 1128 4393 si
1160 4356 1336 4410 quem
1369 4338 1639 4397 fortassis
1668 4339 1928 4411 haberet,

400 4426 598 4485 Nostri
630 4427 914 4500 propositi
942 4432 1083 4484 tunc
1116 4433 1373 4501 peterem
1404 4428 1607 4499 tribui,

330 4516 404 4573 Se
432 4515 714 4573 habuisse
745 4518 1007 4590 quidem,
1042 4520 1144 4574 sed
1166 4520 1293 4590 jam
1327 4535 1443 4574 non
1472 4536 1715 4591 prorsus
1770 4520 1985 4577 habere

399 4604 482 4659 Te
511 4604 765 4678 Gerberg
787 4606 970 4663 istum
1002 4607 1148 4663 dixit
1178 4607 1391 4663 habere
1420 4605 1659 4664 librum.

331 4691 437 4760 Qui
471 4692 617 4748 mihi
650 4694 902 4767 delatus,
935 4712 1149 4767 parvus
1180 4697 1372 4752 fuerat
1402 4695 1546 4753 mihi
1574 4698 1757 4767 visus,
1858 4703 1864 4709 ’

400 4781 511 4841 Sed
545 4784 689 4841 bene
723 4785 1113 4859 conscriptus,
1147 4790 1203 4843 et
1235 4787 1379 4845 bene
1411 4787 1793 4862 compositus,

1309 455 1413 516 AD
1460 453 1722 518 OPERA
1769 452 2305 519 HROTSUITH/E
2347 452 2763 518 APPENDIX.

2022 1964 2071 2029 B

3622 462 3763 523 “96

2004 590 2062 657 Α
2089 589 2160 645 Et
2190 606 2302 662 quo
2334 588 2417 645 nil
2446 606 2709 663 unquam
2739 590 2829 646 vel
2860 591 3018 646 cordi
3050 592 3276 664 gratius
3310 599 3507 660 esset,

2158 680 2273 734 Aut
2300 678 2428 751 ipso
2460 684 2616 735 certe
2646 679 2953 752 pulchrius
2985 681 3224 738 intuitu.

2090 767 2227 824 Post
2256 768 2356 824 ubi
2386 769 2457 824 de
2488 785 2695 826 somno
2725 769 2895 826 laetus
2926 786 3060 827 mox
3090 771 3504 844 evigilassem,

2161 857 2339 913 Grata
2369 858 2512 914 satis
2543 857 2815 914 mihimet
2835 860 2983 915 visio
3011 860 3138 915 visa
3170 860 3281 916 fuit
3306 880 3323 930 ;

2094 946 2257 1001 Unde
2288 947 2381 1002 die
2414 947 2566 1003 facta
2596 964 2731 1003 mox
2761 947 2958 1021 ipsum
2989 949 3271 1005 fratribus
3305 951 3446 1023 ipse

2164 1035 2394 1092 Nostris
2427 1038 2692 1108 exposui,
2727 1038 2990 1110 quidque
3013 1038 3161 1096 foret
3190 1038 3400 1097 retuli.

2094 1124 2175 1177 Te
2205 1124 2460 1197 Gerberg
2490 1125 2852 1182 abbatissam
2887 1127 3027 1195 fore,
3061 1145 3282 1200 proque
3317 1147 3529 1185 sorore

2165 1212 2357 1267 Vestri
2388 1218 2683 1270 tenturam
2718 1215 2968 1271 cmnobii
3001 1217 3284 1288 regimen.

2095 1302 2213 1356 lIoc
2245 1303 2460 1358 etenim
2494 1306 2841 1376 portendere
2868 1305 3070 1377 regula
3101 1312 3304 1363 nostra
3335 1308 3601 1375 videtur,

2168 1393 2353 1459 Quam
2389 1392 2649 1447 modotu
2681 1394 2918 1462 retines,
2950 1394 3081 1466 ipsa
3112 1396 3275 1466 prius
3310 1398 3537 1453 tenuit.

2098 1479 2278 1534 Parva
2334 1481 2597 1551 quidem,
2657 1482 2798 1553 quia
2856 1500 3072 1555 parvus
3131 1485 3323 1540 adhuc
3381 1502 3529 1558 grex
3587 1493 3758 1542 vester

2168 1568 2281 1624 Sed
2313 1569 2460 1625 bene
2489 1570 2842 1644 conscripta,
2877 1572 2949 1628 ob
2976 1572 3074 1644 pia
3104 1573 3255 1629 facta
3278 1579 3412 1630 tua.
3477 1574 3752 1648 [habetur,

2096 1657 2166 1713 Et
2193 1673 2345 1726 vere,
2380 1675 2563 1729 soror,
2597 1663 2664 1716 ut
2695 1659 2835 1730 dixi,
2866 1660 2948 1715 nil
2978 1661 3285 1733 pulchrius
3317 1679 3613 1736 unquam,

2168 1748 2238 1802 Et
2268 1747 2479 1803 melius
2511 1748 2801 1822 scriptum
2834 1765 2929 1804 me
2958 1749 3149 1806 recolo
3179 1750 3499 1807 intuitum.

2098 1837 2381 1904 Quocirca
2409 1837 2546 1893 licet
2577 1842 2635 1894 et
2663 1838 2913 1906 doleam,
2948 1842 3006 1895 et
3033 1857 3264 1912 semper
3290 1841 3593 1899 doliturus

2169 1926 2260 1981 Me
2290 1928 2404 1983 sim
2434 1927 2683 1996 vivente,
2718 1927 2871 1983 hanc
2903 1928 3119 1985 obiisse
3143 1929 3257 1985 cito
3295 1947 3309 1987 :

2105 2015 2470 2072 Successisse
2500 2020 2698 2073 tamen
2723 2020 2938 2073 sanctae
2972 2022 3028 2073 te
3054 2020 3283 2090 gaudeo
3316 2026 3591 2077 sanctam

2174 2105 2407 2178 Ipsique
2438 2112 2503 2163 ut
2530 2122 2726 2176 carne,
2759 2106 2845 2163 sic
2876 2108 3151 2164 comitem
3183 2110 3422 2167 merito.

2102 2193 2250 2249 Nam
2283 2195 2550 2267 quamvis
2581 2194 2724 2252 alias
2757 2213 2989 2268 quoque
3020 2199 3329 2255 vobiscum
3364 2200 3490 2256 fore
3519 2204 3743 2267 constet,

2173 2285 2307 2349 Quae
2339 2288 2583 2356 possent
2612 2284 2786 2341 subdi
2818 2302 2933 2341 non
2969 2287 3141 2342 modo
3175 2286 3318 2343 huic
3349 2290 3551 2356 oneri;

2102 2373 2183 2427 Te
2214 2376 2409 2428 tamen
2443 2378 2499 2429 et
2529 2373 2736 2445 sophia
2767 2374 2965 2443 simul,
3001 2380 3058 2431 et
3087 2376 3356 2433 bonitate
3388 2377 3638 2433 sciebam

2173 2461 2298 2517 Non
2329 2461 2522 2533 injure
2553 2462 2665 2518 sibi
2691 2462 2911 2535 optime
2943 2464 3244 2520 substitui.

2101 2549 2173 2605 Ut
2203 2551 2496 2622 siquidem
2529 2552 2722 2609 carnis
2753 2552 2865 2608 sibi
2890 2555 3024 2625 jure
3054 2554 3394 2627 propinqua
3422 2554 3616 2622 fuisti;

2171 2640 2266 2695 Sic
2291 2640 2494 2696 itidem
2527 2642 2753 2698 meritis
2784 2642 3049 2713 proxima
3076 2648 3140 2698 tu
3175 2644 3397 2701 fueras.

2101 2729 2363 2801 Denique
2396 2734 2452 2785 te
2482 2747 2637 2787 nunc
2668 2746 2774 2787 nos
2806 2731 2934 2803 ejus
2965 2733 3297 2805 gaudemus
3328 2734 3545 2790 honore

2173 2817 2408 2873 Dudum
2441 2820 2793 2893 condignam
2825 2824 2965 2876 tunc
2997 2820 3109 2876 sibi
3142 2821 3522 2895 discipulam,

2102 2908 2211 2964 Sed
2248 2909 2421 2965 modo
2452 2908 2741 2965 hisredem
2773 2909 3014 2983 dignam
3044 2910 3437 2967 nihilominus
3469 2912 3589 2981 ejus

2173 2996 2303 3052 Sive
2335 2998 2701 3067 monasterii,
2733 2998 2853 3055 sive
2883 2999 2965 3071 pii
2998 2999 3212 3056 meriti.

2101 3086 2390 3153 Quaeritur
2448 3102 2585 3159 ergo
2632 3086 2693 3142 in
2740 3091 2797 3144 te
2840 3104 3006 3144 sacra
3037 3088 3279 3160 femina,
3314 3089 3584 3163 qumritur
3604 3088 3654 3141 in
3682 3090 3727 3139 te

2169 3174 2427 3231 Affectus
2458 3176 2651 3232 cordis
2682 3174 2966 3249 limpidus
2996 3176 3094 3234 ille
3126 3178 3241 3234 sui.

2102 3261 2266 3320 Illius
2295 3264 2619 3337 disciplinas
2651 3266 2921 3338 quaedam
2952 3268 3123 3339 quasi
3154 3268 3376 3341 imago,

2019 3336 2063 3403 C
2174 3353 2315 3425 Ejus
2344 3336 2555 3424 virtus,
2585 3336 2866 3427 quaeritur
2892 3336 3137 3430 effigies.

2097 3442 2388 3509 Quaeritur
2417 3441 2739 3501 almiﬂcum
2770 3444 3070 3514 meritum,
3106 3462 3304 3505 mores
3336 3441 3631 3506 reverendi,

2170 3531 2397 3605 Lingua
2426 3532 2667 3608 perinde
2700 3532 2815 3606 pia,
2844 3534 3079 3606 vitaque
3100 3536 3242 3608 jure
3275 3553 3459 3593 sacra.

2099 3620 2389 3686 Quaeritur
2417 3624 2483 3677 ut
2511 3621 2742 3693 generis
2774 3638 2975 3694 causa,
3006 3621 3091 3679 sic
3121 3625 3360 3681 actibus
3393 3622 3549 3695 ipsis,

2169 3712 2336 3768 Sicut
2365 3711 2426 3769 in
2458 3712 2691 3783 affectu,
2725 3711 2809 3769 sic
2839 3716 2897 3769 et
2926 3712 2985 3768 in
3018 3714 3235 3774 officio.

2096 3800 2212 3857 Vos
2244 3799 2420 3858 etiam
2454 3805 2669 3858 sanctae
2702 3801 2910 3875 ipsius,
2943 3802 3256 3876 dignasque
3288 3817 3510 3862 sorores

2170 3891 2330 3947 Hanc
2361 3895 2609 3948 matrem
2640 3886 2895 3948 vestram
2927 3892 3169 3949 excolite
3198 3898 3267 3950 ut
3297 3892 3598 3949 dominam.

2100 3980 2375 4049 Quamvis
2408 3997 2667 4053 namque
2693 3980 2849 4038 cluat
2863 3982 3026 4038 vobis
3044 3999 3234 4055 genus
3252 3981 3519 4039 omnibus
3536 3987 3707 4037 unum;

2168 4072 2439 4126 Attamen
2470 4070 2592 4125 haec
2623 4070 2839 4127 Christi
2873 4076 2960 4127 est
2993 4089 3238 4129 munere
3271 4070 3597 4145 praeposita;

2097 4159 2312 4215 Christi
2346 4159 2529 4216 electa
2555 4159 2681 4216 loco
2711 4160 3045 4234 Christique
3076 4162 3296 4218 vicaria
3325 4161 3558 4221 constat,

2168 4248 2398 4305 Christo
2429 4267 2530 4306 vos
2560 4248 2754 4323 agitis,
2787 4250 3076 4323 quidquid
3110 4250 3161 4307 ei
3196 4251 3409 4308 facitis.

2095 4338 2343 4407 Christe,
2380 4339 2533 4395 facta
2558 4339 2694 4409 sibi,
2728 4340 2924 4396 forsan
2956 4340 3172 4411 injuria
3206 4343 3328 4408 fiet,

2166 4426 2435 4483 Christus
2466 4427 2810 4497 honoratur,
2844 4428 3114 4485 Christus
3144 4429 3205 4484 in
3241 4430 3348 4485 hac
3377 4423 3588 4482 colitur.

2095 4516 2377 4573 Przeterca
2406 4517 2734 4574 naturalem
2764 4522 3017 4574 vestram
3052 4535 3287 4591 quoque
3318 4521 3548 4573 matrem

2168 4605 2457 4662 Omnibus
2489 4607 2847 4664 omnimodis
2872 4607 3113 4664 excolite
3142 4605 3458 4679 obsequiis.

2018 4707 2066 4772 D
2099 4696 2216 4751 Hoc
2247 4695 2476 4751 Domini
2500 4697 2762 4767 jussum,
2796 4697 2905 4755 hoc
2935 4702 3197 4754 vestrum
3232 4696 3413 4753 nostis
3442 4692 3697 4749 honorem:

2173 4787 2289 4845 Iles
2321 4788 2505 4845 nostis
2535 4791 2787 4846 vestram
2822 4788 2995 4846 affore
3026 4788 3352 4861 gloriolam.
