3904 6382
270 453 433 517 1243

274 603 405 659 qua:
434 586 576 642 facta
607 593 691 641 est
725 586 784 642 in
815 586 905 643 die
938 605 1030 642 xui
1060 587 1177 643 Kal.
1214 587 1565 645 Novembris.

354 662 488 713 CAO.
522 662 665 712 XLI.
696 690 760 698 —
798 659 872 713 De
910 660 1064 713 obitu
1116 661 1294 715 sancti
1340 662 1513 730 patris
1563 661 1619 714 in
1673 659 1790 713 Kal.
1826 662 1933 713 Au-

274 731 451 799 gusti,
483 737 538 784 et
565 730 635 783 de
666 730 953 799 sepultura
986 732 1108 801 ejus
1136 733 1228 787 die
1272 732 1432 787 tertio
1466 732 1752 788 Nonarum
1786 731 1933 800 ejus-

274 803 411 857 dem
450 800 682 856 mensis.
1020 800 1025 801 ⁷
1830 801 1925 856 404

352 875 486 927 CAP.
530 874 695 925 XLII.
741 903 807 911 —
852 874 1145 935 Quomodo
1205 880 1437 929 sanctus
1495 875 1575 928 vir
1630 881 1935 943 antequam

276 945 560 999 levaretur
592 960 623 998 e
656 943 875 998 tumulo
917 945 1289 999 manifestavit
1322 962 1381 999 se
1414 947 1530 1000 viro
1564 944 1779 1001 urbano
1812 946 1933 1014 qui-

276 1016 412 1071 dam
438 1015 669 1070 nomine
694 1014 973 1085 Ethelmo,
992 1016 1234 1084 plurima
1259 1017 1510 1071 cmcitate
1532 1016 1787 1072 multato.
1831 1016 1939 1071 402

352 1090 485 1140 CAP.
524 1089 723 1157 XLIII.
752 1117 818 1126 —
852 1087 928 1141 De
988 1089 1169 1142 sancti
1220 1089 1322 1143 viri
1370 1087 1761 1157 translatione,
1813 1103 1937 1157 qum

278 1158 433 1229 facta
462 1163 544 1211 est
574 1156 677 1229 sub
725 1157 815 1212 die
847 1174 900 1213 IV
932 1158 1135 1213 Iduum
1180 1158 1617 1229 Septembrium,
1652 1166 1707 1213 et
1739 1156 1937 1215 demi-

280 1228 492 1284 raculis
521 1230 587 1281 ad
622 1227 742 1294 ejus
765 1229 1087 1299 sepulcrum
1113 1227 1361 1300 patratis.
1601 1227 1608 1229 7
1834 1229 1937 1284 403

355 1302 490 1355 CAP.
526 1302 719 1352 XLIV.
746 1331 813 1338 ——
849 1301 923 1354 De
955 1300 1179 1355 inﬁrma
1221 1302 1429 1371 puella,
1464 1316 1588 1371 qua:
1617 1301 1694 1356 ibi
1728 1301 1935 1356 sanita-

278 1378 399 1426 tem
433 1371 663 1440 recepit.
1833 1372 1939 1427 403

357 1446 489 1497 CAP.
528 1444 691 1495 XLV.
717 1472 784 1481 —-
809 1443 885 1497 De
915 1458 1065 1498 creco
1106 1458 1301 1513 puero,
1336 1443 1431 1514 qui
1463 1449 1543 1498 est
1576 1444 1695 1513 ipse
1727 1443 1935 1499 ibidem

278 1514 645 1568 illuminatus
676 1520 778 1568 est.
1833 1514 1936 1569 403

358 1590 489 1640 CAP.
526 1588 718 1637 XLVI.
747 1614 811 1623 —
846 1584 922 1638 De
955 1584 1122 1653 ligato
1153 1586 1395 1654 quodam
1447 1586 1566 1640 fure
1597 1592 1650 1639 et
1680 1586 1740 1640 in
1771 1586 1938 1655 cippo

279 1664 543 1726 extenso,
566 1656 662 1722 qui
692 1656 812 1710 solo
844 1670 1104 1711 sermone
1134 1657 1237 1711 viri
1260 1657 1355 1711 Dei
1377 1656 1667 1711 absolutus
1689 1664 1791 1711 est.
1834 1657 1938 1712 403

362 1729 619 1798 Hymnus
649 1726 711 1781 in
744 1726 955 1782 honore
986 1730 1041 1781 S.
1062 1728 1367 1782 Adelwoldi
1400 1728 1657 1796 praesulis
1689 1729 1937 1798 elegiaco

284 1805 341 1854 et
375 1797 705 1867 pararterieo
736 1797 990 1853 carmine
1021 1815 1116 1867 per
1145 1799 1529 1867 alphabetum.
1790 1797 1793 1798 ⁷
1834 1799 1935 1853 404

361 1871 617 1939 Hymnus
668 1868 1058 1937 vespertinalis
1100 1870 1340 1939 Saphico
1390 1878 1567 1925 metro
1616 1871 1937 1939 cndecasyl-

285 1940 419 1996 Iabo
450 1941 655 2009 editus,
675 1939 955 1995 Adonium
984 1948 1181 2010 quarto
1200 1941 1507 1997 continens
1529 1941 1587 1995 in
1613 1942 1757 1997 loco.
1835 1942 1939 1995 405

357 2015 700 2066 EPISTULA
760 2014 1141 2065 WNLSTANI
1206 2016 1530 2066 MONACIII
1596 2016 1940 2067 \NENTANI

280 2086 384 2137 AD
415 2084 740 2136 ELFEGUM
777 2085 1193 2137 WENTANUM
1235 2086 1651 2152 EPISCOPUM,
1685 2085 1830 2139 libro
1872 2085 1942 2139 de

280 2156 414 2210 Vita
436 2156 499 2227 8.
532 2154 811 2227 Switbuni
860 2155 1111 2224 praeﬁxa,
1147 2156 1205 2210 in
1254 2172 1363 2227 qua
1408 2155 1580 2211 multa
1627 2157 1697 2211 de
1746 2162 1941 2211 saneto

282 2225 659 2282 Ethelwoldo.
1274 2225 1285 2227 7
1838 2226 1940 2281 107

1832 586 1934 641 400

462 2322 882 2380 WIDUKINDUS
923 2322 1281 2380 MONACIIUS
1322 2323 1776 2380 CORBEIENSIS.

362 2410 576 2468 Nolitia
608 2410 893 2467 historica.
1837 2413 1941 2469 443

363 2487 494 2537 nas
522 2486 764 2537 easne
794 2484 1191 2537 SAXONIC.-E.
1874 2485 1943 2540 ι

362 2554 620 2610 Praefatio
653 2554 781 2609 libri
816 2554 1005 2623 primi.
1836 2556 1943 2611 423

362 2628 569 2679 LIBER
604 2628 889 2678 PRIMUS.
1839 2627 1943 2681 425

366 2697 623 2762 Przefatio
656 2696 785 2752 libri
815 2696 1071 2750 secundi.
1838 2699 1944 2753 457

365 2772 572 2822 LIBER
603 2770 987 2821 SECUNDUS.
1839 2769 1943 2824 458

366 2840 621 2895 Praefatio
654 2838 785 2893 libri
819 2838 988 2893 tertii.
1839 2841 1943 2895 479

362 2914 571 2965 LIBER
601 2914 919 2965 TERTIUS.
1840 2911 1943 2966 483

428 3008 725 3064 JOANNES
762 3007 977 3061 ABBAS
1016 3006 1072 3061 S.
1116 3007 1404 3063 ARNULI’I
1450 3007 1795 3063 METENSIS.

362 3097 572 3152 Nolitia
603 3097 890 3151 historica.
1838 3099 1933 3155 244

362 3172 533 3221 VITA
565 3171 859 3221 SANCTA‘}
888 3170 1350 3221 GLODESINDIS
1382 3172 1788 3225 ABBATISSI’E
1819 3175 1941 3225 ME-

284 3244 557 3294 TENSIS.
1838 3242 1934 3297 244

364 3311 656 3381 Prologus.
1838 3313 1938 3369 241

364 3382 513 3435 Vita.
1838 3385 1943 3439 243

361 3454 693 3507 HISTORIA
750 3454 1311 3507 TRANSLA'I‘IONIS
1358 3458 1413 3507 S.
1457 3456 1940 3510 GLODESINDIS.

365 3595 665 3650 Monitum.
1838 3599 1943 3653 248

362 3666 656 3735 Prologus.
1836 3670 1941 3724 249

366 3737 622 3795 Narratio
655 3735 1041 3790 translationis
1072 3737 1291 3804 primm.
1836 3740 1943 3795 219

361 3808 621 3863 Narratio
652 3807 1045 3861 translationis
1076 3810 1359 3862 secundm.
1834 3812 1942 3866 223

358 3883 527 3931 VITA
562 3881 864 3933 JOANNIS
894 3882 1197 3933 ARBATIS
1224 3882 1656 3934 GORZIENSIS.
1834 3884 1941 3937 239

252 3953 260 3960 ’
358 3950 682 4005 Admonitio
713 3949 943 4020 praevia.
1836 3954 1942 4009 239

360 4021 642 4077 Praefatio.
1834 4024 1931 4080 244

355 4093 585 4147 Textus.
1546 4146 1549 4149 λ
1832 4097 1941 4152 246

636 4162 765 4218 ουο
804 4162 1133 4217 DIACONUS
1174 4146 1588 4218 AUSCIENSIS.

353 4255 695 4305 EPISTOLA
764 4255 862 4305 AD
933 4254 1254 4305 GARCIAM
1320 4255 1939 4310 ARCIIIEPISCOPUM

280 4327 750 4385 AUSCIENSEM.
1832 4328 1933 4382 341

715 4410 1134 4467 BENEDICTUS
1172 4411 1349 4465 PAPA
1393 4412 1499 4467 VII.

356 4500 564 4557 Nolitia
589 4500 878 4556 historica.
1830 4504 1937 4560 343

353 4575 714 4627 EPIS'I‘OLJE
746 4576 830 4625 ET
860 4575 1297 4627 PRIVILEGIA.
1827 4575 1933 4635 345

351 4647 399 4695 Ι.
429 4674 496 4681 -
527 4643 776 4714 Epistola
804 4644 875 4699 ad
906 4643 1096 4698 Gallos
1126 4650 1179 4698 et
1212 4645 1539 4699 Germanos.
1829 4647 1933 4703 345

316 4717 517 4795 “IL—
550 4714 709 4770 Bulla
758 4730 858 4785 pro
906 4715 1254 4770 Trevirensis
1299 4715 1815 4786 archiepiseOpatus
1834 4719 1932 4795 ju:

282 4785 548 4937 rl'iii.'—
581 4856 740 4911 Bulla
791 4871 892 4927 pro
944 4857 1287 4912 monasterio
1315 4857 1368 4914 s.
1410 4856 1691 4914 Benedicti
1741 4790 1934 4937 ngf

281 4942 540 5051 rerIIS/1.7—
571 4996 930 5068 Privilegium
965 5014 1064 5068 pro
1095 4999 1336 5054 ecclesia
1364 4999 1701 5055 Trevirensi.

351 5073 525 5145 V._—
555 5069 805 5139 Epistola
859 5071 929 5125 ad
972 5070 1384 5126 Theodericum
1439 5072 1931 5145 archiepiscOpum

279 5140 695 5196 Trevirensem.
1635 5140 1651 5143 7
1798 5140 1932 5201 7323

350 5215 446 5268 VI.
484 5241 552 5252 -
601 5211 962 5282 Privilegium
1009 5227 1110 5282 pro
1148 5214 1492 5270 monasterio
1539 5214 1929 5273 Vizeliacensi.

352 5356 476 5407 VII.
498 5384 568 5393 —
588 5353 747 5409 Bulla
782 5368 881 5423 pro
912 5354 1154 5410 ecclesia
1182 5354 1275 5409 SS.
1309 5355 1555 5424 Apollini
1604 5363 1657 5411 et
1688 5289 1931 5415 Ursigiiai

278 5429 620 5481 Canossana.
1825 5430 1930 5486 325

349 5499 503 5550 VIII.
551 5527 619 5537 —
669 5495 1030 5566 Privilegium
1084 5512 1185 5566 pro
1234 5497 1579 5553 monasterio
1625 5499 1680 5552 8.
1728 5499 1929 5556 Panta-

281 5565 483 5622 leonis.
893 5565 899 5566 7
1087 5565 1100 5566 7
1823 5572 1930 5627 325

349 5642 448 5693 IX.
466 5671 530 5679 —
559 5637 917 5705 Privilegium
946 5653 1047 5708 pro
1068 5638 1413 5694 monasterio
1433 5639 1746 5695 Casinensi.
1824 5644 1930 5697 326

308 5778 321 5791 .
350 5713 416 5764 X.
444 5742 512 5751 —
544 5709 903 5779 Privilegium
937 5725 1038 5779 pro
1076 5710 1419 5765 monasterio
1467 5711 1520 5764 S.
1557 5711 1724 5768 Pietri
1759 5713 1926 5791 Pera:

277 5783 423 5836 sino.
1823 5783 1928 5839 328

354 5856 450 5904 XI.
476 5882 543 5891 —
572 5851 733 5905 Bulla
762 5867 861 5921 pro
892 5851 1131 5907 ecclesia
1164 5851 1497 5906 Ausonensi.
1821 5856 1927 5909 329

349 5927 475 5976 XII.
500 5952 568 5963 —
602 5922 963 5992 Privilegium
994 5938 1095 5993 pro
1129 5922 1368 5979 ecclesia
1398 5925 1733 5979 Ausonensi.
1819 5926 1915 5983 334

1721 451 1933 515 0RDO
1984 448 2293 516 RERUM.

3537 460 3695 522 1214

2116 587 2270 638 XIII.
2298 616 2362 626 -
2396 585 2755 657 Privilegium
2792 604 2894 659 pro
2935 590 3279 646 monasterio
3311 590 3694 687 Cluniacensi;

2114 730 2357 781 XlV.—-
2398 728 2762 798 Privilegium
2816 747 2914 802 pro
2967 734 3308 789 monasterio
3363 734 3417 790 S.
3468 734 3526 789 P.
3578 664 3696 790 3ξὲ

2043 797 2225 851 densi.
2554 840 2557 843 .
3589 806 3696 851 333

2082 806 2225 853 ensi.
2554 840 2557 843 μ
3589 806 3696 859 333

2118 874 2238 923 XV.
2263 901 2329 911 —
2362 870 2720 941 Privilegium
2767 889 2867 942 pro
2898 874 3240 929 monasterio
3272 875 3691 931 Bisuldunensi.

2119 1014 2267 1085 XVI.
2297 1044 2363 1085 έ
2397 1012 2757 1085 Privilegium
2803 1032 2903 1085 pro
2933 1015 3156 1071 abbatia
3186 1017 3245 1072 S.
3280 1017 3494 1073 Rutillii
3529 948 3694 1075 1³03Ρῖἒ

2045 1083 2365 1152 populonsi.
2614 1083 2625 1085 7
2804 1083 2821 1085 7
3589 1091 3695 1144 335

2122 1158 2297 1208 XVII.
2322 1185 2388 1193 —
2420 1154 2735 1210 Concilium
2789 1157 3104 1212 Romanum
3136 1174 3168 1212 a
3212 1157 3507 1215 benedicto
3538 1160 3597 1215 P.
3635 1161 3691 1215 Ρ.

2048 1228 2148 1279 VII
2182 1231 2380 1281 contra
2408 1227 2758 1283 Simoniacos
2803 1228 3056 1284 habitum
3104 1245 3258 1286 anno
3304 1230 3533 1302 Christi,
3564 1231 3690 1285 984.

2122 1370 2326 1421 XVIII.
2352 1400 2418 1407 —
2449 1368 2607 1423 Bulla
2639 1386 2737 1439 pro
2770 1369 3112 1426 monasterio
3141 1372 3195 1425 S.
3229 1372 3516 1429 Walariei.

2122 1442 2269 1493 XIX.
2310 1471 2373 1479 —-
2407 1440 2655 1510 Epistola
2701 1448 2769 1495 au
2822 1441 3200 1511 Liudolphum
3249 1442 3506 1499 abbatem
3557 1447 3693 1498 Cor-

2050 1509 2326 1564 biensem.
2453 1509 2468 1510 7
3023 1509 3040 1511 7
3590 1516 3694 1569 339

2096 1585 2337 1663 _XX.——
2367 1582 2616 1652 Epistola
2666 1582 2736 1637 ad
2789 1583 3083 1653 episcopos
3133 1584 3330 1640 Callia:
3372 1592 3428 1641 et
3473 1588 3700 1663 Germa-

2050 1668 2274 1776 Πιὶξξχῐ.
2298 1754 2365 1761 -
2398 1723 2759 1795 Privilegium
2791 1740 2891 1795 pro
2921 1725 3162 1781 ecclesia
3192 1725 3515 1783 Parisiensi.

2120 1798 2299 1848 XXII.
2332 1825 2399 1833 —
2431 1795 2588 1850 Bulla
2644 1812 2745 1867 pro
2795 1797 3137 1852 monasterio
3183 1797 3239 1851 S.
3292 1798 3580 1855 Vincentii
3627 1800 3698 1855 ad

2049 1867 2419 1921 Vulturnum.
3592 1871 3699 1925 353

2121 1940 2418 1990 XXIII.—
2452 1936 2810 2008 Privilegium
2851 1954 2952 2009 pro
3004 1939 3346 1995 monasterio
3393 1940 3447 1995 S.
3504 1942 3700 1996 IIilarii

2050 2008 2502 2065 Carcassonensi.
3592 2012 3695 2068 344

2122 2083 2324 2133 XXIV.
2352 2111 2420 2120 ——
2453 2079 2809 2148 Privilegium
2853 2096 2956 2149 pro
2988 2082 3330 2138 monasterio
3361 2086 3417 2135 S.
3449 2083 3699 2139 Salvato-

2050 2153 2129 2207 ris
2161 2159 2213 2207 et
2239 2151 2293 2206 S.
2324 2150 2467 2207 Petri
2500 2146 2914 2207 Gemblacensi.
3594 2156 3701 2210 345

2122 2226 2297 2277 XXV.
2338 2254 2405 2262 ——
2453 2222 2724 2278 Placitum
2782 2223 3097 2279 Romanum
3154 2240 3187 2279 a
3232 2223 3533 2281 Benedicto
3593 2227 3699 2281 VII

2053 2295 2120 2350 Pa
2132 2312 2197 2363 pa
2228 2293 2501 2348 habitum.
3592 2297 3701 2352 346

2122 2368 2416 2418 XXVI.—
2449 2364 2809 2435 Privilegium
2858 2382 2959 2435 pro
3010 2368 3355 2423 monasterio
3402 2368 3457 2421 S.
3510 2368 3701 2425 Mariae

2053 2436 2487 2506 Nienburgensi.
3592 2439 3700 2493 349

2124 2511 2354 2561 XXVII.
2378 2538 2446 2546 —
2481 2506 2635 2561 Bulla
2663 2507 2730 2561 ad
2767 2506 2989 2563 Petrum
3022 2507 3285 2563 miiilcm.
3593 2511 3700 2565 350

2124 2582 2457 2633 XXVIII.—-
2475 2578 2832 2648 Privilegium
2856 2595 2957 2649 pro
2981 2579 3220 2635 ecclesia
3239 2579 3554 2637 Tiburtina.
3596 2582 3701 2638 350

2538 2684 2834 2741 JOANNES
2871 2686 3047 2740 PAPA
3088 2688 3214 2741 XIV.

2123 2775 2330 2831 Nolitia
2361 2774 2621 2830 historica
2635 2815 2646 2826 .
3594 2778 3702 2833 337

2124 2846 2372 2917 Epistola
2413 2847 2482 2900 ad
2528 2846 2763 2901 Alonem
2818 2846 3280 2903 Beneventanum
3328 2848 3705 2976 archiepiieﬁog;

2132 2934 2204 2974 m.

2052 2934 2204 2988 pum.
2254 3004 2708 3061 THEODORICUS
2747 3004 3073 3061 METENSIS
3112 3006 3500 3065 EPISCOPUS.
3591 2934 3658 3011 6:!

2124 3095 2333 3152 Nolitia
2363 3095 2650 3150 historica.

2124 3167 2485 3236 Epitaphium
2515 3165 2869 3221 Theoderici.
3594 3170 3702 3225 362

2125 3238 2391 3307 lthythmi
2423 3237 2482 3291 in
2515 3238 2787 3292 honorem
2820 3237 3176 3294 Theoderici.
3595 3242 3704 3296 362

2124 3312 2567 3363 EPITAPHIUM
2599 3311 2917 3363 EVRAIIDI
2942 3313 3246 3381 COMITIS,
3273 3318 3501 3368 auctore
3529 3311 3705 3368 Theo-

2053 3380 2263 3435 derico.
3593 3385 3699 3437 363

2124 3454 2466 3505 INVENTIO
2504 3453 2933 3505 SANCTORUM
2979 3468 3013 3506 a
3061 3452 3304 3508 Domino
3355 3453 3703 3511 Theoderico

2052 3525 2317 3592 episcopo
2375 3521 2611 3594 Metensi
2670 3528 3018 3591 repertorum
3067 3528 3237 3594 atque
3292 3524 3363 3579 ad
3412 3524 3698 3581 civitatem

2054 3594 2360 3648 Metensem
2390 3592 2811 3648 translatorum.
3144 3592 3160 3594 “
3594 3596 3701 3651 364

3591 3099 3699 3153 359

2126 3666 2202 3719 De
2229 3665 2284 3719 s.
2320 3663 2562 3734 Eipidio.
2725 3733 2728 3734 ν
2866 3733 2870 3734 ν
3595 3668 3699 3722 364

2122 3740 2199 3791 De
2230 3736 2322 3790 SS.
2359 3733 2634 3803 Eutychio
2664 3733 2956 3790 Victorino
2987 3742 3041 3789 et
3070 3735 3318 3792 Marone.
3592 3738 3701 3793 365

2127 3808 2200 3862 De
2229 3807 2284 3861 S.
2322 3806 2629 3876 Feliciano,
2661 3805 2924 3876 episcopo
2956 3813 3009 3860 et
3039 3812 3301 3876 martyre.
3593 3810 3701 3864 365

2125 3880 2201 3933 De
2229 3878 2283 3932 S.
2318 3876 2706 3945 Asclepiodoto
2738 3883 3001 3945 martyre.
3594 3881 3701 3936 365

2124 3950 2199 4003 De
2228 3953 2434 4004 Catena
2462 3949 2518 4003 S.
2555 3948 2699 4003 Petri
2728 3948 2987 4017 apostoli.
3589 3951 3699 4007 366

2124 4021 2200 4075 De
2226 4027 2420 4076 sancta
2440 4020 2721 4091 Serenaet
2740 4025 2935 4091 sancto
2955 4019 3221 4088 Gregorio
3242 4020 3550 4091 Spoletino.
3591 4022 3699 4078 366

2124 4093 2199 4146 De
2227 4092 2281 4145 S.
2315 4089 2617 4147 Vincentio
2652 4088 2837 4145 levita.
3280 4088 3299 4091 7
3588 4094 3695 4148 367

2124 4163 2200 4218 De
2230 4163 2444 4219 sanctis
2471 4162 2632 4217 Proto
2664 4166 2718 4216 et
2748 4160 3084 4229 Hyacinthe.
3591 4165 3697 4220 367

2124 4234 2199 4288 De
2228 4233 2438 4289 sanctis
2473 4233 2647 4303 Digna
2677 4239 2729 4286 et
2759 4231 3022 4287 Emerita.
3591 4236 3697 4291 368

2123 4306 2198 4360 De
2229 4313 2425 4360 sancto
2455 4303 2758 4358 Vincentio
2789 4304 3075 4373 episcopo.
3590 4308 3697 4361 368

2123 4377 2198 4431 De
2229 4376 2440 4431 sanctis
2472 4374 2774 4430 Vincentio
2805 4382 2858 4429 et
2887 4375 3212 4443 Carpoforo.
3591 4379 3697 4432 368

2120 4448 2196 4502 De
2227 4454 2419 4502 sancta
2448 4446 2614 4501 Lucia
2646 4445 2878 4515 Virgine
2911 4451 2965 4499 et
2990 4454 3253 4515 martyre.
3588 4449 3697 4503 367

2117 4522 2195 4574 De
2225 4516 2495 4574 craticula
2525 4516 2705 4572 sancti
2738 4515 3039 4573 Laurentii.
3590 4520 3695 4575 369

2402 4622 2567 4679 GEZO
2608 4622 2823 4677 ABBAS
2856 4620 3336 4677 DERTONENSIS.

2043 4716 2134 4767 DE
2164 4714 2487 4768 CORPORE
2516 4714 2601 4764 ET
2631 4714 2995 4766 SANGUINE
3023 4714 3321 4767 CHRISTI.

2113 4784 2187 4839 Ad
2199 4784 2435 4839 monitio
2462 4783 2766 4839 Muratorii.
3589 4787 3695 4841 369

2114 4855 2323 4925 Incipit
2357 4854 2517 4911 liber.
3582 4857 3685 4913 374

2117 4927 2402 4997 Prologus.
2528 4996 2531 4997 ν
3583 4928 3681 4984 374

2114 4996 2323 5071 Versus
2353 4996 2569 5071 Qdonis
2599 4997 2667 5051 de
2697 5000 3050 5052 sacramento
3086 4997 3340 5068 corporis
3369 5006 3421 5056 et
3453 5000 3689 5071 sangui-

2042 5070 2133 5125 nis
2166 5069 2412 5125 Domini.
2714 5128 2719 5133 ,
3568 5069 3691 5127 7375

2112 5144 2244 5196 CAP.
2277 5144 2322 5194 I.
2347 5171 2416 5179 —
2446 5139 2604 5203 Quod
2636 5137 2887 5193 humana
2926 5137 3230 5195 inﬁrmitas
3261 5156 3378 5196 non
3410 5141 3574 5198 facile
3602 5144 3695 5198 de-

2043 5211 2169 5268 beat
2197 5212 2390 5268 divina
2419 5212 2819 5284 discutere,_ex
2854 5208 2998 5265 libro
3028 5209 3177 5266 beati
3209 5213 3410 5268 Hilarii
3437 5214 3689 5284 episcopi

2040 5291 2095 5340 et
2124 5282 2466 5339 confessoris
2496 5282 2566 5339 de
2594 5280 2887 5335 Trinitate.
3469 5280 3488 5284 7
3583 5280 3690 5338 376

2111 5360 2242 5410 CAP.
2276 5358 2348 5407 II.
2373 5385 2438 5394 —-
2475 5354 2550 5407 Dc
2583 5351 2861 5406 Dominici
2891 5351 3145 5421 corporis
3173 5354 3412 5423 origine.
3580 5355 3687 5409 377

2111 5431 2241 5481 CAP.
2282 5428 2376 5479 III.
2399 5454 2468 5464 -—-
2504 5425 2579 5477 Da
2608 5423 2899 5478 nativitate
2933 5424 3058 5479 Fiiii
3090 5425 3185 5479 Dei
3216 5441 3281 5479 ex
3318 5426 3491 5478 Patre.
3581 5426 3687 5479 378

2112 5497 2246 5551 CAP.
2280 5500 2375 5549 IV.
2399 5525 2467 5533 —
2488 5495 2646 5557 Quod
2673 5494 2871 5548 formis
2892 5511 3042 5564 saepe
3071 5494 3546 5564 eomparabilibus
3566 5511 3690 5550 eru-

2039 5572 2261 5626 diamur
2289 5568 2357 5620 ad
2391 5565 2761 5630 intelligenda
2791 5564 3001 5619 divina.
3582 5567 3688 5620 379

2109 5646 2237 5695 CAP.
2273 5640 2338 5691 V.
2366 5665 2437 5677 —
2468 5639 2545 5689 De
2576 5635 2674 5690 Dei
2708 5635 2884 5690 Patris
2913 5632 3243 5691 substantia.
3581 5637 3689 5693 330

2109 5718 2240 5765 CAP.
2274 5712 2370 5761 VI.
2398 5738 2465 5745 —
2500 5708 2576 5761 De
2605 5706 2894 5761 nativitate
2925 5705 3049 5759 Filii
3084 5704 3177 5759 Dei
3211 5720 3276 5760 ex
3316 5706 3493 5763 Patre.
3583 5708 3690 5764 380

2108 5789 2240 5837 CAP.
2276 5783 2399 5832 VII.
2426 5808 2492 5818 —
2528 5779 2603 5833 De
2638 5776 2764 5831 Filii
2815 5777 2909 5831 Dei
2958 5775 3321 5844 generatione
3368 5794 3434 5833 ex
3488 5777 3684 5903 Μιιὲξὶ

2108 5929 2238 5981 CAP.
2272 5925 2426 5977 VIII.
2450 5951 2518 5961 --
2551 5918 2856 5976 Dominum
2886 5922 3143 5973 nostrum
3180 5918 3374 5978 Iesum
3402 5920 3687 5977 Christum
