3904 6382
286 429 439 495 1215

278 584 379 655 per
407 576 756 641 assumptam
787 586 1017 655 carnem
1052 577 1380 655 naturaliter
1414 579 1732 655 manerein
1763 576 1928 655 nobis

277 650 335 698 et
361 656 468 697 nos
498 658 596 725 per
629 650 1047 716 perceptionem
1100 650 1352 722 corporis
1383 658 1433 706 et
1466 651 1760 724 sanguinis
1806 652 1929 725 ejus

276 728 506 769 manere
537 723 595 768 in
626 730 712 769 eo.
1823 723 1929 777 382

347 788 478 838 CAP.
513 788 610 838 IX.
639 817 702 826 -
731 787 997 844 Ecclesia}
1031 791 1167 848 ﬁdes
1197 792 1496 849 catholica.
1824 794 1926 848 384

346 859 478 936 CAP.
512 860 582 911 X.
623 889 687 899 —
741 859 867 915 Non
917 864 1322 920 conlidendum
1377 865 1438 921 in
1493 866 1735 921 humana
1789 880 1927 936 pru-

272 927 483 982 dentia.
1791 927 1804 936 ’
1822 938 1926 991 385

344 1002 475 1055 CAP.
510 1003 608 1054 XI.
636 1032 697 1082 —7-
736 1002 812 1058 De
846 1004 939 1061 Dei
974 1006 1159 1062 Verbo
1188 1009 1501 1079 Cyprianus
1536 1009 1617 1064 vel
1660 1009 1925 1134 llilargussé

342 1146 470 1199 CAP.
509 1148 637 1198 XII.
662 1177 729 1184 ——
761 1147 1024 1217 Cypriani
1054 1151 1293 1206 assertio
1326 1167 1451 1205 vera
1484 1151 1554 1206 de
1590 1152 1719 1206 Deo.
1819 1152 1924 1203 386

341 1220 471 1271 CAP.
510 1220 660 1271 XIII.
691 1249 754 1258 -—
790 1221 1133 1284 Augustinus
1162 1222 1232 1277 de
1266 1224 1363 1278 Dei
1394 1222 1599 1278 Verbo.
1819 1223 1925 1277 387

343 1292 475 1343 CAP.
522 1292 670 1343 XIV.
714 1320 780 1330 —
834 1292 910 1347 Dc
968 1291 1161 1348 libello
1220 1294 1506 1350 Paschasii
1562 1293 1806 1349 Ratherti
1853 1293 1923 1348 ad

271 1359 584 1415 Placidium
641 1359 1010 1433 discipulum,
1062 1364 1267 1419 Christi
1315 1365 1779 1421 communionem
1830 1380 1921 1419 ve-

271 1447 395 1487 rum
428 1446 635 1501 corpus
665 1438 718 1486 et
739 1434 1073 1504 sanguinem
1096 1452 1217 1491 esse
1241 1452 1356 1492 non
1382 1437 1776 1493 dubitandum.
1817 1436 1922 1491 387

341 1505 482 1579 CAP:
509 1505 765 1579 XXXVI.
792 1536 858 1545 -
891 1506 1031 1579 Quid
1085 1507 1255 1576 digne
1286 1508 1371 1563 vel
1421 1508 1651 1579 indigne
1701 1523 1925 1579 sumen-

267 1573 422 1699 tiblus
454 1575 736 1631 Dominici
767 1577 1017 1648 corporis
1048 1586 1099 1633 et
1130 1573 1423 1650 sanguinis
1455 1573 1677 1650 praestet
1709 1578 1923 1706 Eucgisai

268 1661 347 1701 ris
372 1661 445 1700 ia.

268 1645 445 1701 ristia.
868 1645 884 1648 ⁷
1239 1645 1261 1650 ”’
1455 1645 1473 1650 ’
1814 1652 1917 1706 387

337 1720 469 1793 _CAP.
503 1720 883 1772 XXXVII.-—-
921 1721 1057 1785 Quis
1108 1721 1303 1778 beatus
1351 1729 1562 1793 martyr
1608 1723 1920 1793 Cyprianus

337 1740 469 1773 ωιιι.
506 1740 883 1772 ᾹΛΛν11.-’
921 1740 1057 1785 Quis
1108 1740 1303 1778 beatus
1351 1740 1562 1793 martyr
1608 1740 1681 1792 uy
1726 1740 1920 1777 rianus

264 1787 621 1872 affirm_at77se
648 1798 943 1872 praesente
973 1793 1279 1872 contigisse
1329 1792 1415 1849 his
1463 1740 1812 1872 qui_p_orluti
1851 1794 1921 1850 de

264 1859 596 1929 idolothytis
648 1862 932 1919 Dominici
983 1859 1233 1936 corporis
1282 1872 1337 1921 et
1394 1859 1688 1936 sanguinis
1743 1880 1921 1921 sacra-

265 1938 458 1986 menta
490 1938 700 1987 temere
731 1943 1118 2006 susceperunt.
1814 1936 1922 1993 389

339 2005 471 2077 CAP.
524 2007 836 2061 XXXVIII.
879 2005 948 2047 θ
994 2010 1175 2071 Quare
1225 2008 1471 2077 peccatis
1526 2007 1919 2065 criminalibus

267 2074 483 2130 irretita
513 2079 884 2133 sacramentis
916 2074 1244 2134 Dominicis
1260 2086 1582 2135 urceautur.
1811 2080 1919 2135 389

335 2148 466 2202 CAP.
500 2149 761 2202 XXXIX.
786 2180 853 2191 —-
885 2150 1108 2206 Judmos
1138 2149 1209 2205 ab
1258 2149 1419 2206 omni
1466 2157 1745 2207 conventu
1777 2150 1917 2208 ﬁde-

264 2215 407 2293 iium
465 2218 740 2293 arcendos
786 2222 1071 2293 praecipue
1125 2221 1220 2276 ubi
1271 2222 1719 2279 Christianorum
1767 2222 1915 2279 cele-

264 2287 457 2344 bratur
481 2288 711 2347 oblatio.
787 2287 805 2293 ’
961 2287 979 2292 “
1811 2294 1917 2351 390

334 2363 468 2416 CAP.
502 2364 618 2416 XL.
641 2392 710 2403 —-
729 2363 981 2426 Qualiter
1009 2364 1396 2421 accedendum
1429 2365 1499 2420 sit
1528 2366 1599 2420 ad
1634 2365 1917 2422 Dominici

260 2431 333 2488 de
363 2432 593 2509 veritate
639 2436 892 2509 corporis
934 2441 989 2492 et
1037 2437 1334 2509 sanguinis
1386 2436 1473 2491 sui
1526 2436 1916 2509 haesitantium

260 2503 435 2561 corda
463 2502 723 2560 ﬁrmavit.
740 2502 759 2505 ⁷
1146 2502 1169 2509 ’
1808 2507 1918 2562 392

333 2578 465 2631 CAP.
499 2576 669 2650 XLII.
694 2607 761 2618 —
792 2575 1127 2650 Miraculum
1155 2579 1225 2635 de
1255 2578 1497 2650 quodam
1526 2579 1741 2635 Iudaeo.
1810 2579 1916 2634 393

333 2650 466 2721 CAP.
490 2647 697 2721 XLIII.
712 2679 790 2721 77—-
818 2651 960 2721 Item
981 2649 1051 2705 de
1072 2647 1315 2719 quodam
1336 2666 1473 2706 sene
1493 2650 1725 2706 eremita
1753 2650 1917 2721 cujus

261 2718 674 2846 gubitationem
710 2720 984 2777 Dominus
1029 2718 1225 2777 eadem
1276 2721 1525 2777 veritatis
1575 2718 1916 2848 revelatigge

280 2806 477 2845 irmavi
511 2832 522 2844 .
1881 2810 1914 2848 ξ)

258 2790 522 2846 limavit.
1808 2794 1914 2848 395

331 2864 463 2987 tCAP.
498 2865 686 2916 VLIV.
712 2894 778 2904 —
804 2866 945 2919 Item
969 2864 1310 2920 miraculum
1335 2864 1480 2936 quod
1513 2864 1703 2920 Romae
1726 2871 1914 2991 act

1804 3008 1914 3062 396

258 2940 363 2989 est.

331 3008 464 3060 CAP.
498 3007 665 3059 XLV.
690 3036 756 3047 —
787 3010 930 3063 Item
959 3006 1133 3062 aliud.

331 3080 462 3151 CAPf
488 3080 775 3151 XLVI.—
810 3078 887 3134 De
923 3087 1277 3136 sacramento
1316 3080 1509 3137 calicIs
1543 3078 1674 3151 quid
1710 3078 1916 3151 revela-

263 3153 381 3204 tum
414 3148 488 3203 sit
516 3149 816 3219 Cypriane.
1561 3148 1575 3151 ’
1808 3149 1879 3206 39

333 3222 464 3274 CAP.
497 3223 814 3274 XLVII.—-
841 3221 1105 3285 fQuatiter
1162 3222 1223 3278 in
1277 3220 1508 3279 Domini
1553 3222 1733 3277 nostri
1779 3222 1911 3277 Jesu

259 3288 467 3344 Christi
497 3291 759 3361 passione
788 3293 1090 3361 mysticum
1123 3293 1193 3349 sit
1222 3293 1433 3349 Pascha
1460 3292 1735 3351 abolitum
1769 3300 1823 3348 et
1849 3292 1909 3347 in

261 3361 383 3431 ejus
415 3361 805 3418 immolatione
835 3363 918 3418 rei
948 3364 1149 3418 veritas
1178 3365 1248 3419 sit
1277 3372 1522 3419 ostensa.
1804 3364 1909 3418 398

330 3436 464 3487 CAP.
495 3437 748 3506 XLVIII.
775 3464 840 3475 -
871 3435 1066 3506 Utrum
1125 3436 1339 3492 Pascha
1394 3436 1540 3491 istud
1590 3435 1907 3506 legitimum

256 3510 384 3574 past
411 3504 552 3578 anui
569 3505 846 3578 7spati_um,
868 3504 959 3563 vel
989 3513 1113 3576 post
1144 3507 1312 3578 longa
1341 3506 1634 3564 intervalla
1658 3504 1904 3574 dierum,

257 3590 331 3631 an
363 3576 616 3645 quotidie
644 3593 677 3631 a
706 3576 970 3633 ﬁdelibus
999 3580 1071 3632 sit
1099 3576 1400 3635 edendum.
1800 3579 1906 3633 398

328 3649 460 3722 CAP.
495 3651 691 3703 XLIX.
714 3679 784 3692 -—-
806 3652 1087 3722 Quantum
1123 3666 1295 3707 sacra:
1316 3649 1678 3722 obligationis
1706 3649 1909 3722 imuiee

252 3717 388 3773 latio
419 3725 774 3781 mortuorum
804 3721 1098 3791 spiritibus
1126 3723 1321 3791 prosit.
1440 3717 1460 3722 ⁷
1799 3721 1904 3777 399

322 3793 455 3864 CAP.
491 3795 550 3864 L.
578 3819 650 3833 -—
681 3797 756 3847 De
785 3793 1027 3863 quodam
1073 3793 1356 3850 monacho
1398 3793 1495 3864 qui
1541 3809 1640 3864 per
1692 3794 1901 3849 saluta-

250 3876 372 3919 rem
407 3861 648 3918 hostiam
678 3861 1025 3935 supplicium
1054 3864 1251 3921 evasit.
1415 3861 1431 3864 “
1472 3934 1477 3935 7
1543 3861 1559 3864 ⁷
1796 3865 1903 3920 399

323 3935 673 4008 CAP_._LI.—
708 3934 1059 4006 Dequodam
1105 3937 1269 4008 cujus
1298 3934 1523 4008 vincula
1570 3936 1633 3992 in
1680 3935 1906 4008 captivi-

250 4003 587 4069 tateoblato
616 4003 849 4078 peracto
869 4008 1149 4064 sacriticio
1177 4003 1560 4064 solvebantur.
1747 4003 1764 4008 ”
1796 4008 1902 4063 399

323 4079 456 4149 CAP.
494 4081 610 4149 LII.
635 4109 703 4117 —-
737 4079 814 4134 De
839 4079 1081 4148 quodam
1115 4087 1285 4136 nauta
1314 4078 1408 4149 qui
1441 4085 1563 4147 post
1590 4078 1759 4147 leuga
1791 4096 1903 4134 ma-

245 4147 324 4203 ris
352 4146 689 4205 discrimina
720 4146 1001 4207 Dominici
1047 4150 1250 4208 virtute
1290 4146 1628 4207 sacramenti
1659 4146 1899 4207 mortem

244 4218 440 4275 evasit.

318 4292 451 4363 CAP.
485 4294 629 4345 LIII.
655 4321 721 4332 —
749 4290 1307 4356 Quibus'immolatio
1339 4292 1620 4351 Dominici
1649 4292 1901 4363 corporis

243 4361 484 4419 mortuis
515 4364 710 4432 prosit.
1751 4361 1768 4363 “
1793 4364 1898 4420 400

313 4436 441 4488 CAP.
482 4438 621 4488 LIV.
644 4465 713 4474 —
743 4437 865 4500 Qua
892 4434 1217 4504 disciplina,
1268 4450 1380 4504 qua
1428 4435 1705 4492 modestia
1735 4450 1897 4491 orau-

247 4504 382 4560 dum
414 4505 648 4578 sitcum
696 4507 956 4563 sacerdos
1002 4506 1281 4565 sacrificat.
1309 4514 1362 4565 et
1399 4507 1787 4578 unusquisque
1836 4506 1898 4563 in

249 4590 351 4632 suo
382 4576 581 4635 ordine
612 4576 809 4635 heram
852 4592 1028 4637 sacra:
1075 4577 1545 4636 communitionis
1568 4576 1895 4705 exspecfaj

313 4723 446 4776 CAP.
482 4723 683 4775 LV.-—
714 4722 856 4786 Quid
910 4722 1224 4777 cavendum
1274 4722 1334 4776 in
1392 4721 1650 4777 oratione
1699 4721 1790 4788 sit,
1842 4728 1895 4775 et

238 4793 483 4862 qualiter
510 4793 788 4849 faciendas
825 4807 1040 4864 preces.
1515 4863 1518 4864 7
1786 4793 1883 4847 404

314 4867 445 4919 CAP.
481 4868 620 4918 LVI.
648 4895 712 4905 —
755 4863 1069 4935 Cyprianus
1108 4864 1179 4920 ad
1225 4864 1442 4922 clerum
1492 4863 1560 4920 de
1610 4864 1893 4935 precando

238 4934 438 4992 Deum.
1787 4931 1885 4992 404

286 4950 438 4992 eum.

308 5010 439 5063 CAP.
475 5010 732 5075 LVII,—
764 5007 923 5072 Quod
968 5007 1136 5063 etiam
1185 5006 1443 5064 exteriori
1498 5006 1652 5064 cultu
1706 5021 1890 5062 sacro-

237 5086 496 5134 sanctum
529 5080 811 5136 Dominici
841 5080 1017 5135 altare
1046 5079 1367 5135 ornandum
1396 5079 1485 5133 sit.
1786 5079 1882 5134 404

308 5153 440 5205 CAP.
477 5150 669 5206 LVIII.
694 5181 761 5191 —
789 5152 948 5215 Quod
979 5151 1123 5206 nihil
1156 5166 1323 5221 super
1354 5150 1527 5206 altare
1559 5150 1888 5220 ponendum

236 5220 307 5276 sit
339 5229 541 5291 praeter
571 5230 988 5278 sacrosanctam
1018 5220 1387 5278 oblationem.
1784 5222 1891 5276 402

305 5296 436 5349 CAP.
470 5296 707 5346 LIX.-—
744 5294 903 5357 Quod
960 5310 1062 5364 pro
1122 5291 1424 5350 homicidis
1472 5299 1527 5347 et
1575 5292 1889 5349 latronibus

234 5379 350 5419 non
383 5372 466 5420 est
496 5364 956 5421 sacriﬁcandum.
1783 5365 1890 5419 402

304 5440 435 5491 CAP.
468 5440 582 5490 LX.
608 5467 674 5476 —
710 5437 786 5490 De
817 5435 905 5490 his
953 5437 1048 5505 qui
1078 5435 1495 5504 eleemosynam
1529 5434 1786 5491 tribuunt
1833 5443 1889 5491 et

233 5515 468 5579 peccata
498 5524 615 5563 non
645 5507 979 5579 dimittunt._
1184 5578 1189 5579 7
1268 5578 1273 5579 7
1360 5578 1369 5579 7
1573 5576 1584 5579 _
1781 5507 1888 5562 403

305 5582 438 5634 CAP.
474 5583 614 5633 LXI.
635 5610 703 5618 —
732 5577 1086 5648 Stupendum
1134 5578 1309 5635 nimis
1342 5578 1413 5634 de
1441 5576 1686 5648 quodam
1731 5593 1886 5648 pres-

232 5648 446 5719 bytero.
1088 5718 1095 5719 7
1779 5650 1885 5705 403

304 5726 435 5776 CAP.
472 5725 643 5775 LXII.
669 5752 733 5762 —
766 5719 923 5785 Quod
974 5718 1383 5789 qualiscunque
1430 5719 1736 5776 sacerdotis
1784 5737 1881 5776 ex-

231 5794 677 5849 communicatio
711 5793 869 5847 valde
906 5790 1262 5846 formidanda
1312 5791 1407 5857 sit,
1438 5805 1546 5846 nec
1594 5792 1884 5847 attenden-

231 5863 368 5918 dum
398 5864 561 5934 cujus
591 5863 778 5918 meriti
796 5861 898 5934 sit,
922 5861 1020 5917 sed
1048 5862 1210 5934 cujus
1236 5861 1565 5934 auctoritate
1588 5861 1696 5916 hoc
1727 5862 1881 5934 facit,

232 5930 707 6005 etiamsi'injusta
754 5932 994 6003 videtur,
1028 5932 1177 6004 quod
1225 5930 1391 6002 absit,
1430 5933 1884 5989 excommunica-

1295 441 1477 516 QUAZ
1520 445 1599 505 IN
1644 442 1796 505 HOC
1838 434 2057 506 T0310
2102 443 2683 512 CONTINENTUR.

3537 452 3711 516 1246

2037 580 2133 636 tio.
3587 585 3710 645 403

2111 654 2925 731 CAP_._LXII_I._-—Laudubilc
2973 657 3148 713 nimis
3195 659 3521 730 exemplum
3572 660 3708 731 glo-

2040 723 2173 779 riosi
2204 724 2446 781 Thedosi
2480 727 2853 798 imperatoris.
3361 723 3380 730 ’
3573 723 3713 789 ’403

2109 800 2239 872 CAP.
2280 801 2561 852 LXIV.-
2605 803 2746 855 Item
2795 800 2947 856 aliud
2997 801 3323 872 exemplum
3372 802 3546 859 nimis
3599 820 3710 871 pa-

2039 869 2304 922 vendum.
3167 869 3184 872 ⁷
3586 869 3708 930 4οί

2106 942 2237 994 CAP.
2274 943 2436 1013 LXV.
2465 973 2529 982 -
2561 945 2779 1007 Quanta
2812 943 3125 999 reverentia
3156 943 3463 1013 episcOpali
3498 947 3707 1002 cathe-

2034 1009 2149 1087 dra:
2206 1011 2482 1087 habenda.
2522 1014 2597 1070 De
2654 1015 2865 1071 domno
2927 1015 3089 1071 Petro
3138 1009 3523 1074 Alexandrino
3588 1034 3709 1087 pa-

2036 1081 2298 1138 triarcha.
3586 1081 3708 1144 404

2103 1156 2233 1210 CAP.
2272 1158 2459 1208 LXVI.
2488 1180 2552 1196 -ι-
2596 1157 2772 1219 Quam
2835 1172 3001 1222 grave
3059 1163 3354 1226 peccatum
3406 1158 3483 1213 ait
3530 1174 3710 1214 sacra

2033 1223 2157 1279 loca
2189 1233 2482 1297 temerare,
2518 1228 2600 1281 vel
2633 1228 2824 1297 aliqua
2857 1231 3022 1283 sorde
3056 1223 3328 1298 polluere.
3587 1232 3709 1286 405

2105 1300 2235 1351 CAP.
2270 1301 2490 1369 LXVII.
2515 1330 2583 1338 ——
2614 1300 2692 1355 De
2721 1300 2966 1369 quodam
2997 1300 3217 1356 latrone
3260 1299 3321 1355 in
3366 1304 3709 1357 etemeterio

2034 1365 2088 1420 S.
2117 1368 2354 1424 Joannis
2383 1370 2641 1439 apostoli.
2738 1365 2754 1369 ’
3586 1374 3706 1429 405

2105 1442 2234 1495 CAP.
2265 1444 2511 1495 LXVIII.
2536 1471 2605 1481 —
2626 1441 2833 1497 Incidit
2854 1442 3089 1512 epistola
3118 1440 3413 1512 Augustini
3434 1443 3501 1498 ad
3526 1443 3709 1500 Auxi-

2036 1509 2173 1584 lium
2205 1512 2533 1583 episcopum
2586 1528 2687 1584 pro
2731 1509 2905 1569 causa
2946 1513 3174 1584 injustas
3207 1509 3704 1572 excommunica-

2031 1582 2223 1638 tionis.
2404 1582 2411 1583 ί
2588 1582 2605 1584 “
3006 1582 3019 1584 ⁷
3581 1588 3701 1644 406

2100 1657 2233 1730 CAP.
2267 1656 2464 1730 LXIX.
2491 1686 2554 1695 —
2587 1659 2727 1730 Item
2754 1654 3000 1726 capitula
3029 1655 3099 1711 ad
3131 1656 3387 1713 eamdem
3419 1671 3539 1712 rem
3572 1674 3708 1730 per-

2030 1724 2269 1781 tinentia
2301 1726 2359 1780 B.
2395 1726 2759 1796 Augustinus.
2824 1724 2840 1726 “
3572 1724 3707 1786 ’406

2101 1800 2233 1853 CAP.
2267 1800 2437 1853 LXX.
2463 1829 2529 1839 —-
2562 1799 2641 1855 De
2670 1805 3024 1855 sacramento
3066 1796 3419 1869 baptismatis
3464 1802 3526 1860 Β.
3561 1805 3703 1857 Arn-

2031 1867 2274 1925 brosius.
3139 1867 3156 1869 “
3586 1874 3704 1929 406

2179 1984 2477 2042 SANCTUS
2515 1986 2917 2043 DUNSTANUS
2955 1985 3532 2047 ARCHIEPISCOPUS

2583 2057 2718 2113 CAN
2725 2057 2845 2114 TUA
2854 2059 2920 2112 BI
2923 2056 3114 2114 ENSIS
3123 2100 3135 2113 .

2096 2154 2151 2208 S.
2190 2155 2467 2212 Dunstani
2496 2163 2725 2213 auctore
2765 2154 3021 2213 Osberno
3066 2157 3462 2215 Cantuarieusi
3493 2174 3697 2215 mona-

2024 2226 2153 2282 cho.
3577 2231 3693 2286 407

2097 2296 2531 2355 Observationes
2553 2298 2798 2357 umviae.
3574 2302 3690 2357 407

2096 2367 2337 2444 Osberni
2368 2367 2605 2444 epistola
2627 2386 2725 2427 seu
2757 2369 3031 2441 praefatio.
3574 2373 3689 2428 443

2098 2440 2307 2511 Incipit
2336 2440 2484 2497 Vita.
2760 2440 2771 2441 ί
3571 2444 3685 2499 us

2099 2511 2375 2584 Dunstani
2406 2518 2668 2583 parentes
2697 2512 2918 2569 nobiles
2953 2527 3019 2569 ac
3050 2512 3149 2584 pii.
3574 2516 3690 2571 415

2096 2583 2281 2639 Cereis
2311 2582 2658 2640 lux’ctelitus
2688 2585 2921 2640 reddita.
3052 2582 3067 2584 ’
3572 2587 3688 2642 445

2099 2655 2376 2727 Dunstani
2407 2655 2671 2711 nativitas
2700 2664 2755 2711 ct
2784 2656 3138 2727 baptismus,
3572 2658 3685 2713 446

2095 2724 2291 2781 Morbo
2321 2734 2613 2797 correptus
2643 2727 2786 2783 mira
2814 2724 2949 2783 facit
2977 2725 3182 2795 angelo
3214 2727 3379 2784 duce.
3574 2729 3683 2785 418

2094 2797 2335 2853 Ordines
2365 2798 2613 2855 minores
2645 2799 2900 2869 suscipit.
2930 2798 3180 2854 Lcelioui
3212 2806 3263 2855 et
3295 2800 3681 2927 scientiis

2098 2884 2273 2924 eram.

2022 2883 2273 2939 operam.
3571 2873 3604 2927 4
3617 2873 3679 2927 t9

2090 2940 2189 3011 Ab
2205 2939 2464 2997 Athclmo
2493 2941 2728 2997 traditur
2759 2940 2876 3011 regi
2906 2939 3252 2998 Ethelstauo.
3571 2944 3679 2999 420

2093 3010 2316 3067 Cithara
2345 3011 2571 3068 coalitus
2599 3012 2693 3068 dat
2719 3010 2943 3069 sonum.
3565 3015 3667 3070 424

2095 3084 2419 3139 Dunstanus
2447 3084 2765 3140 aulicorum
2794 3083 3069 3140 invidiam
3103 3081 3259 3153 fugit.
3565 3087 3672 3141 422

2091 3153 2285 3228 Elfego
2309 3155 3031 3228 episcOpo7bortante,deiu
3062 3154 3258 3212 morbo
3288 3156 3671 3228 accidente,tit

2021 3226 2338 3281 monachus
2367 3234 2419 3281 et
2450 3226 2757 3297 presbyter.
2868 3226 2873 3228 ⁷
3564 3226 3673 3285 42⁵3

2088 3298 2394 3371 ῦιιιδίοηίίε
2410 3298 2469 3353 in
2489 3305 2726 3369 augusta
2745 3298 2889 3356 cella
2908 3297 3184 3368 inclusus,
3202 3298 3495 3356 diabolum
3517 3314 3671 3371 egre-

2016 3368 2106 3439 gie
2134 3369 2362 3440 excipit.
2578 3368 2587 3369 “
3556 3368 3669 3432 7123

2088 3440 2344 3497 Matrona
2393 3440 2544 3511 regia
2599 3440 2666 3496 ad
2721 3440 3075 3497 Dunstanum
3104 3440 3344 3498 accedit.
3382 3442 3441 3497 Β.
3476 3442 3667 3499 Mariae

2014 3511 2212 3567 devota
2243 3512 2448 3583 Regem
2479 3519 2693 3567 recreat
2720 3528 2826 3583 ope
2856 3511 3125 3581 Deiparm.
3558 3516 3664 3569 425

2086 3583 2380 3656 ﬂigi-etans
2409 3598 2498 3638 res
2523 3598 2652 3656 suas
2671 3583 3001 3656 disponitiu
3027 3597 3229 3656 manus
3263 3583 3664 3656 Duustani,qui

2013 3654 2249 3710 mobilia
2277 3654 2371 3710 dat
2398 3652 2865 3726 pauperibusB—
2893 3653 2996 3709 Illa
3035 3654 3284 3726 Spiritus
3331 3656 3515 3713 sancti
3544 3652 3666 3713 ’δ’ἀ-

2011 3732 2180 3781 ventu
2237 3724 2532 3796 recreata,“
2559 3725 2828 3782 unctione
2884 3739 2951 3781 ac
2993 3724 3220 3796 viatico,
3253 3728 3475 3783 munita
3522 3728 3663 3784 obit.

2013 3797 2340 3853 Dunstanus
2365 3797 2747 3855 haereditatem
2776 3796 3053 3855 convertit
3079 3796 3141 3854 iu
3172 3796 3441 3856 ecclesias
3471 3806 3525 3856 et
3548 3816 3669 3855 iuo-

2006 3866 2270 3926 nasteria.
3560 3870 3667 3926 4'36

2084 3942 2299 3995 Arcana
2327 3939 2550 3995 coalitus
2577 3939 2764 3997 discit.
3555 3942 3663 3998 428

2079 4010 2161 4066 Ab
2200 4011 2531 4082 Eadmundo
2577 4011 2638 4067 in
2690 4011 2961 4082 palatium
2985 4011 3222 4081 accitus,
3274 4010 3481 4068 iterum
3529 4012 3665 4069 inde

2010 4081 2498 4152 prolruditur.Sed
2533 4098 2660 4152 rege
2690 4081 2755 4138 ex
2790 4083 3101 4155 praecipitio
3130 4090 3322 4152 erepto
3350 4083 3664 4141 houoritice

2008 4160 2320 4223 revocatur,
2343 4169 2614 4210 concesso
2644 4154 2753 4223 ipsi
2781 4153 2902 4211 solo
2927 4153 3121 4210 natali.
3554 4157 3665 4211 428

2078 4224 2382 4281 ϐιθειοηὶω
2412 4226 2822 4280 monasterium
2854 4224 3077 4281 celebre
3124 4224 3326 4280 reddit.
3375 4225 3662 4282 Damonis

2006 4296 2184 4369 eludit
2209 4296 2519 4369 terriculas.
2540 4367 2547 4369 7
2570 4296 2625 4351 S.
2676 4296 2913 4369 Andreae
2946 4311 3021 4369 se
3044 4296 3394 4369 committit.
3428 4298 3661 4369 Angelis

2005 4367 2322 4437 familiaris,
2350 4367 2553 4439 Edgari
2577 4374 2787 4425 sortem
2816 4368 3003 4423 discit.
3027 4366 3292 4424 Abscntia
3313 4367 3480 4423 videt.
3524 4366 3664 4425 ’430

2077 4439 2240 4565 Belgis
2273 4445 2507 4495 mortem
2542 4440 2866 4510 praenoscit.
2899 4440 3062 4510 cujus
3103 4454 3311 4511 corpus
3354 4440 3663 4567 ωδειοῖἒέ

2077 4526 2136 4567 De
2165 4528 2177 4565 ι
2210 4552 2222 4565 .
3056 4540 3063 4545 ο

2002 4511 2222 4567 seoelit.
3056 4540 3063 4545 ο
3548 4513 3659 4567 432

2067 4528 2222 4581 peuL
3056 4540 3063 4545 ο
3548 4528 3659 4567 432

2078 4581 2295 4637 Edredo
2326 4581 2441 4651 regi
2464 4580 2672 4637 cbarus
2703 4579 2783 4637 fit.
3550 4582 3661 4639 432

2075 4652 2267 4722 Elfego
2299 4658 2521 4709 mortuo
2550 4652 2743 4708 sedem
2773 4651 3228 4708 Wintoniensem
3256 4659 3495 4708 recusat.
3554 4655 3663 4709 432

2075 4724 2279 4780 Edredi
2309 4724 2520 4779 mortui
2539 4723 2712 4779 funus
2739 4730 2918 4781 curat.
3553 4727 3658 4781 434

2075 4795 2229 4851 Edwi
2262 4794 2406 4866 regis
2436 4794 2507 4866 ob
2537 4794 2718 4866 malos
2746 4810 2953 4864 mores,
2986 4794 3217 4852 recedit.
3553 4798 3660 4853 435

2074 4865 2381 4923 Glastoniae
2408 4865 2501 4937 pie
2519 4865 2691 4937 degit.
3080 4935 3085 4937 7
3346 4936 3349 4937 7
3551 4868 3660 4924 435

2073 4938 2238 5006 Regis
2266 4935 2487 4994 amores
2516 4935 2847 5008 insectatus,
2881 4937 2941 4993 in
2973 4935 3237 4993 exsilium
3270 4936 3473 5007 agitur.
3499 4938 3656 5007 Apud

2001 5010 2323 5065 Gaudarum
2352 5008 2523 5080 degit.
2697 5079 2706 5080 7
3551 5011 3659 5065 436

2071 5080 2266 5137 Edwio
2297 5095 2426 5150 rege
2448 5080 2656 5150 fugato,
2692 5079 2942 5149 Edgarus
2973 5086 3191 5149 regnat.
3551 5082 3656 5137 437

2073 5153 2399 5208 Dunstanus
2427 5151 2496 5206 ab
2523 5150 2724 5207 exsilio
2754 5157 3066 5222 revoczitur.
3100 5150 3518 5222 Wigornieusis
3546 5153 3654 5209 Ec-

1998 5224 2187 5280 clesiae
2218 5224 2517 5294 episcopus
2546 5222 2840 5279 ordinatur
2880 5221 2986 5279 sub
3027 5221 3656 5294 titulo’archiepismpi

2000 5294 2439 5351 Cantuarieusis.
3550 5295 3656 5351 438

2071 5365 2250 5422 Edwii
2278 5365 2533 5421 animam
2562 5381 2594 5420 a
2624 5365 2809 5434 pmnis
2840 5364 3061 5420 liberat.
3549 5366 3655 5421 439

2070 5437 2382 5493 Lundonia:
2412 5437 2603 5492 sedem
2632 5435 2858 5504 accipit.
3550 5437 3655 5492 440

2067 5510 2265 5564 Odone
2294 5514 2537 5577 mortuo,
2561 5507 2810 5577 itemque
2840 5506 3057 5575 Elﬁno;
3089 5505 3414 5563 Berthelino
3453 5506 3634 5577 ejecto

1996 5579 2354 5635 Cantuariam
2382 5552 2736 5635 transfertur“.
3044 5552 3057 5575 ’
3481 5552 3502 5577 ³
3551 5552 3655 5637 ul

2066 5650 2340 5707 Columba
2381 5651 2528 5707 inter
2574 5664 2732 5706 sacra
2782 5648 3113 5705 illustratur.
3162 5648 3374 5721 Aquam
3408 5664 3477 5705 ex
3516 5666 3656 5722 rupe

1993 5723 2273 5875 61ῗὲἓέοω
2304 5790 2377 5848 ob
2408 5792 2673 5849 violatam
2705 5792 2983 5863 virginem
3015 5791 3275 5863 septenui
3302 5723 3657 5875 pteuitenftig

1940 5907 1956 5930 ,
1994 5864 2225 5920 addicit.
3550 5866 3651 5920 su

2068 5935 2415 5992 clericorum
2447 5936 2754 6007 ejectorum
2788 5936 3047 6007 querelas
3078 5932 3354 6003 refringit.
3549 5937 3652 5992 445
