3936 6456
179 433 279 491 263

1095 430 1747 504 Pli/ELOQUIORUM
1794 432 1997 494 LIBRI
2046 420 2215 495 sex.
2248 436 2503 498 —-LIB.
2550 436 2655 497 IV.

3467 437 3588 497 266

173 567 466 625 excedente
515 564 1090 639 comprehensus,.te
1119 565 1473 634 inconsulto,
1505 566 1643 622 licet
1673 584 1817 640 prm-
1848 570 1901 637 Α
1934 568 2292 642 Quaecumque
2339 570 2720 641 honorificavit
2756 586 2864 640 me,
2896 568 3264 640 honoriﬁcabo
3308 584 3469 636 eum;
3496 571 3594 642 qui

174 661 338 725 sente,
363 657 434 713 ab
465 674 534 713 eo
567 656 969 729 injuriaretur,
985 654 1203 713 carceri
1232 657 1488 723 daretur,
1505 657 1814 725 fame,siti,

167 746 397 820 geluque
442 750 773 814 necaretur,
807 744 1140 818 opprobriis
1199 749 1257 801 et
1304 745 1702 802 derisionibus
1761 751 1819 802 et

167 836 673 909 contempui,quod
705 839 979 909 gestaret,
1004 835 1263 891 nominis
1288 835 1620 891 afﬁceretur
1638 852 1653 890 :
1673 836 1814 909 quid

163 943 305 1000 ergo,
322 926 469 982 bone
493 942 614 993 rex,
635 924 728 998 pie
750 925 1045 997 princeps,
1068 925 1127 983 in
1150 924 1493 996 hujusmodi
1516 925 1624 980 tibi
1645 941 1817 998 agen-

161 1015 291 1070 dum
310 1015 623 1071 decrneres
653 1012 927 1087 negotio?
950 1013 1102 1081 Scio,
1131 1013 1396 1086 ais,quid
1424 1030 1685 1087 agerem;
1711 1015 1812 1071 sed

160 1121 263 1159 non
291 1107 379 1159 est
410 1103 524 1159 iste
554 1103 673 1159 Deo
704 1106 825 1158 tam
859 1101 1075 1158 cbarus
1107 1120 1288 1174 quam
1320 1101 1488 1159 dicis.
1514 1103 1687 1170 Quid,
1720 1102 1811 1159 in-

160 1210 342 1265 quam,
359 1193 557 1251 nosti?
575 1193 778 1249 Nonne
794 1191 956 1248 vides
972 1208 1108 1247 eum
1128 1191 1297 1259 solio,
1313 1196 1806 1264 sceptro,corona,

159 1282 689 1357 purpura,ipsoque
706 1282 943 1338 nomine
965 1281 1108 1339 satis
1129 1281 1378 1353 prazclue
1397 1282 1541 1354 (217)
1567 1282 1813 1354 insigni-

159 1371 307 1428 tum?
325 1373 470 1445 Ego,
494 1372 714 1444 inquis,
738 1389 874 1428 eum
902 1370 1200 1444 insignivi.
1226 1362 1354 1427 Tu?
1380 1370 1671 1443 qualiter?
1703 1371 1809 1426 Po-

157 1462 386 1519 tuistine
418 1462 562 1518 dare
594 1461 750 1535 quod
781 1478 887 1517 nec
918 1461 1099 1517 audes
1122 1463 1276 1517 ne
1297 1460 1670 1534 contingere?
1692 1461 1809 1518 Va-

154 1550 301 1607 luisti
323 1551 647 1607 concedere
669 1551 827 1622 quod
851 1549 1027 1606 etiam
1049 1549 1276 1622 cogeris
1299 1549 1581 1605 adorare?
1602 1549 1809 1606 Fuitne

151 1657 401 1713 unquam
435 1639 501 1696 in
532 1644 638 1695 tua
669 1639 1146 1712 potestate,quod
1179 1643 1301 1694 tam
1327 1638 1506 1694 altius
1534 1656 1690 1693 nunc
1720 1642 1811 1694 est

148 1747 314 1804 supra
343 1730 447 1785 te?
480 1728 750 1786 Mirabile
778 1745 916 1802 ergo
950 1728 1106 1800 quod
1138 1727 1245 1782 tibi
1278 1726 1486 1796 tulisti,
1510 1726 1678 1782 alteri
1711 1726 1809 1782 tri»

151 1819 334 1877 huisti.
361 1818 483 1876 Sed
506 1817 710 1875 desine
731 1817 840 1873 hoc
862 1816 949 1873 vel
973 1816 1249 1889 cogitare.
1266 1816 1414 1871 Nam
1438 1815 1488 1871 si
1516 1816 1811 1888 potuisses

1927 663 2111 714 autem
2139 663 2493 716 contemnunt
2522 677 2627 726 me,
2660 664 2821 716 erunt
2851 659 3118 730 ignobiles
3151 660 3201 730 (Ι
3230 659 3352 731 Reg.
3387 676 3448 726 ιι,
3471 659 3590 729 30);

1926 751 1983 801 et
2006 745 2151 803 illud
2187 767 2202 804 :
2234 750 2390 804 Dedit
2420 752 2474 805 ei
2502 751 2644 805 Deus
2687 752 2865 806 locum
2893 768 2916 804 .'
2946 752 3001 805 at
3033 749 3131 804 ille
3158 748 3410 804 abutitur
3438 763 3499 803 eo
3529 750 3595 803 in

1924 838 2241 908 superbiam
2260 839 2393 911 (Job.
2414 856 2567 908 xxw,
2593 841 2708 912 23);
2744 844 2800 895 et
2830 840 2900 895 de
2929 837 3290 910 quibusdam
3324 853 3338 893 :
3369 838 3589 895 Averte-

1924 931 2161 997 runtgue
2204 929 2385 984 oculos
2422 945 2566 995 suos,
2604 934 2662 984 ut
2714 946 2825 984 non
2882 928 3125 985 viderent
3168 928 3384 996 calum,
3416 943 3593 1000 neque

1922 1016 2345 1092 recordarentur
2371 1019 2715 1091 judiciorum
2737 1019 3020 1090 justorum
3046 1018 3206 1087 (Dan.
3240 1033 3361 1085 xm,
3380 1015 3460 1089 9.)
3480 1020 3586 1071 Su-

1924 1110 2221 1162 surrasset
2251 1124 2481 1180 quoque
2512 1106 2617 1163 tibi
2660 1107 2952 1180 Sapientis
3002 1105 3149 1161 illud
3193 1104 3441 1161 dicentis
3470 1104 3587 1160 hu-

1913 1194 2085 1267 jusce
2117 1197 2489 1269 proverbium
2520 1214 2533 1251 :
2566 1199 2661 1252 Bis
2692 1198 2881 1263 vincit,
2905 1198 3003 1269 qui
3028 1212 3086 1252 se
3112 1197 3173 1250 in
3203 1196 3434 1251 victoria
3463 1196 3585 1250 vin-

1918 1286 2015 1352 cit,
2032 1293 2084 1340 et
2104 1286 2433 1341 iracundum
2453 1289 2550 1360 qui
2572 1288 2761 1355 uincit,
2781 1287 2987 1342 hostem
3007 1293 3230 1358 superat
3247 1287 3581 1341 maximum.

1922 1374 2185 1446 Itemque
2209 1393 2223 1430 :
2246 1377 2309 1431 In
2336 1376 2661 1432 vindicando
2681 1377 2980 1432 criminosa
2997 1383 3074 1432 est
3095 1374 3410 1433 hxreditas.
3433 1373 3586 1432 Alte-

1919 1462 2044 1519 rius
2068 1481 2302 1536 quoque
2322 1465 2666 1537 hujusmodi
2691 1464 2862 1535 :(Cic.
2881 1481 2983 1536 pro
3000 1463 3278 1535 Marcel.)«
3300 1462 3584 1529 Animum

1918 1551 2170 1620 vincere,
2194 1552 2561 1609 iracundiam
2588 1553 2881 1624 cohibere,
2903 1552 3208 1609 victoriam
3232 1556 3580 1623 temperare,

1921 1640 2324 1696 adversarium
2342 1660 2458 1698 non
2477 1642 2652 1698 modo
2669 1641 2942 1698 extollere
2958 1639 3385 1712 jacentem,sed
3404 1639 3582 1698 etiam

1921 1727 2282 1800 amplificare
2299 1730 2426 1801 ejus
2444 1730 2756 1802 pristinam
2779 1729 3148 1802 dignitatem,
3162 1729 3284 1784 haec
3301 1727 3403 1801 qui
3421 1727 3579 1799 facit,

1921 1834 2038 1873 non
2062 1835 2167 1890 ego
2185 1836 2319 1874 eum
2338 1819 2591 1876 summis
2613 1818 2750 1874 viris
2771 1835 3067 1892 comparo,
3084 1818 3186 1874 sed
3205 1816 3580 1875 simillimum

150 1909 291 1977 dare,
321 1913 568 1982 poteras
598 1907 803 1979 utique
834 1910 891 1962 et
920 1906 1169 1962 auferre.
1195 1904 1362 2006 Nunc
1390 1922 1526 1961 vero
1558 1922 1692 1961 cum
1726 1922 1808 1962 re-
1829 1940 1882 2006 Β
1922 1905 2038 1962 Deo
2073 1908 2298 1978 judico.
2329 1930 2348 1957 ιο
2377 1907 2712 1964 Ridiculum
2745 1912 2999 1975 econtra,
3033 1893 3390 1978 juxta'lzo
3442 1924 3582 1964 eum

154 2000 242 2057 bus
271 1997 565 2071 spoliare,
598 1995 787 2069 patria
826 1994 1059 2067 pellere,
1094 1993 1382 2063 exsulare,
1439 1994 1655 2050 carceri
1689 1998 1804 2050 tra-

151 2088 284 2153 dere,
306 2085 655 2142 luminibus
688 2086 914 2149 orbare,
947 2099 1259 2150 excorlare,
1284 2083 1704 2150 exmembrare,
1729 2083 1802 2140 ad

150 2176 409 2235 ultimum
433 2174 499 2229 in
523 2173 611 2229 tui
634 2172 824 2246 ipsius
844 2171 1182 2245 przejudicio
1206 2189 1341 2228 eum
1361 2172 1554 2228 valeas
1576 2171 1800 2228 occide-

145 2284 222 2333 re;
239 2282 456 2322 nomen
476 2267 676 2319 autem
694 2261 861 2326 illud,
877 2266 1173 2333 sceptrum
1198 2261 1644 2330 illud,coronam
1663 2276 1798 2316 cum

147 2372 414 2428 purpura,
442 2352 609 2409 illam
642 2351 1132 2417 benedictionem,
1159 2350 1317 2407 illam
1350 2354 1696 2422 potestatem
1728 2349 1796 2405 li-

145 2443 303 2517 gandi
326 2448 383 2499 te
413 2441 833 2515 ipsum,etiam
858 2457 892 2494 a
913 2457 1029 2512 quo
1052 2439 1268 2512 ligatus
1293 2444 1549 2507 tenetur,
1576 2438 1799 2496 solven-

147 2528 981 2607 dique(218)illam,judicium
1006 2528 1793 2602 illud,principatumillum,

145 2622 524 2696 angelicatum
545 2618 738 2685 illum,
753 2618 1204 2691 apostolicatum
1224 2617 1412 2680 illum,
1431 2618 1795 2691 potiﬁcatum

144 2712 313 2780 illum,
335 2713 650 2784 regnatum
674 2707 863 2774 illum,
887 2707 1348 2782 pastoralitatem
1371 2705 1555 2776 illam,
1580 2711 1800 2780 postre-

145 2818 226 2857 mo
254 2800 431 2873 (quod
467 2799 565 2855 his
596 2797 876 2855 omnibus
908 2801 996 2854 est
1025 2796 1425 2869 praestantius)
1456 2796 1795 2853 unctionem

144 2895 191 2945 et
217 2889 551 2947 dealitatem
585 2887 748 2944 illam
798 2904 915 2943 non
962 2886 1156 2959 possis
1184 2890 1288 2942 tua
1316 2887 1394 2957 vi,
1426 2890 1522 2941 tuo
1545 2886 1793 2957 judicio,

146 2984 232 3035 tua
258 2977 751 3043 auctoritate,tua
780 2974 981 3032 tollere
1012 2979 1331 3049 potestate:
1360 2991 1613 3048 agnosce
1644 2974 1795 3030 mul-

146 3074 254 3123 tum
274 3086 454 3142 supra
478 3071 538 3129 te
571 3065 889 3138 esse,quod
921 3068 1149 3121 tantum
1175 3064 1304 3137 ipso
1326 3064 1441 3121 Deo
1468 3063 1631 3119 vides
1663 3080 1793 3137 pro-

145 3158 429 3232 pinquare,
454 3160 522 3213 ut
552 3154 668 3211 nisi
700 3155 774 3210 ab
805 3153 933 3226 ipso
964 3154 1201 3219 auferri,
1224 3153 1298 3208 ab
1324 3153 1453 3225 ipso
1474 3152 1661 3209 valeat
1690 3153 1793 3208 tri-

146 3246 249 3317 bui,
271 3248 341 3303 ab
374 3247 505 3319 ipso
537 3246 602 3301 in
634 3244 727 3300 sui
754 3242 1045 3300 consortio
1074 3247 1366 3298 mereatur
1388 3242 1468 3297 ita
1489 3241 1795 3298 insolubil-

1917 1996 2018 2068 qui
2051 2014 2251 2068 supra,
2283 1997 2416 2053 odio
2449 1997 2714 2053 nocentis
2745 1996 3141 2053 innocentiam
3174 1997 3437 2068 perdere.
3469 1995 3576 2052 Oc-

1915 2086 2198 2142 currisset
2227 2086 2400 2142 etiam
2429 2087 2626 2143 animo
2652 2086 2872 2143 factum
2895 2085 3098 2153 David,
3130 2085 3422 2158 quomodo
3450 2102 3577 2158 per-

1911 2179 2254 2247 sequentem
2287 2192 2349 2231 se
2380 2176 2540 2242 Saul,
2574 2175 2690 2231 sibi
2722 2193 2757 2230 a
2784 2175 2900 2230 Deo
2933 2174 3215 2231 traditum
3246 2174 3574 2247 inveniens,

1909 2268 1966 2319 et
1997 2280 2031 2318 a
2061 2263 2186 2319 suis
2221 2267 2283 2319 ut
2307 2282 2441 2320 eum
2466 2265 2661 2320 feriret
2690 2282 2929 2332 suasus,
2953 2263 3235 2333 noluerit;
3260 2264 3578 2337 potiusque

1909 2351 2119 2408 dixerit
2143 2370 2155 2408 :
2178 2355 2460 2425 Propitius
2487 2355 2629 2409 mihi
2656 2356 2727 2409 sit
2751 2354 2913 2421 Deus,
2939 2370 3008 2409 ne
3028 2352 3320 2410 extendam
3346 2371 3577 2419 manum

1907 2443 1968 2497 in
2000 2444 2264 2498 christum
2291 2444 2513 2499 Domini
2544 2444 2589 2515 (Ι
2617 2445 2739 2514 Reg.
2767 2460 2921 2509 xxvx,
2952 2442 3063 2513 11).
3087 2442 3151 2498 In
3175 2459 3290 2515 quo
3312 2442 3572 2515 primum

1907 2531 2251 2600 notavisses,
2272 2532 2427 2604 quod
2460 2532 2781 2604 propitium
2814 2530 2927 2586 sibi
2948 2531 3074 2586 ﬁeri
3101 2531 3289 2586 Deum
3320 2530 3575 2603 postula-

1906 2620 2074 2686 verit,
2094 2637 2166 2676 ne
2193 2621 2406 2676 faceret
2439 2622 2593 2693 quod
2627 2621 2756 2692 ipso
2781 2619 2977 2675 locum
3009 2618 3061 2674 ei
3096 2619 3270 2675 dante
3290 2619 3455 2691 juste
3487 2619 3571 2675 fa-

1907 2725 2035 2765 cere
2068 2709 2423 2782 poterat.Va3
2447 2709 2601 2765 enim
2624 2708 2697 2778 ei,
2713 2709 2816 2781 qui
2840 2708 3165 2765 secundum
3187 2706 3567 2765 Psalmistam

1908 2798 2228 2854 dimittitur
2255 2798 2539 2854 voluntati
2570 2816 2689 2855 sua:
2722 2799 2890 2871 (Psal.
2927 2815 3090 2865 Lxxx,
3120 2798 3239 2868 13);
3270 2814 3404 2859 cum
3440 2814 3566 2854 cor-

1908 2892 2113 2961 ruptor
2167 2892 2225 2944 et
2283 2888 2707 2945 abominabiles
2751 2889 2924 2959 (Psal.
2946 2906 3068 2955 xm,
3110 2888 3154 2961 ι)
3186 2889 3390 2962 utique
3447 2888 3563 2946 Deo

1907 2979 2196 3049 quosdam
2228 2978 2287 3033 in
2322 2978 2535 3034 studiis
2568 2979 2696 3035 suis
2726 2979 2912 3035 factos
2950 2978 3093 3034 alibi
3123 2982 3337 3035 notans
3369 2977 3565 3051 Scrip-

1905 3071 2040 3123 tura
2068 3067 2226 3123 dicat
2249 3085 2262 3123 :
2284 3068 2411 3124 Post
2439 3069 2900 3139 concupiscentias
2929 3076 3051 3124 tuas
3078 3084 3191 3126 non
3218 3083 3330 3135 eas,
3349 3071 3403 3124 et
3421 3085 3455 3123 a
3474 3084 3565 3124 vo-

1906 3154 2113 3212 luntate
2133 3160 2229 3211 tua
2249 3160 2494 3212 avertere
2515 3157 2702 3230 (Eccli.
2730 3174 2886 3225 xvm,
2906 3158 3020 3230 30);
3044 3161 3101 3214 et
3124 3174 3137 3212 :
3166 3156 3307 3214 Sunt
3327 3159 3430 3213 viae
3448 3174 3569 3230 quae

1904 3244 2157 3303 videntur
2186 3246 2499 3302 hominibus
2526 3250 2710 3313 rectae,
2734 3263 2973 3318 quarum
2999 3246 3129 3315 ﬁnis
3160 3262 3329 3319 usque
3358 3246 3421 3301 in
3444 3260 3572 3318 pro-

144 3315 262 3392 lime
291 3315 486 3404 acciri,
522 3338 593 3391 ut
622 3351 658 3389 a
685 3332 850 3395 nullo
881 3350 943 3388 se
966 3331 1188 3388 intacto
1210 3330 1403 3387 valeat
1432 3331 1617 3404 tangi.
1642 3332 1790 3389 Nam
1821 3315 1864 3383 α
1903 3334 2141 3404 fundum
2162 3336 2373 3406 inferni
2391 3335 2657 3403 demergit
2678 3315 2862 3404 (Prov.
2886 3351 3000 3401 xvi,
3024 3334 3138 3406 25);
3163 3341 3216 3390 et
3232 3315 3573 3395 desiderent

147 3424 232 3481 illa
257 3427 628 3498 omnia,qua:
658 3424 786 3497 ipso
818 3422 954 3478 licet
984 3421 1393 3489 nolente,dum
1417 3425 1537 3477 tam
1569 3421 1799 3477 terribi-

146 3512 259 3572 liter
285 3514 609 3573 interdicit.
637 3514 742 3570 sed
773 3516 971 3569 tamen
1000 3512 1149 3581 (219)
1176 3511 1570 3584 permittente,
1595 3511 1667 3567 ab
1698 3511 1800 3567 ho-

147 3606 283 3662 mine
333 3606 417 3662 eis
449 3604 533 3676 [id
594 3608 673 3659 est
726 3600 1042 3675 episcopis]
1101 3606 1351 3673 possunt
1404 3599 1612 3673 inﬂigi,
1662 3599 1800 3655 licet

148 3696 382 3752 maxima
408 3694 641 3767 injuria
661 3692 739 3748 sit
770 3690 894 3757 Dei,
918 3690 1178 3747 maxima
1209 3690 1449 3746 miseria
1471 3688 1797 3757 inferentis,

148 3782 561 3841 inaestimabilis
604 3787 802 3838 tamen
854 3779 1041 3854 gloria
1086 3779 1355 3850 ejusdem
1406 3782 1496 3833 est
1543 3776 1797 3845 ordinis;

150 3873 289 3944 quod
316 3877 616 3931 testantur
664 3870 749 3925 illi
792 3868 891 3942 qui
927 3869 1086 3925 ibant
1129 3867 1428 3941 gaudentes
1457 3884 1492 3923 a
1519 3874 1805 3938 conspectu

150 3964 375 4030 concilii,
406 3963 679 4036 quoniam
707 3959 875 4028 digni
904 3956 1081 4014 habiti
1115 3971 1247 4013 sunt
1270 3973 1372 4030 pro
1417 3958 1643 4012 nomine
1671 3957 1800 4013 Jesu

151 4054 521 4109 contumeliam
547 4052 674 4125 pati
704 4051 842 4120 (Act.
877 4065 933 4114 v,
966 4049 1078 4117 41),

213 4142 291 4195 18.
327 4183 341 4196 .
376 4187 388 4198 .
426 4185 439 4197 .
479 4184 493 4197 .
528 4184 541 4197 .
578 4138 838 4214 graviter
865 4136 1016 4208 (220)
1050 4140 1255 4193 contra
1301 4136 1537 4192 dantem
1596 4135 1797 4203 erexit,

154 4228 277 4285 dum
302 4234 417 4287 tam
444 4227 791 4286 immaniter
810 4226 975 4282 illum
995 4225 1265 4292 offendit;
1285 4223 1424 4297 quid
1447 4224 1517 4280 ad
1541 4224 1635 4280 te?
1655 4223 1802 4289 Quia

153 4334 351 4387 meum,
383 4320 608 4392 inquis,
643 4316 904 4373 turbavit
938 4314 1535 4389 regnum,concitavit
1577 4313 1796 4386 praelia,

152 4408 358 4477 przedas
387 4410 738 4465 innumeras
770 4404 1049 4462 exercuit.
1078 4404 1206 4460 Non
1237 4406 1398 4475 puto,
1432 4403 1705 4472 inquam;
1741 4406 1802 4458 at

150 4511 266 4552 vero
295 4498 585 4569 dicamus,
612 4495 1122 4562 fecerit,dicamus
1152 4492 1257 4547 tibi
1293 4508 1515 4548 morem
1547 4492 1800 4565 gerendo

153 4585 438 4654 pro,libitu
463 4585 770 4655 tuo.Sed,o
790 4582 1047 4640 utinam!
1070 4585 1536 4654 postquameum
1561 4584 1799 4653 captum

152 4672 200 4726 in
219 4675 582 4732 tuababuisti
598 4671 1036 4748 potestate,Deo
1053 4670 1801 4743 permittente,quanquam

157 4762 361 4820 nolente
384 4766 599 4839 (neque
634 4763 794 4818 enim
829 4762 917 4817 fas
949 4765 1040 4816 est
1069 4761 1354 4815 fautorem
1386 4775 1520 4814 eum
1551 4774 1680 4814 esse
1706 4774 1803 4814 eo-

159 4868 429 4927 rum,quae
466 4872 539 4911 ne
570 4855 784 4910 ﬂerent
812 4850 1130 4917 interdixit,
1167 4848 1279 4904 dici
1309 4847 1404 4903 vel
1433 4848 1617 4919 credi)
1648 4865 1806 4902 reco-

162 4940 352 4999 luisses
377 4944 545 5000 illum
579 4941 802 4999 dixisse
846 4939 1145 5008 omnibus,
1168 4954 1301 4994 cum
1347 4937 1637 5010 prazcipue
1668 4937 1805 5004 tibi;

163 5046 329 5113 signia
347 5049 780 5135 'comp‘reliensus
802 5047 871 5135 ab
900 5047 1087 5135 aliquo
1111 5060 1495 5135 conservorum
1522 5043 1811 5135 eatlcedente

162 5134 269 5173 eum
307 5116 536 5195 aliquid,
561 5122 939 5195 iniuriaretur
989 5116 1058 5174 ab
1104 5134 1183 5195 eo,
1217 5122 1287 5195 te
1323 5117 1647 5195 inconsulto,
1686 5116 1809 5169 licet

160 5187 415 5261 praesente,
447 5187 560 5251 etc.
586 5187 892 5248 Excedente
919 5206 1045 5245 eum
1074 5187 1307 5261 aliquid,
1336 5188 1392 5243 id
1426 5192 1514 5243 est
1545 5187 1642 5258 qui
1671 5202 1807 5241 eum

165 5262 338 5334 aliqua
366 5283 434 5320 ex
464 5266 631 5337 parte
665 5262 979 5337 antecellit.

224 5329 369 5417 (217)_
394 5329 674 5393 Pra’clueo
707 5333 1469 5417 agrudentiolusurpatum
1502 5329 1561 5383 in
1592 5329 1813 5417 hymno

167 5402 277 5471 poet
303 5402 520 5476 cibum,
548 5425 703 5463 vers.
739 5406 830 5475 3’7,
856 5422 959 5477 pro
1009 5404 1167 5460 valde
1212 5402 1383 5458 clueo.
1408 5402 1587 5477 Clueo
1618 5405 1815 5477 autem

168 5478 298 5545 apud
332 5473 604 5536 Plautum
637 5473 913 5535 Trinum.
936 5480 993 5541 2,
1017 5478 1070 5541 4,
1096 5477 1168 5530 95
1186 5484 1205 5529 ‘:
1232 5478 1290 5529 ut
1316 5490 1513 5529 nomen
1539 5473 1682 5545 cluet
1714 5488 1817 5543 pro

168 5544 667 5619 celebror,claresco.
694 5550 884 5623 Igitur
907 5548 1249 5623 adverbium
1276 5546 1523 5623 praecluc
1552 5544 1705 5623 idem
1731 5546 1819 5623 est

171 5634 222 5672 ac
243 5615 516 5705 praeclare.
552 5623 705 5705 Dum
723 5615 917 5705 'porro
950 5619 1033 5702 ait
1066 5636 1078 5675 :
1112 5620 1242 5705 Ego,
1276 5615 1485 5699 inquis,
1518 5632 1643 5670 eum
1678 5615 1817 5705 iqsi-

176 5687 321 5769 gniiji,
340 5695 409 5753 de
437 5687 893 5769 regeloquitur,
921 5691 1022 5769 qui
1056 5708 1119 5745 se
1149 5687 1673 5769 facereiepiscopos
1704 5687 1819 5744 dic-

180 5763 373 5825 titabat.
405 5763 551 5825 Vide
584 5763 808 5823 librum
840 5763 1086 5822 tertium
1119 5778 1284 5821 num.
1316 5764 1407 5821 23.

462 5897 738 5969 PATROL.
782 5889 1106 5958 CXXXVI.

1907 3423 2146 3495 quidem
2167 3422 2516 3494 plerumque
2532 3421 2823 3490 nonnulli,
2839 3422 2996 3494 quod
3014 3420 3294 3486 malosuo
3312 3421 3572 3477 exauditi

1908 3510 2101 3568 solent
2130 3511 2409 3582 accipere.
2433 3510 2598 3565 Unde
2629 3509 2870 3580 quidam
2904 3510 3048 3564 satis
3079 3507 3270 3580 lepide
3295 3525 3308 3565 :
3336 3509 3429 3564 Nil
3458 3517 3574 3564 tam

1908 3600 2191 3664 insanum,
2220 3598 2431 3669 inquit,
2457 3614 2623 3669 quam
2655 3597 2711 3651 id
2753 3596 3084 3665 desiderare,
3112 3612 3215 3668 per
3242 3595 3384 3670 quod
3398 3599 3574 3668 possis

1904 3688 2107 3759 perire.
2129 3685 2295 3741 Alius
2328 3686 2467 3741 item
2501 3685 2724 3741 scilicet
2755 3686 2957 3758 facete,
2990 3688 3278 3758 quantum
3309 3685 3440 3759 ipsa
3468 3688 3573 3742 Sa-

1911 3775 2133 3849 pientia
2163 3774 2407 3831 docente
2433 3792 2446 3831 :
2473 3774 2536 3830 Si
2563 3776 2829 3831 miserum
2858 3778 2954 3842 est,
2988 3774 3088 3842 ait,
3112 3775 3348 3831 voluisse
3369 3792 3570 3848 prava,

1903 3865 2151 3937 potuisse
2177 3865 2435 3920 miserius
2463 3867 2559 3920 est.
2592 3864 2701 3920 Job
2739 3868 2936 3921 autem
2972 3882 2985 3921 :
3016 3864 3329 3935 Abundant,
3354 3865 3567 3938 inquit,

1911 3955 2269 4011 tabernacula
2296 3953 2645 4027 praedonum,
2679 3958 2730 4011 et
2758 3955 3021 4010 audacter
3050 3958 3348 4026 provocant
3374 3956 3571 4023 Deum,

1907 4061 2034 4102 cum
2062 4045 2160 4100 ille
2187 4046 2374 4100 omnia
2401 4044 2612 4101 dederit
2634 4045 2695 4099 in
2720 4044 2978 4100 manibus
3005 4060 3195 4101 eorum
3217 4044 3352 4117 (Job.
3371 4061 3472 4111 xn,
3489 4044 3568 4115 6).

1910 4135 2072 4191 Unde
2095 4138 2290 4190 autem
2316 4133 2620 4205 pradones,
2646 4150 2782 4189 cum
2808 4133 2963 4189 Deus
2992 4133 3220 4201 dederit,
3244 4132 3360 4189 nisi
3391 4132 3570 4202 quod,

1912 4226 2024 4281 Deo
2054 4222 2428 4295 permittente
2471 4224 2653 4292 juste,
2684 4222 2782 4277 isti
2815 4222 2888 4277 ad
2920 4222 3177 4292 praedam
3226 4223 3575 4276 exarserunt

1908 4311 2174 4384 injuste?
2205 4310 2369 4366 Unde
2415 4310 2674 4365 audacter
2698 4312 3013 4381 provocant,
3048 4307 3163 4362 nisi
3193 4320 3379 4374 exeo,
3416 4305 3574 4361 unde

1909 4401 1995 4457 eis
2020 4401 2174 4456 Deus
2194 4398 2409 4467 locum,
2425 4403 2527 4453 aut
2543 4400 2782 4470 propter
2801 4394 3264 4470 castigationem,
3280 4399 3382 4449 aut
3405 4410 3577 4466 prop-

1909 4494 1999 4546 ter
2020 4506 2251 4562 poenam
2276 4486 2750 4559 delinquentium
2774 4485 2955 4553 dedit,
2980 4488 3082 4541 aut
3102 4488 3255 4540 certe
3276 4482 3433 4540 malo
3455 4483 3585 4563 illo-_

1912 4596 2065 4647 rum,
2086 4582 2149 4633 ut
2183 4576 2408 4634 scilicet
2438 4576 2551 4632 sibi
2582 4575 2785 4641 relicti,
2812 4592 2918 4632 nec
2950 4592 2984 4630 a
3014 4574 3241 4631 medico
3272 4573 3573 4647 prohibiti,

1912 4667 2260 4739 edantunde
2277 4669 2584 4721 necentur:
2607 4665 2811 4721 bibant
2828 4664 3067 4721 calicem
3087 4664 3302 4721 furoris
3320 4663 3573 4731 Domini,

1915 4757 2071 4812 unde
2097 4754 2371 4811 inebriati
2397 4753 2634 4827 gravius
2655 4758 2934 4810 corruant
2960 4752 3020 4809 in
3042 4756 3325 4810 aeternum
3352 4753 3579 4825 peritu-

1920 4844 1997 4914 ri;
2032 4847 2383 4917 exaggerent
2411 4843 2681 4912 crimina,
2711 4840 2867 4899 unde
2896 4844 3086 4915 major
3112 4843 3196 4900 eis
3228 4842 3581 4899 accendatur

1918 4934 2204 5008 gehenna,
2220 4935 2468 5005 apposita
2486 4949 2719 5006 semper
2738 4933 3032 5004 iniquitate
3046 4948 3211 5005 super
3230 4931 3580 5004 iniquitatem

1992 5042 2137 5113 (218)
2170 5041 2330 5097 Illam
2362 5040 2587 5113 scilicet
2610 5043 2928 5113 potestatem
2954 5038 3217 5113 solvendi.

1993 5108 2139 5193 (2}9)
2175 5113 2324 5193 Male
2365 5112 2423 5167 in
2457 5108 2811 5193 vulgatis_te
2859 5108 3580 5193 tamen._Emendationem

1921 5187 2273 5311 copﬁrtmant
2312 5185 2621 5255 sequentia
2655 5200 2668 5239 :
2710 5185 2814 5239 Deo
2853 5186 3204 5254 permittente
3241 5195 3579 5254 quanquam,

1921 5272 1988 5311 no
2016 5272 2083 5310 en
2111 5272 2159 5310 e.
3082 5267 3091 5277 '

1920 5272 2159 5311 nomn-Ie.

1998 5328 2144 5399 (220)
2194 5324 2491 5399 Nonnulla
2536 5325 2641 5399 hic
2698 5326 2931 5393 desunt,
2984 5324 3203 5399 quibus
3246 5321 3586 5399 opponeba-

1926 5394 2040 5463 tur,
2074 5394 2202 5454 ideo
2242 5416 2309 5453 ea
2340 5397 2497 5453 mala
2526 5397 2707 5453 fuisse
2757 5415 2790 5451 a
2839 5394 3243 5469 rego—inflicta
3284 5394 3586 5466 episcopo,

1926 5471 2065 5548 quia
2095 5488 2158 5526 se
2188 5474 2391 5548 contra
2446 5485 2662 5548 regem,
2697 5486 2736 5548 al
2760 5485 2875 5539 quo
2888 5466 3592 5548 Episcopatuuiﬂﬁ‘éiptt

1929 5531 2036 5611 rat,
2087 5542 2287 5598 erexit.
2343 5531 2595 5611 Reponit
2645 5531 3202 5611 autemARatberius
3235 5554 3249 5591 :
3388 5531 3592 5611 illelsa

1952 5604 2072 5691 bsic
2103 5612 2191 5668 vel
2226 5604 2921 5691 hissimiliasupplenda
2950 5609 3110 5691 sunt)
3142 5604 3592 5691 graviterfqntra

1926 5671 2151 5817 gartitem
2171 5685 2377 5813 erexi},
2402 5686 2509 5742 etc.
2537 5671 3053 5743 Moxcorreximus
3081 5671 3286 5754 inquis,
3311 5672 3412 5733 ubi
3442 5671 3593 5745 lege-

1971 5775 2004 5815 a
2036 5775 2125 5817 ur.
2158 5771 2316 5817 inqu:
2348 5795 2362 5812 .
3500 5798 3505 5807 .

1971 5771 2125 5829 atur,
2158 5771 2362 5833 inquit.

3226 5869 3265 5934 9
