3936 6398
354 403 466 465 271

1283 402 1656 465 RA'l‘llEllll
1703 400 1946 464 EPISC.
1994 397 2282 462 VEllilN.
2331 401 2503 462 ()PP.
2551 398 2748 462 PARS
2792 398 2842 462 Ι.

3660 403 3797 463 272

355 538 621 606 bernare,
653 536 774 592 haec
803 540 1016 593 cuncta
1037 536 1285 593 referam
1311 556 1325 606 ;
1360 538 1541 594 otiose
1567 554 1660 593 me
1690 537 1804 592 ista
1824 535 2007 609 praeli-
2034 537 2092 604 Α
2121 535 2513 591 excusationis
2544 535 2984 591 sibiobtendere
3004 532 3589 603 valeantvelum,nisi
3614 537 3797 608 quod

357 627 530 683 basse
563 631 723 699 puto,
752 626 812 682 in
844 630 1135 699 quantum
1183 630 1239 682 te
1286 626 1859 682 Christianissimum
1889 626 2008 681 fore

363 715 683 789 conspicio,
707 732 812 771 nec
841 715 1151 788 tyrannide
1180 715 1520 788 imperiam,
1537 732 1643 771 nec
1661 719 2007 787 potestatem

358 804 591 861 insania
628 805 1100 861 commutavisse.
1147 805 1364 860 Tantos
1412 804 1590 860 etiam
1632 804 1778 860 tales
1810 808 1865 860 et
1889 808 2010 859 tam

360 894 602 950 maximi
644 894 873 949 numeri
924 894 1107 949 sciam
1158 894 1220 965 [ι.
1273 894 1414 960 scio]
1448 894 1639 949 adhuc
1662 893 1723 949 in
1756 893 2012 949 Ecclesia

361 984 621 1039 dectores
646 982 869 1051 haberi,
903 986 988 1050 ut,
1022 983 1097 1053 si,
1141 983 1297 1055 quod
1324 983 1497 1048 absit,
1543 1025 1556 1037 .
1603 1025 1615 1037 .
1662 1025 1674 1037 .
1724 1025 1737 1037 .
1788 1024 1801 1038 .
1844 1025 1856 1036 .
1898 982 2009 1036 im-

361 1071 660 1143 pellereris
692 1070 1217 1144 (232)hujusmodi,
1238 1071 1311 1125 ab
1341 1070 1434 1126 his
1460 1070 1606 1126 satis
1625 1070 2014 1126 valerescoer-

362 1161 500 1217 ceri.
522 1160 618 1216 Vis
642 1159 799 1216 enim
832 1160 998 1232 ipsis,
1033 1160 1084 1215 si
1115 1163 1217 1215 aut
1245 1164 1321 1227 te,
1354 1159 1467 1215 Deo
1513 1160 1865 1232 posthabito,
1892 1163 2015 1215 tan-

361 1254 490 1307 tnm
539 1251 806 1318 timeant,
860 1265 996 1305 cum
1046 1249 1309 1321 ejusdem
1353 1266 1471 1321 qua
1513 1248 1598 1304 illi
1638 1248 2008 1315 conditionis,

363 1341 629 1412 ejusdem
644 1339 726 1395 sis
744 1337 1021 1412 pulveris,
1037 1338 1300 1410 nihilque
1312 1338 1425 1394 nisi
1445 1338 1771 1410 permissus
1783 1337 1974 1409 possis
1995 1356 2008 1406 ;

364 1428 671 1502 potestatis
696 1432 893 1484 autem
925 1427 1267 1483 auctoritate
1289 1428 1363 1483 ab
1395 1427 1478 1482 eis
1512 1426 1609 1482 diu
1645 1426 1897 1482 multum
1920 1444 2013 1481 su-

362 1518 587 1592 pereris
612 1534 627 1574 :
663 1522 767 1573 aut
798 1518 857 1572 in
890 1521 1121 1573 tantum
1146 1516 1277 1572 odio
1301 1516 1687 1582 habent,cum
1707 1516 1789 1571 sis
1811 1532 2012 1571 eorum

362 1612 428 1664 tu
461 1606 607 1673 ovis,
639 1606 819 1662 ﬁlius.
853 1606 1144 1673 defensor,
1161 1606 1500 1670 advocatus,
1520 1608 2011 1676 atquepatronus,

365 1702 424 1753 et
451 1695 697 1752 forsitan
730 1695 910 1766 (quod
942 1694 1134 1750 adhuc
1164 1693 1299 1747 licet
1328 1710 1396 1749 ex
1427 1692 1580 1749 malo
1611 1699 1699 1749 est
1728 1692 1875 1766 [233]
1899 1711 2017 1748 am-

368 1785 523 1858 plius
562 1787 741 1857 atque
787 1782 1092 1839 onerosius
1135 1781 1333 1854 aliquo
1364 1782 1448 1837 eis
1488 1783 1835 1839 sacramenti
1868 1784 2015 1854 (224)

368 1890 579 1949 genere
607 1872 1065 1930 confmderatus:
1103 1888 1234 1926 cum
1265 1871 1641 1927 veracissima
1670 1871 1771 1927 illa
1801 1872 1877 1927 sit
1898 1872 2019 1927 Cle-
2048 1906 2094 1970 Β

368 1964 591 2021 mentis
621 1978 786 2035 papae
816 1961 1128 2028 sententia,
1169 1960 1307 2032 quia
1343 1962 1572 2017 Unicum
1601 1962 1882 2030 negligere
1908 1979 2020 2017 non

369 2058 558 2113 minus
600 2052 753 2108 125
800 2054 882 2107 est
929 2066 1092 2121 quam
1145 2048 1336 2105 odisse.
1393 2050 1461 2105 Et
1505 2050 1845 2105 verissime:
1916 2052 2022 2119 Qui

373 2147 544 2213 enim,
578 2146 646 2197 ut
666 2141 747 2197 ait
771 2139 1124 2211 sapientium
1155 2139 1417 2210 quidam,
1436 2156 1753 2196 succurrere
1774 2144 2021 2211 perituro

370 2241 559 2310 potest,
584 2231 717 2287 dum
742 2245 851 2285 non
880 2230 1171 2295 succurrit,
1186 2228 1398 2283 occidit.
1414 2231 1508 2282 Vae
1527 2229 1702 2283 etiam
1725 2229 1917 2284 adhuc
1939 2229 2023 2285 eis

374 2323 647 2380 imminet
670 2318 947 2383 deterius,
972 2316 1021 2372 si
1052 2333 1187 2372 cum
1220 2316 1338 2372 sint
1367 2332 1543 2372 canes
1573 2317 1644 2372 ad
1659 2316 1767 2372 hoc
1790 2317 2022 2373 Domini

375 2407 1040 2486 praepositiovihusUsai.
1058 2405 1691 2473 Lv1,tO),uteaslatratu
1707 2406 2022 2479 aluporum

375 2499 691 2556 defendant
721 2511 953 2567 semper
982 2493 1318 2549 incursibus
1350 2493 1492 2548 adeo
1524 2494 2025 2561 obmutuerint,ut

374 2606 489 2646 non
522 2587 715 2644 solum
747 2585 985 2641 easdem
1016 2582 1327 2638 defendere
1358 2582 1565 2654 [supple
1595 2582 1911 2655 negligant,
1941 2584 2024 2639 vel

373 2676 589 2749 aliquid
615 2675 844 2745 simile],
859 2672 960 2728 sed
979 2670 1155 2727 etiam
1173 2688 1361 2726 unum
1385 2670 1531 2734 (235)
1548 2670 1868 2743 quemlibet
1887 2690 2024 2729 suo-

373 2782 531 2833 rum,
562 2764 698 2820 licet
727 2761 979 2819 debilem
1005 2764 1062 2815 et
1090 2758 1382 2825 inutilem,
1415 2760 1845 2833 omnigenoque
1865 2762 2027 2835 aegri-

375 2854 655 2911 tudinum
685 2866 897 2924 genere
908 2850 1261 2919 confectum,
1276 2847 1420 2902 nulli
1443 2849 1620 2903 etiam
1636 2850 1768 2905 usui
1791 2851 2027 2923 penitus

376 2947 602 3015 aptum,
631 2943 829 2995 tamen
858 2954 1061 2993 eorum
1091 2941 1440 3003 consortem,
1472 2952 1677 2993 canem
1711 2955 1945 3011 quoque
1969 2945 2027 2996 et

376 3036 673 3105 pastorem
704 3030 995 3091 vocatum,
1025 3024 1363 3098 permittant
1392 3042 1490 3080 ore
1516 3026 1756 3097 pessimi
1788 3032 1845 3082 et
1864 3028 2028 3084 inau-

377 3120 485 3178 diti
513 3112 744 3193 ge'neris
769 3115 999 3173 silentio
1020 3112 1421 3169 infelicissime
1433 3130 1535 3186 per
1551 3116 1862 3186 quemdam
1878 3117 1927 3187 ej
1937 3134 2028 3173 us-

375 3210 511 3267 dem
542 3206 764 3265 ordinis
793 3206 1081 3270 obturato,
1116 3218 1312 3258 coram
1344 3202 1471 3258 suis
1503 3220 1537 3258 a
1557 3203 1818 3275 quolibet
1839 3209 2024 3261 stran-

2117 624 2389 679 videntur
2417 624 2657 679 omnino
2688 623 2914 696 seipsos
2962 623 3278 697 negligere,
3333 625 3476 679 dum
3508 624 3623 680 sibi
3660 642 3798 681 non

2120 713 2530 785 prospiciunt:
2585 713 2845 784 dumque
2893 716 2949 768 te
2995 712 3239 769 forsitan
3301 713 3604 786 proditum
3684 713 3797 780 iri,

2121 802 2598 874 quandoquidem
2620 801 2844 869 sinunt,
2878 801 3143 874 cupiunt,
3173 803 3525 874 semetipsos
3555 802 3801 857 interﬁ-

2121 890 2331 946 ciunt?
2351 890 2569 962 Nempe
2601 890 2787 945 audeo
2819 890 3229 947 incunctanter
3248 890 3460 955 dicere,
3490 908 3595 946 nec
3625 891 3689 945 in
3721 908 3797 946 eo

2122 978 2265 1033 mihi
2298 978 2495 1033 videor
2526 995 2741 1048 errare,
2772 978 2914 1050 quia
2937 978 3138 1035 nullus
3168 979 3800 1047 consilium,consen-

2123 1085 2279 1133 sum,
2312 1067 2397 1122 vel
2429 1067 2863 1139 adjutoriumin
2893 1068 3236 1140 hujusmodi
3260 1067 3496 1125 labendi
3528 1070 3798 1126 crimine

2123 1157 2228 1212 tibi
2260 1157 2428 1224 valet,
2460 1156 2605 1226 vult,
2639 1162 2741 1213 aut
2782 1159 2959 1214 audet
3004 1158 3283 1227 tribuere,
3310 1158 3425 1214 nisi
3455 1159 3557 1230 qui
3589 1159 3795 1219 Deum

2123 1251 2226 1301 aut
2256 1263 2372 1301 non
2424 1246 2602 1311 novit,
2650 1251 2753 1302 aut
2782 1248 3036 1320 negavit,
3065 1252 3167 1302 aut
3194 1248 3347 1316 vitze,
3383 1247 3567 1320 regni,
3599 1251 3796 1319 atque

2120 1334 2360 1391 honoris
2409 1336 2516 1405 tui,
2566 1336 2871 1407 praesentis
2918 1336 3140 1391 scilicet
3177 1339 3235 1392 et
3264 1337 3471 1404 futuri,
3516 1337 3798 1409 proditor

2119 1439 2249 1479 esse
2278 1422 2433 1493 velit,
2468 1423 2549 1479 vel
2574 1424 2803 1481 etiamsi
2835 1425 3067 1480 nescius
3099 1424 3195 1493 sit,
3226 1428 3328 1480 aut
3357 1426 3791 1497 [authicabun-

2121 1513 2234 1583 dat]
2264 1516 2723 1583 sacramentum,
2755 1514 2910 1586 quod
2942 1514 3049 1570 tibi
3074 1514 3227 1582 fecit,
3247 1522 3346 1571 aut
3368 1515 3794 1588 nonintelligit

2123 1606 2224 1657 aut
2253 1619 2368 1657 non
2396 1601 2616 1669 recolit,
2651 1603 2793 1658 dum
2842 1602 2988 1658 illud
3041 1607 3162 1659 tam
3191 1620 3458 1676 perverse
3488 1604 3743 1677 negligit
3772 1624 3788 1661 :

2123 1692 2417 1762 Intelligite
2468 1692 2599 1760 ha’c,
2643 1694 2742 1763 qui
2788 1693 3183 1749 obliviscimini
3240 1694 3433 1761 Deum,
3482 1695 3787 1768 nequando

2126 1782 2327 1851 rapiat,
2348 1790 2526 1835 etnon
2558 1784 2631 1837 sit
2650 1783 2747 1854 qui
2767 1784 2967 1854 eripiat
2990 1783 3164 1844 (Psal.
3197 1800 3349 1850 xux,
3373 1783 3487 1854 22).

2193 1870 2282 1923 23.
2316 1870 2403 1924 Tu
2433 1886 2588 1936 vero,
2622 1870 2771 1925 bone
2805 1888 2925 1939 rex,
2956 1870 3458 1928 Christianissime
3483 1872 3790 1945 princeps,

2129 1958 2270 2012 dum
2306 1962 2358 2012 te
2388 1958 2606 2014 abistis
2634 1958 2928 2014 similibus
2952 1960 3410 2032 prudentissime
3442 1961 3664 2016 caveris
3697 1980 3792 2017 re-

2131 2051 2333 2118 spectu
2366 2046 2543 2114 illius,
2577 2065 2611 2102 a
2637 2065 2753 2120 quo
2788 2048 3046 2121 quotidie
3078 2049 3376 2121 prosperis
3407 2050 3479 2105 ad
3510 2055 3797 2107 votasuc-

2130 2136 2394 2192 cessibus
2412 2135 2714 2203 attolleris,
2730 2137 2956 2193 debella
2970 2143 3101 2209 post
3114 2138 3233 2193 haec
3248 2138 3467 2207 hostes,
3501 2156 3794 2197 conserva

2132 2224 2305 2279 cives.
2337 2225 2565 2297 Accipe,
2597 2226 2645 2279 si
2679 2226 2916 2298 accipis,
2946 2227 3017 2281 ab
3048 2228 3376 2296 extraneis;
3410 2229 3485 2283 da
3531 2229 3653 2284 tuis
3684 2248 3698 2298 ;
3734 2236 3796 2285 et

2131 2318 2196 2368 ut
2227 2313 2472 2369 minaris
2493 2314 2574 2385 [id
2602 2319 2680 2369 est
2710 2313 2975 2385 emines],
3009 2320 3065 2371 et
3087 2333 3338 2387 quorum
3364 2315 3548 2373 uteris
3568 2319 3792 2390 saepius

2131 2402 2450 2473 obsequiis,
2481 2402 2792 2475 perpende.
2842 2403 3030 2459 Etiam
3064 2421 3276 2461 nomen
3310 2406 3458 2467 (237)
3494 2406 3553 2461 in
3587 2407 3790 2463 Graeco

2132 2490 2458 2563 ofﬁcialcff.
2493 2491 2778 2565 officium]
2834 2495 3024 2560 tuum,
3053 2497 3111 2548 et
3154 2492 3307 2549 inter
3339 2496 3594 2550 Graecam
3630 2496 3790 2551 Lati-

2132 2597 2388 2651 namque
2417 2579 2561 2635 illud
2585 2580 3024 2652 interpretando
3054 2583 3209 2639 I26
3235 2583 3486 2640 formam
3510 2602 3789 2658 agnosce,

2132 2673 2189 2724 te
2220 2668 2503 2741 populum
2534 2674 2763 2741 portare
2795 2670 3037 2739 debere;
3065 2688 3179 2726 non
3207 2689 3490 2745 premere.
3523 2674 3659 2730 Esto
3687 2692 3790 2730 su-

2133 2757 2328 2830 perbis
2381 2762 2626 2824 erectus,
2677 2758 3005 2816 humilibus
3049 2776 3182 2816 vero
3232 2761 3591 2831 submissus,
3627 2763 3791 2821 mitis

2133 2847 2383 2913 cunctis,
2437 2846 2689 2903 affabilis
2736 2847 3046 2917 universis,
3101 2849 3409 2918 discretus,
3443 2852 3787 2923 munificus,

2135 2936 2493 3002 moderatus,
2529 2935 2846 3008 potentiam
2878 2941 3114 3009 propter
3154 2937 3465 2995 utilitatem
3496 2942 3786 3013 cogitans,

2136 3041 2238 3097 pro
2244 3023 2649 3096 ptertimorem
2663 3024 3219 3082 dissimulans.Audi
3235 3027 3583 3099 sapientiam
3597 3030 3791 3087 dicen-

2132 3118 2284 3169 tem:
2330 3113 2701 3169 Misericordia
2725 3118 2775 3170 et
2802 3116 3003 3170 veritas
3023 3115 3335 3172 custodiunt
3366 3134 3571 3187 regem.
3610 3123 3788 3175 Item-

2136 3219 2250 3275 que
2284 3219 2295 3259 :
2336 3203 2478 3258 Tolle
2508 3204 2845 3274 impietatem
2874 3203 2941 3259 de
2969 3204 3129 3261 corde
3159 3207 3324 3275 regis,
3356 3211 3409 3261 et
3440 3207 3790 3264 roborabitur

373 3298 599 3373 gulari;
629 3313 763 3352 cum
776 3292 1239 3350 veracissimesit
1269 3291 1491 3347 dictum
1516 3271 1836 3348 in-causam
1864 3296 2019 3366 ejus-
2052 3271 2096 3338 Ο
2133 3271 2424 3348 clementia
2453 3271 2679 3347 thronus
2709 3293 2823 3364 ejus
2847 3294 3026 3355 (Prov.
3056 3311 3154 3361 xx,
3186 3271 3297 3356 23).
3332 3295 3434 3351 Cui
3468 3294 3613 3351 illud
3648 3315 3788 3370 quo-

374 3390 508 3445 dem
541 3384 755 3458 negotii
780 3383 944 3447 (236:
977 3382 1199 3437 Mortem
1230 3382 1538 3452 languenti,
1565 3383 1664 3454 qui
1700 3399 1824 3437 cum
1849 3385 2032 3454 potuit
2136 3380 3219 3455 qucvulgarevideturconcinere,quia
3239 3400 3355 3439 non
3374 3383 3544 3440 debet
3565 3385 3780 3443 habere

370 3494 481 3534 non
529 3476 777 3545 abstulit,
832 3473 1063 3542 inﬂixit.
1116 3472 1264 3526 Nam
1314 3469 1364 3524 si
1411 3474 1573 3525 tanta
1623 3470 1931 3543 hodieque,
1961 3476 2029 3528 ut

364 3567 490 3640 jam
526 3567 613 3639 [f.,
646 3564 797 3631 fuit].
849 3563 1192 3618 fervesceret
1220 3559 1437 3627 rabies,
1473 3576 1668 3615 nonne
1705 3561 2029 3616 debuerant

374 3656 487 3711 hac
535 3653 839 3711 occasione
889 3667 993 3723 pro
1037 3650 1234 3715 fratre,
1286 3649 1403 3703 imo
1449 3664 1550 3719 pro
1596 3649 1846 3717 Christo,
1888 3667 2028 3705 suas

373 3748 583 3817 sponte
613 3742 806 3815 gladio
837 3738 1178 3795 submittere
1208 3737 1501 3793 cervices?
1530 3738 1695 3792 Nunc
1726 3756 1858 3794 vero
1891 3755 2027 3794 cum

373 3838 497 3888 tam
547 3826 1018 3886 clementissima:
1075 3825 1270 3898 quivis
1308 3830 1576 3891 nostrum
1621 3827 1699 3882 sit
1744 3826 2026 3894 lenitatis,

374 3926 500 3979 tam
531 3917 1025 3977 obedientissimae
1053 3916 1169 3971 Deo
1197 3914 1538 3981 voluntatis,
1562 3920 1801 3987 tamque
1831 3916 2030 3972 affabi-

373 4010 617 4067 lissimaa
648 4006 989 4064 hominibus
1018 4004 1422 4077 benignttatis,
1451 4003 2024 4077 utquibuslibetpre-

373 4104 611 4156 cantum
662 4096 934 4171 precibus
984 4093 1264 4159 liberalis,
1313 4093 1548 4147 firmum
1599 4094 1857 4164 praebere
1906 4112 2019 4150 non

369 4194 633 4246 moretur
662 4201 993 4251 assensum,
1027 4184 1335 4256 magisque
1358 4182 1686 4253 ignorantia
1708 4199 1885 4254 quam
1906 4200 2023 4240 ma-

365 4278 494 4336 litia
523 4278 581 4333 in
632 4275 971 4350 quempiam
1020 4276 1262 4346 proruat
1310 4270 1543 4344 lapsum
1580 4290 1592 4327 :
1637 4272 1815 4343 quod,
1858 4289 2016 4345 rogo,

368 4413 539 4469 detur
566 4411 900 4477 dimisimus,
934 4411 992 4464 et
1021 4405 1351 4479 supplenda
1382 4403 1670 4479 particula
1698 4404 1889 4479 et,7vel
1922 4406 2019 4462 ubi

365 4484 489 4551 sic;
524 4499 653 4555 quos
680 4498 829 4537 nunc
876 4475 1059 4535 Boreae
1098 4475 1452 4555 aimisimus,
1494 4475 1663 4555 e_t__vel
1819 4485 2015 4555 tetrgr-

352 4547 550 4609 ‘ehiam
578 4556 713 4607 satis
742 4562 962 4607 strenue
988 4551 1117 4604 novi
1144 4550 1479 4617 gubernare.
1514 4547 1617 4619 Hic
1649 4548 1889 4619 quidem
1909 4549 2018 4604 Ra-

364 4623 613 4687 therius,
659 4626 723 4676 ut
765 4623 1069 4691 Hugonem
1106 4618 1712 4691 Arcgemdemulceat,
1762 4635 1829 4673 ea
1885 4636 2012 4689 quo:

365 4694 652 4748 hactenus
684 4693 755 4747 ob
787 4689 981 4745 illatas
1005 4689 1115 4744 sibi
1139 4689 1497 4762 calamitates
1520 4690 1577 4744 in
1601 4690 1793 4762 ipsum
1819 4708 2013 4762 regem

364 4764 743 4827 disseruerat,
772 4762 1023 4817 oratorio
1046 4761 1300 4831 quodam
1333 4761 1575 4815 artificio
1610 4778 1723 4815 non
1759 4761 1814 4814 in
1848 4761 2014 4816 eum-

363 4836 497 4891 dem
527 4832 1058 4905 regemgrefereuda
1088 4832 1297 4905 innuit,
1320 4831 1418 4885 sed
1438 4832 1495 4905 in
1520 4832 2010 4905 aliqucmeorum,

363 4923 494 4978 quos
530 4902 696 4971 numne,
728 4903 943 4978 innuit,
970 4904 1176 4978 Boreae,
1208 4902 1265 4955 id
1299 4906 1388 4956 est
1418 4902 1828 4978 Septentrioni,
1853 4903 2013 4958 dimi-

362 4974 553 5045 Simus,
585 4981 637 5032 et
659 4976 1015 5045 tetrarchiam
1037 4975 1169 5027 satis
1190 4974 1555 5045 st_rcnue_novi
1577 4974 1901 5045 gubernare.

436 5043 583 5113 (232)
615 5046 763 5101 Male
789 5046 847 5099 in
882 5044 1037 5115 vulg.
1059 5043 1380 5115 impelleris.
1412 5043 1584 5115 Porro
1618 5043 2013 5114 supplendum

366 5118 664 5189 tyrannide
691 5113 1021 5189 etinsania,
1050 5114 1135 5189 ita
1150 5118 1231 5189 _ut
1261 5130 1471 5167 sensus
1502 5113 1620 5189 sit:
1656 5113 1747 5167 tot
1770 5131 1847 5189 ac,
1869 5116 2013 5189 tanti

363 5185 555 5244 adhuc
587 5194 725 5242 sunt
755 5188 813 5241 in
846 5185 1102 5241 Ecclesia
1132 5185 1417 5247 doctores,
1450 5192 1509 5238 ut
1536 5186 1589 5238 si
1618 5186 1912 5252 tyrannide
1950 5203 2013 5240 ac

364 5256 1304 5329 insaniahujusmodiimpellereris,
1339 5254 1479 5326 quod
1504 5256 1665 5321 absit,
1697 5258 1860 5311 abhis
1876 5260 2011 5313 satis

364 5331 570 5386 valeres
598 5332 852 5384 coerceri.

434 5402 579 5464 (233)
630 5400 777 5455 Cum
827 5401 897 5456 de
937 5401 1275 5471 juramento
1318 5395 1611 5471 loquatur,
1645 5398 1880 5471 respicit
1914 5398 2012 5455 illa

359 5472 515 5546 apud
543 5471 747 5546 Matth.
783 5487 833 5525 c.
863 5488 919 5546 _v,
942 5469 1395 5546 'ubipostquam
1420 5469 1686 5546 ppristus
1719 5469 1863 5524 dixit
1894 5488 2007 5525 non

352 5540 684 5619 jurandum
716 5542 977 5609 omnino,
1005 5540 1231 5619 addidit
1259 5558 1387 5619 vers
1417 5542 1485 5595 37
1510 5543 2009 5619 :_S_itauten_zseri_no

357 5612 550 5744 imiter,
583 5621 663 5744 es:
691 5621 803 5744 επὶ
818 5630 929 5673 non
958 5630 1088 5684 non,
1123 5612 1272 5685 Quod
1301 5622 1483 5671 autem
1522 5613 1609 5672 his
1641 5613 2011 5673 abvndantius

359 5704 415 5744 es
446 5730 460 5744 .
484 5703 518 5744 a
545 5704 637 5744 ma
665 5700 695 5744 0
723 5701 777 5744 es
810 5727 821 5744 .

352 5691 460 5759 est,
484 5703 518 5746 a
545 5689 695 5746 malo
723 5689 821 5747 est.

2136 3474 2503 3543 potestatem,
2519 3470 2748 3541 quinon
2767 3470 2942 3526 habet
2954 3471 3315 3543 patientiam.
3349 3473 3537 3545 Dilige
3564 3474 3783 3547 itaque,

2127 3559 2298 3629 juxta
2328 3559 2635 3629 cujusdam
2651 3559 2932 3630 sapientis
2962 3560 3184 3615 dictum
3208 3562 3653 3633 jurc,bonos,et
3675 3565 3786 3619 mi-

2136 3664 2425 3704 serescere
2457 3646 2649 3703 malis.
2675 3649 2788 3704 Res
2815 3648 2992 3715 enim,
3030 3649 3354 3707 secundum
3388 3651 3628 3707 alterius
3660 3670 3789 3728 pro-

2134 3737 2420 3804 verbium,
2456 3736 2676 3808 optima
2700 3741 2810 3805 est,
2843 3754 2960 3793 non
2991 3738 3305 3795 sceleratos
3336 3740 3782 3813 exstirpare,sed

2137 3824 2372 3881 scelera.
2406 3824 2816 3898 Eleemosynas
2837 3843 2950 3881 non
2965 3825 3157 3883 solum
3175 3829 3431 3896 assidue,
3467 3833 3532 3883 ut
3553 3830 3783 3897 alii,sed

2136 3914 2522 3969 continuatim
2539 3914 2730 3970 facito.
2760 3915 3021 3971 Dicerem
3037 3916 3215 3972 etiam
3233 3917 3479 3985 tibi,sed
3513 3919 3689 3975 timeo
3713 3938 3784 3977 ne

2130 4019 2520 4071 succenseas;
2554 4004 2657 4058 sed
2683 4008 2874 4059 tamen
2908 4004 3089 4061 facias
3105 4008 3784 4073 necne,nonaudeoreti-

2131 4108 2280 4147 cere.
2312 4092 2528 4148 Vereor
2545 4093 2723 4161 enim,
2759 4094 2988 4165 quodin
3016 4094 3326 4167 Evangelio
3341 4095 3535 4151 audivi
3560 4097 3776 4169 pridie:

2132 4182 2239 4249 Qui
2266 4198 2349 4236 me
2376 4182 2659 4239 erubuerit
2684 4190 2736 4238 et
2750 4198 2895 4239 meos
2927 4200 3221 4251 sermones,
3253 4189 3305 4240 et
3333 4184 3478 4240 hunc
3504 4187 3658 4256 filius
3684 4189 3781 4243 ho-

2126 4271 2297 4326 minis
2327 4272 2619 4336 erubescet,
2652 4287 2778 4327 cum
2801 4274 3012 4328 venerit
3037 4275 3097 4327 in
3128 4274 3310 4342 gloria
3339 4279 3508 4331 suaet
3531 4279 3712 4332 Patris
3731 4285 3784 4332 et

2196 4404 2324 4479 (223
2356 4403 2539 4475 Reges
2560 4419 2704 4479 cum
2738 4402 3126 4479 eligebantur.
3162 4410 3599 4462 sacramentum
3634 4425 3776 4479 prte-

2126 4476 2379 4541 stabant,
2415 4473 2529 4545 q‘uo
2557 4475 2707 4530 inter
2735 4473 2852 4530 alia
2883 4475 3312 4546 pollicebantur
3342 4494 3404 4533 se
3444 4473 3776 4534 servaturos

2124 4546 2401 4623 Ecclesiie
2424 4546 2595 4612 bona,
2619 4546 2905 4623 etc._Vi_de
2937 4551 3128 4623 actu_m
3147 4548 3434 4623 Quidonis
3457 4551 3612 4622 regis
3624 4552 3775 4623 apud

2126 4617 2511 4700 Murrfatorhium
2542 4622 2684 4684 tom,
2706 4616 2777 4682 ll,
2812 4617 3242 4700 Rerumnltalic.
3264 4624 3415 4700 part.
3450 4638 3488 4700 ιΪ

2195 4690 2345 4757 (235)
2474 4688 2668 4759 ipsum
2702 4705 2930 4764 carcere
2953 4690 3236 4764 afﬂictum
3264 4688 3513 4758 indicat,
3540 4708 3647 4763 pro
3662 4709 3774 4764 quo

2127 4776 2298 4814 nemo
2325 4758 2733 4830 episcoporum
2770 4760 3184 4817 intercedebat.

2203 4830 2633 4904 (230)A1iquem
2647 4836 3061 4904 praepotentem
3093 4832 3435 4904 episcopum
3458 4833 3775 4904 innuit,qui

2135 4901 2431 4956 silentium
2465 4901 2596 4955 aliis
2626 4901 2937 4973 episcopis,
2965 4919 3036 4958 ne
3061 4901 3161 4973 pro
3178 4901 3777 4961 Ratheriointercede-

2133 4978 2278 5039 rent,
2312 4973 2965 5045 imponebat.Construe
2978 4991 3108 5028 vero
3129 4992 3141 5029 :
3162 4977 3225 5032 Ut
3251 4992 3359 5030 non
3390 4976 3573 5030 solum
3604 4978 3775 5045 negli-

2124 5052 2255 5113 gant
2286 5044 2570 5113 defendere
2597 5045 2831 5107 easdem,
2864 5044 2955 5099 sed
2975 5047 3142 5100 etiam
3173 5063 3263 5101 ore
3283 5044 3771 5116 infelicissimo’ob-

2126 5120 2306 5169 turato
2331 5132 2428 5189 per
2457 5115 2744 5187 quemdam
2771 5116 3012 5186 ejusdem
3040 5116 3252 5172 ordinis
3306 5115 3390 5185 (id
3422 5121 3510 5172 est
3548 5119 3771 5189 episco-

2124 5190 2287 5257 pum)
2319 5188 2541 5259 silcntio
2588 5189 2801 5255 generis
2846 5189 3073 5259 pessimi
3098 5196 3151 5243 et
3181 5189 3429 5244 inauditi
3455 5188 3773 5259 permittant

2120 5274 2293 5311 unum
2312 5258 2600 5328 quemlibet
2618 5275 2864 5312 suorum.
2877 5301 2912 5324 .,
2926 5261 3269 5331 strangulari
3282 5278 3315 5315 a
3333 5258 3573 5332 quolibet
3590 5277 3773 5317 coram

2118 5331 2232 5383 suis
2263 5346 2282 5381 :
2312 5345 2436 5383 cum
2467 5331 2824 5395 veracissime,
2858 5335 2968 5385 etc.

2373 5399 2509 5464 Rex,
2562 5400 2754 5455 Greece
2789 5408 3011 5472 βασιλεῦς
3041 5402 3206 5473 quasi
3234 5410 3368 5466 ϐάσις
3405 5410 3549 5467 λαοῦ,
3608 5403 3770 5470 basis,

2120 5488 2219 5545 seu
2249 5472 2445 5541 planta
2490 5473 2704 5545 populi,
2734 5472 2832 5542 qui
2882 5472 3109 5545 scilicet
3156 5476 3439 5545 tanquam
3474 5474 3638 5529 basis
3670 5492 3769 5530 seu

2118 5541 2318 5613 planta
2350 5541 2632 5614 populum
2664 5541 2925 5613 portatet
2940 5541 3386 5600 sustinet.Hanc
3402 5546 3769 5601 eamdemin-

2117 5614 2595 5692 terpretationem
2623 5631 2691 5670 ex
2712 5614 2906 5672 Grmco
2927 5615 3139 5692 videris
3160 5617 3318 5691 apud
3341 5617 3398 5675 S.
3424 5616 3770 5692 Gregorium

2117 5683 2302 5743 libixx
2334 5685 2392 5742 in
2421 5685 2530 5744 Job
2565 5702 2690 5762 cap.
2721 5702 2835 5758 xw,
2870 5703 2927 5745 ιι.
2959 5688 3051 5745 25.
