3936 6378
348 363 472 430 279

1276 371 1657 435 RATilEltII
1700 371 1944 434 EPISC.
1991 371 2282 435 VERUN.
2328 372 2502 436 OPP.
2550 373 2750 436 PARS
2793 369 2843 436 Ι.

3649 369 3788 434 280

346 519 452 578 pro
487 499 639 562 natis
667 500 1302 579 interfectis;poenitens
1331 505 1554 564 scilicet
1583 524 1686 580 pro
1714 504 1986 575 excessis,
2021 507 2068 574 Α
2102 507 2168 562 ut
2196 503 2526 581 intelligant
2555 523 2618 564 se
2648 504 2905 564 amentia
2933 504 3048 580 agi,
3082 520 3196 562 non
3231 502 3405 562 corde
3431 501 3580 578 regi,
3617 503 3783 562 dum

345 595 612 652 moribus
643 595 701 650 in
731 595 945 652 melius
975 596 1374 664 commutatis,
1395 595 1834 667 armisjustitiae
1868 614 1991 652 cor-

343 685 544 758 reptis,
579 703 695 742 non
736 685 934 758 erigis,
975 702 1253 758 processu
1305 685 1501 758 impia:
1551 685 1990 753 dominationis,

341 773 488 848 ipsis
519 775 695 830 etiam
724 775 1053 830 luminibus
1084 775 1346 844 orbatus,
1379 775 1436 828 in
1470 792 1762 830 carcerem
1811 776 1882 830 ab
1927 793 1994 830 eo

340 865 622 931 trudaris,
655 867 721 919 ut
745 863 915 920 sicuti
949 869 1194 920 Samson
1228 867 1378 930 (249)
1412 863 1506 920 ille
1539 864 1776 936 quidem
1812 864 1996 920 fortis-

347 954 556 1020 simus,
571 952 1149 1009 femineisillecebris
1179 958 1506 1018 enervatus,
1541 953 1613 1008 ad
1648 952 1861 1008 molam
1895 954 1995 1008 de-

347 1043 569 1116 puteris
609 1043 804 1099 (Judic.
855 1059 971 1112 xw,
1022 1041 1231 1109 19-21),
1281 1043 1450 1112 cujus
1509 1041 1569 1096 in
1629 1057 1768 1112 gyro
1829 1039 1996 1112 impii

349 1131 658 1189 ambulant
688 1133 798 1188 (Ps.
831 1148 908 1196 xu,
940 1131 1019 1201 9),
1051 1135 1290 1186 terrenas
1331 1136 1388 1185 et
1435 1129 1801 1202 inexplebilis
1843 1128 2000 1185 solli-

353 1220 654 1287 citudinis,
685 1219 796 1276 hoc
827 1219 1069 1286 est,visu
1100 1219 1484 1290 rationis,quo
1511 1224 1573 1280 te,
1587 1219 1814 1291 tibique
1847 1235 2000 1274 com-

352 1311 572 1366 missos
600 1310 884 1366 debueras
913 1308 1244 1382 praevidere,
1261 1309 1859 1380 adempto,carcerem
1891 1307 2000 1363 im-

351 1400 632 1474 providus
679 1399 892 1455 subeas
947 1403 1174 1453 aaternaa
1232 1395 1593 1470 perditionis.
1643 1395 1797 1451 Solet
1845 1395 2000 1451 enim

351 1488 697 1545 miserrimae
728 1487 939 1544 animae
969 1487 1028 1542 id
1062 1502 1212 1558 saepe
1241 1485 1596 1557 contingere,
1624 1488 1688 1540 ut
1718 1485 1860 1540 dum
1887 1484 2002 1539 vir-

348 1578 578 1635 tutibus
607 1575 891 1649 paulatim
937 1575 1196 1647 quotidie
1245 1573 1674 1640 deficientibus,
1724 1572 2002 1628 humeros

349 1667 564 1724 mentis
594 1665 668 1723 ad
699 1665 1091 1738 reparandum
1123 1663 1184 1718 in
1217 1662 1539 1736 pristinum
1569 1666 1672 1718 aut
1696 1667 1850 1717 certe
1880 1679 2002 1718 me-

345 1758 554 1814 liorem
600 1771 712 1812 non
760 1753 966 1810 exierit
1014 1756 1271 1819 statum;
1307 1756 1604 1807 crescente
1647 1750 1887 1806 miseria
1929 1751 2000 1806 ad

347 1843 457 1902 hoc
487 1844 777 1911 deveniat,
809 1847 876 1898 ut
906 1844 1186 1914 regnante
1215 1845 1451 1914 peccato
1484 1839 1542 1895 in
1593 1838 1825 1894 mortali
1873 1839 2002 1910 ejus

344 1950 586 2008 corpore
616 1935 790 1997 (Rom.
818 1949 898 1998 vn,
933 1933 1044 2000 12),
1075 1931 1158 1985 ita
1190 1931 1261 1986 ad
1296 1929 1687 1986 obediendum
1709 1929 1838 1998 ejus
1866 1929 2000 1984 sub-

346 2019 521 2081 datur
562 2020 1068 2095 concupiscentiis,
1103 2023 1167 2075 ut
1214 2018 1438 2074 lumine
1482 2019 1609 2091 ipso
1659 2034 1863 2074 carens
1912 2035 2002 2074 ra-

349 2111 549 2181 tionis,
581 2129 688 2168 nec
726 2115 856 2168 acta
901 2108 1136 2174 recolat,
1169 2125 1276 2164 nec
1323 2107 1550 2180 agenda
1595 2105 1804 2162 videat.
1839 2107 2001 2171 Quod

351 2219 424 2258 ne
455 2201 560 2257 tibi
591 2200 912 2272 contingat,
946 2197 1064 2253 illis
1101 2197 1178 2269 [id
1207 2205 1285 2252 est
1326 2195 1838 2268 concupiscentiis]
1891 2196 2002 2251 for-

350 2291 582 2348 tissime
611 2288 992 2363 repugnando
1029 2303 1062 2342 a
1093 2287 1264 2342 corde
1295 2290 1395 2342 tuo
1426 2284 1644 2358 eXpelle
1677 2285 1998 2341 daemonem

351 2382 503 2452 (250)
538 2399 552 2438 :
577 2381 792 2453 jugum
823 2375 1039 2434 Christi
1070 2392 1246 2432 suave
1276 2379 1333 2430 et
1360 2391 1507 2430 onus
1537 2375 1666 2445 ejus
1695 2374 1814 2430 leve
1835 2391 2001 2431 assu-

352 2487 538 2537 mens,
573 2469 870 2539 subjectos
899 2464 1140 2540 provido
1166 2463 1448 2536 regimine
1479 2464 1588 2518 sub
1619 2466 1676 2518 te
1713 2462 1796 2518 illi
1845 2463 1996 2518 mili-

348 2564 472 2616 tare
501 2575 618 2614 non
646 2561 877 2614 tantum
909 2553 1212 2628 praeceptis
1261 2570 1439 2625 quam
1469 2551 1752 2624 exemplis
1800 2552 1994 2621 facito,

347 2653 415 2705 ut
444 2649 570 2704 sine
599 2647 715 2702 ﬁne
746 2661 989 2717 regnare
1021 2642 1300 2699 merearis
1323 2659 1457 2697 cum
1488 2642 1650 2713 ipsis.
1691 2643 1756 2697 Et
1787 2659 1879 2710 ne,
1905 2659 1995 2698 ro-

344 2755 440 2812 go,
473 2733 1132 2808 ﬂoceipendas,tametsi
1154 2749 1188 2788 a
1219 2749 1398 2804 puero
1429 2731 1722 2802 prolatum
1753 2736 1873 2788 tam
1902 2749 1994 2788 sa-

343 2825 534 2892 lubre,
583 2824 720 2880 licet
760 2822 1185 2895 permodicum,
1229 2821 1500 2893 superius
1553 2820 1992 2888 documentum,

345 2913 845 2988 quandoquidem,
908 2915 975 2984 ut
1036 2910 1320 2966 hodierna
1384 2913 1584 2964 monet
1649 2909 1995 2966 solemnitas

343 3003 633 3079 (251),ipsi
664 3001 780 3058 Deo
811 2999 1216 3057 testimonium
1249 2997 1540 3072 placuisse
1573 2998 1800 3054 noveris
1818 2998 1993 3055 etiam

342 3110 458 3150 non
487 3090 878 3165 loquentium.

413 3183 506 3237 29.
535 3181 734 3254 Neque
763 3179 1033 3246 etiam,ut
1055 3178 1182 3250 jam
1213 3177 1323 3232 iter
1343 3193 1654 3248 carpamus
1671 3182 1989 3250 arreptum,

2103 613 2272 652 suam
2303 597 2562 652 volentes
2587 595 3156 664 statuere,voluntati
3175 595 3275 652 Dei
3299 594 3379 650 nil
3398 595 3512 652 nisi
3524 597 3784 668 justum

2101 691 2160 741 et
2188 686 2406 740 bonum
2439 686 2690 741 amantis
2724 685 3118 759 dedignantur
3141 703 3203 741 se
3234 685 3481 740 subdere
3511 688 3788 754 [Rom.x,

2101 775 2180 843 3),
2213 791 2318 830 nec
2349 791 2449 830 cor
2479 776 2548 830 ad
2599 775 2657 830 id
2699 776 2883 830 Deum
2930 779 3174 841 vertere,
3209 775 3310 831 sed
3357 774 3786 829 adversarium

2103 865 2424 918 amentiam
2486 864 2730 936 implere
2774 865 2941 935 (252).
2997 863 3262 920 Secundo
3311 863 3420 918 hoc
3470 861 3604 917 ideo
3660 863 3789 918 dici

2104 969 2411 1024 agnoscas,
2445 969 2516 1007 ne
2550 953 2683 1025 quis
2715 957 2877 1007 tuam
2911 953 3043 1025 plus
3066 950 3450 1024 justotimeat
3482 951 3790 1018 iram,aut

2105 1041 2327 1097 ambiat
2357 1041 2853 1114 gratiaszonum
2883 1050 2959 1096 est
2989 1043 3141 1096 enim
3167 1057 3388 1112 sperare
3419 1041 3480 1094 in
3511 1041 3787 1106 Domino,

2106 1146 2268 1202 quam
2312 1147 2532 1202 sperare
2584 1133 2645 1186 in
2689 1132 3035 1202 principibus
3081 1130 3255 1198 (Psai.
3289 1145 3464 1196 cxvu,
3495 1128 3550 1200 9)
3581 1145 3596 1195 ;
3631 1144 3788 1183 cum

2109 1218 2285 1274 etiam
2313 1220 2633 1276 maledictus
2663 1220 2735 1274 ab
2766 1219 2876 1275 alio
2909 1220 3138 1274 dicatur
3167 1217 3472 1291 propheta,
3491 1219 3590 1290 qui
3617 1234 3794 1290 spem

2108 1323 2268 1364 suam
2310 1311 2465 1380 ponit
2507 1311 2565 1364 in
2615 1309 2834 1364 homine
2885 1309 3015 1379 (Jer.
3066 1324 3204 1375 xvn,
3243 1307 3322 1380 5).
3356 1307 3620 1379 Itemque
3675 1323 3794 1378 per

2111 1395 2294 1452 alium
2350 1413 2364 1452 :
2419 1399 2530 1468 Ego
2579 1399 2840 1453 Dominus
2892 1399 3138 1469 formans
3210 1397 3388 1452 lucem
3454 1400 3507 1450 et
3577 1411 3794 1451 creans

2111 1487 2378 1555 tenebras,
2411 1488 2623 1557 faciens
2659 1503 2853 1558 pacem
2897 1491 2952 1542 et
2997 1501 3192 1542 creans
3237 1485 3451 1541 malum
3481 1487 3610 1555 (Isa.
3643 1503 3790 1550 xw,

2109 1575 2186 1646 7).
2256 1575 2510 1630 Dicendo
2576 1575 2732 1630 enim
2803 1591 2816 1630 :
2885 1576 2988 1631 Cor
3067 1577 3214 1646 regis
3281 1575 3343 1629 in
3413 1591 3588 1630 manu
3657 1574 3792 1642 Dei,

2112 1679 2432 1736 quocunque
2505 1665 2741 1720 voluerit
2809 1672 2979 1720 vertet
3035 1663 3177 1719 illud
3236 1664 3399 1736 (Prov
3425 1705 3440 1720 .
3500 1680 3639 1730 xxx,
3700 1663 3790 1730 4),

2109 1752 2233 1808 vult
2263 1769 2466 1808 omnes
2501 1769 2756 1820 monere,
2789 1757 2846 1808 te
2893 1751 2974 1808 nil
3009 1769 3180 1826 posse
3209 1753 3486 1824 perficere
3531 1752 3790 1822 iratum,

2115 1841 2226 1898 nisi
2261 1841 2417 1913 quod
2451 1843 2575 1914 ipse
2609 1841 3075 1915 permiserit;nec
3106 1841 3420 1897 concedere
3453 1841 3790 1914 placatum,

2115 1930 2228 1986 nisi
2256 1931 2413 2002 quod
2446 1931 2572 2004 ipse
2619 1930 2890 1987 voluerit.
2923 1931 3206 1996 Quocirca
3231 1947 3294 1988 se
3333 1929 3528 1986 solum
3553 1930 3786 1998 timeri,

2114 2036 2174 2076 se
2207 2019 2398 2076 solum
2430 2019 2757 2089 amari,sibi
2789 2019 3028 2076 omnino
3060 2019 3144 2075 nil
3175 2018 3338 2093 cupit
3367 2019 3644 2090 conferri,
3684 2036 3790 2076 ne-

2112 2110 2256 2164 dum
2287 2109 2540 2181 przeferri
2578 2126 2591 2164 :
2627 2109 2782 2182 quod
2816 2127 2935 2165 una
2981 2108 3334 2164 sententiola
3361 2107 3614 2164 breviter
3639 2108 3784 2182 pul-

2113 2198 2399 2254 cherrime
2447 2202 2536 2254 est
2583 2198 2656 2254 ab
2707 2197 2971 2270 apostolo
3021 2197 3562 2270 comprehensum:
3602 2199 3788 2254 Deum

2110 2289 2312 2354 timete,
2357 2303 2534 2358 regem
2561 2287 2915 2358 honoriﬁcate
2943 2288 3016 2355 (II
3037 2288 3185 2342 Petr.
3222 2303 3284 2352 η,
3320 2287 3430 2357 17).
3473 2287 3552 2341 Ac
3601 2286 3653 2342 si
3687 2287 3784 2342 di-

2110 2381 2277 2432 catur
2309 2391 2321 2430 :
2357 2376 2672 2432 Dominum
2705 2377 2924 2442 timete,
2960 2375 3297 2431 ministrum
3327 2375 3631 2432 honorate.
3660 2377 3782 2431 Sed

2109 2481 2215 2520 cur
2247 2465 2531 2521 mutando
2562 2466 2806 2521 verbum
2838 2464 3025 2537 levigo
3051 2464 3275 2520 dictum
3296 2464 3324 2520 ?
3353 2465 3524 2520 Deum
3561 2465 3778 2533 timete,

2107 2537 2288 2625 regem
2318 2554 2673 2624 honoriﬁcatc
2698 2553 2843 2609 dixit
2877 2569 2890 2608 :
2927 2571 3032 2609 nec
3061 2552 3453 2626 perfunctorie
3503 2553 3780 2625 quidem,

2107 2649 2172 2698 ut
2203 2648 2446 2698 autumo
2473 2661 2487 2708 ;
2520 2643 2842 2699 honoratus
2873 2643 3019 2714 (253)
3047 2641 3204 2698 enim
3229 2641 3477 2696 aliorum
3502 2641 3776 2697 rcdderis

2106 2731 2542 2805 obsequiis,qui
2572 2748 2642 2787 ex
2671 2735 2725 2787 te
2753 2731 3017 2802 ejusdem
3049 2747 3112 2786 es
3143 2727 3771 2786 conditionis.Utenim

2106 2827 2312 2894 potens
2343 2838 2472 2876 esse
2505 2819 2720 2892 possis,
2753 2835 2867 2874 non
2914 2819 2973 2874 in
3007 2823 3080 2888 te,
3115 2818 3216 2875 sed
3266 2817 3328 2873 in
3378 2818 3766 2876 servientium

2105 2911 2382 2967 manibus
2411 2910 2590 2964 situm
2621 2909 2996 2966 vcracissime
3026 2907 3256 2964 noveris
3288 2925 3302 2964 :
3337 2908 3492 2963 unde
3523 2912 3581 2962 et
3610 2919 3772 2980 quos

2103 3003 2308 3067 terres,
2342 2999 2466 3071 ipse
2507 2999 2640 3072 plus
2671 2997 2908 3054 metuis.
2942 2997 3130 3053 Metiri
3175 3001 3368 3053 autem
3401 3013 3532 3054 sese
3558 3014 3764 3070 quem-

2104 3106 2282 3161 quam
2311 3088 2472 3158 dicit,
2494 3093 2560 3143 ut
2590 3090 2652 3160 [ι.
2684 3087 3001 3160 quisnuam
3033 3087 3224 3154 debet,
3258 3086 3343 3158 ut]
3375 3085 3631 3142 Avienus
3678 3087 3762 3142 di-

2103 3178 2201 3246 cit,
2235 3176 2601 3250 propriisque
2622 3176 2816 3248 juvari
2847 3175 3146 3247 laudibus,
3178 3191 3282 3232 nec
3328 3175 3570 3232 alterius
3609 3175 3768 3232 bona.

345 3271 453 3328 tibi
485 3249 682 3328 omnia
711 3268 885 3325 licere
913 3249 1082 3341 putes
1109 3265 1366 3338 exsequi,
1403 3283 1528 3338 qua:
1559 3249 1828 3322 voluntas
1861 3283 1998 3340 sug-
2027 3249 2071 3318 C
2112 3249 2278 3336 ferre,
2311 3249 2369 3322 id
2403 3271 2489 3320 est
2509 3249 2862 3338 computare
2893 3264 3026 3320 sibi.
3057 3263 3203 3319 Vide
3247 3281 3382 3337 ergo
3429 3268 3489 3320 ut
3541 3267 3600 3320 et
3640 3264 3766 3321 tuis

349 3360 499 3434 gerit
529 3358 706 3415 cordi.
738 3359 883 3414 Cum
905 3357 1064 3425 audi,
1099 3355 1238 3428 quia
1284 3372 1383 3410 cor
1413 3354 1565 3426 regis
1595 3353 1650 3408 in
1687 3373 1867 3411 manu
1898 3357 1997 3412 Dei

351 3450 534 3520 (Prov.
566 3465 682 3516 XXI,
716 3449 792 3514 1),
824 3447 976 3503 scias
1007 3445 1194 3501 tribus
1229 3449 1292 3500 ut
1322 3445 1670 3516 investigare
1703 3444 1999 3516 quivimus

349 3537 542 3594 modis
580 3537 689 3594 hoc
719 3553 892 3610 posse
922 3534 1188 3607 intelligi,
1223 3551 1472 3607 quorum
1506 3534 1664 3606 prior
1695 3535 1818 3600 tibi,
1852 3534 1999 3592 alter

350 3627 620 3699 subjecit,
645 3641 898 3696 sequens
914 3623 1262 3698 generaliter
1277 3623 1550 3694 congruit
1573 3624 1872 3690 omnibus,
1895 3625 1995 3698 qui

347 3720 406 3771 et
434 3714 665 3770 firmius
691 3713 981 3770 tenendus
1013 3712 1322 3768 sollicitius
1361 3717 1449 3767 est
1476 3713 1816 3768 servandus.
1847 3715 1993 3770 Nam

345 3807 411 3858 ut
441 3801 512 3857 de
541 3801 731 3874 primo
757 3801 1025 3856 dicamus
1053 3800 1431 3863 tecum,scias
1447 3804 1721 3856 cortuum
1740 3801 1800 3856 in
1815 3819 1993 3858 manu

342 3907 472 3947 esse
505 3888 602 3946 Dei
629 3908 642 3956 ;
675 3893 732 3945 et
763 3893 903 3944 tunc
934 3889 1162 3944 noveris
1192 3905 1326 3943 eum
1358 3887 1504 3942 illud
1555 3889 1822 3961 dirigere,
1858 3907 1992 3946 cum

341 3980 498 4053 quod
525 3977 984 4052 praecipit,corde
1015 3977 1328 4050 percipere,
1353 3993 1524 4049 Opere
1555 3978 1851 4034 studueris
1877 3979 1984 4035 im-

335 4069 518 4142 plere.
551 4067 660 4124 Cor
684 4073 902 4135 autem,
928 4083 1042 4122 non
1075 4065 1258 4132 illam,
1293 4083 1418 4138 quae
1451 4066 1562 4122 sub
1593 4067 1771 4122 costis
1798 4066 1988 4125 latens

333 4157 416 4214 ita
439 4155 784 4231 appellatur,
819 4156 1014 4212 carnis
1043 4155 1414 4229 particulam,
1439 4172 1506 4210 ex
1539 4172 1655 4228 qua
1701 4156 1809 4212 rivi
1853 4173 1983 4228 pro-

332 4247 470 4304 dere
501 4250 826 4304 noscuntur
851 4263 1154 4314 venarum,
1188 4244 1442 4301 dicimus
1469 4263 1480 4307 ;
1514 4246 1616 4300 sed
1650 4245 1811 4300 illam
1842 4246 1980 4313 vim,

332 4354 449 4410 qua
497 4335 880 4410 cogitationes
921 4336 1108 4404 fiunt;
1143 4351 1292 4408 quis,
1326 4339 1392 4390 ut
1439 4338 1496 4389 et
1545 4336 1798 4406 majores
1845 4353 1981 4391 sen-

331 4429 555 4492 serunt,
595 4429 653 4481 et
700 4441 951 4498 magnus
1002 4441 1238 4497 quoque
1286 4423 1433 4479 dixit
1488 4424 1658 4479 Pater
1702 4425 1979 4497 Augusti-

330 4531 466 4581 nus,
505 4513 660 4569 ‘133
690 4512 818 4568 ideo
850 4513 960 4569 hoc
1011 4512 1338 4585 appellatur
1367 4513 1624 4582 nomine,
1659 4514 1795 4586 quia
1826 4513 1982 4570 sicut

2110 3355 2429 3411 honoratur
2455 3354 2550 3410 ille
2577 3354 2850 3420 servitiis,
2882 3354 3052 3426 cujus
3083 3353 3391 3409 honoraris
3423 3354 3760 3426 praeceptis;

2109 3444 2433 3516 alienisque
2467 3447 2636 3499 utens
2665 3443 2857 3510 bonis,
2884 3443 3154 3515 ingratus
3182 3441 3446 3516 largitori
3491 3459 3562 3498 ne
3593 3444 3764 3499 exsti-

2109 3534 2266 3590 teris.
2302 3533 2446 3588 Nam
2479 3549 2615 3590 cum
2648 3532 2787 3588 alibi
2840 3531 3120 3588 dixisset:
3151 3531 3368 3587 Subditi
3405 3539 3566 3588 estote
3609 3535 3764 3588 omni

2107 3624 2364 3678 humanae
2392 3631 2667 3679 creaturae
2699 3621 2884 3694 (lbid.,
2916 3619 3232 3689 13);statim
3262 3619 3461 3676 intulit
3493 3637 3506 3674 :
3535 3630 3764 3694 propter

2105 3713 2315 3773 Deum;
2344 3711 2452 3766 hoc
2484 3715 2592 3779 est,
2627 3711 2906 3766 honorate
2936 3715 3195 3766 creatum
3243 3713 3480 3782 propter
3524 3711 3761 3767 Creato-

2106 3818 2250 3869 rem;
2275 3799 2597 3856 subdimini
2624 3801 2796 3866 facto,
2815 3817 2930 3855 non
2955 3797 3112 3868 facti,
3136 3799 3238 3855 sed
3258 3798 3495 3854 factoris
3515 3816 3750 3870 amore;

2103 3893 2216 3946 sive
2246 3892 2382 3960 regi,
2415 3889 2633 3962 inquit,
2669 3890 2826 3962 quasi
2867 3889 3213 3960 pra’cetlenti
3256 3887 3464 3959 (Ibid),
3499 3889 3752 3946 subaudi

2093 3984 2320 4052 propter
2343 3981 2514 4034 Deum
2545 3996 2564 4034 :
2592 3978 2860 4034 videlicet
2890 3981 2955 4032 ut
3005 3981 3305 4051 agnoscat,
3338 3981 3560 4050 quanta
3602 3995 3754 4036 reve-

2097 4069 2284 4124 rentia
2332 4069 2456 4141 ipse
2503 4069 2676 4124 debet
2713 4067 2968 4124 Creatori
3019 4068 3254 4140 subjici,
3287 4084 3424 4123 cum
3473 4071 3639 4124 tanta
3667 4069 3745 4126 illi

2095 4158 2456 4230 impenditur
2487 4173 2519 4212 a
2551 4162 2818 4213 creatura
2864 4156 3200 4213 conditione
3249 4156 3564 4212 consimili.
3599 4159 3747 4224 Quid

2093 4247 2207 4303 sibi
2235 4246 2412 4317 exigit
2443 4248 2504 4318 [Ι.
2539 4247 2750 4319 exigat]
2783 4247 2920 4316 jure
2965 4245 3230 4302 omnium
3263 4244 3568 4311 Dominus,
3601 4247 3744 4304 dum

2088 4339 2254 4391 tanta
2283 4335 2509 4408 exigere
2539 4334 2767 4390 videtur
2796 4335 3364 4390 communisnatura:
3395 4334 3744 4390 aconfamu-

2088 4424 2160 4480 lis
2191 4441 2392 4481 servus
2414 4426 2441 4479 '?
2470 4426 2640 4480 Deum
2671 4426 2870 4492 timete,
2904 4439 3086 4494 regem
3115 4424 3488 4494 honoriﬁcate.
3519 4423 3743 4481 Timete

2088 4513 2476 4587 flagellantem
2538 4512 2874 4580 Dominum,
2927 4511 3308 4567 honorificate
3365 4510 3585 4584 ipsum,
3641 4529 3744 4584 per

329 4605 528 4658 motus
552 4617 667 4656 non
699 4601 1070 4667 cessat,unde
1102 4619 1230 4658 sese
1251 4600 1979 4688 pulsusditl‘unditusque-
2009 4623 2055 4688 Β
2087 4604 2241 4676 quod
2275 4604 2542 4675 [Lquem]
2576 4603 2728 4658 abeo
2750 4598 3388 4674 corrigemini.Metuite
3401 4603 3735 4672 patronum,

327 4704 562 4762 quaque
589 4704 871 4743 venarum
901 4689 961 4742 in
994 4690 1186 4757 corde,
1219 4690 1302 4744 ita
1331 4679 1445 4746 non
1481 4691 1839 4762 quiescimus
1870 4691 1974 4747 ali-

326 4777 468 4850 quid
496 4775 803 4848 cogitando
833 4793 1080 4832 versare.
1115 4777 1194 4831 Ex
1225 4782 1342 4832 toto
1376 4778 1572 4851 itaque
1627 4780 1738 4836 isto
1778 4781 1968 4850 corde,

321 4866 432 4923 hoc
463 4869 554 4923 est
581 4866 696 4921 ista
723 4865 777 4919 vi
808 4865 1018 4920 animae
1064 4864 1436 4937 prmcipimur
1461 4867 1643 4922 Deum
1677 4867 1922 4940 diligere
1954 4885 1968 4924 :

319 4971 391 5011 ex
416 4956 548 5023 ista,
583 4953 835 5026 denique
864 4958 1147 5008 vocantur
1169 4956 1464 5022 excordes,
1499 4957 1834 5023 concordes,
1855 4957 1971 5013 dis-

319 5044 544 5114 cordes,
557 5043 853 5109 vecordes,
873 5047 931 5098 et
961 5043 1254 5098 socordes.
1272 5043 1414 5098 Inde
1438 5044 1793 5115 quibusdam
1824 5046 1968 5102 dici-

315 5135 416 5187 tur
447 5147 460 5186 :
494 5129 736 5197 Reddite,
764 5133 1236 5202 prmvaricatores,
1283 5133 1352 5186 ad
1399 5148 1492 5187 cor
1537 5133 1664 5193 (Isa.
1709 5151 1858 5201 XLVI,
1890 5136 1964 5208 8),

387 5237 535 5310 (250)
568 5235 716 5310 Male
746 5236 805 5292 in
835 5235 993 5310 vulg.
1026 5239 1340 5293 Dominum.

389 5304 536 5379 (251)
567 5309 896 5364 Sole-inuitas
938 5304 1047 5363 ἦοη
1097 5310 1431 5379 loqmmtiu-m
1482 5309 1700 5365 indicat
1748 5311 1962 5366 festum

316 5384 654 5454 sanctorum
687 5380 1108 5454 Innocentium,
1145 5397 1260 5454 quo
1293 5381 1411 5435 hmo
1443 5381 1662 5454 scripta
1701 5383 1958 5438 fuerunt.

316 5452 554 5507 Festum
586 5454 782 5506 autem
815 5450 1050 5506 indicati
1082 5450 1438 5507 celebratum
1469 5450 1621 5509 anno
1651 5455 1757 5509 935
1797 5471 1864 5507 ex
1897 5471 1962 5509 eo

310 5521 514 5596 liquet,
549 5520 688 5593 quia
718 5519 1131 5596 hune_libr_um
1165 5527 1365 5596 auctor
1401 5525 1654 5579 exaravit
1704 5527 1961 5596 profecto

309 5593 670 5668 pestlibrum
687 5593 1396 5649 secundumlucubratum
1417 5611 1612 5668 mense
1634 5593 1959 5668 Septembri

309 5664 450 5720 anni
483 5664 837 5734 eiusdem,et
871 5667 1005 5720 ante
1029 5668 1373 5736 sequentem
1409 5665 1690 5737 scriptum
1711 5664 1961 5722 ineunte

2087 4693 2366 4748 honorate
2397 4691 2549 4764 quod
2579 4690 2992 4748 sustentamini
3033 4689 3332 4745 baculum.
3364 4688 3737 4747 Veneramini

2082 4786 2442 4854 patrem,nec
2455 4779 2828 4853 vilipendatis
2841 4780 2942 4854 qui
2956 4796 3056 4835 vos
3073 4777 3268 4834 erudit
3285 4781 3608 4834 auctorem.
3632 4779 3734 4835 Pa-

2078 4876 2205 4926 vete
2235 4871 2309 4926 ad
2341 4886 2538 4926 vocem
2594 4869 2897 4944 genitoris,
2932 4885 3037 4924 nec
3083 4865 3374 4940 spernatis
3425 4883 3734 4940 personam

2081 4961 2314 5015 tutoris.

2148 5048 2355 5103 30.1ta
2411 5047 2566 5104 enim
2617 5047 2875 5102 dicitur:
2932 5049 3034 5104 Cor
3083 5049 3225 5118 regis
3275 5048 3335 5102 in
3384 5063 3556 5101 manu
3615 5047 3727 5114 Dei,

2076 5153 2395 5208 quocunque
2423 5138 2656 5192 voluerit
2685 5144 2858 5192 vertet
2889 5136 3031 5192 illud
3061 5139 3242 5206 (Prov.
3278 5153 3396 5204 χχι,
3435 5137 3508 5204 1),
3543 5135 3726 5194 sicut:

2075 5260 2228 5300 anno
2275 5245 2400 5297 930.
2434 5245 2659 5298 Confer.
2703 5248 2822 5298 not.
2857 5246 2958 5298 102
3009 5248 3065 5300 et
3112 5245 3215 5299 189
3263 5241 3511 5314 hujusce
3558 5243 3722 5300 tomi.

2147 5318 2290 5376 (2:33)
2343 5317 2670 5370 Construe:
2733 5324 2794 5370 ut
2843 5316 3163 5384 intelligant
3217 5331 3274 5370 se
3329 5314 3580 5385 amentia
3636 5317 3726 5385 agi

2072 5403 2178 5440 non
2209 5386 2365 5441 corde
2392 5388 2648 5454 regi,.....
2679 5403 2777 5441 nec
2824 5388 2995 5441 Deum
3036 5383 3252 5442 vertere
3301 5402 3393 5442 cor
3423 5384 3492 5440 ad
3528 5383 3585 5438 id
3617 5383 3723 5451 (re-

2072 5456 2245 5530 spicit
2277 5457 2376 5512 illa
2403 5474 2529 5530 qua?
2559 5461 2758 5530 postea
2787 5458 3015 5530 subdit;
3053 5457 3154 5530 Cor
3183 5459 3323 5528 regis
3352 5459 3408 5511 in
3441 5457 3724 5530 manuDei

2070 5527 2388 5600 quocunque
2418 5527 2650 5584 voluerit
2672 5537 2841 5584 vertet
2872 5529 3153 5597 illud),sed
3167 5527 3470 5584 amentiam
3498 5527 3721 5600 implere

2069 5617 2161 5656 cor
2188 5599 2568 5656 adversarium
2594 5602 2720 5656 Deo.

2143 5672 2290 5735 (253)
2321 5670 2515 5742 Vulg.,
2547 5673 2884 5743 honerariis,
2918 5672 3219 5729 mendose.
