3936 6450
195 406 312 474 285

1139 404 1792 483 PRJELOQUIORUM
1840 402 2050 470 LIBRI
2096 400 2268 467 SEX.
2301 435 2381 450 -
2408 403 2557 467 LIB.
2604 404 2679 468 V.

3508 402 3628 469 286

198 546 345 622 gelio
376 546 527 617 (258)
572 544 891 604 Dominum
951 544 1125 619 (259.)
1155 545 1365 603 Verere
1424 548 1643 613 autem,
1704 559 1776 599 ne
1803 541 1851 599 si
1883 539 2261 613 Ainsontem
2302 538 2452 609 (Gen.
2513 556 2707 611 χχχιιι,
2767 540 2881 603 20.)
2938 539 3279 615 Agnoveris,
3340 540 3627 616 Egesippo

198 636 520 711 plusquam
553 640 893 711 perceptum
920 639 1009 693 est
1032 652 1318 709 usurpare
1341 634 1508 704 velis,
1534 649 1733 708 pinnas
1761 648 1864 704 pro

200 728 505 784 invasione
537 726 594 783 in
621 727 846 799 judicio
878 726 1040 783 luere
1063 725 1312 799 cogaris.
1343 724 1494 780 Audi
1524 723 1863 790 Dominum,

200 820 263 872 ut
292 815 472 873 etiam
499 817 674 888 juxta
702 815 957 872 litteram
987 815 1134 871 illud
1157 815 1430 888 accipias,
1464 814 1522 868 in
1554 811 1864 885 Evangelio

200 906 468 963 dixisse:
504 906 688 965 Nolite
745 914 1002 991 sanetum
1060 904 1196 960 dare
1249 904 1476 959 canibus
1524 902 1728 974 (Matth.
1764 919 1863 991 vn,

199 996 273 1065 6.)
306 995 460 1052 Audi
510 996 787 1051 eumdem
820 990 925 1068 per
975 993 1165 1067 legem
1219 992 1506 1049 clamasse
1540 1008 1552 1047 :
1589 990 1865 1062 Quidquid

201 1086 424 1142 Domini
454 1086 706 1158 offertur,
738 1093 991 1140 sanctum
1035 1087 1350 1139 sanctorum
1407 1089 1505 1148 est,
1539 1089 1593 1136 et
1647 1079 1717 1135 ad
1737 1081 1862 1151 jus—

195 1177 439 1247 pertinet
466 1174 813 1231 sacerdotum
842 1175 1028 1242 (Num.
1060 1189 1220 1239 xvm,
1251 1171 1332 1243 9.)
1364 1172 1511 1226 Vide
1567 1186 1702 1241 ergo
1747 1169 1865 1225 sive

201 1270 286 1330 tu,
320 1264 443 1320 sive
467 1263 717 1338 quilibet
738 1263 916 1318 etiam
938 1279 1138 1319 eorum
1173 1261 1253 1334 [id
1277 1265 1357 1317 est
1373 1259 1767 1329 sacerdotum]
1796 1276 1865 1314 ne

202 1354 357 1424 quod
389 1352 622 1410 alendis
654 1350 934 1408 collatum
968 1356 1057 1407 est
1086 1350 1464 1423 pauperibus,
1506 1348 1629 1404 sive
1670 1364 1863 1403 sacer-

201 1442 442 1498 dotibus
474 1440 805 1515 pascendis,
837 1442 1064 1496 tribuas
1096 1440 1362 1496 canibus.

270 1532 360 1587 35.
390 1532 549 1586 [nter
577 1531 731 1587 I32
760 1530 881 1585 haec
908 1546 1148 1585 uxorem
1173 1527 1371 1600 dilige,
1404 1526 1867 1582 concubinarum

204 1621 504 1676 consortia
533 1620 686 1693 fuge.
720 1618 877 1675 Usus
908 1618 1150 1690 quidam
1205 1615 1418 1688 prioris
1476 1614 1576 1670 aevi
1611 1613 1719 1670 iste
1760 1614 1873 1668 fuit

204 1726 309 1783 pro
342 1710 650 1782 paucitate
666 1708 978 1764 hominum
1005 1724 1018 1775 ;
1054 1705 1155 1762 sed
1180 1705 1484 1761 deficiente
1506 1701 1871 1769 necessitate,

206 1798 382 1855 debet
414 1816 657 1872 quoque
688 1801 745 1853 et
775 1797 933 1868 quod
959 1799 1195 1867 propter
1221 1792 1630 1849 necessitatem
1660 1791 1873 1863 agitur,

208 1904 447 1945 cessare
475 1906 489 1957 ;
525 1886 853 1959 praesertim
885 1901 1017 1939 cum
1039 1884 1299 1940 sciamus
1330 1898 1543 1937 novum
1577 1880 1877 1935 hominem

207 1993 362 2033 nova
390 1979 691 2049 praecepta
719 1973 952 2029 dedisse
985 1972 1160 2045 (Joan.
1193 1988 1316 2038 xm,
1349 1971 1463 2041 34.)
1496 1969 1795 2025 Ministros
1825 1973 1879 2024 et

203 2064 585 2121 consiliarios
600 2062 720 2121 tibi
752 2062 900 2117 tales
920 2061 1088 2134 elige,
1118 2060 1215 2134 qui
1242 2077 1354 2116 non
1382 2063 1503 2127 tua,
1534 2058 1633 2114 sed
1665 2063 1721 2113 te
1754 2074 1877 2130 pro-

206 2155 425 2211 bentur
456 2152 707 2225 diligere
735 2170 748 2221 ;
782 2168 888 2206 nec
928 2154 1156 2205 tantum
1207 2149 1549 2221 morigeros,
1585 2154 1873 2220 quantum

208 2242 453 2311 amicos,
485 2241 545 2297 id
577 2246 669 2296 est
694 2239 903 2297 anima:
925 2239 1219 2305 custodes,
1245 2237 1345 2310 qui
1372 2242 1425 2293 te
1451 2236 1675 2292 scilicet
1695 2234 1873 2291 corri-

209 2334 373 2406 piant
396 2332 456 2386 in
474 2326 881 2387 misericordia
903 2332 959 2383 et
987 2326 1309 2399 increpent,
1333 2341 1522 2397 neque
1543 2323 1669 2381 oleo
1691 2323 1873 2381 noxiae

208 2422 294 2481 vel
325 2420 646 2477 mortiferis
705 2415 1063 2473 adulationis
1119 2422 1313 2488 caput,
1370 2415 1427 2470 id
1465 2419 1555 2470 est
1594 2418 1874 2469 mentem

211 2515 397 2578 tuam,
414 2507 815 2567 demulceant.
832 2506 978 2562 Cave
1002 2506 1176 2561 etiam
1206 2504 1528 2560 delatorum
1552 2502 1871 2559 fallaciam:

215 2603 510 2657 memento
532 2598 770 2654 illorum
790 2596 993 2651 fraude
1010 2593 1331 2651 multorum
1341 2594 1466 2664 jam
1479 2592 1875 2649 innocentiam

215 2690 391 2746 fuisse
423 2686 852 2763 praescriptam,
886 2701 916 2741 e
947 2683 1164 2756 quibus
1210 2689 1275 2739 ut
1302 2683 1390 2738 vel
1422 2699 1606 2737 unum
1634 2680 1877 2754 periculi

216 2795 389 2836 causa
418 2792 769 2843 memorem,
804 2774 958 2830 scias
1013 2772 1235 2845 Joseph
1277 2788 1570 2827 carcerem
1623 2770 1880 2827 subiisse

286 2904 431 2972 (258)
490 2903 666 2972 Quem
723 2897 969 2972 (scilicet
1043 2897 1533 2969 dispensatorem)
1586 2897 1727 2951 scias
1769 2911 1882 2972 esse

216 2969 527 3046 pontiﬁcem
584 2972 815 3050 Domino
890 2970 1120 3050 docente
1164 2972 1478 3040 patronum,
1512 2982 1641 3050 quoa
1706 2969 1875 3050 mini-

219 3041 385 3101 strum
401 3063 424 3109 ,'
453 3060 622 3119 quem
651 3042 903 3099 eumdem
926 3041 1239 3112 pontiﬁcem
1268 3056 1399 3108 esse,
1428 3046 1579 3110 potes
1608 3041 1877 3105 invenire,

1973 631 2144 696 teste,
2176 645 2485 703 nunquam
2516 628 2650 688 illos
2690 629 2907 701 defore,
2942 630 2993 689 si
3023 628 3142 689 illis
3200 631 3476 690 credulus
3531 649 3629 690 vo-

1973 717 2155 774 lueris
2186 735 2333 775 esse.
2367 718 2513 775 Vide
2544 737 2615 777 ne
2646 736 2781 776 cum
2811 720 2872 776 in
2901 720 3131 789 edictis,
3162 722 3450 794 epistolis,
3511 722 3630 779 sive

1975 808 2223 864 decretis
2253 808 2443 864 vocari
2475 809 2704 866 ambias
2735 811 2891 882 pius,
2923 811 2982 866 in
3012 811 3179 867 factis
3209 828 3492 884 appareas
3517 812 3630 867 im-

1973 897 2111 970 pius
2136 915 2150 965 ;
2183 903 2239 953 et
2264 903 2327 953 ut
2353 897 2576 971 aliquid
2599 899 2671 955 de
2697 898 3078 955 saecularibus
3100 900 3291 956 adhuc
3308 902 3631 958 audeamus

1972 990 2214 1058 tangere
2248 1004 2261 1041 :
2293 988 2582 1054 Erubesce,
2643 987 2859 1044 Sidon:
2919 992 3004 1044 ait
3056 992 3204 1045 enim
3261 1007 3415 1046 mare
3473 993 3628 1063 (Isai.

1973 1081 2133 1146 XXIII,
2166 1076 2241 1143 4.)
2272 1075 2683 1133 Animadverte
2714 1077 2914 1144 etiam,
2947 1095 3087 1151 rogo
3129 1078 3268 1150 quid
3327 1085 3500 1152 potea
3524 1068 3629 1136 tibi

1968 1164 2152 1231 dicat,
2186 1164 2462 1237 inquiens
2492 1166 2551 1221 in
2573 1170 2770 1239 satyra
2802 1184 2815 1222 :
2877 1174 2881 1179 ’

2161 1288 2483 1354 Exspectata
2508 1289 2599 1339 diu
2631 1290 2849 1340 tandem
2876 1292 3157 1354 provincia
3179 1306 3297 1342 cum
3330 1297 3382 1343 te

2164 1352 2442 1425 Bectorem
2473 1352 2929 1425 acciperet..pone
2978 1355 3072 1425 ira;
3101 1356 3634 1425 frena,imodumque

2166 1414 2308 1463 Pone
2341 1418 2394 1464 et
2423 1414 2675 1476 avaritia},
2708 1414 2965 1467 miserere
2992 1418 3214 1481 inopum
3245 1424 3299 1469 et
3319 1414 3605 1470 sociorum.

1978 1527 2296 1596 sociorum,
2333 1529 2551 1602 inquit,
2582 1547 2698 1585 non
2724 1548 3047 1601 servorum,
3078 1550 3197 1589 non
3226 1535 3586 1601 sujectorum
3620 1553 3633 1592 :

1983 1617 2179 1673 Omnes
2235 1618 2394 1674 enim
2465 1620 2525 1673 in
2587 1618 2818 1687 Christo,
2907 1623 3237 1676 secundum
3291 1622 3637 1694 Apostolum

1982 1722 2161 1760 unum
2188 1723 2378 1762 sumus
2406 1709 2579 1780 (Rom.
2614 1725 2715 1776 xu,
2737 1710 2816 1781 5.)
2849 1709 2961 1764 Sed
3014 1710 3260 1765 studebo
3283 1712 3411 1783 jam
3441 1716 3499 1768 te
3555 1730 3640 1768 re-

1984 1792 2272 1866 linquere,
2307 1812 2378 1850 ne
2409 1794 2664 1868 alicujus
2692 1797 2913 1866 videar,
2960 1797 3106 1853 velle
3137 1816 3330 1855 mores
3378 1817 3636 1874 carpere.

1984 1883 2171 1938 Simul
2201 1884 2380 1940 etiam
2410 1884 2497 1940 vel
2526 1900 2655 1940 sero
2679 1886 2858 1942 debeo
2889 1887 3253 1955 meminisse,
3306 1905 3400 1946 me
3440 1894 3643 1947 contra

1990 1972 2210 2029 ﬂumen
2243 1990 2359 2028 non
2393 1974 2602 2029 debere
2632 1980 2853 2030 natare.

2054 2063 2143 2117 33.
2180 2061 2401 2135 Regina
2430 2064 2541 2119 es?
2589 2069 2797 2135 praeter
2825 2063 2973 2120 alias
3031 2064 3393 2136 innumeras,
3454 2068 3643 2125 multa

1983 2150 2159 2205 etiam
2193 2166 2320 2221 qua:
2353 2154 2412 2205 et
2444 2150 2548 2205 tibi
2570 2144 2698 2222 jam
2732 2153 3005 2223 superius
3046 2155 3243 2225 posita
3297 2164 3643 2230 competunt

1984 2238 2359 2304 documenta,
2393 2238 2577 2295 habes
2609 2257 2757 2312 quas
2788 2240 3060 2312 imiteris,
3099 2243 3379 2301 Helenam
3420 2246 3644 2302 scilicet

1981 2326 2352 2383 Constantini
2383 2333 2517 2400 post
2549 2329 2796 2384 Mariam
2830 2329 3070 2399 Christi,
3105 2332 3524 2406 Radegundem
3552 2353 3642 2391 re-

1982 2417 2182 2490 ginam
2217 2416 2435 2488 pariter
2464 2423 2522 2473 et
2549 2417 2862 2490 virginem,
2896 2418 3219 2475 Clodildem
3268 2421 3556 2491 Clodovei,
3590 2430 3648 2481 et

1984 2505 2284 2561 Placillam
2314 2505 2651 2562 Theodosii.
2679 2507 2796 2562 llas
2828 2507 2879 2561 si
2912 2507 3165 2564 volueris
3195 2509 3439 2575 imitari,
3471 2517 3529 2568 et
3551 2513 3645 2569 hic

1984 2599 2217 2666 sceptra
2247 2594 2491 2650 feliciter
2522 2595 2685 2666 regni
2718 2596 3048 2667 praesentis,
3079 2606 3134 2651 et
3192 2596 3335 2664 illic,
3369 2599 3470 2655 ubi
3515 2601 3644 2672 jam

1985 2681 2096 2738 illae
2127 2689 2575 2754 praecesserunt,
2608 2684 2659 2739 si
2695 2689 2889 2739 tamen
2916 2684 3084 2757 sequi
3136 2702 3254 2741 non
3287 2686 3642 2760 dedignaris,

1988 2771 2327 2828 felicissime
2356 2772 2618 2828 obtinere
2650 2772 2890 2845 praemia
2919 2773 3137 2830 valebis
3171 2776 3330 2849 regni
3370 2778 3643 2835 cmlestis.

1986 2898 2038 2953 si
2056 2898 2218 3023 [legis
2282 2898 2463 2968 ipsum
2511 2912 2719 2970 quoque
2750 2899 3044 2954 Dominum
3097 2899 3306 2957 dixisse
3363 2902 3424 2958 in
3461 2903 3644 2960 Evan-

1990 2983 2152 3023 0810.

2023 2983 2152 3024 eno.

1989 2986 2213 3109 981,359)
2237 3038 2432 3113 Vulg.,
2467 3056 2772 3112 perperam
2803 3043 3044 3098 Domini.

1218 3328 1626 3415 INCIPIT
1688 3326 2016 3414 LIBER
2078 3254 2642 3441 QUINTUS.

291 3560 484 3642 Mirari
518 3584 672 3640 forte
704 3578 960 3652 aliquem
994 3576 1315 3650 contingat,
1346 3592 1482 3631 cum
1516 3572 1759 3646 tricipiti
1787 3590 1880 3629 vo-
1910 3575 1954 3643 C
1989 3575 2079 3645 [[2,
2109 3573 2381 3645 perferet]
2413 3573 2761 3645 periculum,
2797 3592 2867 3631 ex
2895 3593 3012 3648 quo
3036 3576 3406 3634 Gubernator
3434 3581 3653 3638 cuncti-

226 3672 509 3731 luminum
532 3672 713 3728 lintre
734 3667 1040 3741 contiguos
1056 3664 1540 3740 proposuerimus
1559 3667 1740 3717 aestus
1761 3665 1884 3717 ten-

228 3768 339 3821 tare
367 3765 512 3827 (260)
540 3777 664 3835 qua
686 3759 757 3814 de
783 3774 842 3813 re
874 3760 993 3812 tam
1017 3754 1276 3811 enormis
1309 3753 1371 3807 in
1405 3752 1534 3818 isto,
1570 3767 1745 3823 quem
1767 3749 1883 3804 Deo

231 3853 472 3910 donante
500 3847 1034 3913 transnatavimus,
1056 3845 1212 3900 139
1244 3839 1618 3915 granditatis,
1643 3836 1886 3894 subieri-

233 3958 358 3999 mus
387 3942 695 4005 carabum,
729 3936 986 4008 impares
1016 3932 1103 3989 vel
1136 3933 1208 3988 de
1239 3929 1465 3987 caateris
1496 3927 1714 3984 ﬁnibus
1745 3943 1883 3982 con-

236 4033 496 4089 cedentes
525 4027 783 4087 carinas.
815 4024 924 4080 Sed
956 4021 1185 4078 noverit
1223 4023 1432 4093 praeter
1462 4014 1743 4090 temporis
1793 4016 1883 4071 in-

236 4119 694 4196 congruentiam,
727 4114 903 4172 etiam
937 4128 1217 4168 aurarum
1239 4107 1493 4165 maxime
1526 4106 1583 4161 id
1615 4110 1884 4178 expostu-

237 4209 379 4268 lasse
406 4203 1093 4272 inconsonantiam;dum
1116 4217 1232 4256 non
1256 4215 1441 4255 unum
1466 4202 1569 4252 aut
1589 4196 1737 4252 duos
1760 4200 1884 4250 tan-

239 4298 555 4369 tummodo,
588 4295 694 4353 sed
724 4291 1051 4367 perplures,
1087 4288 1188 4363 qui
1218 4286 1483 4343 infractis
1544 4283 1884 4341 cautissime

243 4386 486 4461 scopulis
517 4389 742 4443 rectam
773 4398 876 4455 per
913 4395 1149 4451 aequora
1203 4376 1559 4433 deducerent
1614 4372 1882 4446 puppim,

244 4492 329 4533 res
346 4473 688 4550 depoposcit
706 4469 1031 4527 naucleros.
1048 4468 1194 4523 Nam
1213 4466 1355 4522 dum
1378 4464 1660 4537 gauderet
1683 4461 1886 4550 pelago

246 4580 302 4622 se
318 4549 437 4638 jam
465 4549 801 4636 exemptam
833 4558 1016 4615 nostri
1047 4556 1249 4613 carina
1304 4552 1616 4620 sermonis,
1648 4549 1890 4607 brachia

245 4671 467 4711 rursum
489 4649 842 4723 ﬂuctifragis
864 4647 1181 4704 concodere
1199 4643 1376 4701 remis
1408 4641 1674 4715 proxima
1694 4655 1890 4695 mone-

246 4743 336 4800 bat
362 4740 707 4817 Charybdis.
739 4738 896 4795 Adeo
926 4735 1020 4792 his
1053 4740 1241 4791 totum
1274 4730 1711 4790 calamitatibus
1740 4744 1889 4800 opus

248 4833 453 4890 exstitit
470 4829 915 4905 tempestivum,
936 4830 999 4883 ut
1023 4825 1243 4881 mirum
1270 4839 1385 4879 non
1408 4818 1722 4894 pertulisse
1741 4834 1891 4873 nau-

251 4921 505 4997 fragium,
537 4922 645 4980 sed
688 4918 885 4992 potius
912 4915 1167 4972 evasisse
1204 4913 1397 4969 vivum
1431 4910 1503 4984 (si
1534 4913 1731 4965 tamen
1765 4923 1891 4997 per:

252 4994 499 5083 evaserit)
530 5014 805 5067 nostrum
837 5004 1006 5062 nobis
1046 5002 1318 5059 videatur
1375 4998 1742 5055 nauclerum.
1776 4994 1888 5052 Sed

254 5100 648 5173 aggrediamur
669 5099 820 5170 jam,
852 5094 1082 5151 Christo
1105 5091 1363 5164 auspice,
1388 5093 1444 5145 et
1472 5087 1610 5143 hinc
1639 5084 1892 5157 :equoris

256 5191 470 5248 tametsi
527 5186 903 5261 inazqualem,
964 5182 1259 5239 enimvero
1324 5196 1430 5235 nec
1489 5175 1891 5250 permodicum

258 5277 459 5335 sinum.
522 5279 792 5337 Forsitan
845 5274 1004 5330 enim
1078 5275 1135 5327 ct
1193 5270 1289 5327 hic
1346 5267 1584 5339 aliquod
1651 5261 1896 5338 pertulit

323 5407 461 5467 (260)
490 5400 605 5473 Qua
630 5403 696 5459 de
728 5417 789 5456 re
815 5398 1010 5474 inquit
1039 5413 1144 5469 pro
1174 5410 1365 5474 quare,
1426 5392 1513 5474 vel
1571 5407 1718 5474 cur._
1748 5395 1895 5474 Con-

261 5465 449 5547 struet
495 5465 738 5547 Vt‘ricipiti
799 5465 1381 5547 votztmiﬁugn‘tinire,
1444 5465 1501 5547 id
1559 5468 1647 5518 est
1696 5465 1895 5547 tribus

262 5545 534 5617 prioribus
563 5539 752 5612 libris,
779 5539 1559 5617 proposuerimtentarc‘acstus
1578 5539 1864 5617 contiguos
1876 5550 1895 5593 :

261 5607 385 5687 forte
409 5621 681 5690 contingat
703 5607 958 5690 aliquem
973 5612 1197 5690 mirari,
1218 5626 1328 5682 qua
1355 5607 1421 5664 de
1443 5623 1520 5672 re,
1534 5623 1657 5690 “seu
1680 5622 1807 5690 cur,
1839 5607 1895 5690 in

264 5677 353 5745 isto
381 5699 487 5747 tam
512 5677 754 5748 enormis
783 5677 1116 5759 éranditatis
1146 5677 1300 5745 gestu,
1335 5696 1490 5753 quem
1524 5679 1628 5733 Deo
1659 5677 1900 5734 donante

1993 3662 2477 3733 potensomnium
2502 3663 2778 3720 carabum
2795 3663 3004 3722 liberet
3028 3673 3298 3724 nostrum
3319 3686 3333 3724 :
3354 3669 3511 3726 unde
3527 3670 3654 3743 plu-

1992 3749 2197 3817 rimos,
2229 3750 2371 3806 dum
2404 3751 2702 3824 placidum
2735 3754 2929 3811 adhuc
2976 3758 3275 3814 modicum
3335 3758 3476 3832 quid
3534 3767 3653 3817 stat

1994 3853 2177 3905 mare,
2209 3839 2558 3897 advocantes
2616 3843 2825 3912 socios,
2886 3863 3213 3918 precemur,
3248 3851 3313 3903 ut
3359 3848 3651 3923 accipiant

1993 3926 2053 3982 in
2087 3928 2347 3985 modicos
2377 3929 2466 4003 υἱ,
2492 3930 2864 4006 immodicos]
2895 3936 3231 4009 ducantque
3265 3954 3370 4010 per
3414 3955 3651 4003 aequora

1993 4032 2209 4087 remos,
2243 4019 2416 4075 citius
2447 4024 2645 4093 optata
2675 4028 2742 4078 ut
2762 4026 2967 4095 tangat
3000 4026 3195 4082 littora
3246 4027 3410 4096 ratis,
3443 4028 3648 4085 morti-

1992 4107 2106 4163 bus
2136 4116 2473 4180 exemptum
2517 4113 2738 4168 nostris
2765 4115 3169 4184 spectantibus
3200 4116 3503 4171 nauticum
3526 4117 3652 4172 red-

1993 4196 2141 4253 dens
2172 4197 2399 4252 amicis.
2435 4198 2536 4253 Eia
2565 4196 2785 4271 igitur!
2814 4206 2871 4255 et
2903 4218 3117 4257 novum
3151 4204 3228 4257 da
3277 4204 3454 4272 Deus,
3486 4205 3649 4259 auxi-

1993 4284 2163 4353 lium,
2197 4290 2373 4357 atque
2406 4287 2625 4343 animis
2659 4286 2900 4343 illabere
2958 4290 3176 4345 nostris
3207 4291 3288 4360 [id
3344 4295 3427 4345 est
3474 4307 3650 4362 pries-

1994 4378 2148 4441 tans,
2174 4391 2246 4429 ne
2275 4376 2409 4445 etc.)
2446 4393 2517 4431 ne
2547 4393 2581 4431 a
2610 4381 2667 4431 te
2699 4376 2758 4430 in
2788 4375 2985 4448 aliquo
3033 4378 3223 4433 deviet
3266 4379 3451 4435 nostri
3488 4379 3654 4436 callis

1996 4468 2283 4534 praestans
2316 4465 2629 4519 sermonis.

2067 4555 2121 4606 2.
2157 4552 2478 4625 Episcopus
2505 4572 2566 4609 es
2589 4554 2616 4608 ’ἶ
2647 4554 2870 4610 Nomen
2903 4556 3123 4627 ipsum,
3162 4574 3321 4631 rogo,
3355 4562 3411 4615 te
3450 4560 3656 4616 admo-

1999 4645 2154 4710 neat,
2187 4642 2447 4698 ofticium
2491 4644 2734 4711 doceat;
2795 4644 3051 4718 dignitas
3109 4651 3274 4705 tanta
3324 4650 3652 4716 conveniat,

1999 4730 2246 4801 antiqua
2284 4733 2597 4804 perpende,
2641 4735 2953 4805 praesentia
3000 4753 3304 4808 compone.
3339 4738 3658 4797 Considera

2000 4835 2178 4891 quam
2204 4819 2391 4876 altum
2423 4822 2580 4894 quod
2611 4828 2810 4894 gestas
2841 4824 3214 4893 vocabulum,
3274 4844 3448 4899 quam
3512 4846 3655 4884 san-

2000 4912 2182 4975 ctum,
2217 4926 2395 4982 quam
2429 4912 2507 4966 sit
2534 4917 2856 4967 vetustum.
2898 4914 3146 4970 Attende
3200 4922 3369 4971 tuum
3422 4916 3482 4971 in
3513 4918 3656 4973 Abel

2002 4997 2353 5055 sacrificium
2385 5007 2691 5072 acceptum
2740 5001 2895 5072 (Gen,
2928 5018 3006 5072 Iv,
3040 5006 3121 5072 4,)
3181 5004 3538 5062 munditiam
3596 5008 3657 5062 in

2000 5087 2197 5143 Enoch
2220 5092 2384 5145 tuam
2417 5090 2764 5145 translatam
2790 5090 3016 5161 (Gen.v,
3050 5095 3167 5160 24,)
3200 5099 3257 5148 te
3286 5094 3346 5149 in
3379 5095 3500 5151 Noe
3522 5112 3658 5169 pro-

2004 5177 2452 5249 pterjustitiam
2482 5183 2841 5235 reservatum
2870 5179 3020 5251 (Gen.
3054 5199 3130 5249 v1,
3164 5182 3244 5252 8.)
3297 5183 3507 5238 Arcam
3566 5184 3657 5237 in-

2002 5264 2199 5340 tellige
2220 5266 2540 5324 Ecclesiam
2564 5269 2746 5342 (Ibid.,
2778 5270 2889 5339 14,)
2914 5270 3241 5327 animantia
3259 5273 3409 5342 (261)
3432 5272 3660 5327 diverse

2005 5394 2491 5466 trausnalavimus,
2527 5392 2750 5449 scilicet
2772 5393 2921 5451 libro
2947 5398 3173 5466 quarto,
3205 5394 3536 5449 subierimus
3567 5408 3655 5446 ca-

2006 5463 2220 5529 rabum,
2254 5464 2311 5519 id
2340 5469 2429 5519 est
2460 5481 2696 5536 parvam
2729 5463 3006 5535 cimbam,
3038 5466 3121 5521 vel
3145 5467 3367 5520 carinas
3396 5466 3657 5535 impares.

2003 5536 2347 5618 coarclenrt‘cs
2376 5535 2441 5618 de
2465 5535 2683 5593 caeteris
2710 5537 2934 5618 ﬁnibus.
2975 5608 2984 5618 _
3032 5610 3042 5618 ι
3493 5602 3505 5618 ¹

2077 5608 2222 5672 (261)
2255 5607 2541 5663 Construe
2576 5624 2589 5663 :
2620 5602 2932 5663 animantia
2961 5605 3207 5676 intellige
3232 5620 3433 5675 genera
3485 5602 3658 5656 homi-

2008 5693 2141 5733 uum
2171 5678 2383 5735 diverse
2411 5679 2680 5735 distincta
2708 5679 3011 5750 aﬂ'ectibus.
