3936 6368
328 384 442 448 287

1257 386 1637 452 RATHERII
1685 386 1925 452 EPISC.
1968 387 2256 454 VERON.
2303 388 2477 453 OPP.
2523 389 2722 455 PARS
2767 386 2817 456 Ῑ.

3625 391 3740 457 2(ιὸ

325 522 605 584 distincta
634 520 938 582 alt‘ectibus
959 517 1269 581 hominum
1297 540 1511 598 genera
1542 518 1693 601 (Gen.
1725 541 1840 596 XIX,
1864 525 1973 598 22,)
2002 524 2058 592 Α
2087 524 2202 582 ista
2215 523 2675 596 duocongruunt
2693 522 3176 586 ordinimaxime.
3203 544 3382 604 quam
3414 527 3740 604 pontiﬁcali

326 617 594 674 dilivium
627 617 916 672 mundum
948 614 1104 687 (Gen.
1151 630 1250 681 vn,
1283 617 1362 687 7.)
1395 619 1452 670 et
1508 613 1719 687 evigila
1775 619 1978 670 contra

326 707 721 778 naufragium.
759 705 818 762 Si
848 705 1081 778 quando
1111 705 1285 759 datur
1313 703 1884 776 tranquillitas,cave
1905 721 1976 760 ne

325 797 605 868 subrepat
633 793 1204 864 ebrietas.Perpende
1237 793 1659 849 Melchisedech
1692 793 1974 849 obtulisse

324 902 535 958 panem
562 889 619 940 et
648 884 850 938 vinum
885 883 1012 938 Gen.
1036 900 1149 950 xw,
1183 883 1299 948 48,)
1328 888 1384 938 et
1414 883 1604 953 regale
1639 886 1806 937 tuum
1830 884 1973 954 tign-

325 990 486 1030 rasse
517 972 926 1028 sacerdotium.
959 971 1251 1026 Abraham
1294 972 1404 1026 fide
1437 971 1588 1034 (Gen.
1621 989 1711 1026 xv.
1744 972 1823 1037 6,)
1853 989 1972 1043 qua

321 1063 486 1128 vivis,
521 1061 569 1116 si
600 1065 795 1116 tamen
819 1061 982 1131 juste
1009 1060 1174 1126 vivis,
1200 1059 1450 1132 placuit;
1484 1064 1540 1114 et
1571 1060 1867 1126 sacerdos,
1908 1064 1972 1114 ut

322 1156 386 1208 tu
417 1168 668 1224 quoque,
711 1151 758 1206 si
791 1155 984 1206 tamen
1017 1167 1078 1205 es
1137 1151 1291 1222 quod
1332 1149 1566 1218 diceris,
1625 1149 1752 1204 fuit.
1809 1150 1968 1204 Isaac

323 1257 458 1296 cum
483 1241 742 1296 Rebecca
770 1239 911 1310 quid
945 1238 1056 1294 nisi
1089 1239 1370 1294 Dominus
1401 1243 1458 1294 et
1488 1237 1746 1294 Ecclesia
1766 1239 1792 1294 ?
1808 1239 1963 1303 (Gen.

321 1347 470 1398 xxxv,
499 1331 611 1392 67.)
642 1329 904 1400 Denique
934 1333 988 1382 et
1016 1327 1139 1400 ipse
1167 1332 1480 1399 postquam
1503 1331 1593 1382 est
1621 1327 1759 1399 quia
1786 1326 1968 1382 voluit

322 1419 577 1486 oblatus,
598 1418 865 1474 victimas
888 1433 1038 1488 saepe
1061 1417 1290 1480 obtulit,
1311 1432 1544 1488 gregem
1568 1416 1966 1488 pavit,puteos

317 1509 483 1575 fodit,
517 1524 666 1579 quos
685 1505 998 1578 allophylis
1020 1503 1404 1576 implentibus
1443 1503 1590 1560 alios
1622 1521 1857 1560 rursum
1882 1505 1965 1559 fo-

315 1599 450 1654 dere
481 1614 596 1653 non
627 1594 996 1664 distulit,sibi
1017 1593 1785 1662 laborans,teinstruens,ut
1805 1593 1993 1656 victi-,

317 1687 428 1743 mis
449 1683 794 1752 assiduis,id
807 1682 1373 1747 est,mortilicatione
1395 1682 1964 1738 carnisetcontritio—

313 1793 385 1833 ne
405 1773 988 1844 cordis,DominoDeo
1001 1776 1054 1828 te
1071 1773 1266 1844 ipsum
1281 1771 1609 1844 quotidiein
1625 1785 1727 1828 ara
1748 1771 1962 1829 mentis

313 1867 540 1923 otl'eras.
563 1861 967 1919 Sacerdotium
991 1860 1296 1961 tuum
1325 1877 1360 1915 a
1379 1877 1494 1961 quo
1517 1858 1958 1961 illudnaccepisti
1993 1895 2038 1961 Β

311 1953 688 2012 commendes
705 1951 882 2016 140,
899 1953 1104 2024 puteos
1121 1949 1383 2016 eti‘odias,
1409 1948 1516 2004 hoc
1538 1953 1628 2004 est
1647 1948 1958 2020 Scriptura:-

312 2044 510 2100 abdita
547 2041 621 2098 ab
651 2038 788 2095 imis
827 2038 1238 2111 mysteriorum
1295 2039 1572 2101 educens,
1633 2037 1959 2094 rationibus

311 2133 518 2189 ovibus
546 2130 754 2187 offeras
783 2127 921 2201 tuis,
952 2144 1024 2183 ne
1055 2126 1394 2198 ignorantia:
1426 2143 1524 2182 eas
1571 2131 1774 2182 enecet
1804 2127 1954 2184 sitis.

308 2221 489 2279 Jacob
519 2222 695 2292 caput
721 2218 780 2274 in
811 2216 1002 2289 lapide
1030 2232 1272 2288 ponens,
1297 2217 1689 2287 eumdemque
1711 2217 1839 2271 fuso
1866 2217 1960 2271 de-

309 2327 489 2383 super
540 2308 664 2365 oleo
721 2307 780 2362 in
830 2305 1072 2362 titulum
1118 2304 1348 2376 erigens
1402 2305 1556 2376 (Gen.
1607 2321 1800 2372 xxvm,
1845 2307 1954 2373 18,)

307 2415 502 2457 nonne
533 2396 638 2454 tibi
668 2395 1101 2453 evidentissima
1131 2395 1306 2464 (262,)
1338 2393 1564 2466 pandit,
1591 2411 1770 2465 super
1790 2394 1953 2450 Chri-

306 2494 464 2547 stum
490 2491 668 2565 caput
706 2485 944 2552 mentis,
997 2501 1132 2539 cum
1164 2500 1199 2540 a
1257 2482 1639 2539 sacularibus
1695 2484 1953 2540 vacando

305 2578 588 2636 dormitas
613 2575 770 2632 curis
812 2573 902 2630 vel
960 2573 1189 2629 actibus
1248 2590 1350 2644 per
1402 2571 1952 2644 contemplationem

303 2669 510 2725 debere
532 2681 770 2738 ponere,
783 2668 847 2719 ut
866 2663 1208 2735 angelorum
1229 2679 1537 2718 ascensum
1568 2662 1952 2718 descensum-

303 2774 418 2829 que
446 2753 726 2811 merearis
783 2751 1140 2824 conspicere,
1173 2751 1232 2806 id
1265 2755 1371 2818 est,
1420 2752 1520 2806 ubi
1581 2768 1708 2807 sese
1756 2751 1954 2807 divina

303 2845 480 2902 ccelos
511 2859 688 2914 super
736 2839 1006 2896 attollant
1034 2839 1270 2911 eloquia
1301 2857 1314 2895 :
1349 2839 1448 2896 ubi
1494 2857 1628 2896 vero
1684 2840 1851 2897 vobis
1884 2841 1948 2912 [l.

303 2932 494 3005 nobis]
515 2948 630 3004 quo
653 2935 950 3002 utcunque
980 2929 1107 3000 capi
1141 2929 1368 3000 possint
1413 2929 1948 2997 condescendendo,

305 3023 474 3095 quasi
495 3022 568 3077 ad
598 3023 868 3076 nostrum
887 3018 1260 3082 concordent,
1284 3017 1533 3074 humilia
1551 3018 1762 3074 debere
1785 3018 1952 3075 intel-

301 3111 501 3184 ligere,
533 3109 725 3182 ipsam
757 3106 1008 3179 denique
1037 3110 1261 3180 petram
1293 3105 1417 3161 oleo
1449 3105 1864 3162 misericordiae
1895 3112 1952 3164 et

303 3197 727 3272 compassionis
759 3197 1022 3251 fraternae
1081 3194 1522 3266 superfundere,
1558 3195 1714 3266 quod
1769 3201 1858 3251 est
1887 3200 1952 3251 ut

2085 614 2454 671 excellentiae.
2487 615 2706 688 Joseph
2738 634 2871 674 vero
2900 619 3103 676 tunica
3129 619 3332 675 talaris
3371 625 3429 674 et
3469 618 3740 691 polimita

2085 705 2226 778 quid
2257 704 2369 761 nisi
2399 705 2487 761 tui
2516 705 2825 762 sacerdotii
2857 708 3128 781 designat
3159 709 3412 781 insignia
3432 709 3460 764 ‘I
3485 707 3602 764 Job
3635 725 3736 780 pro

2083 793 2220 850 filiis
2249 799 2450 850 octavo
2480 795 2573 850 die
2595 795 2948 853 sacrificium
2971 798 3242 866 offerens,
3267 798 3472 870 eisque
3503 797 3738 853 benedi-

2081 885 2263 940 cendo
2285 884 2660 940 sanctitlcans
2681 885 2855 941 dictis
2875 890 2932 942 et
2952 887 3144 952 factis,
3159 903 3334 959 quem
3356 887 3733 960 potissimum

2081 991 2259 1046 quam
2289 978 2345 1029 te
2376 973 2617 1029 instruit
2639 974 2668 1028 ?
2691 974 2924 1048 Moyses
2945 992 3077 1031 vero
3098 975 3223 1048 ipse
3245 993 3390 1048 pene
3411 980 3574 1032 totus
3595 979 3734 1032 tuus

2078 1063 2342 1118 noscitur
2372 1079 2519 1118 esse.
2554 1063 2710 1118 Nihil
2750 1064 2907 1119 enim
2966 1065 3026 1120 in
3055 1064 3247 1121 verbis
3277 1064 3576 1138 gestisque
3606 1065 3735 1137 ejus

2077 1151 2334 1207 invenire
2359 1153 2594 1224 poteris,
2629 1153 2806 1224 quod,
2841 1153 2892 1208 si
2952 1153 3098 1210 bene
3146 1153 3463 1226 intelligas,
3499 1159 3604 1209 aut
3660 1154 3732 1210 ad

2075 1241 2330 1298 litteram
2361 1246 2462 1297 aut
2492 1241 2563 1296 ad
2595 1258 2837 1298 sensum
2873 1259 2988 1298 non
3038 1242 3257 1298 imitari
3298 1243 3550 1315 cogaris.
3583 1242 3732 1307 Quid

2075 1331 2144 1386 de
2165 1334 2354 1386 Aaron
2385 1331 2629 1403 ejusque
2661 1331 2817 1401 ﬁliis,
2851 1331 3052 1400 Josue,
3085 1333 3354 1403 Samson,
3395 1337 3576 1405 atque
3605 1349 3731 1388 om-

2075 1419 2250 1476 nibus
2282 1419 2458 1475 Israel
2483 1419 2810 1491 judicibus,
2835 1421 3104 1477 Samuele
3125 1438 3358 1494 quoque
3387 1420 3489 1477 illo
3521 1422 3733 1477 oratio-

2073 1509 2248 1564 nibus
2276 1509 2606 1581 impetrato,
2641 1509 2699 1564 in
2719 1509 2936 1582 templo
2959 1510 3137 1566 etiam
3161 1510 3402 1578 nutrito,
3425 1509 3733 1566 omnibus-

2072 1614 2184 1670 que
2209 1597 2614 1654 ecclesiastica:
2648 1598 2966 1654 {unctionis
2999 1598 3212 1654 insulis
3241 1600 3545 1672 insignito,
3591 1616 3728 1654 cum

2071 1692 2237 1743 actus
2263 1703 2548 1759 personae,
2564 1687 2693 1759 ipsa
2711 1687 2888 1742 etiam
2912 1689 3263 1744 ofﬁciorium
3281 1687 3729 1757 vocabula,tuas

2070 1792 2283 1842 mores,
2311 1777 2587 1847 tuajura,
2619 1777 2707 1831 tui
2737 1777 3048 1834 sacerdotii
3101 1777 3437 1850 praedicent,
3499 1778 3729 1834 instru-

2069 1870 2190 1933 ant,
2223 1869 2279 1922 et
2305 1865 2570 1940 pandant
2591 1865 2848 1938 insignia
2868 1865 2897 1920 ?
2918 1865 3237 1922 Veniamus
3259 1866 3331 1922 ad
3353 1866 3536 1923 David
3554 1865 3728 1923 illum

2069 1953 2510 2011 sanctissimum
2537 1959 2749 2021 vatem,
2775 1954 3252 2026 potentissimum
3276 1970 3498 2028 regem,
3528 1955 3728 2012 fortis-

2069 2043 2287 2098 simum
2310 2041 2649 2098 bellatorem
2677 2060 2690 2111 ;
2717 2042 3218 2115 pugnatissimum
3240 2045 3328 2115 [[2,
3360 2043 3728 2116 pugnacissi-

2069 2133 2254 2204 mum]
2287 2131 2557 2200 militem,
2588 2134 2737 2188 141
2778 2131 3257 2204 acceptissimum
3289 2132 3406 2188 Deo
3453 2133 3728 2188 sacerdo-

2068 2225 2205 2276 tem.
2238 2221 2387 2286 Quid
2417 2219 2477 2276 in
2507 2221 2782 2276 omnibus
2815 2237 2944 2292 quae
2976 2221 3047 2276 de
3077 2221 3208 2294 ipso
3267 2220 3548 2294 leguntur
3587 2221 3722 2289 erit,

2066 2309 2179 2365 nisi
2208 2315 2260 2365 te
2291 2313 2391 2365 aut
2415 2309 2799 2382 spiritualiter
2828 2315 2931 2365 aut
2960 2309 3263 2366 moraliter
3289 2310 3467 2367 etiam
3495 2309 3557 2366 in
3601 2310 3723 2383 his,

2065 2416 2190 2472 quae
2225 2398 2548 2453 secundum
2582 2396 2839 2453 litteram
2875 2396 3363 2470 reprehensibilia
3417 2397 3719 2467 videntur,

2064 2489 2202 2560 quid
2234 2503 2436 2559 ageres
2465 2486 2709 2542 docuit?
2740 2486 2998 2559 Denique
3024 2487 3182 2559 pavit
3212 2503 3472 2560 gregem,
3503 2503 3717 2542 ursum

2063 2575 2273 2631 occidit
2303 2580 2359 2631 et
2390 2574 2642 2642 leonem,
2669 2575 2788 2630 ictu
2821 2573 3005 2648 lapilli
3044 2575 3356 2648 prostravit
3411 2575 3716 2648 gigantem

2061 2667 2108 2738 (Ι
2134 2666 2261 2736 Reg.
2293 2680 2484 2729 xxxiv,
2517 2664 2634 2735 49,)
2665 2667 2838 2720 cantu
2871 2661 3136 2736 psalterii
3169 2662 3457 2737 mitigavit
3495 2664 3718 2720 daemo—

2063 2771 2197 2810 nem
2230 2757 2280 2823 (Ι
2309 2755 2433 2825 Reg.
2464 2769 2577 2822 xw,
2608 2753 2722 2819 23,)
2754 2752 2994 2809 inimico
3035 2752 3294 2826 pepercit
3327 2752 3374 2825 (1
3399 2753 3526 2824 Reg.
3556 2769 3714 2821 xxxv,

2058 2845 2138 2912 7;
2167 2858 2320 2911 xxv1,
2353 2843 2434 2913 9,)
2492 2841 2681 2898 ﬂlium
2740 2841 2891 2915 fugit
2919 2841 2995 2913 (ΙΙ
3025 2843 3159 2916 Reg.
3219 2859 3312 2912 xv,
3341 2841 3458 2912 44,)
3515 2857 3717 2898 coram

2061 2948 2198 2989 arca
2223 2930 2458 2988 Domini
2498 2929 2730 2987 saltavit
2757 2931 2833 2993 (ll
2857 2931 2986 3000 Reg.
3013 2947 3089 2998 v1,
3124 2930 3251 2998 44;)
3279 2929 3422 3002 quid
3479 2929 3540 2986 in
3584 2931 3718 2989 uui-

2057 3020 2241 3079 versis
2270 3021 2364 3077 his
2394 3019 2694 3076 moraliter
2722 3018 3222 3092 spiritualiterque
3251 3019 3510 3092 acceptis
3542 3018 3716 3075 intel-

2057 3111 2212 3184 ligis,
2247 3110 2361 3166 nisi
2392 3111 2645 3182 pastoris
2667 3107 3046 3165 ecclesiastici
3080 3108 3484 3165 fortitudinem
3532 3108 3715 3165 auda-

2061 3201 2233 3266 ciam,
2266 3200 2597 3255 orationum
2629 3197 3045 3266 emolumenta,
3078 3196 3442 3270 patientiam,
3495 3198 3715 3254 exerci-

303 3306 534 3362 semper
555 3284 950 3360 superexaltes
973 3281 1433 3340 misericordiam
1459 3283 1684 3355 judicio
1716 3285 1850 3350 (Jac.
1884 3302 1946 3353 II,
1978 3263 2022 3331 (ἶ
2059 3289 2258 3361 tiaque
2287 3287 2469 3344 divini
2499 3286 2716 3355 cultus,
2748 3289 3043 3360 postremo
3082 3291 3247 3342 recte:
3279 3286 3714 3358 praedicationis

304 3381 406 3448 10),
441 3382 506 3434 ut
535 3377 802 3433 eamdem
833 3379 889 3429 et
936 3373 1062 3446 ipse
1121 3373 1401 3446 consequi
1464 3373 1743 3430 merearis
1773 3391 1807 3429 a
1836 3374 1950 3430 Do-

301 3468 480 3534 mino,
512 3465 825 3539 ipsumque
855 3463 1154 3518 Christum
1187 3466 1425 3518 actuum
1469 3465 1707 3518 tuorum
1750 3465 1946 3536 caput,

299 3558 356 3614 id
388 3561 497 3628 est,
529 3555 764 3611 initium
796 3557 852 3610 et
883 3554 1084 3620 tinem,
1109 3556 1165 3608 et
1197 3552 1380 3607 totius
1401 3551 1600 3625 gloria:
1622 3555 1735 3607 tuae
1759 3570 1945 3624 spem,

300 3643 859 3712 coronam,titulum,
889 3640 1133 3698 etveluti
1155 3640 1464 3712 cujusdam
1484 3658 1662 3714 super
1683 3658 1944 3715 aggeres,

301 3731 491 3790 sibilis
522 3732 610 3804 [f.,
641 3729 878 3799 nobilis]
909 3728 1060 3783 arcis
1091 3745 1220 3783 esse
1278 3727 1492 3784 debere
1554 3728 1806 3800 insigne,
1837 3729 1948 3784 hoc

302 3840 419 3890 ess,
449 3824 514 3875 ut
541 3817 774 3874 sobrius
805 3833 1049 3872 manens
1077 3815 1376 3882 fratribus,
1411 3821 1604 3872 mente
1634 3822 1829 3872 antem
1851 3835 1949 3874 ex-

302 3911 514 3967 cedens
544 3908 680 3973 Deo,
713 3906 762 3960 si
795 3905 936 3978 quid
967 3903 1257 3976 gloriaris,
1293 3903 1354 3959 in
1386 3904 1632 3960 Domino
1683 3903 1949 3977 glorieris

303 4001 348 4073 (ι
379 3999 498 4055 Cor.
531 4014 570 4064 ι,
603 3997 715 4057 31.)
748 3993 1009 4066 Denique
1037 3992 1215 4048 Jacob
1248 3992 1488 4048 fratrem
1531 3993 1946 4066 supplantavit,

302 4105 506 4162 greges
528 4085 700 4159 pavit,
725 4100 930 4139 uxores
953 4083 1100 4137 duas
1131 4091 1400 4154 (quarum
1435 4083 1621 4153 major
1644 4081 1823 4154 lippa,
1847 4084 1949 4138 sed

301 4177 585 4245 fecunda;
619 4175 813 4230 minor
829 4172 1058 4228 venusti
1079 4176 1374 4244 aspectus,
1399 4171 1497 4226 sed
1524 4171 1823 4228 infecundi
1841 4172 1952 4228 fuit

301 4269 640 4340 conceptus)
671 4262 836 4320 duxit
869 4280 880 4318 :
917 4278 1092 4334 quem
1125 4260 1184 4316 in
1219 4260 1313 4316 his
1362 4259 1618 4316 maxime
1672 4260 1949 4316 omnibus

300 4355 415 4413 nisi
443 4360 499 4411 te
530 4353 775 4411 docuit?
801 4353 947 4416 (263)
983 4349 1080 4424 qui
1115 4348 1330 4406 diaboli
1387 4349 1637 4406 astutias
1677 4349 1949 4422 prudenti

301 4444 626 4518 provisione
659 4442 921 4496 illudere.
946 4439 1144 4496 activa:
1166 4438 1295 4494 vita:
1321 4456 1422 4511 per
1449 4438 1722 4494 exercitia
1751 4443 1948 4510 pasto-

297 4534 440 4588 ralis
470 4529 882 4588 sollicitudinis
911 4529 1121 4584 uberes
1142 4545 1384 4600 operum
1403 4527 1555 4584 fetus
1578 4527 1950 4601 gignere,per

2057 3382 2115 3433 et
2142 3377 2272 3432 vita:
2305 3376 2608 3433 schemata
2637 3375 3058 3432 sacerdotalis?
3089 3375 3366 3432 Salomon
3387 3393 3714 3448 omnesque

2058 3483 2224 3540 reges
2254 3466 2418 3522 Judsz
2449 3469 2507 3521 et
2534 3464 2788 3532 Israelis,
2813 3465 3090 3521 omnibus
3113 3466 3238 3522 suis
3269 3464 3439 3521 bonis
3461 3465 3713 3533 actibus,

2055 3556 2188 3628 ipsa
2245 3571 2479 3627 quoque
2536 3555 2832 3623 unctione,
2866 3570 3066 3626 quem,
3119 3553 3233 3610 nisi
3271 3557 3348 3621 te,
3407 3554 3719 3610 docuerint

2058 3644 2355 3700 maxime?
2384 3643 2706 3716 PrOphetes
2732 3643 2874 3714 quid
2907 3659 3054 3716 opus
3085 3647 3176 3699 est
3217 3643 3543 3711 decurrere,
3577 3660 3715 3698 cum

2057 3733 2372 3806 prophetas
2429 3730 2669 3800 imitari,
2703 3730 3021 3804 prophetas
3063 3747 3368 3803 exponere,
3429 3731 3720 3803 propheta

2057 3823 2182 3894 ipse
2208 3837 2440 3893 quoque
2470 3819 2684 3876 debeas
2713 3819 2888 3876 esse?
2946 3819 3270 3892 Siquidem,
3302 3823 3556 3875 testante
3603 3825 3715 3876 Do-

2057 3910 2240 3977 mino,
2274 3926 2424 3965 nova
2451 3913 2510 3965 et
2537 3913 2734 3964 vetera
2762 3907 2833 3964 de
2851 3907 3129 3963 thesauro
3160 3906 3356 3964 cordis
3375 3908 3556 3964 debes
3587 3925 3720 3982 pro-

2057 3999 2205 4054 ferre
2235 3998 2440 4063 (Matth.
2475 4013 2599 4065 xm,
2631 3997 2746 4070 55.)
2777 3996 3246 4054 Machabaeorum
3287 3995 3381 4052 ala
3431 3996 3536 4053 illa
3593 3997 3713 4052 for-

2055 4088 2288 4143 tissima
2316 4088 2375 4141 in
2407 4086 2684 4142 omnibus
2715 4085 2930 4160 praliis
2951 4086 3447 4158 victori’arumque
3467 4103 3716 4158 proven-

2056 4176 2236 4244 tibus,
2271 4175 2412 4247 quid
2437 4175 2552 4231 nisi
2587 4179 2750 4230 tuam
2782 4179 2986 4230 contra
3014 4173 3277 4230 visibiles
3302 4177 3361 4230 et
3387 4173 3718 4231 invisibiles

2056 4265 2254 4321 hostes
2275 4263 2678 4336 quotidianam
2700 4261 3001 4331 orationis,
3015 4262 3713 4336 praedicationis,piaaque

2056 4351 2411 4426 operationis
2442 4352 2720 4426 praedicat
2748 4367 3034 4426 pugnam,
3093 4351 3532 4424 triumphisque
3579 4369 3716 4425 pro-

2057 4441 2238 4498 mittit
2269 4441 2548 4514 plamam,
2582 4441 2966 4513 braviumque
3018 4445 3152 4512 post
3201 4440 3506 4497 victoriam
3525 4440 3555 4496 ‘I
3583 4441 3717 4498 Haec

2058 4531 2297 4604 quidem
2329 4530 2400 4586 de
2428 4528 2627 4599 veteri,
2661 4534 2728 4585 ut
2755 4529 3166 4602 antiquitatem
3198 4529 3282 4584 tui
3305 4545 3593 4602 agnoscas
3621 4531 3718 4586 at-

303 4619 686 4676 intentionem
716 4633 850 4672 vero
881 4617 1140 4672 mthereae
1179 4616 1689 4689 contemplationis
1737 4633 1947 4690 spccu-
1978 4630 2025 4695 Ι)
2057 4636 2172 4692 que
2195 4617 2570 4691 amplectaris
2603 4617 2937 4676 ministerii.

301 4708 482 4766 lativa
511 4723 743 4777 semper
769 4707 879 4761 Deo
909 4705 1084 4760 debes
1115 4722 1242 4776 qua:
1273 4709 1413 4760 sunt
1468 4707 1800 4776 quaerendo,
1855 4723 1946 4762 sa-

303 4797 538 4870 piendo,
564 4793 652 4852 vel
679 4793 930 4851 amando
961 4793 1261 4849 inhaerere.
1301 4793 1459 4849 Nulli
1516 4795 1674 4849 enim
1731 4796 1950 4866 pariter

374 4914 522 4978 (262)
555 4911 740 4974 Quam
797 4906 1105 4980 prolixaet
1163 4907 1412 4980 obscura
1467 4907 1588 4962 haec
1647 4908 1944 4979 periodus.

305 4983 590 5039 Construe
623 4997 634 5036 :
669 4996 782 5034 non
799 4978 877 5034 ne
901 4978 1098 5050 pandit
1123 4979 1227 5034 tibi
1244 4978 1670 5042 euidentissime,
1702 4983 1795 5045 (te)
1825 4995 1950 5035 cum

304 5052 539 5110 vocando
569 5052 833 5106 dormites
863 5067 897 5104 a
924 5052 1071 5104 euris
1095 5050 1180 5105 vel
1210 5050 1420 5104 actibus
1475 5050 1834 5105 seacularibus
1862 5052 1951 5107 (le-

307 5128 430 5181 bere
453 5140 554 5194 per
580 5123 1087 5192 contemplationem
1111 5136 1312 5194 ponere
1338 5126 1500 5190 caput
1543 5122 1767 5194 mentis_
1787 5137 1952 5194 super

307 5191 603 5256 Christ-um,
634 5199 696 5246 ut
721 5191 984 5248 merearis
1009 5191 1314 5262 conspicere
1342 5207 1624 5262 ascensum
1654 5199 1702 5246 et
1734 5191 1948 5250 descen-

304 5285 428 5324 sum
455 5264 798 5334 angelorum,
831 5263 887 5318 id
918 5267 1016 5332 est,
1047 5261 1365 5334 ubidivina
1411 5261 1632 5334 eloquia
1660 5279 1772 5318 sese
1791 5266 1950 5321 attol-

307 5340 424 5394 lant
454 5331 620 5406 super
641 5334 794 5388 caelos
825 5351 842 5388 :
866 5335 962 5388 ubi
993 5331 1126 5388 rero'
1143 5333 1260 5388 ha’c
1288 5331 1749 5406 co-ndesc'cndendo
1771 5338 1950 5404 nobis,

344 5426 410 5465 uo
440 5403 716 5476 utcunque
744 5406 868 5475 rapi
891 5406 1121 5476 possint,
1151 5405 1314 5476 quasi
1342 5403 1410 5458 ad
1441 5414 1678 5460 nostrum
1729 5403 1949 5464 concor?

344 5427 410 5465 ΝΟ
440 5427 716 5476 utcunque
744 5427 866 5475 σίψι
891 5427 1121 5476 ρυδδῑηι,
1151 5427 1312 5476 ᾳειιιωῑ
1342 5427 1410 5458 au.
1441 5427 1678 5460 ηνυδινίιιῖη
1729 5427 1949 5464 (Ὀπουν-

305 5427 456 5544 dent,
490 5482 541 5533 te
569 5476 762 5549 debere
788 5477 1096 5545 intelligere
1123 5477 1387 5540 humilia,
1419 5484 1470 5531 et
1496 5477 1728 5549 denique
1756 5478 1952 5535 debere

305 5547 764 5622 superinfundere
820 5549 988 5617 ipsam
1038 5551 1252 5622 petram
1306 5549 1420 5603 oleo
1465 5547 1862 5607 misericordia:
1899 5555 1953 5606 et

305 5618 696 5693 compassionis
721 5620 995 5693 fraterna:
1008 5618 1200 5693 {quod
1219 5627 1294 5673 est
1315 5626 1384 5693 ut
1409 5635 1620 5691 semper
1637 5623 1954 5693 superexal<

308 5702 384 5750 tes
411 5690 847 5749 misericordiam
868 5690 1101 5761 judicio,
1135 5697 1194 5745 ut
1223 5698 1272 5746 et
1303 5691 1420 5762 ipsa
1469 5690 1728 5749 merearis
1768 5709 1952 5748 come-

2127 4709 2186 4765 3.
2223 4711 2286 4763 In
2319 4724 2467 4764 novo
2498 4711 2695 4764 autem
2717 4707 3092 4764 Testamento
3115 4723 3242 4780 qua:
3261 4706 3466 4780 lingua
3495 4706 3716 4776 dicere,

2054 4796 2530 4871 quisintellectus
2543 4797 3229 4870 suflicitcapere,quanta
3240 4797 3596 4852 documenta
3607 4796 3716 4852 tibi

2055 4915 2152 4986 qui
2179 4911 2422 4970 eamdem
2449 4927 2484 4966 a
2530 4912 2762 4968 Domino
2791 4929 2810 4966 :
2841 4913 3137 4986 ipsumque
3185 4911 3492 4986 Christum,
3522 4909 3720 4967 debere

2057 4983 2172 5040 esse
2198 4987 2360 5056 caput
2385 4991 2608 5038 actuum
2640 4991 2881 5056 tuorum,
2922 4983 2979 5038 id
3009 4983 3090 5039 est
3120 4985 3351 5056 initium
3379 4990 3430 5056 et
3458 4983 3718 5056 ﬁnem,et

2055 5073 2222 5127 spem,
2253 5055 2532 5121 coronam,
2565 5055 2814 5118 titulum,
2843 5056 3136 5127 etinsigne
3165 5055 3332 5110 totius
3377 5055 3577 5127 gloriae
3607 5059 3716 5110 tua:

2057 5125 2230 5183 ueluti
2257 5143 2422 5198 super
2445 5141 2666 5196 aggeres
2711 5125 3003 5199 cujusdam
3032 5127 3233 5183 nobilis
3290 5126 3456 5194 arcis,
3489 5126 3588 5182 hoc
3639 5134 3724 5182 est

2060 5207 2120 5254 ut
2149 5199 2362 5253 sobrius
2390 5213 2639 5252 manens.
2673 5200 2782 5254 etc.

2129 5270 2285 5337 (363)
2332 5268 2621 5340 Construeﬁ
2649 5284 2664 5322 :
2694 5270 2812 5340 gqui
2863 5268 3122 5340 prudenti
3178 5269 3492 5340 provisione
3518 5266 3722 5340 Hdebes

2060 5340 2294 5395 illudere
2325 5341 2560 5395 astutias
2589 5339 2820 5404 diaboli.
2845 5339 2947 5411 per
2976 5339 3245 5396 eaercitia
3283 5339 3582 5411 pastoralis
3609 5339 3719 5394 sol-

2061 5411 2526 5483 licitudinisvitae
2550 5412 2746 5468 activa
2773 5409 2929 5466 debes
2957 5413 3184 5480 gignere
3209 5409 3350 5483 fetus
3379 5409 3568 5483 uberes
3597 5425 3721 5481 epe-

2061 5500 2208 5548 rum,
2234 5499 2335 5552 per
2365 5481 2727 5538 intentionem
2769 5499 2891 5539 vero
2932 5481 3217 5540 aetherese'
3245 5481 3722 5551 contemplationis

2059 5569 2271 5626 semper
2294 5553 2452 5609 debes
2482 5554 2753 5609 inhaerere
2782 5555 2885 5626 Deo
2943 5553 3262 5626 quaerendo;
3318 5552 3602 5626 sapiendo,
3637 5554 3722 5609 vel

2061 5625 2295 5683 amando
2327 5639 2452 5698 quae
2479 5632 2608 5682 sunt
2634 5625 2988 5698 speculatum.
