3936 6452
210 434 314 495 289

1137 428 1787 509 PRJELOQUIORUM
1832 428 2038 494 LIBRI
2086 434 2259 494 SEX.
2297 470 2369 478 ——
2400 432 2543 496 LIB.
2594 436 2663 496 V.

3494 443 3612 505 290

214 572 517 641 suppetunt
538 568 801 626 vivendi?
828 570 934 627 Hic
956 568 1190 638 melius,
1208 574 1277 627 ut
1301 586 1449 637 reor,
1478 568 1843 641 teall‘oquor,
1873 566 1928 634 Α
1959 568 2114 639 quod
2146 567 2408 624 triticum
2441 574 2661 643 erogat,
2693 572 2796 644 qui
2826 572 3060 645 penitus
3080 578 3138 628 et
3166 575 3309 647 quid
3341 576 3419 632 sit
3458 579 3612 634 triti-

212 659 737 729 tuazqueindustria:
759 664 946 717 totum
960 661 1263 717 committo
1273 705 1285 717 .
1304 661 1578 717 Scrutare
1591 658 1842 730 Scriptu-

207 764 310 813 ras,
339 747 515 803 divini
546 747 764 822 eloquii
796 748 979 807 libros
1002 750 1249 819 revolve,
1284 748 1582 822 apostolos
1625 746 1841 819 aspice,

207 839 467 909 martyres
487 836 644 904 vide,
665 837 1031 895 confessores
1052 837 1482 910 attende,ipsas
1503 838 1702 903 etiam,
1718 852 1843 909 qum

204 941 325 980 cum
356 924 568 983 saeculo
594 931 654 983 et
674 944 883 985 sexum
902 928 1190 996 vicerunt,
1212 928 1471 1001 virgines
1487 929 1718 983 contem
1726 924 1845 998 pla-

207 1032 279 1071 re.
312 1015 675 1073 lnstauratos
706 1018 1035 1074 secundum
1065 1018 1175 1074 Job
1206 1022 1411 1074 contra
1453 1020 1511 1073 te
1542 1019 1627 1072 tot
1661 1018 1843 1071 testes

204 1105 404 1177 (Job.x,
439 1106 529 1177 17)
578 1106 676 1161 Dei
727 1107 1054 1180 perpende;
1089 1122 1292 1179 pacem
1346 1122 1483 1161 cum
1541 1104 1656 1173 his,
1700 1105 1843 1161 dum

203 1194 567 1251 coambulant
597 1195 658 1251 in
691 1196 806 1252 ista
836 1196 1142 1269 praesentis
1171 1195 1400 1251 itineris
1428 1195 1543 1265 via,
1567 1198 1626 1250 et
1648 1194 1756 1249 tibi
1788 1198 1845 1249 et

199 1283 277 1338 eis
305 1284 620 1341 consulens
650 1284 982 1354 conciliare,
1015 1290 1072 1342 et
1109 1284 1242 1341 aliis
1264 1283 1328 1359 [l.
1357 1282 1527 1356 alios]
1562 1288 1629 1340 ut
1678 1282 1841 1340 simi-

200 1369 320 1427 liter
353 1378 531 1446 agant
575 1376 752 1431 stude
798 1375 1007 1431 docere
1030 1392 1045 1444 ;
1069 1390 1261 1447 neque
1291 1373 1450 1431 enim
1482 1373 1654 1430 aliter
1684 1373 1842 1446 quod

199 1460 398 1517 diceris
430 1463 754 1520 mereberis
782 1479 932 1520 esse.

259 1551 309 1605 4.
330 1551 599 1625 Denique
627 1553 860 1624 pondus
891 1553 1049 1626 quod
1069 1557 1129 1609 te
1160 1552 1375 1626 premit
1392 1550 1849 1624 aspicisto,onus

192 1639 342 1710 quod
389 1639 544 1697 ferre
590 1640 807 1697 videris
840 1656 1063 1714 pensa;
1094 1644 1152 1697 et
1189 1640 1240 1697 si
1272 1642 1400 1712 jam
1444 1641 1639 1696 bonus
1686 1655 1771 1706 es,
1796 1639 1847 1696 si

195 1734 446 1796 sanctus,
482 1730 533 1785 si
559 1731 784 1801 justus,
820 1730 870 1786 si
915 1746 1019 1802 per
1049 1734 1264 1786 cuneta
1320 1727 1851 1802 irreprehensibilis

193 1821 444 1875 attamen
479 1820 791 1876 considera
814 1823 973 1885 tuos,
1001 1819 1107 1874 tibi
1163 1816 1515 1875 commissos
1573 1817 1807 1872 attende
1837 1835 1850 1884 ;

195 1911 383 1962 utrum
417 1912 480 1963 et
509 1908 571 1962 hi
602 1906 750 1964 tales
780 1908 902 1964 sint
933 1906 1178 1964 sollicite
1199 1906 1677 1980 provide.Neque
1692 1906 1849 1962 enim

192 1994 346 2050 solus
381 1999 453 2051 ut
479 1994 602 2064 alii,
619 1996 721 2053 sed
743 2012 880 2052 cum
911 2000 1034 2052 toto
1054 2012 1229 2070 grege
1253 1996 1492 2052 Domino
1514 1996 1852 2069 habesprze—

193 2084 432 2152 sentari,
463 2100 571 2141 nec
603 2088 670 2141 ut
699 2086 936 2153 referas,
970 2090 1145 2157 prout
1190 2084 1446 2158 gessisti,
1480 2087 1711 2141 tantum
1765 2084 1850 2139 tui

194 2172 424 2247 pr0pria
443 2173 711 2246 corporis
732 2179 897 2247 gesta
919 2176 994 2247 (Il
1019 2174 1141 2231 Cor.
1174 2191 1228 2241 v,
1254 2177 1364 2242 10),
1399 2174 1499 2231 sed
1529 2174 1712 2230 totius
1745 2173 1848 2229 tibi

194 2263 521 2319 commissae
541 2262 749 2335 plebis.
770 2263 831 2319 Si
856 2267 1073 2329 autem,
1100 2267 1165 2318 ut
1183 2262 1372 2319 levius
1388 2263 1656 2336 graviora
1669 2262 1849 2319 silens

196 2350 399 2420 dicam,
434 2356 495 2407 te
552 2353 897 2424 praesentari
953 2353 1253 2426 contingat
1310 2351 1656 2424 solum,ubi
1716 2368 1853 2423 euge

194 2444 352 2495 tuum
384 2440 594 2511 (264)?
623 2442 748 2506 Quo
800 2458 874 2497 ne
920 2458 1142 2508 careas,
1182 2440 1429 2498 sollicite
1496 2441 1849 2498 clamantem

197 2529 321 2584 audi
351 2533 409 2586 et
440 2529 857 2586 consiliantem
887 2530 1198 2603 Sapientiae
1231 2530 1451 2587 librum
1470 2530 1499 2587 ?
1519 2532 1638 2587 Fili
1672 2532 1756 2586 mi
1777 2532 1848 2597 si,

194 2619 547 2689 spoponderis
561 2635 665 2691 pro
693 2622 870 2676 amico
899 2624 1015 2688 tuo,
1047 2621 1293 2693 deﬁxisti
1322 2621 1468 2693 apud
1525 2628 1853 2677 extraneum

194 2723 412 2764 manum
438 2713 617 2766 tuam.
640 2711 748 2765 Fac
762 2725 890 2779 ergo
919 2709 1061 2782 quod
1088 2710 1194 2766 tibi
1228 2710 1371 2766 utile
1402 2714 1575 2777 est,et
1606 2712 1849 2782 temetip-

199 2812 316 2852 sum
361 2798 559 2869 libera,
608 2800 746 2872 quia
796 2799 1049 2855 incidisti
1095 2801 1158 2855 in
1200 2816 1401 2855 manus
1449 2802 1698 2872 proximi
1747 2801 1848 2856 tui.

202 2886 461 2957 Discurre,
493 2891 724 2960 festina,
764 2890 971 2944 suscita
1017 2891 1261 2945 amicum
1305 2893 1483 2955 tuum,
1513 2905 1585 2945 ne
1639 2889 1853 2946 dederis

197 2991 444 3032 somnum
474 2982 658 3046 tuum,
682 2986 734 3034 et
761 2994 868 3034 non
900 2977 1194 3034 domitent
1218 2978 1504 3050 palpebrae
1523 2980 1640 3035 tuae
1668 2978 1849 3052 (Prov.

196 3080 271 3130 v1,
300 3065 437 3135 4-4).
472 3067 651 3133 Audi,
681 3070 739 3123 et
784 3084 890 3139 per
936 3066 1293 3123 Ezechielem
1348 3066 1453 3123 tibi
1496 3068 1850 3125 clamantem

202 3156 539 3213 Dominum:
567 3156 979 3229 Speculatorem
1009 3157 1164 3213 142
1194 3165 1245 3213 te
1281 3156 1407 3213 dedi
1452 3158 1644 3213 domui
1684 3158 1850 3214 Israel

1952 673 2087 711 cum
2122 657 2383 728 ignorat?
2405 659 2550 714 Hinc
2580 677 2814 717 mecum
2844 662 3010 719 valde
3044 667 3262 732 metuo,
3287 682 3359 721 ne
3383 668 3609 723 contin-

1953 749 2053 818 gat
2085 746 2287 801 audire
2313 763 2325 801 :
2359 748 2563 815 Amice,
2597 751 2666 805 ad
2691 752 2833 822 quid
2861 755 3189 819 venisti,aut
3216 756 3477 827 quomodo
3507 758 3613 813 huc

1951 836 2201 890 introisti
2244 837 2449 899 (Matth.
2497 856 2637 909 XXII,
2672 840 2809 909 12)?
2834 858 2949 912 quo
2999 842 3145 899 ostio
3168 844 3194 898 ’Ξ
3217 862 3333 916 qua
3367 846 3556 916 janua
3584 848 3612 902 ?

1955 923 2175 996 quibus
2205 925 2478 981 meritis?
2509 944 2625 999 qua
2658 931 3042 1002 praerogativa
3064 932 3091 987 ‘?
3126 933 3340 989 virtute
3360 934 3387 988 ‘?
3408 953 3481 991 an
3525 953 3613 991 sa-

1954 1012 2220 1087 pientia?
2251 1031 2324 1069 an
2383 1016 2695 1072 doctrina?
2722 1019 2809 1072 An
2870 1019 3016 1075 forte
3048 1022 3216 1093 (265),
3260 1024 3367 1078 etsi
3428 1025 3613 1080 defuit

1954 1102 2388 1174 praedicationis
2419 1106 2627 1176 gratia,
2647 1109 3051 1164 commendavi
3063 1113 3157 1165 tte
3180 1111 3306 1167 vitae
3339 1113 3616 1171 innocen-

1952 1191 2038 1246 tia
2056 1191 2084 1245 ?
2100 1191 2301 1247 Nonne
2315 1193 2556 1265 praedixi
2588 1194 2716 1260 tibi,
2733 1198 2891 1268 quod
2921 1198 3102 1270 etipsi
3122 1200 3460 1257 carnalibus
3473 1220 3612 1259 ocu-

1951 1278 2026 1334 lis
2056 1296 2291 1336 cernere
2322 1281 2587 1353 potuisti,
2620 1284 2821 1340 dicens
2856 1303 2868 1341 :
2900 1287 3160 1359 Nunquid
3204 1296 3381 1361 potest
3436 1309 3613 1351 caecus

1951 1384 2159 1426 caecum
2183 1369 2422 1426 ducere?
2449 1388 2633 1428 nonne
2660 1375 2819 1429 ambo
2850 1376 2908 1430 in
2938 1383 3154 1447 foveam
3211 1380 3417 1438 cadunt
3455 1386 3609 1452 (Luc.

1952 1476 2034 1526 v1,
2063 1458 2204 1527 39)?
2236 1459 2384 1523 Quid
2407 1461 2512 1516 tibi
2543 1464 2833 1532 convenit,
2861 1466 3016 1535 quod
3049 1485 3165 1522 non
3195 1472 3439 1540 potuisti
3487 1478 3612 1529 ten-

1954 1546 2121 1602 tare?
2143 1547 2286 1618 quid
2308 1552 2426 1604 tam
2449 1567 2764 1607 onerosum
2791 1552 2991 1609 tollere
3013 1556 3251 1628 j-ugum,
3271 1560 3370 1630 qui
3387 1566 3616 1631 portare

1958 1652 2065 1691 nec
2098 1641 2329 1708 poteras
2362 1638 2744 1710 temetipsum
2767 1640 2794 1695 ‘?
2826 1643 2891 1696 Et
2921 1643 3020 1714 qui
3054 1649 3166 1700 ture
3190 1650 3385 1703 tenere
3417 1651 3615 1707 mode-

1959 1724 2192 1780 ranima
2222 1741 2338 1780 non
2368 1743 2614 1783 noveras
2643 1729 2795 1796 vitae,
2818 1730 3003 1800 judex
3043 1733 3168 1789 ﬁeri
3222 1738 3432 1809 utquid
3490 1757 3618 1797 am-

1962 1812 2100 1868 bisti
2127 1812 2709 1879 aliena3?Quomodo
2740 1819 2986 1875 suadere
3035 1820 3140 1878 tibi
3198 1825 3443 1898 Sapiens
3503 1846 3618 1886 non

1962 1902 2154 1974 potuit
2180 1902 2297 1969 ille,
2324 1904 2425 1975 qui
2456 1903 2635 1960 dixit:
2670 1908 2743 1961 De
2772 1925 2850 1975 re,
2883 1926 3009 1980 qua:
3038 1912 3109 1967 ad
3136 1917 3190 1968 te
3219 1931 3327 1970 non
3354 1921 3614 1988 pertinet,

1956 2007 2030 2046 ne
2058 1992 2326 2047 sollicitus
2352 1995 2573 2064 fueris?
2602 1994 2729 2063 Ubi,
2764 2014 2923 2069 rogo,
2949 2016 3121 2057 aures
3151 2002 3621 2080 habebas,quan-

1950 2081 2035 2136 do
2067 2080 2370 2136 dicebatur
2403 2098 2416 2137 :
2448 2084 2661 2138 Atticm
2692 2095 2742 2141 te
2772 2103 2839 2141 ne
2868 2091 3155 2159 qiuz’sz'erz's
3186 2094 3618 2165 (Eccli,m,22)?

1961 2169 2060 2224 ubi
2095 2186 2209 2225 non
2241 2169 2434 2226 solum
2468 2172 2597 2240 tibi,
2633 2174 2733 2231 sed
2760 2180 2816 2229 et
2845 2177 3142 2245 omnibus,
3168 2182 3267 2253 qui
3319 2185 3429 2240 sub
3477 2187 3617 2244 coelo

1961 2262 2100 2313 sunt
2149 2259 2458 2331 sapientia,
2518 2278 2808 2331 sermone,
2870 2270 2926 2321 et
2976 2266 3208 2338 virtute,
3260 2276 3463 2345 utpote
3515 2276 3617 2334 Dei

1958 2346 2271 2419 colloquiis
2302 2355 2537 2406 assueto
2568 2352 2740 2423 (266),
2773 2353 3156 2413 indicibiliter
3202 2365 3616 2433 praestantiori,

1959 2437 2186 2492 dictum
2237 2437 2495 2511 legebas,
2529 2439 2684 2496 ultra
2727 2441 2878 2498 vires
2922 2448 3055 2500 tuas
3085 2464 3213 2504 esse
3261 2453 3560 2523 negotium
3590 2456 3619 2510 ‘2

1960 2527 2262 2591 Quomodo
2282 2527 2389 2583 tibi
2421 2530 2641 2595 sonuit,
2674 2533 2969 2602 quomodo
2994 2551 3109 2590 non
3141 2541 3474 2610 commovit,
3501 2558 3619 2599 non

1960 2616 2194 2681 terruit,
2227 2634 2343 2672 non
2368 2618 2440 2673 ab
2472 2618 2725 2690 incoepto
2758 2624 3046 2678 revocavit
3084 2626 3485 2699 evangelicum
3546 2632 3620 2687 il-

1961 2704 2065 2760 lud
2102 2722 2115 2760 :
2148 2706 2377 2762 Succede
2425 2708 2606 2774 illam,
2651 2716 2712 2764 ut
2756 2711 2888 2781 quid
2936 2715 3107 2768 etiam
3151 2724 3357 2773 terram
3395 2731 3620 2794 occupat

1964 2794 2114 2867 (Luc.
2146 2811 2267 2863 xm,
2289 2795 2393 2867 7)?
2424 2796 2572 2862 Quid
2621 2797 2691 2853 de
2720 2801 2777 2853 te
2824 2799 3143 2871 cogitabas,
3179 2821 3312 2861 cum
3344 2826 3437 2864 me
3481 2827 3618 2866 con-

1963 2886 2306 2955 querentem
2336 2885 2620 2942 audiebas
2646 2903 2658 2942 :
2690 2888 2942 2944 Tenentes
2973 2891 3149 2960 legem
3176 2898 3493 2955 nescierunt
3530 2912 3619 2957 me

1960 2975 2092 3041 (Jcr.
2123 2990 2187 3041 ιι,
2226 2975 2279 3041 8)
2320 2972 2348 3028 ‘l
2378 2973 2649 3031 Psalmus
2695 2977 2836 3049 quid
2890 2978 2997 3034 tibi
3039 2984 3323 3042 suadebat
3371 2988 3572 3046 dicens
3598 3011 3617 3047 :

1959 3063 2280 3119 Nescierunt
2302 3079 2477 3135 neque
2505 3066 2918 3138 intellexerunt,
2942 3071 3000 3124 in
3033 3075 3271 3129 tenebris
3309 3078 3613 3149 ambulant,

1957 3152 2323 3208 movebuntur
2350 3156 2538 3209 omnia
2556 3155 2921 3227 fundamenta
2949 3162 3300 3233 terrae(Psal.
3319 3182 3502 3235 LXXXI,
3518 3168 3618 3240 5)?

196 3244 398 3310 (Eum,
440 3263 526 3313 ιιι,
562 3247 654 3313 17,
694 3250 803 3302 etc,
848 3263 861 3302 ε
901 3247 972 3302 de
1005 3249 1061 3302 te
1093 3246 1151 3301 in
1184 3247 1391 3302 eodem
1421 3246 1572 3303 libro
1606 3248 1848 3320 (quibus
1882 3310 1922 3327 Α
1960 3242 2029 3297 Et
2059 3241 2159 3314 qui
2192 3246 2247 3298 te
2270 3243 2357 3314 [/.,
2391 3244 2531 3315 quid
2556 3244 2681 3313 tibi,
2716 3250 2763 3300 et
2793 3247 3030 3303 subaudi
3073 3249 3322 3327 irretito]
3368 3255 3616 3313 diversis

199 3330 275 3386 nil
304 3333 748 3395 comminatius)
774 3334 1095 3389 Jeremiam
1122 3349 1354 3406 quoque
1393 3339 1846 3406 conquerentem
1879 3310 1923 3378 α
1959 3330 2118 3386 vitiis
2148 3336 2205 3387 et
2235 3332 2610 3403 passionibus
2644 3335 2858 3390 terreni
2908 3338 3168 3407 corporis
3216 3310 3617 3413 oingnoran-

201 3418 254 3474 in
301 3422 549 3479 Threnis
584 3440 599 3479 :
634 3424 869 3479 Parvuli
891 3425 1175 3495 petierunt
1200 3440 1423 3496 panem,
1456 3441 1556 3479 nec
1584 3432 1704 3480 erat
1757 3426 1856 3497 qui

199 3509 469 3580 frangeret
518 3514 603 3569 eis
646 3513 857 3584 (Thren.
891 3529 968 3576 1v,
1002 3512 1076 3574 4).
1114 3511 1546 3585 Expergefaciat
1595 3516 1653 3568 te
1706 3512 1852 3569 illud

200 3598 394 3657 saltem
425 3602 515 3658 vel
539 3601 757 3673 judicii
793 3602 1331 3657 tonitruum:Serve
1355 3603 1521 3669 male,
1553 3601 1852 3675 inquiens,

200 3694 247 3742 et
266 3690 445 3763 piger,
479 3706 660 3764 quare
680 3707 792 3747 non
818 3690 1017 3747 dedisti
1031 3692 1323 3763 pecuniam
1352 3705 1534 3746 meam
1571 3689 1641 3745 ad
1696 3707 1853 3745 men-

199 3791 321 3846 sam,
353 3784 405 3835 et
425 3797 521 3849 ego
547 3783 774 3836 veniens
803 3782 992 3854 utique
1017 3796 1142 3836 cum
1171 3796 1341 3836 usura
1368 3780 1665 3850 exegissem
1694 3779 1856 3834 illam

200 3864 472 3936 (Luc.x1x,
497 3871 618 3934 23).
650 3870 722 3925 Et
746 3868 866 3924 haec
893 3869 1133 3943 quidem
1164 3869 1542 3942 torpentibus
1582 3871 1641 3924 et
1696 3867 1850 3924 desi-

201 3953 393 4014 diosis.

263 4045 315 4099 5.
341 4046 488 4110 Quid
547 4064 687 4104 vero
742 4052 1024 4121 putamus
1066 4047 1185 4104 illis
1217 4064 1453 4104 manere
1482 4046 1847 4121 improperii,

202 4132 293 4201 qui
320 4149 454 4191 cum
488 4136 719 4193 nullam
737 4136 1015 4193 doctrinae
1045 4137 1377 4209 acceperint
1404 4136 1851 4209 peeuniam,im-

195 4221 456 4290 pudentis
500 4230 561 4281 et
604 4226 794 4283 fronte
838 4226 1049 4283 canino
1098 4227 1171 4283 de
1216 4243 1333 4283 non
1364 4242 1643 4283 concesso
1674 4227 1845 4300 quasi

196 4324 455 4370 concesso
473 4315 811 4387 gloriantur
830 4315 1071 4384 talento;
1089 4316 1188 4388 qui
1212 4315 1436 4389 passim
1450 4321 1845 4388 prorumpunt

195 4405 443 4470 pastores
468 4405 694 4473 vocari,
726 4421 863 4460 cum
890 4405 1084 4461 nullas
1113 4404 1241 4460 vita
1267 4421 1518 4478 pascuas
1551 4405 1843 4476 noverint,

192 4492 241 4541 et
270 4489 705 4563 dispensatores
719 4494 1035 4550 Dominicaa
1054 4493 1235 4550 videri
1252 4494 1457 4550 volunt
1472 4495 1840 4564 substantiae,

194 4590 327 4647 quos
350 4587 579 4639 constat
613 4582 823 4639 inediae
865 4586 1029 4655 peste
1079 4583 1387 4640 laborare?
1417 4584 1567 4649 Quid
1615 4588 1835 4651 autem,

1961 3420 2126 3487 tiam,
2161 3437 2276 3492 qua
2301 3438 2415 3475 non
2447 3422 2642 3476 solum
2673 3421 2818 3478 alios
2849 3424 3020 3492 ferre,
3056 3428 3154 3480 sed
3188 3431 3244 3482 te
3277 3445 3510 3503 quoque
3556 3435 3615 3492 in

1964 3508 2257 3565 soliditate
2288 3525 2519 3564 morum
2562 3527 2677 3566 non
2727 3527 2972 3567 noveras
3014 3515 3330 3583 continere,
3365 3519 3619 3596 desuper

1963 3596 2152 3669 posito
2174 3597 2279 3652 tibi
2308 3598 2489 3653 totius
2515 3600 2730 3655 domus
2759 3599 2860 3655 Dei
2900 3618 3092 3670 onere,
3128 3607 3408 3665 censebas
3459 3614 3613 3671 148

1964 3686 2321 3758 contingere,
2346 3686 2461 3743 nisi
2475 3693 2765 3745 commoto
2789 3689 3173 3750 fundamento
3199 3711 3474 3757 casurum
3488 3702 3615 3761 sine

1964 3775 2141 3831 dubio
2172 3779 2229 3831 et
2256 3776 2336 3843 id,
2371 3777 2525 3849 quod
2549 3782 2672 3833 erat
2702 3781 3280 3851 superzedificatum?

2031 3866 2084 3919 6.
2118 3865 2249 3921 Haec
2278 3883 2411 3923 vero
2442 3884 2577 3924 cum
2607 3869 2667 3925 in
2691 3872 3024 3945 semetipsis
3038 3875 3286 3933 nimium
3300 3882 3517 3952 gravia,
3552 3883 3612 3939 in

1960 3956 2397 4028 comparatione
2424 3959 2759 4031 graviorum
2789 3961 3101 4019 videantur
3133 3965 3301 4034 levia,
3322 3970 3451 4041 ipsa
3478 3988 3610 4045 gra-

1958 4045 2117 4102 viora
2148 4047 2362 4120 partim
2386 4052 2714 4121 tangentes,
2731 4068 2847 4106 non
2880 4057 3053 4124 prout
3072 4060 3213 4111 sunt
3233 4046 3472 4116 omnino
3486 4078 3614 4132 pro-

1956 4136 2210 4193 ferentes
2264 4135 2580 4209 (siquidem
2639 4143 2697 4194 et
2749 4139 3087 4196 facundiam
3154 4150 3435 4215 superant
3492 4165 3609 4204 non

1957 4226 2131 4280 modo
2146 4226 2537 4291 nostram,sed
2562 4230 2619 4281 et
2640 4225 3197 4297 loquacissimorum
3212 4233 3613 4302 quorumlibet

1952 4314 2425 4382 aestimationem)
2451 4314 2593 4385 quid
2615 4314 2707 4368 his
2730 4319 3010 4387 putamus
3042 4333 3278 4373 manere
3306 4323 3609 4393 tormenti,

1954 4403 2056 4476 qui
2088 4419 2203 4458 non
2231 4402 2420 4458 solum
2447 4418 2706 4475 pascere,
2740 4403 2971 4460 etiamsi
3008 4405 3081 4460 ad
3137 4404 3248 4461 hoc
3298 4408 3611 4467 videantur

1952 4491 2169 4560 idonei,
2195 4509 2429 4565 gregem
2457 4491 2569 4548 sibi
2602 4490 2911 4565 negligunt
2940 4493 3326 4553 commissum
3353 4516 3365 4566 ;
3400 4500 3502 4555 sed
3533 4501 3606 4557 ad

1950 4580 2242 4637 insaniam
2275 4598 2507 4654 quoque
2538 4582 2686 4637 tanti
2718 4582 2875 4653 quod
2922 4588 3156 4657 gestant
3203 4588 3481 4657 nominis,
3515 4608 3606 4647 se-

195 4680 395 4737 quasn,
417 4672 761 4745 erogat,qui
787 4671 933 4727 nihil
955 4672 1206 4745 accipit?
1252 4672 1354 4745 qui
1387 4672 1506 4741 dat,
1532 4673 1632 4745 qui
1691 4672 1838 4728 nihil
1867 4680 1916 4747 υ
1950 4671 2232 4741 metipsos
2263 4687 2433 4743 agere
2465 4687 2581 4725 non
2614 4670 2894 4727 desinunt
2910 4690 3013 4745 per
3033 4676 3285 4749 abrupta
3302 4678 3602 4750 vitiorum;

194 4750 379 4813 habet?
397 4760 539 4832 quid
562 4760 885 4829 ministrat,
911 4761 1011 4834 qui
1035 4760 1312 4818 omnibus
1333 4761 1585 4835 indiget?
1602 4762 1839 4819 Dicente

195 4848 373 4901 autem
395 4850 824 4920 patrefamilias
850 4868 863 4907 :
886 4852 1055 4907 Pasce
1082 4868 1203 4908 oves
1229 4868 1379 4907 meas
1398 4854 1708 4922 (Joan.xx1,
1726 4852 1837 4923 17),

197 4934 355 5000 unde,
386 4955 546 5012 rogo,
581 4956 685 4995 eas
716 4941 930 5012 pascit,
964 4940 1065 5013 qui
1096 4940 1226 5013 ipsa
1254 4941 1447 4997 adhuc
1476 4957 1695 5012 pascua
1733 4956 1837 4995 nec

195 5018 305 5089 ipse
330 5024 596 5084 invenit?
616 5028 765 5085 Cum
794 5034 994 5086 autem
1016 5029 1208 5086 ﬁdelis
1230 5029 1442 5086 debeat
1454 5030 1575 5085 fore
1596 5030 1835 5101 dispen-

198 5115 337 5167 sator
374 5120 431 5170 et
480 5118 768 5189 prudens;
802 5134 977 5190 quem
1008 5117 1298 5175 Dominus
1343 5136 1520 5191 super
1550 5118 1836 5175 familiam

196 5213 344 5256 suam
376 5207 703 5275 constituit,
729 5211 795 5263 ut
816 5208 914 5264 det
933 5206 1017 5262 illi
1042 5207 1101 5263 in
1132 5213 1395 5280 tempore
1412 5207 1587 5263 tritici
1606 5224 1839 5263 mensu-

198 5300 307 5342 ram
329 5291 474 5357 (Luc.
499 5312 601 5363 xu,
630 5296 715 5364 42)
742 5315 753 5364 ;
788 5296 930 5369 quid
963 5296 1271 5369 dispensat
1319 5296 1422 5369 qui
1452 5297 1524 5353 ab
1555 5313 1642 5365 eo,
1677 5298 1832 5368 quod

196 5373 503 5451 dispensari
531 5384 728 5454 debet,
762 5385 887 5457 ipse
910 5386 1155 5458 jejunus
1180 5390 1240 5442 et
1285 5384 1507 5442 stultus
1558 5385 1836 5442 laborat?

250 5503 390 5583 ,(264)
422 5510 575 5578 Euge
602 5512 782 5583 tuum,
814 5507 971 5583 idem
1004 5512 1096 5583 est
1128 5507 1555 5583 aebenedictio
1587 5513 1648 5583 et
1682 5526 1833 5583 pra:-

196 5579 360 5653 tpium
392 5583 583 5635 tuum.
604 5580 861 5653 Respicit
884 5580 983 5653 illa
1005 5579 1220 5636 Christi
1233 5582 1304 5637 ad
1330 5598 1561 5653 servum
1578 5579 1830 5637 fidelem:

195 5640 344 5726 Euge.
372 5667 524 5726 serve
576 5640 795 5726 bone-et
843 5652 1043 5723 ﬁdelis,
1076 5654 1230 5709 intra
1258 5654 1321 5709 in
1348 5652 1618 5725 gaudium
1653 5653 1834 5711 Domi-

196 5718 248 5770 ni
263 5718 344 5773 tui
370 5722 523 5790 (Luc.
554 5740 673 5790 xxx,
705 5724 816 5790 23).

254 5791 393 5869 (265)
426 5794 628 5873 Vulg.,
662 5797 734 5857 Ae
758 5791 919 5873 forte,
955 5794 1155 5856 minus
1178 5795 1347 5857 bene.

1948 4760 2051 4831 qui
2084 4758 2240 4817 ludis
2270 4760 2671 4830 saecularibus,
2706 4763 3033 4834 venatibus,
3058 4770 3114 4821 et
3145 4766 3605 4841 illecebroSisju-

1948 4849 2100 4923 giter
2129 4854 2492 4923 occupantur
2523 4851 2792 4924 aucupiis
2820 4870 2833 4921 ;
2860 4854 2961 4926 qui

2134 5003 2422 5055 Teutonico
2452 5004 2555 5054 ritu
2588 5004 2725 5054 soliti
2756 5008 3003 5070 torquere
3033 5008 3248 5057 cateias.

2912 5071 3079 5133 (Vino.
3111 5070 3315 5122 xEneid.
3348 5084 3434 5123 vn.
3470 5074 3600 5139 141.)

1946 5212 2183 5265 sanctas
2195 5209 2432 5283 penitus
2449 5210 2804 5268 desuescunt
2818 5212 3160 5286 scripturas;
3179 5215 3274 5287 qui
3292 5216 3406 5272 Deo
3421 5217 3598 5284 exuti,

1946 5299 2168 5354 mundo
2188 5300 2549 5373 induti,ipsis
2564 5300 2729 5358 laicis
2743 5320 2857 5358 non
2872 5304 3352 5361 timentvestibus
3376 5305 3600 5362 indusi-

1944 5378 2051 5435 ari!
2067 5380 2215 5445 Quid
2228 5398 2362 5436 vero
2375 5382 2622 5438 delaicis
2636 5400 3122 5455 conqueror,cum
3140 5384 3380 5439 viderim
3396 5401 3603 5456 perste-

2014 5506 2164 5574 (266)
2196 5505 2533 5578 Legeﬁndum
2577 5507 2825 5573 videtur,
2858 5511 2925 5561 ut
2972 5523 3183 5578 sensus
3232 5506 3379 5578 satis
3428 5510 3601 5576 aptus

1945 5574 2060 5631 sit:
2094 5580 2155 5630 ut
2182 5574 2305 5650 pote
2332 5577 2429 5632 Dei
2457 5578 2745 5648 colloquiis
2793 5581 3021 5650 assueti,
3056 5577 3438 5650 iudicib_z'li_ter_
3460 5574 3599 5650 pra:-

1941 5644 2236 5703 stantiores
2269 5665 2291 5709 ;
2338 5650 2435 5721 qui
2479 5644 2685 5704 scilicet
2732 5649 2832 5705 sub
2886 5650 3014 5706 caelo
3059 5655 3207 5721 sunt_
3242 5644 3603 5721 indicibiliter

1936 5716 2361 5793 prxstxntiores'
2413 5721 2707 5793 sapientia,
2742 5736 3010 5787 sermone,
3058 5726 3110 5775 et
3149 5716 3371 5781 virtute,
3422 5721 3604 5788 utpote

1942 5791 2144 5851 assueti
2171 5792 2458 5870 colloquiis
2477 5791 2597 5850 Dei.
