3936 6410
337 433 450 491 291

1269 430 1641 495 liA'l'IlEliIl
1691 430 1933 495 EPISC.
1978 428 2267 493 VERON.
2317 433 2491 495 OPP.
2543 434 2743 494 PARS
2788 433 2836 494 Ι.

3647 436 3768 495 292

338 579 408 636 pe
455 563 741 635 quosdam
791 563 1079 636 peregrini
1119 564 1288 631 ritus,
1322 569 1379 621 et
1425 565 1768 632 barbaricis,
1804 569 1868 620 ut
1911 564 1994 620 ita
2023 567 2075 633 Α
2104 563 2396 619 efferatur.
2431 564 2567 620 Sine
2594 580 2774 619 causa
2789 564 2944 620 enim
2970 564 3403 621 viverevidetur
3426 566 3765 639 episcopus,

338 652 552 719 dicam,
585 650 949 707 redimiculis
978 654 1148 721 (267),
1185 654 1253 707 ad
1290 654 1543 708 dedecus
1574 654 1881 709 sacerdotii
1914 654 1992 709 ita

335 739 906 805 inconvenientibus,
930 739 1099 813 longe
1130 758 1308 813 quam
1341 759 1469 797 sese
1497 742 1758 815 dignitas
1783 742 1995 797 habeat

2102 651 2153 707 si
2187 669 2300 707 non
2334 651 2507 707 fuerit
2538 653 3142 724 pecuniosus.Przeter
3157 656 3304 727 (273)
3325 672 3392 710 ea
3413 656 3551 725 joca
3568 659 3767 712 tecum

2104 741 2355 807 [subaudi
2410 743 2518 811 est]
2572 742 2730 797 risus
2790 741 3216 814 intemperans,
3247 744 3316 800 de
3376 742 3764 816 simplicitate

334 832 518 901 tanta,
553 828 799 896 amiciri,
832 828 919 884 vel
963 831 1114 902 quod
1174 835 1261 885 est
1318 831 1535 901 verius,
1566 832 1884 904 deturpari,
1930 835 1995 887 ut
2101 846 2333 901 quoque
2364 830 2462 885 Dei
2484 830 2607 885 haec
2639 830 2852 885 timore
2900 831 3307 887 abdicantium
3361 830 3591 904 plerum
3624 849 3763 888 con-

620 936 875 995 Quirinali
904 937 1091 987 trabea
1119 937 1402 999 cinctuque
1433 938 1653 987 Gabino.

1238 1001 1403 1061 (Viae.
1434 1000 1637 1049 Αἰπεῖαν.
1677 1013 1762 1060 vn,
1798 999 1924 1057 141).

335 1113 512 1168 quam
526 1095 729 1151 habitu
752 1095 1019 1169 insigniri
1036 1095 1222 1169 pluris
1236 1098 1553 1169 penderent
1566 1096 1991 1154 ecclesiastico?

334 1182 434 1256 qui
459 1187 764 1238 venatores
786 1200 961 1254 quam
989 1184 1275 1251 doctores,
1312 1185 1562 1240 audaces
1585 1202 1760 1257 quam
1794 1185 1986 1250 mites,

333 1270 525 1327 callidi
562 1288 737 1343 quam
775 1270 1092 1342 simplices,
1112 1271 1522 1344 Machabzei[id
1551 1281 1627 1329 est
1646 1273 1755 1344 viri
1788 1273 1986 1343 fortes]

334 1360 522 1433 magis
552 1364 752 1432 optant
784 1358 896 1414 dici
926 1377 1102 1431 quam
1129 1360 1615 1433 episcopi.Atque
1638 1362 1863 1416 utinam
1878 1361 1987 1416 hoc

330 1448 460 1502 vita:
503 1448 739 1503 nomine
780 1448 836 1501 in
892 1447 991 1503 illo
1031 1453 1337 1504 uterentur
1380 1451 1718 1518 certamine,
1754 1450 1811 1505 in
1870 1466 1985 1522 quo

329 1536 596 1591 Christus
627 1553 724 1592 eos
755 1538 826 1591 de
868 1538 1084 1592 mundo
1111 1538 1304 1609 posuit
1334 1539 1700 1611 trtumphare
1740 1543 1797 1593 et
1856 1540 1985 1610 ejus

327 1624 609 1697 principe.
634 1625 957 1689 Quitrocho
979 1625 1209 1693 ludunt,
1231 1625 1416 1682 aleam
1448 1644 1581 1683 vero
1609 1643 1982 1700 nequaquam

326 1713 560 1786 fugiunt
587 1731 599 1781 ;
628 1714 726 1785 qui
759 1714 962 1769 tabula
988 1732 1164 1787 quam
1186 1715 1508 1787 Scriptura,
1537 1717 1700 1771 disco
1720 1734 1985 1772 exercen-

323 1806 422 1857 tur
441 1820 616 1875 quam
641 1802 788 1858 libro
815 1822 827 1871 ;
853 1804 951 1876 qui
980 1803 1191 1859 melius
1215 1804 1500 1859 damnosa
1513 1805 1779 1860 canicula
1800 1822 1982 1877 quan-

323 1894 448 1945 tum
475 1892 823 1961 rodat(368),
855 1908 1027 1964 quam
1064 1898 1282 1948 norunt
1313 1898 1530 1965 quanta
1565 1893 1841 1949 salutaris
1871 1894 1976 1950 Ve-

324 1980 467 2035 ritas
480 1980 709 2051 jubeat,
729 1985 901 2046 vetet,
936 1980 1023 2036 vel
1058 1982 1379 2053 promittat,
1408 1982 1667 2055 quidque
1726 1983 1975 2051 dixerit;

327 2067 584 2138 [subaudi
615 2067 825 2141 magis]
844 2068 1034 2124 ferant
1065 2069 1250 2137 senio,
1276 2087 1450 2142 quam
1484 2072 1636 2143 quod
1669 2070 1781 2143 ipsi
1802 2073 1976 2127 refer-

329 2172 391 2211 re
422 2156 671 2211 debeant
704 2162 852 2221 Deo;
886 2156 986 2228 qui
1035 2157 1351 2214 histriones
1398 2176 1577 2231 quam
1623 2161 1975 2226 sacerdotes,

328 2244 627 2300 temelicos
659 2244 1043 2317 [thymelicos]
1067 2263 1242 2319 quam
1277 2247 1811 2315 clericos,bromios
1830 2249 1978 2317 (269)

323 2349 499 2403 quam
527 2332 925 2406 philosophos,
952 2333 1273 2390 nebulones
1306 2352 1482 2408 quam
1516 2336 1980 2409 veraces,impu-

322 2422 484 2477 dicos
516 2439 690 2494 quam
707 2424 1085 2492 verecundos,
1108 2424 1321 2479 mimos
1350 2424 1586 2480 charius
1619 2424 1979 2497 amplectun-

320 2514 416 2564 tur
445 2527 623 2582 quam
657 2511 1006 2579 monachos;
1031 2513 1128 2584 qui
1154 2514 1382 2569 Graecas
1413 2513 1650 2586 glorias,
1672 2513 1976 2586 Babyloni-

321 2614 417 2652 cas
452 2615 717 2671 pompas,
737 2599 990 2655 exoticos
1023 2600 1293 2655 ambiunt
1321 2606 1583 2668 ornatus;
1618 2601 1715 2674 qui
1738 2602 1974 2675 scyphis

320 2688 537 2752 aureis,
565 2687 825 2743 scutellis
870 2689 1184 2761 argenteis,
1228 2690 1436 2762 cuppis
1469 2690 1747 2746 auctioris
1778 2691 1970 2763 pretii,

321 2776 646 2830 crateribus
677 2777 796 2830 imo
825 2778 1065 2833 conchis
1096 2778 1370 2850 ponderis
1404 2782 1557 2835 144
1588 2780 1870 2853 gravioris
1916 2785 1973 2835 et

322 2864 521 2918 invisae
546 2864 648 2918 ulli
682 2864 893 2919 szeculn
923 2867 1348 2936 magnitudinis
1381 2868 1603 2922 instant
1660 2869 1971 2940 operandis

319 2970 497 3020 auro;
530 2953 755 3008 sessilis
801 2955 947 3024 (270)
979 2956 1195 3026 quibus
1251 2956 1589 3027 depingitur
1630 2958 1799 3023 obba,
1834 2974 1967 3013 cum

318 3039 561 3113 iuligine
592 3041 823 3114 Oppleta
844 3044 928 3098 eis
960 3045 1234 3114 adjacens
1252 3045 1518 3100 videatur
1548 3045 1810 3101 basilica.

388 3130 443 3183 7.
483 3131 637 3184 Inter
668 3129 788 3185 hmc
819 3132 1063 3187 obsonia
1093 3132 1699 3205 refertissimampulie
1732 3134 1859 3206 ipsa
1874 3135 1965 3189 cui

321 3216 654 3273 diversitate
687 3223 897 3291 praeter
926 3219 1421 3292 multiplicitatem
1456 3221 1796 3290 mirabiles;
1830 3228 1880 3277 et
1908 3226 1965 3279 in

2099 922 2299 989 gestus
2326 935 2338 985 ;
2364 917 2590 972 cithara
2620 916 2675 971 in
2710 916 2988 972 conviviis
3019 923 3075 972 et
3107 917 3249 990 lyra,
3287 921 3353 973 ut
3375 918 3517 973 dicit
3546 923 3603 975 et
3632 935 3765 990 pro-

2098 1005 2275 1076 pheta
2307 1008 2433 1074 (Isa.
2466 1024 2519 1073 v,
2546 1006 2662 1077 l2);
2697 1022 2845 1077 opus
2876 1023 3008 1061 vero
3038 1006 3269 1061 Domini
3294 1006 3353 1062 in
3380 1006 3601 1063 nullius
3633 1024 3761 1064 me-

2099 1095 2305 1161 moria,
2340 1111 2447 1151 nec
2478 1109 2562 1151 vae
2588 1094 2947 1166 promissum
2980 1095 3290 1167 agentibus
3338 1094 3500 1151 talia.
3534 1096 3758 1152 Tecum

2096 1183 2445 1254 symphonia
2475 1187 2533 1238 et
2562 1182 2761 1239 omnia
2790 1181 3153 1238 musicorum
3176 1199 3408 1256 genera,
3444 1187 3755 1241 cantorum

2094 1269 2402 1342 lenocinia,
2419 1271 2786 1327 saltatricum
2810 1272 3012 1342 pestis,
3047 1288 3239 1328 sermo
3270 1276 3451 1340 totus,
3485 1270 3759 1344 quiforte

2095 1360 2168 1414 ad
2196 1376 2317 1415 rem
2347 1360 2599 1431 pertinet
2627 1360 2698 1414 de
2729 1358 2965 1415 homine
2997 1377 3112 1415 non
3140 1360 3210 1415 de
3232 1359 3368 1426 Deo,
3392 1361 3464 1416 de
3480 1365 3756 1417 creatura

2095 1463 2212 1503 non
2245 1448 2316 1503 de
2343 1452 2626 1513 Creatore,
2660 1449 2730 1503 de
2762 1450 3145 1519 praesentibus
3177 1466 3290 1503 non
3322 1449 3393 1504 de
3417 1450 3653 1517 futuris,
3675 1449 3751 1506 de

2093 1537 2319 1591 seniore
2342 1538 2488 1607 (274)
2521 1542 2750 1591 terreno
2781 1553 2896 1592 non
2927 1538 2997 1591 de
3024 1537 3243 1592 caelesti
3280 1537 3546 1593 Domino.
3580 1539 3751 1593 Tunc

2091 1624 2189 1680 ille
2209 1624 2558 1691 celebratur,
2586 1624 2760 1681 istius
2791 1641 2895 1680 nec
2930 1625 3243 1697 quisquam
3296 1624 3742 1695 reminiscitur;

2090 1711 2250 1767 illius
2284 1730 2495 1768 nomen
2543 1714 2801 1783 juratur,
2837 1713 3007 1769 istius
3067 1731 3171 1768 nec
3228 1715 3602 1782 recordatur;
3637 1732 3745 1786 pro

2090 1799 2277 1855 salute
2302 1800 2461 1855 illius
2495 1803 2642 1870 (275)
2679 1802 2917 1869 bibitur,
2950 1802 3059 1856 iste
3090 1802 3294 1859 sitiens
3324 1819 3429 1857 nec
3459 1806 3701 1874 potatur
3729 1820 3743 1871 ;

2088 1889 2325 1962 crapula
2357 1889 2516 1946 illius
2545 1890 3473 1960 ameredistenditurventer,iste
3497 1891 3746 1948 forsitan

2089 1977 2263 2032 etiam
2298 1978 2355 2032 in
2390 1994 2618 2034 carcere
2644 1978 2813 2034 micis
2836 1979 3109 2051 indigens
3156 1995 3272 2035 non
3304 1980 3565 2035 reficitur
3595 1996 3743 2053 pau-

2087 2082 2190 2137 per
2218 2084 2230 2133 ;
2266 2065 2363 2121 ille
2393 2068 2769 2138 praeponitur,
2793 2068 2903 2124 iste
2925 2068 3316 2140 supponitur;
3339 2067 3495 2124 illius
3525 2085 3748 2125 memo-

2087 2155 2173 2209 ria
2204 2154 2261 2209 in
2296 2156 2524 2226 primis,
2544 2156 2715 2213 istius
2737 2172 2842 2212 nec
2873 2156 3122 2212 habetur
3148 2157 3208 2212 in
3240 2157 3744 2215 secundis.Canes

2087 2247 2365 2314 praeterea
2413 2244 2543 2315 ipsa
2571 2249 2816 2299 currunt
2860 2246 2917 2299 in
2954 2262 3177 2311 mensa,
3210 2245 3346 2317 equi
3400 2244 3743 2317 pernicibus

2085 2331 2286 2385 volant
2317 2331 2506 2411 mpgis
2538 2349 2715 2403 quam
2750 2334 3038 2388 cursitant
3067 2334 3359 2401 curribus,
3393 2336 3740 2407 cappo(276)

2087 2425 2397 2492 prtepetem
2428 2420 2893 2489 libratvolatum,
2909 2422 3184 2494 accipiter
3200 2422 3568 2483 raucisonam
3586 2440 3737 2495 prae-

2083 2509 2222 2580 ripit
2269 2525 2494 2580 gruem.
2547 2510 2837 2582 Propheta
2883 2511 3037 2566 inter
3092 2511 3212 2567 hzec
3261 2511 3483 2579 nullus,
3531 2511 3735 2569 nullus

2082 2596 2403 2669 apostolus,
2438 2614 2608 2652 nemo
2640 2599 2859 2665 doctor,
2894 2616 2995 2653 nec
3023 2598 3202 2670 aliqui
3245 2617 3423 2671 prope
3452 2617 3730 2671 canones,

2080 2702 2375 2757 nusquam
2406 2687 2551 2741 scita
2581 2691 2837 2759 patrum,
2868 2687 3067 2759 procul
3101 2688 3332 2743 decreta
3360 2690 3730 2761 pontificum,

2079 2772 2249 2844 longe
2275 2774 2599 2845 passiones,
2634 2775 2958 2847 frugalitas,
2983 2776 3308 2846 humilitas,
3360 2782 3610 2849 egestas,
3642 2778 3733 2834 vel

2078 2868 2240 2934 gesta
2265 2868 2600 2918 sanctorum
2635 2882 2668 2918 a
2699 2866 2979 2919 memoria
3012 2872 3230 2920 remota
3257 2867 3736 2923 cunctorum.Di-

2077 2968 2174 3005 ves
2206 2950 2301 3005 ille
2331 2954 2619 3022 superbus
2653 2953 2805 3009 145
2840 2970 2942 3008 nec
2969 2958 3355 3025 praesentatur
3385 2955 3729 3025 obtutibus;

2077 3055 2286 3094 canum
2304 3040 2510 3095 saltem
2525 3040 2743 3114 linguis
2766 3058 2881 3097 non
2898 3041 3161 3114 lingitur,
3179 3043 3318 3115 quin
3335 3043 3532 3116 potius
3544 3060 3734 3101 corro-

2076 3129 2237 3182 ditur
2250 3128 2501 3183 Lazarus
2515 3132 2667 3197 (Luc.
2681 3147 2796 3197 va,
2812 3132 2928 3199 2t).
2950 3130 3241 3187 Baltassar
3253 3149 3355 3204 pro
3384 3132 3732 3203 hujusmodi

2076 3233 2180 3271 nec
2239 3217 2575 3273 recordatur
2628 3218 2900 3274 interitus
2945 3222 3106 3288 (Dan.
3140 3222 3370 3291 ν,1-4).
3429 3221 3731 3294 Amphora

318 3304 411 3360 his
442 3306 738 3373 omnibus,
759 3307 857 3380 qui
885 3308 1106 3364 avidior
1137 3307 1234 3363 ille
1252 3309 1550 3380 dapsilior,
1577 3310 1677 3383 qui
1706 3312 1971 3383 sagacior
1998 3300 2040 3367 C
2078 3304 2180 3360 illa
2210 3322 2341 3360 cum
2372 3305 2589 3361 talento
2612 3306 2837 3378 plumbi
2872 3307 2941 3362 de
2974 3309 3275 3380 propheta,
3299 3308 3369 3364 de
3408 3309 3629 3365 talibus
3667 3310 3729 3366 in

317 3393 413 3449 ille
441 3394 666 3464 melior,
693 3396 790 3467 qui
825 3396 1171 3468 locupletior
1189 3397 1284 3452 ille
1306 3398 1667 3469 prudentior,
1690 3401 1787 3471 qui
1814 3418 1968 3457 mas-

314 3482 663 3556 sutior(271)
694 3486 780 3557 [[2,
816 3486 1167 3557 massucior]
1202 3486 1301 3542 flle
1336 3487 1698 3555 celebratior,
1733 3489 1827 3543 ille
1858 3490 1964 3559 vir,

314 3570 410 3627 ille
440 3572 844 3645 vulgatus,ille
869 3574 1149 3643 famosus,
1172 3574 1269 3630 ille
1296 3580 1638 3631 cunctorum
1661 3577 1968 3634 orelauda—

314 3665 432 3716 tus.
452 3662 623 3733 Frugi
641 3667 839 3717 autem
871 3663 983 3716 dici
1017 3664 1076 3718 in
1098 3667 1326 3719 tantum
1348 3664 1518 3720 hodie
1535 3671 1885 3735 exsecratur,
1905 3671 1969 3722 ut

307 3750 433 3819 jam
467 3753 519 3804 et
543 3750 602 3803 in
635 3750 780 3821 ipsis
811 3752 1117 3806 monachis
1136 3752 1530 3823 vituperetur:
1557 3771 1894 3827 quanquam
1910 3759 1968 3811 et

314 3836 547 3910 largitio
603 3838 947 3893 charitativa
992 3841 1255 3894 vivorum
1300 3839 1848 3898 liberalissimorum
1905 3844 1964 3898 in

316 3942 427 3981 usu
479 3926 1034 3982 munificentissimo
1066 3945 1099 3982 a
1129 3928 1298 3984 nobis
1347 3946 1461 3983 non
1499 3931 1687 3986 solum
1724 3933 1966 3988 minime

314 4014 799 4087 reprehendatur,
833 4017 932 4071 sed
958 4017 1107 4088 (272)
1128 4022 1184 4072 et
1207 4016 1477 4072 maximis
1499 4021 1632 4088 jure
1662 4020 1965 4091 praeconiis

383 4136 536 4202 (267)
564 4136 965 4193 Remidiculum
993 4141 1085 4193 est
1115 4142 1527 4195 ornamentum
1551 4140 1837 4199 muliebre
1869 4160 1963 4198 ca-

355 4207 470 4262 itis.

311 4224 533 4350 Ριὶξὸὃ)
563 4278 693 4334 Haec
738 4296 805 4335 ex
848 4280 1047 4337 Persio
1081 4285 1191 4336 sat.
1226 4298 1310 4349 ιιι,
1343 4298 1516 4337 vers:
1553 4285 1639 4338 49.
1692 4287 1964 4344 Damnosa

311 4352 880 4434 cauic-ula‘quantum
928 4352 1180 4434 (edocet;
1221 4370 1296 4434 ex
1339 4353 1578 4434 quibus
1604 4359 1963 4434 correximus

311 4422 488 4500 radat,
542 4422 640 4500 ubi
664 4429 807 4500 _erat
841 4424 1018 4500 radat.
1064 4424 1165 4500 Est
1205 4422 1399 4479 autem
1451 4428 1724 4500 canicula,
1765 4430 1963 4500 jactus

311 4494 553 4571 quidam
601 4493 875 4571 talorum,
901 4496 1012 4571 qui
1053 4496 1338 4571 unitatem
1386 4493 1961 4571 ostendebatfquem

311 4562 413 4641 qui
449 4562 699 4641 fecisset,
734 4562 1093 4641 vincebatur.
1120 4566 1423 4641 Mox_sem'0
1452 4586 1681 4641 quoque
1705 4562 1960 4628 est-aleae

312 4632 370 4707 et
390 4632 512 4688 ludi
535 4634 776 4707 species,
803 4636 874 4689 de
906 4652 1020 4706 quo
1047 4642 1225 4707 agunt
1245 4632 1501 4695 Joannes
1514 4632 1964 4700 Sarisberiensis

311 4704 494 4830 lib.SI.
552 4703 844 4774 Policrat.,
877 4703 940 4761 cf
958 4708 1012 4773 5,
1050 4703 1110 4762 et
1151 4708 1316 4763 Fabri
1367 4709 1707 4768 Thesaurus
1754 4714 1813 4770 in
1862 4733 1959 4772 vo-

312 4792 376 4830 ce
447 4791 535 4829 ex.

312 4792 376 4830 CB
408 4791 535 4830 δρας.

382 4848 531 4919 (269)
558 4846 787 4919 _C_onfer.
824 4851 926 4901 not
976 4848 1083 4902 243
1113 4847 1359 4919 hujusce
1392 4852 1556 4908 tomi.

385 4916 532 4989 (270)
553 4915 756 4991 _Vulg.,
784 4919 1030 4991 sessiliz's,
1063 4915 1399 4991 perperam.
1456 4924 1957 4983 Emendaticnem.

312 4984 654 5061 comprobat
678 4984 940 5057 Persius,
973 4984 1093 5061 qui-
1125 4984 1233 5045 sa‘t.
1266 4992 1319 5058 5,
1351 5009 1503 5047 vers.
1554 4995 1675 5061 118,
1723 5001 1963 5055 sessilem

311 5057 505 5113 obbam
527 5064 830 5114 memorat.

891 5132 1319 5202 Veintanumque
1347 5134 1626 5190 rubellum

560 5198 792 5284 .Exhalet
830 5202 1029 5284 vapida
1055 5198 1250 5284 lwsuifi
1262 5205 1403 5284 __pice
1424 5207 1815 5284 sessilisobba,

313 5267 580 5346 _0bba__est
606 5287 707 5325 vas
737 5267 1056 5338 vinarium;
1080 5267 1341 5346 sessibilis
1371 5280 1565 5331 autem
1597 5278 1770 5346 dicta,
1799 5281 1855 5335 id
1874 5287 1964 5338 est

311 5338 575 5421 humilis,
591 5358 717 5412 quae
735 5345 1171 5421 quodammodo
1190 5345 1621 5421 sedetetjacet.
1637 5338 1964 5421 Reprehen-

311 5411 532 5494 duntur
600 5411 850 5494 Veron—hi
910 5414 1187 5494 episcopi,
1229 5411 1472 5494 quibus
1513 5435 1652 5494 cum
1719 5411 1964 5494 ’depicta

311 5432 532 5466 nuntur
600 5432 730 5467 vero
792 5432 850 5469 n1
910 5432 938 5469 e
987 5432 1102 5469 ISCO
1150 5433 1187 5481 ι,
1290 5432 1465 5471 ulnus
1521 5435 1652 5474 cum
1731 5432 1961 5494 depicta

311 5482 431 5609 pint
469 5480 622 5607 tipsae
690 5483 816 5539 olla
882 5432 1046 5556 villas,
1108 5432 1362 5542 gasillca
1445 5488 1689 5562 fuligine
1755 5495 1961 5567 opple-

341 5568 510 5609 aes.

341 5570 375 5609 8.
404 5568 510 5608 83L

382 5625 531 5695 (271)
565 5629 794 5705 Massus,
823 5631 876 5687 et
902 5645 1085 5705 massa
1115 5627 1379 5705 ejusdem
1412 5630 1861 5705 signiﬁcationis
1893 5657 1961 5698 ac

309 5710 556 5771 mantus,
590 5696 647 5758 id
677 5696 954 5760 est'certa
983 5696 1214 5777 agror'm
1258 5704 1359 5765 aut
1394 5696 1748 5788 pridiorum
1781 5696 1962 5793 quan;

2079 3398 2234 3449 terra
2265 3394 2524 3449 Sennaar
2562 3395 2670 3449 alis
2730 3394 2889 3450 milvi
2921 3394 3115 3452 delata
3142 3397 3324 3469 (Zach.
3356 3414 3416 3464 ν,
3445 3398 3587 3470 8-9),
3622 3415 3729 3455 nec

2076 3483 2234 3538 venit
2280 3481 2340 3538 in
2388 3485 2729 3539 memoriam
2767 3502 2779 3539 :
2816 3482 3029 3557 [supple
3060 3485 3185 3558 nec]
3218 3485 3462 3558 gibbum
3496 3487 3728 3555 cameli,

2077 3586 2335 3642 acusque
2409 3572 2667 3627 foramen
2735 3572 3143 3628 animadvertit
3196 3575 3404 3643 (Matth.
3452 3592 3568 3643 xxx,
3611 3578 3726 3645 24),

2076 3677 2180 3715 nec
2212 3659 2368 3715 ullus
2400 3664 2821 3732 superventum
2854 3661 2968 3716 diei
3020 3662 3249 3717 Domini
3303 3663 3726 3731 reminiscitur,

2074 3748 2284 3804 Nullus
2316 3766 2414 3804 ore
2440 3749 2611 3820 pleno
2639 3748 2852 3821 epulis,
2885 3748 3347 3822 lacrymantibus
3372 3752 3577 3820 oculis,
3610 3752 3729 3809 lin-

2075 3853 2192 3907 gua
2242 3838 2393 3907 jocis
2453 3837 2709 3892 resoluta
2768 3838 3103 3905 inconditis,
3165 3857 3352 3911 nuper
3407 3842 3726 3911 quemdam

2076 3925 2269 3980 obisse
2300 3942 2469 3981 nemo
2500 3927 2693 3996 [nemo
2725 3924 3013 4000 abundat],
3046 3930 3214 3984 curat
3240 3928 3543 3986 advertere
3575 3948 3589 3999 ;
3624 3947 3729 3988 nec

2075 4013 2259 4069 Deum
2318 4013 2392 4068 ob
2451 4013 2509 4068 id
2559 4014 2902 4086 praecepisse
2932 4032 3037 4072 nos
3069 4017 3228 4072 omni
3263 4024 3522 4090 tempore
3550 4035 3727 4075 oran-

2075 4107 2162 4158 tes
2191 4101 2432 4173 vigilem
2459 4102 2614 4163 (Luc.
2646 4120 2761 4171 xxI,
2784 4105 2896 4173 36).
2933 4109 2995 4159 In
3027 4106 3121 4160 die
3142 4106 3387 4161 convivii
3412 4106 3729 4179 primifra-

2073 4223 2232 4279 titas.
2267 4223 2412 4279 Hinc
2432 4227 2731 4302 massutior
2751 4225 2847 4283 ille
2869 4227 3234 4302 intelligitur,
3267 4230 3368 4302 qui
3390 4229 3524 4302 plus
3556 4249 3724 4302 agro-

2074 4312 2203 4351 rum
2240 4312 2339 4374 seu
2374 4297 2724 4366 prmdiorum
2758 4300 3035 4374 possidet.
3058 4297 3725 4374 lj‘orteivero'legendum

2071 4368 2373 4446 inassueior
2402 4368 2775 4446 a_n}_assucus,_
2795 4369 2852 4425 id
2887 4374 2976 4427 est
3022 4372 3188 4441 edax,
3222 4373 3292 4429 de
3342 4368 3725 4446 quovveteres

2072 4437 2288 4511 glossae
2313 4437 2466 4511 apud
2490 4439 2794 4511 Cangium.

2146 4508 2295 4588 (272)
2315 4508 2665 4588 Addidimus
2693 4512 3083 4588 sedpexigente
3109 4518 3379 4570 contextu
3415 4532 3427 4569 :
3463 4520 3520 4571 et
3549 4515 3726 4588 paulo

2113 4580 2954 4658 ostscripsimuspecuniosus,
2987 4585 3085 4639 ubi
3136 4592 3503 4658 repugnante
3544 4580 3727 4645 sensu

2093 4652 2375 4723 egebatur
2398 4654 2750 4723 pecuniosius

2142 4724 2290 4803 (273)
2320 4722 2583 4804 InV‘ulg.
2618 4729 2925 4804 ιιςρνέείθτ.
2945 4725 3288 4804 νΒθΙθνὶωμξ
3309 4745 3630 4804 prgnonem
3644 4739 3727 4804 tu,

2071 4794 2285 4865 quippe
2317 4794 2470 4865 quod
2515 4794 2823 4852 maniliaste
2874 4798 3169 4854 intrusum
3205 4794 3334 4855 fuit".
3368 4800 3654 4857 Construe
3707 4794 3721 4858 ξ

2069 4870 2282 4921 Praeter
2309 4881 2371 4919 ea
2391 4865 2519 4935 joca
2550 4870 2728 4921 tecum
2759 4876 2836 4942 est
2863 4870 3011 4924 risus
3052 4872 3442 4942 intemperans,
3471 4872 3724 4942 plerum-

2071 4953 2172 5012 que
2199 4952 2406 5012 quoque
2436 4947 2715 5012 coqgestus
2745 4938 2811 4993 de
2836 4942 3188 5012 simplicizatc
3215 4938 3595 4997 abdicanlium
3616 4945 3729 4999 haec

2070 5008 2241 5083 (joca)
2273 5009 2467 5062 timore
2496 5009 2598 5083 Dei
2616 5028 2634 5062 :
2669 5015 2845 5083 tecum
2871 5008 2953 5066 est
2974 5013 3203 5082 cythera
3227 5018 3279 5069 et
3301 5014 3424 5083 lyra
3449 5015 3509 5068 in
3537 5016 3725 5071 convi-

2070 5080 2176 5155 ciis
2203 5096 2221 5132 :
2252 5095 2386 5148 opus
2410 5094 2536 5155 vero
2566 5081 2803 5155 Domini,
2833 5090 2897 5155 et,
2936 5080 3380 5155 vepromissuin
3440 5087 3727 5155 agentibus

2071 5150 2211 5275 galia
2265 5165 2371 5203 non
2429 5153 2507 5204 est
2556 5153 2615 5205 in
2670 5154 2934 5208 memoria
2988 5150 3187 5223 ullius,
3231 5164 3291 5211 ut
3354 5163 3406 5211 ct
3458 5150 3727 5229 propheta

2109 5238 2178 5274 zcz
2212 5263 2223 5273 .

2109 5222 2223 5274 icit.

2070 5362 2103 5416 Γ
2141 5292 2234 5416 (2t7
2241 5292 2291 5358 4)
2323 5290 2516 5347 Senior
2546 5291 2654 5348 hoc
2674 5292 2801 5349 loco
2834 5311 3027 5367 regem
3054 5313 3156 5351 seu
3187 5296 3509 5369 principem
3536 5298 3725 5372 signi-

2092 5379 2180 5416 lCﬂ
2212 5403 2224 5414 .

2092 5379 2224 5416 ιοίιι.

2139 5434 2292 5505 (2ῖ5)
2323 5433 2648 5505 Legebatur
2703 5437 2882 5490 istius.
2916 5436 3286 5495 Correximus
3335 5457 3403 5495 ex
3450 5445 3728 5498 contextu

2073 5504 2457 5596 ίιιτᾙῂξάηρέι
2486 5505 2753 5596 senioris,
2780 5524 2882 5563 seu
2916 5509 3104 5591 regis.
3207 5581 3222 5596 ἲ
3355 5581 3364 5591 ⁸
3474 5582 3487 5596 ε
3565 5585 3603 5596 υ
3653 5582 3691 5596 η

2142 5575 2291 5647 (676)
2317 5576 2514 5650 Cappo,
2540 5576 2670 5633 aliis
2719 5594 2887 5651 capas
2917 5596 2950 5635 a
2981 5575 3048 5635 Ea
3095 5581 3284 5647 iendo,
3320 5581 3402 5636 sic
3438 5582 3510 5638 ab
3565 5582 3729 5641 italis

2069 5646 2275 5731 dictus.
2292 5646 2461 5719 falco,
2478 5652 2544 5731 ut
2558 5648 2771 5731 Papias
2800 5599 3189 5731 notavitﬁost
3209 5668 3399 5731 pauca
3428 5671 3527 5714 nec
3546 5656 3734 5731 aliqui

2070 5720 2437 5801 scripsimus,
2473 5720 2573 5783 ubi
2600 5720 2882 5784 mendose
2912 5728 3036 5786 erat
3055 5740 3153 5785 nec
3176 5720 3398 5803 aliquis.
