3936 6368
372 418 492 477 299

1299 415 1675 478 HATHERII
1720 416 1963 478 EPISG.
2009 412 2299 479 VERON.
2345 415 2519 478 UPP.
2568 414 2767 476 PARS
2812 410 2861 474 Ι.

3671 412 3793 478 300

377 550 548 606 modo
564 550 885 619 occasione,
915 549 997 605 ita
1013 567 1126 606 non
1142 549 1321 604 unius
1338 550 1770 615 tantummodo,
1791 550 1889 605 sed
1911 547 2025 621 ple-
2050 546 2109 617 Α
2136 548 2297 616 Jesu,
2332 548 2429 620 qui
2464 547 2925 621 persecutionem
2969 564 3085 602 non
3130 547 3352 620 patitur
3399 564 3503 620 pro
3552 547 3790 605 Christo

378 656 629 711 rumque
660 639 981 695 multorum
1010 638 1237 694 eveniat
1288 639 1646 711 probatione.
1701 639 1814 695 Nec
1864 638 2020 693 enim

379 729 597 784 frustra
626 734 757 784 ante
779 730 1025 801 januam
1048 728 1452 799 divitisjacuit
1483 729 1753 794 Lazarus,
1784 728 1881 783 sed
1935 732 2018 795 ut,

377 818 531 873 unde
559 816 656 872 ille
686 818 1114 884 excercebatur,
1147 815 1258 871 iste
1290 816 1688 884 damnaretur;
1726 816 1841 884 ille,
1884 815 2024 887 quia

373 906 692 979 indigebat;
726 907 855 973 iste,
890 906 1027 978 quia
1059 923 1175 961 non
1225 905 1541 960 tribuebat.
1592 906 1739 960 Nam
1797 922 1931 960 cum
1960 904 2022 959 in

374 994 601 1067 psalmo
632 994 915 1051 Dominus
946 994 1120 1050 dicat:
1150 995 1387 1050 Proban
1416 998 1468 1049 te
1496 994 1570 1049 ad
1602 1011 1772 1067 aquas
1806 998 2020 1049 contra-

376 1084 631 1139 dictionis
664 1085 831 1147 (Psal.
868 1101 1032 1150 ωαχ,
1060 1085 1137 1150 8);
1184 1083 1305 1151 ubi,
1358 1100 1517 1156 rogo,
1565 1083 1784 1155 vigoris
1831 1082 1939 1138 zeli
1969 1086 2027 1137 et

378 1172 742 1228 fortitudinis
771 1170 1081 1244 pastoralis
1134 1172 1449 1227 monstrari
1500 1176 1691 1244 potest
1720 1170 1806 1226 vel
1854 1172 2027 1227 debet

381 1261 646 1328 intentio,
678 1260 791 1317 nisi
825 1260 924 1316 ubi
956 1278 1072 1316 non
1102 1277 1484 1332 quacunque,
1519 1261 1620 1316 sed
1653 1260 1912 1316 maxima
1939 1263 2028 1315 est

385 1348 797 1406 contradictio?
826 1351 895 1405 Et
924 1366 1056 1405 cum
1091 1365 1205 1404 non
1238 1354 1565 1417 coronetur,
1600 1349 1711 1404 nisi
1741 1348 1840 1421 qui
1881 1348 2027 1421 legi-

382 1439 522 1495 time
550 1439 853 1494 certaverit
900 1440 973 1509 (II
1003 1440 1134 1495 Tim.
1198 1456 1261 1506 ιι,
1310 1440 1387 1503 5),
1439 1439 1617 1504 unde,
1673 1455 1888 1509 quznso,
1941 1454 2031 1493 (τοο

382 1543 585 1582 ronam
620 1530 719 1582 aut
751 1530 945 1598 sperat
975 1530 1076 1581 aut
1106 1526 1368 1597 requirit,
1402 1526 1499 1597 qui
1543 1526 1888 1581 imminente
1939 1526 2027 1581 fu-

382 1615 547 1689 giens
573 1615 745 1686 bello,
773 1632 1065 1687 nusquam
1100 1614 1412 1687 pugnavit?
1464 1615 1610 1679 Quid
1646 1614 1834 1671 enim?
1877 1616 1946 1670 Et
1978 1615 2026 1670 si

382 1704 626 1760 obtineri
658 1722 773 1760 non
801 1708 992 1777 potest
1021 1704 1282 1769 victoria,
1315 1704 1602 1760 debentne
1618 1703 1690 1758 ob
1713 1703 1766 1757 id
1797 1721 2032 1776 semper

381 1795 650 1850 hostibus
677 1793 851 1849 tribui
884 1792 1077 1866 terga?
1106 1792 1307 1849 Nonne
1329 1793 1597 1849 confosso
1629 1810 1881 1866 persaepe
1914 1793 1992 1847 mi
2012 1823 2028 1834 -

380 1883 500 1952 lite;
537 1882 759 1956 prolem
791 1883 918 1954 ejus
950 1887 1382 1937 remuneratam
1412 1881 1666 1937 vidimus
1699 1899 1802 1955 pro
1844 1883 2027 1955 patris

383 1973 648 2038 audacia,
703 1970 1052 2038 constantia,
1105 1969 1193 2025 vel
1255 1971 1589 2026 devotione?
1632 1972 1844 2027 Nostra
1895 1989 2029 2028 vero

383 2077 517 2116 cum
549 2060 717 2132 longe
750 2059 863 2115 alia
893 2059 968 2113 sit
991 2076 1206 2131 pugna,
1242 2060 1506 2131 graviora
1524 2064 1727 2115 suntet
1749 2060 2027 2132 pericula;

387 2149 679 2221 siquidem
712 2149 940 2222 fugiens
960 2147 1017 2201 in
1043 2152 1320 2202 aeternum
1344 2148 1609 2216 moritur;
1642 2149 1856 2205 cadens
1874 2166 2027 2218 vero,

387 2242 619 2294 tantum
652 2255 721 2293 ne
752 2236 982 2292 deficiat
1013 2236 1241 2292 devotio
1263 2235 1431 2301 (301),
1458 2253 1572 2291 non
1600 2236 1790 2292 solum
1825 2255 2031 2294 rursus

386 2328 651 2400 erigitur,
686 2326 785 2381 sed
812 2324 985 2381 etiam
1018 2341 1120 2397 pro
1152 2324 1370 2394 in;uria
1399 2325 1454 2379 in
1487 2329 1767 2381 aeternum
1800 2344 2034 2383 corona-

386 2421 500 2484 tur;
524 2415 806 2471 obtinenti
839 2413 1098 2487 [subaudi
1150 2414 1475 2483 victoriam]
1531 2432 1663 2470 vero
1715 2416 1912 2471 eadem
1957 2416 2035 2473 sit

385 2521 597 2561 corona
629 2505 781 2576 quod
816 2509 1071 2571 scutum,
1132 2504 1285 2575 quod
1334 2519 1519 2571 arma,
1571 2505 1724 2576 quod
1769 2504 2029 2573 victoria,

382 2594 492 2651 hoc
522 2599 609 2649 est
638 2594 792 2649 Deus
823 2593 947 2665 ipsc
977 2592 1193 2661 omnia,
1229 2592 1327 2664 qui
1359 2594 1609 2666 protegit
1638 2611 1786 2665 quos
1807 2594 2029 2663 incitat,

385 2688 621 2739 coronat
650 2700 797 2755 quos
830 2682 1096 2754 protegit,
1122 2682 1293 2753 erigit
1325 2699 1471 2754 quos
1502 2683 1707 2738 cadere
1739 2683 1899 2751 sinit,
1943 2700 2032 2739 re-

387 2777 657 2827 munerat
685 2788 831 2843 quos
862 2770 1108 2826 victores
1137 2787 1265 2826 esse
1296 2771 1578 2826 concedit.
1627 2772 1930 2842 Siquidem
1973 2772 2031 2827 in

360 2860 498 2937 ista
529 2876 642 2914 non
674 2858 826 2913 alius
856 2875 1054 2930 pugna
1084 2858 1197 2913 nisi
1232 2858 1355 2930 ipse
1387 2875 1520 2913 cum
1543 2860 1872 2915 adversario
1895 2878 2035 2933 prae-

384 2949 582 3004 liatur.
616 2948 747 3020 Ipse
779 2947 1038 3014 dimicat,
1072 2947 1669 3019 ipseobsidetur,ipse
1692 2948 2033 3018 includitur,

385 3038 510 3109 ipse
543 3036 783 3103 assistit,
818 3035 943 3107 ipse
976 3052 1282 3090 murorum
1329 3040 1493 3108 septa
1533 3036 1812 3106 defendit;
1866 3042 1922 3092 et
1949 3039 2035 3093 vi-

386 3127 571 3182 ctoria
602 3124 771 3180 nobis
793 3125 963 3192 cedit,
998 3123 1166 3179 nobis
1200 3123 1530 3194 ascribitur,
1564 3124 1732 3180 nobis
1778 3125 2033 3197 imputa-

388 3220 504 3270 tur.
537 3214 683 3280 Quid
715 3219 834 3269 tam
868 3213 1100 3269 desides
1148 3212 1472 3284 quemlibet
1521 3214 1789 3269 convenit
1836 3232 2035 3287 gerere

2127 637 2288 705 Jesu;
2323 642 2554 694 recusat
2584 637 2785 703 etiam,
2820 639 2883 690 ut
2907 640 3043 692 ante
3061 654 3167 692 nos
3190 636 3413 691 dictum
3436 641 3547 705 est,
3579 654 3712 693 esse
3727 637 3791 693 in

2131 742 2391 797 corpore,
2424 724 2524 797 qui
2549 743 2663 781 non
2694 724 2819 780 vult
2848 724 3048 780 odium
3081 725 3286 780 mundi
3320 726 3611 782 sustinere
3650 744 3791 783 cum

2131 818 2340 886 capite.
2372 813 2496 869 Non
2528 813 2734 884 audeo,
2758 813 2978 885 inqnis:
2998 812 3395 885 periculosum
3410 819 3499 870 est
3518 814 3790 873 hodie....

2133 903 2199 958 Et
2231 902 2531 958 Dominus:
2563 903 2639 957 De
2666 918 2759 957 ore
2787 905 2878 957 tuo
2908 910 2957 957 te
2975 900 3185 973 judico,
3206 919 3355 958 serve
3371 919 3605 975 nequam
3633 906 3791 965 (Luc.

2132 1008 2245 1057 Xix,
2278 994 2387 1052 2‘2).
2421 990 2717 1062 Abjurasti
2750 991 2907 1046 enim
2942 990 3237 1058 militiam,
3273 990 3322 1046 si
3349 991 3659 1063 perdidisti
3691 1010 3796 1047 au-

2134 1079 2382 1135 daciam.
2416 1079 2489 1136 Ut
2511 1080 2649 1152 quid
2681 1096 2816 1151 ergo
2849 1096 3017 1135 arma
3047 1080 3389 1152 sumpsisti?
3420 1085 3484 1136 ut
3506 1080 3648 1154 quid
3683 1080 3797 1135 mi-

2135 1168 2271 1224 litiae
2305 1186 2516 1225 nomen
2545 1168 2789 1224 dedisti?
2816 1174 3017 1241 pastor
3045 1167 3235 1224 vocari
3260 1173 3322 1223 ut
3353 1168 3492 1241 quid
3524 1168 3793 1237 ambisti,

2136 1258 2235 1331 qui
2258 1257 2394 1331 lupo
2417 1258 2682 1314 veniente
2714 1257 2911 1331 fugere
2929 1256 3579 1314 deliberasti?Baculum
3607 1275 3798 1331 quare

2137 1347 2362 1419 cepisti,
2396 1347 2444 1402 si
2469 1363 2769 1403 occurrere
2799 1345 3058 1420 periculo
3089 1346 3371 1402 timuisti?
3390 1347 3446 1402 Si
3478 1347 3796 1404 defendere

2138 1453 2252 1491 non
2286 1436 2544 1492 audebas
2566 1452 2822 1509 gregem,
2852 1440 2916 1491 ut
2941 1435 3081 1508 quid
3100 1435 3408 1507 sumpsisti
3431 1435 3797 1492 mercedem?

2139 1526 2251 1580 Lac
2284 1542 2401 1597 qua
2426 1524 2612 1579 fronte
2626 1523 2881 1579 comedis
2895 1524 3109 1596 gregis,
3135 1523 3233 1596 qui
3257 1527 3459 1580 contra
3474 1524 3666 1581 furem
3690 1527 3798 1580 aut

2135 1630 2335 1669 vocem
2366 1614 2523 1680 dare,
2558 1617 2656 1668 aut
2688 1611 3169 1684 patremfamilias
3198 1612 3466 1681 excitare,
3491 1617 3595 1669 aut
3616 1630 3797 1670 canes

2138 1702 2415 1775 instigare
2445 1701 2739 1775 pavescis?
2762 1701 2936 1757 Lanis
2966 1718 3147 1773 quare
3168 1701 3428 1757 indueris
3446 1701 3671 1770 ovium,
3689 1704 3797 1775 qui

2140 1792 2199 1847 in
2232 1796 2459 1847 tantum
2487 1791 2768 1847 formidas
2799 1791 2975 1846 etiam
2996 1790 3229 1846 hmdum
3249 1790 3417 1863 agnis
3439 1792 3796 1861 admistum,

2139 1880 2355 1936 nedum
2380 1881 2721 1935 frementem
2761 1884 3102 1936 contemnas
3156 1878 3381 1935 leonem
3414 1880 3501 1936 vel
3552 1881 3798 1939 ursum?

2139 1969 2450 2026 Pecuniam
2484 1986 2672 2025 meam
2706 1986 2888 2042 quare
2908 1970 3241 2042 sumpsisti,
3260 1971 3311 2025 si
3340 1969 3493 2025 hanc
3522 1986 3796 2044 erogare,

2140 2077 2274 2115 cum
2306 2059 2511 2123 scires,
2544 2059 2822 2114 timuisti?
2852 2060 2920 2113 Et
2946 2058 3047 2131 qui
3082 2064 3133 2114 te
3164 2062 3367 2114 contra
3396 2076 3489 2114 me
3532 2063 3660 2115 tam
3688 2077 3796 2116 au-

2142 2146 2869 2220 dacitererigis,quomodo
2898 2152 3016 2203 tam
3043 2147 3505 2221 meticuloseipsi
3526 2154 3793 2221 te,quem

2143 2238 2254 2292 sub
2286 2237 2533 2311 pedibus
2561 2241 2748 2304 teneo,
2786 2236 3061 2309 subjicis?
3091 2236 3513 2304 Periculosum,
3563 2237 3796 2311 inquis,

2141 2342 2291 2381 esse.
2326 2367 2338 2380 .
2377 2368 2389 2381 .
2426 2368 2439 2380 .
2475 2368 2488 2381 .
2525 2326 2867 2397 Tempestas
2883 2343 3018 2398 ergo
3050 2326 3218 2381 estin
3249 2325 3417 2393 mari,
3446 2325 3495 2381 si
3509 2325 3804 2399 pericula-

2143 2416 2278 2471 ritet
2308 2414 2500 2470 navis?
2529 2413 2673 2477 Quid
2696 2431 2830 2487 ergo
2848 2430 3018 2487 agere
3036 2414 3150 2471 vis?
3166 2415 3425 2470 Monstra
3436 2430 3545 2470 cur
3560 2431 3798 2471 remum

2143 2502 2488 2575 sumpseris,
2520 2520 2593 2558 an
2630 2508 2694 2558 ut
2723 2508 2917 2575 caput,
2938 2501 3490 2575 moriturc,ingeras
3508 2501 3800 2558 sentinis?

2143 2593 2321 2647 Exere
2351 2592 2545 2664 potius
2567 2592 2739 2659 vires,
2761 2591 3538 2658 fortiterdimica,instanter
3563 2592 3802 2664 naviga:

2143 2686 2352 2754 prmsto
2383 2685 2471 2737 est
2501 2684 2723 2754 portus,
2748 2682 2907 2752 jacet
2937 2680 2995 2736 in
3024 2681 3178 2747 navi,
3199 2679 3333 2736 licet
3348 2679 3802 2748 dormienstibi,

2143 2770 2237 2825 cui
2269 2770 2550 2825 obediunt
2576 2787 2734 2825 mare
2765 2774 2822 2825 et
2847 2769 2999 2824 venti
3032 2769 3252 2832 (Matth.
3283 2785 3403 2838 vni,
3435 2770 3547 2831 27).

2218 2861 2301 2914 15.
2332 2860 2543 2927 Metuo,
2578 2859 2685 2925 ais,
2736 2859 3016 2914 offensam
3069 2858 3317 2914 senioris
3347 2857 3427 2929 [id
3472 2865 3551 2914 est
3593 2858 3799 2931 regis]:

2144 2949 2389 3003 Econtra
2418 2947 2750 3020 Apostolus:
2785 2949 2917 3016 Ego,
2952 2947 3161 3020 inquit,
3196 2949 3246 3002 si
3278 2947 3454 3002 adhuc
3479 2947 3803 3003 hominibus

2138 3038 2429 3109 placerem,
2467 3037 2569 3093 Clu
2586 3038 2680 3092 isti
2705 3052 2893 3091 servus
2914 3053 3023 3092 non.
3054 3053 3222 3091 essem
3249 3034 3391 3105 (Gal.
3426 3052 3464 3104 1,
3502 3037 3612 3099 10).
3648 3036 3805 3101 Quid

2144 3125 2300 3180 enim
2332 3125 2438 3179 tibi
2483 3125 2654 3180 faciet
2702 3126 2923 3181 offensa
2974 3125 3251 3181 senioris?
3295 3124 3803 3195 Cominutahitur,

2146 3216 2290 3270 forte
2320 3216 2852 3271 auferetconcessa.
2880 3216 3045 3270 Forte
3058 3219 3247 3269 totum
3278 3214 3386 3269 hoc
3404 3214 3512 3270 rite
3533 3215 3807 3284 timeres,

388 3305 638 3369 animos,
672 3320 805 3358 cum
829 3303 994 3358 aDeo
1018 3306 1309 3358 certamen
1343 3303 1621 3373 ejus,non
1645 3304 1915 3375 ejus,sed
1938 3305 2033 3361 Dei
2065 3287 2108 3355 C
2150 3303 2199 3360 si
2231 3321 2345 3359 non
2381 3303 2738 3376 promissum
2770 3302 3018 3359 dicentis
3048 3304 3314 3360 haberes:
3358 3302 3597 3359 Gaudete
3624 3309 3677 3360 et
3703 3320 3805 3360 ea:-

389 3394 483 3462 sit,
521 3397 585 3449 ut
613 3393 790 3448 etiam
818 3408 922 3446 nec
954 3392 1209 3463 cogitare
1240 3391 1535 3462 quomodo
1566 3396 1669 3446 aut
1699 3392 1839 3463 quid
1881 3392 2037 3465 loqui

388 3486 595 3540 debeat
615 3481 824 3551 (Matth.
859 3499 915 3551 x,
949 3483 1061 3547 49),
1096 3496 1469 3551 nequaquam
1506 3480 1787 3552 indigeat;
1810 3486 2040 3537 tantum

389 3590 461 3629 ne
494 3571 741 3639 devotio,
776 3575 841 3625 ut
870 3568 1008 3638 dixi,
1043 3585 1159 3640 qua
1180 3568 1340 3640 loqui
1372 3566 1531 3636 velit,
1584 3568 1844 3625 deficiat?
1893 3570 2041 3638 Quid

394 3662 685 3733 trepidare
715 3659 966 3731 aliquem
998 3657 1286 3725 convenit,
1313 3672 1446 3712 cum
1478 3656 1635 3712 idem
1664 3658 1791 3731 ipse
1820 3660 1919 3732 qui
1952 3678 2042 3717 re-

398 3752 754 3814 munerator,
788 3747 913 3818 ipse
945 3746 1023 3800 sit
1052 3751 1108 3801 et
1136 3750 1446 3817 protector,
1464 3746 1591 3819 ipse
1611 3747 1930 3820 deniqueet
1944 3769 2045 3823 pu-

398 3836 632 3911 gnator?
660 3836 828 3902 Nam,
857 3834 915 3889 in
942 3838 1170 3889 tantum
1199 3849 1335 3889 cum
1366 3851 1618 3908 pugnas,
1670 3838 1856 3905 adest;
1907 3856 2041 3895 cum

396 3928 664 3991 dimicas,
698 3939 952 3997 praesens
983 3928 1091 3991 est;
1120 3929 1185 3978 ut
1216 3921 1413 3996 etlam,
1447 3925 1587 3979 dum
1612 3926 1839 3996 putaris
1865 3927 2045 3998 feriri,

393 4015 510 4082 ille,
544 4031 659 4070 non
692 4019 776 4082 tu,
812 4012 1073 4068 feriatur:
1107 4012 1155 4068 si
1189 4013 1423 4084 quidem
1456 4012 1538 4067 ita
1581 4013 1752 4069 hodie
1801 4017 2040 4085 audisti,

393 4121 527 4162 cum
558 4108 615 4159 et
640 4102 763 4158 heri
796 4101 1059 4174 legisses:
1086 4102 1190 4169 Qui
1227 4103 1404 4173 tangit
1423 4118 1530 4171 vos,
1564 4104 1726 4174 quasi
1740 4105 1836 4175 qui
1864 4108 2043 4175 tangit

384 4196 663 4268 pupillam
692 4192 837 4248 oculi
865 4191 972 4247 mei
1002 4192 1181 4255 (Zach.
1217 4207 1277 4258 It,
1312 4192 1395 4255 8);
1426 4196 1501 4247 et:
1559 4192 1668 4260 Qui
1697 4208 1786 4247 vos
1833 4196 2043 4265 spernit

388 4301 476 4341 me
505 4283 713 4355 spernit
744 4283 894 4343 (Luc.
929 4298 984 4349 x,
1020 4282 1126 4344 i6).

463 4374 617 4430 I52
647 4374 731 4427 14.
771 4373 855 4428 Me
887 4387 1023 4443 ergo
1058 4368 1406 4425 lenocineris
1438 4369 1612 4436 hosti,
1638 4370 1685 4425 si
1706 4371 1790 4426 vis
1816 4370 2041 4443 placere

392 4461 754 4535 imperatori;
788 4477 891 4515 nec
922 4460 1078 4514 enim
1110 4476 1242 4515 eum
1261 4459 1479 4531 poteris
1502 4461 1842 4531 promereri,
1868 4462 1914 4517 si
1939 4467 2040 4520 ate

391 4554 572 4606 istum
607 4548 864 4604 nolueris
882 4548 1137 4618 separari
1172 4547 1551 4621 [Lsuperari].
1583 4547 1753 4604 Nullo
1771 4552 1926 4605 enim
1950 4568 2040 4607 ex-

2150 3395 2375 3459 sultate;
2402 3410 2521 3450 ecce
2552 3395 2700 3449 enim
2742 3409 2942 3448 merces
2974 3401 3150 3448 vestra
3196 3393 3371 3447 multa
3416 3399 3497 3447 est
3557 3393 3621 3447 in
3667 3394 3809 3449 casto

2151 3482 2361 3553 (Matth.
2393 3483 2564 3551 v,i2;;
2592 3487 2649 3537 et
2679 3482 2727 3537 si
2762 3499 2876 3537 non
2907 3482 3129 3537 dictum
3159 3481 3231 3536 ab
3276 3479 3553 3553 Apostolo
3595 3480 3801 3538 scires:

2153 3576 2258 3644 Qui
2285 3582 2361 3630 est
2384 3573 2481 3645 qui
2508 3571 2656 3626 vobis
2684 3580 2893 3638 noceat,
2918 3587 2967 3626 si
2998 3570 3127 3625 boni
3167 3570 3514 3624 aemulatores
3549 3570 3805 3640 fueritis?

2150 3663 2241 3719 sed
2270 3671 2321 3717 et
2350 3664 2405 3717 si
2424 3659 2556 3733 quid
2586 3661 2843 3731 patimini
2867 3667 3086 3730 propter
3106 3660 3408 3730 justitiam,
3443 3659 3612 3719 beati;
3638 3661 3804 3715 timo-

2150 3770 2269 3808 rem
2297 3756 2480 3807 autem
2520 3766 2708 3805 eorum
2736 3765 2805 3804 ne
2833 3750 3134 3804 timueritis
3161 3747 3211 3809 (I
3244 3749 3365 3802 Pet.
3416 3764 3502 3817 ut,
3539 3748 3649 3811 13).
3704 3748 3804 3805 Ti-

2152 3858 2280 3897 meo
2311 3840 2443 3913 plus
2474 3838 2719 3911 aliquid,
2753 3837 2969 3910 inquis.
3003 3836 3182 3903 Quid?
3204 3835 3369 3902 Mori,
3397 3836 3506 3891 ais:
3531 3836 3690 3908 quod
3713 3840 3808 3893 est

2151 3930 2362 3986 dicere:
2385 3932 2494 3985 Leo
2522 3929 2582 3983 in
2611 3929 2731 3983 via.
2764 3928 2825 3982 in
2854 3926 3041 3982 medio
3089 3927 3418 3996 platearum
3457 3925 3807 3983 occidendus

2149 4036 2276 4075 sum
2305 4022 2501 4087 (Prov.
2532 4034 2671 4083 xxu,
2702 4018 2810 4085 13).
2843 4016 2951 4072 Sed
2985 4015 3123 4071 audi
3155 4013 3489 4070 Dominum:
3535 4014 3807 4084 Capillus

2152 4110 2218 4164 de
2246 4108 2437 4176 capite
2470 4112 2660 4161 vestro
2688 4121 2801 4161 non
2825 4104 3038 4174 peribit
3067 4102 3220 4165 (Luc.
3247 4119 3362 4171 xxx,
3400 4104 3511 4166 10).
3560 4104 3713 4159 Audi
3746 4108 3807 4159 et

2149 4198 2311 4254 illius
2342 4195 2605 4267 ejusdem
2637 4211 2753 4266 quo
2788 4194 3047 4265 fungeris
3077 4191 3299 4249 ordinis
3331 4207 3590 4257 servum,
3623 4191 3683 4247 id
3711 4197 3806 4248 est

2151 4285 2472 4359 saepissime
2501 4282 2597 4340 hic
2628 4283 2880 4337 inditum
2914 4282 3333 4355 Augustinum:
3369 4281 3551 4347 Time,
3583 4281 3801 4353 inquit,

2150 4377 2324 4441 mori,
2355 4376 2410 4429 si
2437 4378 2596 4442 potes
2622 4388 2733 4428 non
2754 4372 2927 4427 mori.
2959 4371 3108 4426 Audi
3141 4375 3197 4425 et
3227 4369 3431 4425 alium:
3467 4371 3591 4441 Qui
3625 4380 3805 4426 natu:

2146 4483 2222 4521 ea:
2253 4463 2485 4521 homine
2507 4471 2590 4517 est
2612 4467 2666 4517 et
2690 4460 2844 4517 153
2873 4462 3203 4517 moriturus
3230 4458 3523 4514 eril.Audi
3563 4463 3623 4515 et
3647 4461 3808 4533 Apo-

2148 4551 2391 4610 stolum:
2427 4555 2542 4620 Ego
2570 4565 2684 4605 non
2712 4548 3171 4619 solumattigari,
3193 4548 3371 4604 etiam
3391 4547 3811 4617 moriparatus

392 4644 578 4710 cepto,
607 4637 819 4691 dicitur
848 4636 919 4690 ab
949 4637 1243 4707 Apostolo:
1276 4637 1491 4705 Omnes,
1524 4640 1622 4710 qui
1645 4641 1735 4710 pie
1756 4640 1942 4695 volunt
1964 4642 2040 4695 vi-
2069 4655 2113 4720 D
2143 4660 2270 4699 sum
2292 4658 2396 4711 pro
2426 4640 2651 4697 Christo
2678 4639 2810 4693 Iesu
2829 4643 2984 4705 (Act.
3015 4654 3129 4705 χχι,
3164 4638 3275 4698 13).
3326 4635 3475 4691 Audi
3508 4641 3567 4691 et
3594 4654 3807 4708 quem-

389 4742 513 4783 uere
543 4726 602 4780 in
632 4726 843 4780 Christo
872 4729 1025 4791 Jesu,
1040 4727 1467 4794 persecutionem
1483 4730 1770 4798 patientur
1791 4731 1861 4789 (II
1897 4731 2030 4786 Tim.

390 4814 615 4882 112,42).
658 4811 905 4867 Videtur
950 4828 1086 4884 ergo
1137 4812 1291 4869 nolle
1339 4814 1431 4885 pie
1477 4814 1663 4871 vivere
1715 4815 1776 4871 in
1808 4817 2039 4873 Christo

390 5027 521 5082 aliis
542 5025 745 5081 multis
763 5023 1051 5095 episcopis
1073 5026 1603 5089 accidit,utnotavit
1623 5027 1794 5083 etiam
1814 5045 2038 5085 coaevus

391 5104 593 5152 auctor
620 5099 753 5151 Atto
784 5096 1095 5167 episcopus
1146 5096 1530 5151 Vercellensis
1562 5097 1663 5152 lib.
1698 5116 1713 5153 ι
1763 5101 1839 5153 De
1871 5117 2035 5168 pres-

388 5170 550 5242 saris
576 5169 837 5223 Ecclesia:
866 5172 1007 5220 tom.
1038 5168 1057 5221 Ι
1092 5168 1380 5242 Spicilegii
1411 5168 1717 5223 Acheriani
1766 5187 1897 5242 pag.
1932 5174 2036 5227 418

391 5238 499 5294 col.
529 5240 579 5293 '2.
617 5243 754 5308 Qua:
783 5255 937 5293 enim
962 5254 1119 5293 mors
1151 5240 1211 5292 in
1241 5244 1344 5293 Iwc
1368 5241 1642 5309 pi'a'senti
1669 5238 1878 5297 secanto
1907 5259 2037 5298 cru-

388 5312 571 5367 delior
586 5327 704 5364 esse
732 5310 964 5377 poterit,
993 5326 1163 5379 quam
1208 5325 1337 5364 cum
1369 5318 1621 5377 pastores
1670 5315 1936 5368 Ecclesia:
1964 5317 2036 5370 ab

390 5386 584 5438 ovibus
601 5385 1074 5449 separantur,aut
1086 5382 1319 5435 carceri
1331 5383 2037 5446 inclmtuntur,velexsilio

333 5456 971 5525 pelluntur,eorumque
982 5468 1234 5519 corpora
1250 5453 1507 5519 peuuriis
1520 5463 2036 5523 atteruntur,men-

386 5538 469 5583 tes
484 5533 672 5597 autem
686 5539 935 5597 "terrore
947 5542 981 5578 a
988 5524 1107 5593 [ﬁci
1111 5532 1308 5578 untur.
1340 5528 1422 5579 De
1448 5540 1510 5578 se
1527 5526 1917 5597 suspirant,de
1926 5528 2036 5584 sibi

384 5596 698 5655 commissis
717 5595 773 5663 ej
779 5618 805 5646 ιε
822 5594 964 5651 Iurat.
983 5597 1296 5663 prcesentiu
1311 5594 2032 5667 patiuntursuppliciaJu-

382 5681 628 5739 turuque
652 5686 687 5721 ιι
716 5668 1083 5735 carniﬁcibus
1109 5670 1551 5739 promittuntur,
1594 5681 1876 5738 expavent
1903 5689 2029 5727 ma-

371 5738 556 5813 jores,
583 5740 968 5813 consolatores
997 5740 1068 5792 ab
1103 5738 1238 5813 ipsis
1266 5738 1577 5813 tolluntur,
1617 5744 2035 5811 exprobrantes

384 5809 468 5878 cet
479 5809 989 5884 terrentesjuqiter
999 5809 1816 5872 assistuntﬂonferendaéunt
1828 5813 2030 5887 etiam,

2145 4732 2279 4787 dam
2313 4730 2385 4786 ad
2417 4729 2503 4784 tui
2549 4726 2959 4783 verecundiam
3008 4726 3336 4783 ethnicum:
3394 4726 3804 4797 Tolerabilior,

2146 4820 2361 4893 inquit,
2393 4826 2475 4874 est
2501 4818 2599 4891 qui
2625 4818 2783 4872 mori
2796 4818 2992 4889 jubet,
3042 4832 3213 4888 quam
3255 4815 3353 4887 qui
3382 4816 3535 4871 male
3586 4816 3803 4873 vivere.

2147 5033 2470 5106 quaeidemg
2492 5032 2671 5087 tradit
2700 5048 2831 5104 pag.
2865 5032 2989 5106 405,
3043 5029 3143 5106 ιῴί
3171 5028 3480 5106 episcopos
3529 5027 3660 5085 sine
3703 5029 3804 5085 de-

2148 5099 2409 5160 fiansione
2440 5099 2749 5159 damnatos
2773 5099 3056 5174 queritur,
3078 5099 3339 5157 Rattierii
3354 5116 3598 5155 causam
3630 5117 3804 5173 agere

2145 5177 2391 5230 videtur.

2215 5248 2362 5307 (301)
2397 5250 2538 5301 Cum
2566 5247 2643 5327 _de
2673 5245 3079 5327 episcoporqm
3106 5258 3311 5327 pugna
3337 5241 3631 5327 loquatur,
3680 5247 3800 5327 tres

2147 5317 2405 5442 ipsorum
2424 5317 2647 5388 species
2662 5313 3802 5396 distinguit,fugientium,cadentium,et

2147 5404 2175 5442 o
2222 5388 2535 5442 tinentium
2562 5388 2884 5442 victoriam.
2921 5385 3096 5441 Primi
3119 5386 3495 5442 damnantur:
3522 5385 3801 5441 cadentes

2143 5385 2535 5443 obtinentium
2562 5385 2884 5443 victoriam:
2921 5385 3096 5441 Primi
3119 5386 3495 5451 damnantur;
3522 5385 3801 5441 cadentes

2143 5465 2361 5526 autem,
2395 5460 2493 5531 qui
2525 5459 2805 5531 nimirum
2840 5475 3043 5531 casum
3076 5455 3334 5531 aliquem
3385 5456 3698 5512 adversum
3740 5457 3801 5511 in

2142 5547 2213 5603 ea
2240 5528 2457 5603 pugna,
2492 5547 2593 5586 seu
2625 5530 2684 5603 in
2709 5528 3113 5603 persecutione
3132 5528 3458 5603 patiuntur,
3486 5535 3800 5603 tantumne

2139 5602 2219 5661 (id
2241 5599 2350 5657 est
2371 5599 2727 5657 dummodo—
2749 5601 2801 5655 in
2839 5601 2945 5669 eis)
2978 5616 3090 5656 non
3139 5600 3365 5667 deﬁciat
3412 5599 3643 5655 devotio
3674 5600 3799 5659 (seu

2142 5675 2330 5745 fervor
2353 5674 2717 5745 cpiscOpalis)
2750 5688 2851 5743 pro
2882 5672 3100 5745 injuria
3128 5674 3499 5725 coronantur.
3537 5670 3800 5728 Victores

2137 5743 2323 5803 Deum
2355 5742 2684 5820 ipsum—pro
2715 5742 2952 5821 praemio
2981 5747 3039 5802 et
3069 5757 3285 5801 corona
3326 5747 3795 5818 consequentur.
