3936 6410
199 427 309 494 305
1143 425 1795 504 PRJELOQUIORUM
1839 421 2048 491 LIBRI
2094 427 2262 492 SEX.
2299 463 2373 476 ——
2402 431 2548 494 LlB.
2595 429 2668 494 V.
3497 427 3616 495 306

201 580 320 638 age,
350 561 521 621 stude
567 560 789 638 aliquid
833 579 1004 640 agere
1053 565 1276 623 caeteris
1331 564 1668 634 sublimius,
1730 563 1848 621 imo
1876 561 1934 631 Α
1963 563 2250 635 attollant,
2285 564 2642 624 industriam
2683 570 2973 641 reparent,
3005 564 3155 626 vires
3187 572 3444 638 exerent,
3480 585 3615 626 eon-

199 652 478 710 humilius
511 657 567 710 et
588 654 923 726 perfectius,
957 654 1148 711 sciens
1175 655 1534 728 ponderibus
1563 659 1619 710 te
1649 654 1846 725 subja-
1960 656 2238 712 stantiam
2270 660 2594 724 resumant,
2628 657 2762 726 ﬁde,
2795 674 2896 730 spe
2927 663 2986 714 et
3015 658 3298 714 eharitate
3330 659 3389 714 in
3432 665 3615 715 Deum

195 761 317 800 cere
341 745 597 800 duobus.
630 743 1010 816 Compelleris
1037 745 1194 800 enim
1228 745 1516 800 monacho
1548 761 1675 816 quae
1708 748 1850 798 sunt
1959 745 2333 812 recalescant,
2367 747 2548 801 invita
2576 751 2633 801 et
2662 747 2936 815 obsecra;
2972 765 3074 803 nec
3105 747 3213 803 hoc
3266 750 3438 804 verbo
3489 754 3620 804 tan-

193 833 480 899 monachi,
509 831 781 905 episcopo
803 834 1043 889 reddere
1073 851 1200 906 qua:
1221 839 1362 890 sunt
1391 833 1670 906 episc0pi.
1701 833 1849 887 Vide
1959 836 2286 902 tummodo,
2321 835 2507 890 multo
2541 836 2729 908 magis
2772 837 3047 908 Operibus
3096 837 3200 893 tibi
3254 839 3482 892 noveris
3522 855 3616 892 ex-

192 939 259 978 ne
289 923 393 978 tibi
421 923 670 978 suadere
692 922 907 994 aliquis
928 923 1116 979 valeat
1138 923 1305 979 illum
1335 941 1592 996 unquam
1621 928 1848 978 mutare
1960 925 2348 996 sequendum.
2381 924 2532 979 Vera
2563 929 2652 980 est
2676 925 2832 980 enim
2866 925 3072 981 Leonis
3104 943 3264 998 papae
3305 927 3614 995 sententia,

193 1011 478 1079 habitum,
530 1011 761 1066 etiamsi
814 1011 922 1067 hoc
978 1012 1302 1084 approbare
1345 1029 1412 1066 ex
1469 1011 1846 1084 antiquorum
1960 1013 2101 1084 quia
2129 1012 2412 1068 validiora
2441 1017 2581 1069 sunt
2611 1013 2875 1086 exempla
2923 1032 3102 1086 quam
3149 1017 3345 1079 verba,
3397 1021 3453 1071 et
3484 1015 3615 1088 plus

192 1100 470 1172 exemplis
487 1099 1300 1173 velitPatrum,exceptocum
1322 1107 1395 1156 ad
1421 1101 1561 1156 illud
1580 1100 1846 1156 divinum
1960 1107 2049 1157 est
2097 1118 2269 1173 opere
2318 1103 2524 1158 docere
2564 1120 2742 1175 quam
2785 1120 2941 1159 voce.
2977 1104 3434 1160 Necessitatibus
3476 1123 3617 1177 quo-

190 1189 418 1245 accedis
450 1187 1029 1260 ministerium,qnod
1071 1189 1182 1245 sibi
1214 1190 1517 1262 proprium
1549 1190 1726 1262 exigit
1755 1206 1845 1244 or—
1959 1207 2074 1261 que
2106 1206 2310 1244 eorum
2342 1190 2400 1244 in
2433 1191 2854 1262 temporalibus
2885 1191 3126 1248 sedulus
3158 1193 3440 1248 adesto.Si
3473 1195 3614 1265 quid

189 1279 728 1334 namentum.'l‘une
759 1295 994 1350 quoque
1012 1295 1144 1334 cum
1168 1295 1280 1334 non
1304 1283 1569 1351 gestatur
1584 1295 1846 1350 corpore,
1958 1279 2242 1334 fraudasti
2278 1278 2574 1350 praelatus,
2609 1284 2872 1336 restaura
2901 1281 3232 1353 episcopus.
3279 1283 3337 1337 Si
3371 1283 3510 1355 quid
3547 1285 3617 1340 de

190 1384 301 1423 non
335 1369 572 1424 recedat
616 1385 649 1423 a
695 1369 887 1423 corde.
935 1368 1086 1423 Audi
1129 1361 1472 1440 Apostolum
1505 1368 1794 1423 dicentem
1830 1385 1843 1422 :
1957 1370 2012 1422 te
2037 1366 2254 1433 minus,
2281 1367 2463 1422 abbas
2504 1368 2645 1422 dum
2673 1385 2852 1436 esses,
2887 1370 3212 1426 recordaris
3239 1371 3439 1439 fuisse,
3475 1389 3619 1444 pon-

185 1458 455 1514 Habentes
484 1457 914 1523 damnationem,
947 1460 1080 1530 quia
1107 1459 1348 1528 primam
1403 1457 1566 1528 ﬁdem
1625 1458 1847 1512 irritam
1957 1455 2096 1510 tifex
2127 1473 2197 1511 ne
2222 1455 2476 1512 verearis
2499 1473 2867 1528 componere.

183 1549 430 1618 fecerunt
455 1548 502 1614 (l
542 1548 674 1602 Tim.
736 1563 794 1614 v,
853 1547 960 1609 12).
1014 1546 1267 1618 Jejuniis
1327 1547 1525 1617 itaque
1580 1546 1846 1601 refectio-
2030 1548 2121 1597 22.
2156 1544 2271 1600 Nec
2303 1543 2414 1599 hoc
2459 1560 2639 1615 agens
2687 1547 2962 1611 verearis,
3014 1564 3085 1602 ne
3133 1548 3266 1618 quis
3312 1552 3369 1603 te
3417 1565 3618 1620 pecca-

185 1652 340 1702 nem,
412 1635 778 1691 orationibus
875 1635 1137 1707 corporis
1225 1634 1692 1703 delectationem,
1763 1634 1847 1688 ia-
1957 1635 2172 1700 torem,
2203 1635 2260 1687 te
2291 1631 2432 1688 olim
2462 1632 2673 1688 dixerit
2699 1633 2994 1689 exstltisse
3027 1635 3444 1692 fraudatorem.
3477 1639 3620 1696 Vide

183 1724 400 1796 crymis
456 1729 722 1795 tempera
777 1723 975 1778 saeculi
1051 1723 1512 1793 jucunditatem.
1575 1722 1738 1787 Quod
1798 1721 1848 1776 si
1960 1723 2193 1775 tantum
2227 1738 2298 1776 ne
2323 1721 2553 1777 Christo
2597 1723 3039 1794 opprobriosus,
3074 1740 3144 1780 ne
3177 1725 3291 1780 Deo
3323 1725 3617 1795 horridus,

183 1812 431 1869 forsitan
463 1816 808 1884 assumptus
839 1829 909 1867 ex
941 1812 1314 1881 abbate,aut,
1341 1815 1404 1865 ut
1435 1809 1670 1875 assolet,
1705 1811 1848 1866 duo-
1963 1824 2036 1863 ne
2087 1809 2333 1881 Spiritui
2377 1813 2579 1865 sancto
2631 1827 2838 1882 pareas
2898 1814 3311 1870 exsecrandus.
3365 1815 3483 1871 Hoc
3531 1818 3617 1887 ﬁt,

182 1902 289 1957 bus
323 1905 436 1957 aut
465 1905 624 1956 certe
684 1899 954 1971 pluribus
1005 1901 1154 1968 jam.
1187 1898 1471 1971 praefuisti
1521 1899 1666 1954 I57
1727 1915 1850 1954 mo-
1880 1931 1929 1995 B
1963 1898 2012 1952 si
2043 1914 2149 1953 nec
2180 1899 2472 1970 preterita
2499 1897 2701 1964 diluis,
2735 1916 2841 1954 nec
2873 1902 3183 1972 praesentia
3211 1903 3619 1961 emendatione

181 1990 504 2055 nasteriis;
568 2005 752 2060 pensa
824 2005 953 2060 quas
1011 2005 1192 2044 causa
1255 1988 1598 2058 hujusmodi
1678 1986 1926 2043 fuerit"
1962 1986 2312 2058 componis:
2365 1987 2506 2058 quin
2560 1988 2758 2058 potius
2817 2005 2952 2044 eum
3013 1990 3084 2045 de
3134 1994 3191 2045 te
3241 1991 3350 2047 hoc
3380 1993 3614 2064 dicitur,

181 2077 632 2135 demutationis.
693 2076 808 2132 Nec
864 2077 992 2142 tibi,
1070 2093 1290 2147 quasso,
1344 2092 1571 2148 parcas,
1624 2092 1737 2130 non
1796 2079 1852 2131 te
1959 2075 2149 2146 gaude
2179 2075 2482 2131 humiliter
2510 2076 2568 2130 in
2601 2076 2739 2141 Deo,
2774 2077 2822 2132 si
2871 2078 2978 2133 tibi
3027 2079 3180 2135 158
3229 2097 3363 2136 cum
3395 2084 3615 2138 caeteris

181 2165 468 2238 decipias,
520 2182 638 2220 non
696 2169 752 2220 te
810 2163 1032 2236 palpas,
1095 2181 1209 2219 non
1271 2163 1375 2218 tibi
1433 2165 1588 2235 quod
1630 2164 1848 2234 optime
1957 2180 2086 2219 vere
2117 2163 2622 2220 dicatur:Fuistis
2646 2167 2946 2236 aliquando
3003 2169 3260 2240 tenebrae,
3322 2188 3470 2226 nunc
3506 2190 3612 2227 au-

184 2255 333 2311 nosti
366 2252 516 2309 velis
542 2252 749 2308 celare.
802 2251 976 2308 Nulla
1021 2252 1180 2307 enim
1229 2253 1384 2324 apud
1419 2252 1622 2319 Deum,
1671 2257 1737 2306 ut
1767 2252 1850 2306 ait
1953 2255 2062 2306 tem
2120 2253 2221 2307 tua:
2264 2254 2326 2307 in
2383 2254 2613 2309 Domino
2635 2271 2653 2316 ,·
2711 2259 2763 2310 et
2813 2256 2925 2310 haec
2980 2258 3200 2328 quidem
3254 2261 3462 2330 fuistis,
3522 2263 3614 2317 sed

183 2341 574 2415 Augustinus,
604 2339 1087 2407 latebra,etiamsi
1119 2339 1291 2412 plena
1322 2339 1400 2395 sit
1431 2341 1845 2396 abscondentis
1955 2341 2133 2395 abluti
2161 2343 2305 2408 estis,
2330 2340 2666 2413 sanctiﬁcati
2691 2347 2819 2398 estis
2869 2345 3038 2405 (ICor.
3071 2363 3148 2411 vr,
3201 2348 3311 2416 11).
3370 2349 3428 2404 Si
3479 2352 3614 2421 quis

184 2429 446 2503 perfidia.
482 2429 682 2500 Neque
709 2428 837 2483 ideo
871 2428 968 2484 ille
999 2444 1113 2483 non
1148 2428 1326 2494 novit,
1362 2428 1410 2484 si
1457 2433 1518 2483 tu
1570 2433 1624 2484 te
1654 2430 1844 2502 ﬁngas
1951 2429 2150 2500 itaque
2177 2430 2468 2494 detrahat,
2502 2429 2874 2502 obloquatur,
2915 2433 3225 2488 maledicat
3273 2435 3613 2508 factumque

187 2519 455 2592 ignorare
489 2536 503 2573 :
538 2517 681 2589 quin
710 2517 906 2590 potius
937 2521 999 2571 tu
1035 2516 1338 2572 humiliter
1367 2533 1640 2588 agnosce,
1677 2515 1726 2571 si
1756 2518 1843 2572 vis
1950 2517 2272 2590 vituperet;
2305 2519 2411 2573 tibi
2442 2519 2616 2574 firma
2643 2535 2799 2590 spes,
2833 2519 3088 2575 solidum
3137 2521 3428 2588 refugium
3462 2525 3520 2578 in
3544 2525 3614 2579 il-

187 2612 248 2663 ut
275 2607 373 2663 ille
426 2607 716 2680 ignoscat.
752 2605 948 2662 Prima
995 2610 1086 2660 est
1115 2622 1270 2673 vero,
1322 2611 1389 2661 ut
1428 2605 1508 2660 ait
1535 2605 1844 2678 gentilium
1955 2605 2070 2660 lius
2102 2606 2179 2662 sit
2209 2606 2446 2672 auxilio,
2481 2608 2573 2661 cui
2634 2625 2667 2662 a
2722 2607 3009 2679 Propheta
3065 2613 3155 2664 est
3210 2609 3471 2666 dictum:
3506 2614 3613 2668 Ma-

188 2696 447 2769 quidam,
483 2694 650 2762 ultio,
703 2695 857 2766 quod
911 2711 973 2750 se
1022 2694 1225 2765 judice
1265 2711 1479 2751 nocens
1525 2694 1848 2750 absolvitur
1956 2695 2186 2749 ledicent
2235 2696 2346 2759 illi,
2401 2704 2453 2751 et
2500 2701 2560 2750 tu
2621 2696 2897 2752 benedices
2955 2696 3124 2758 (Psal.
3186 2716 3355 2765 cxvu,
3390 2701 3529 2765 28);
3559 2706 3616 2757 et

190 2801 378 2840 nemo.
438 2783 642 2855 Cogita
676 2783 876 2854 igitur,
911 2787 1108 2837 utrum
1143 2782 1237 2837 his
1267 2783 1494 2853 [scilicet
1552 2789 1846 2839 monaste-

190 2873 307 2943 riis]
340 2873 450 2928 rite
479 2871 804 2944 praefueris.
856 2871 1018 2934 Quod
1070 2870 1118 2926 si
1174 2870 1485 2939 inveneris,
1528 2869 1658 2926 dole
1690 2871 1846 2943 quod

191 2978 299 3018 non
341 2959 846 3033 perseveraveris;
889 2958 980 3015 sin
1040 2959 1262 3027 minus,
1323 2959 1500 3015 etiam
1558 2960 1629 3014 ob
1681 2960 1738 3014 id
1788 2959 1847 3014 in

190 3051 343 3106 omni
377 3051 495 3105 vita
545 3047 872 3120 quotidiani
935 3064 1050 3103 non
1102 3046 1377 3103 desinant
1423 3047 1699 3120 gemitus.
1732 3051 1847 3102 Me-

193 3144 380 3195 mento
443 3142 532 3193 tot
579 3143 634 3192 te
689 3137 993 3208 subjacere
1045 3135 1428 3208 ponderibus,
1478 3141 1621 3206 quot
1653 3138 1848 3208 prazt'e-

192 3227 366 3283 cturis
408 3225 702 3282 infulatus
750 3223 1014 3298 largitori
1071 3224 1310 3296 indigne
1341 3223 1434 3280 his
1476 3229 1643 3280 utens
1672 3224 1846 3280 exsti-
1887 3297 1919 3304 _
1957 3231 2097 3282 sunt
2125 3227 2304 3300 digna
2324 3229 3082 3299 opprobriojudieas,etiam
3105 3231 3414 3302 praesentia
3439 3233 3618 3304 digna

193 3315 305 3373 tisti
330 3315 624 3389 ingratus;
649 3314 912 3385 dumque
965 3313 1241 3385 prodesse
1273 3313 1520 3368 debuisti
1554 3313 1844 3386 pluribus,
1877 3297 1921 3363 (ἶ
1960 3297 2319 3387 contemptui
2351 3297 2615 3386 deputes.
2642 3297 2805 3380 Quod
2840 3319 2923 3385 fit,
2965 3317 3014 3372 si
3063 3297 3122 3374 et
3162 3324 3459 3374 transacta
3497 3297 3618 3374 cor-

1955 2782 2186 2854 erigens
2217 2784 2434 2839 mentie
2493 2785 2675 2840 aciem
2735 2784 3132 2842 indesinenter
3180 2785 3413 2843 clama:
3447 2789 3616 2859 Aufer

1953 2889 1990 2926 a
2018 2889 2106 2927 me
2151 2873 2502 2943 opprobrium
2550 2877 2601 2929 et
2640 2879 3007 2945 contemptum
3043 2876 3215 2948 (Psal.
3272 2894 3464 2946 cxvm,
3498 2880 3612 2947 22),

1957 2977 2073 3015 non
2096 2959 2297 3032 utique
2328 2962 2705 3033 opprobrium
2739 2963 3045 3018 hominum
3088 2966 3243 3036 quod
3277 2969 3615 3038 pertransit,

1956 3049 2152 3120 potius
2198 3053 2388 3117 tuum,
2441 3052 2596 3122 quod
2628 3052 2677 3107 si
2725 3051 2819 3108 hic
2852 3069 2968 3108 non
3000 3035 3235 3122 desinit,
3278 3035 3406 3110 illic
3439 3035 3639 3112 finem.

1957 3154 2072 3193 non
2126 3139 2362 3194 invenit.
2411 3140 2625 3195 Vereor
2671 3140 2852 3207 enim,
2905 3158 2978 3196 ne
3034 3143 3175 3198 dum
3228 3147 3525 3199 transacta
3552 3149 3617 3199 ut

196 3405 386 3477 paucis
407 3408 515 3462 aut
535 3403 778 3460 forsitan
803 3401 982 3457 nullis
999 3418 1178 3456 causa
1199 3400 1452 3473 alicujus
1472 3402 1634 3457 fuisti
1665 3401 1851 3475 profe-

195 3499 335 3552 ctus:
368 3495 488 3551 imo
525 3492 620 3548 bis
650 3491 969 3557 destitutis,
1003 3490 1075 3546 ad
1109 3489 1252 3545 alios
1284 3491 1535 3547 subinde
1563 3491 1847 3564 migrans,

198 3583 543 3656 nullumque
575 3597 681 3637 nec
707 3581 778 3636 de
800 3580 892 3635 bis
917 3597 1020 3634 nec
1044 3579 1114 3634 de
1138 3578 1424 3652 illis,quin
1443 3581 1621 3636 etiam
1655 3597 1760 3635 nec
1780 3581 1852 3635 de

197 3674 372 3745 teipse
402 3673 476 3728 ad
514 3671 794 3726 horreum
826 3668 1144 3724 Dominicis
1176 3685 1320 3723 area:
1350 3669 1604 3723 fructum
1643 3685 1853 3740 appor-

199 3765 343 3831 tans,
371 3759 533 3834 quod
567 3758 824 3814 debuisti
855 3755 1193 3830 manipulos
1224 3757 1499 3823 ferre,tot
1528 3756 1852 3828 exigerisin

193 3849 405 3921 judicio
437 3863 808 3920 componere.

265 3941 349 3993 21.
385 3939 495 3994 Fac
533 3937 748 4008 itaque,
782 3936 924 3990 dum
957 3934 1150 3990 adhuc
1201 3933 1327 3988 dies
1376 3937 1481 4000 est,
1531 3933 1687 4004 quod
1719 3950 1855 4006 sug-

201 4041 349 4098 gero.
408 4027 566 4081 Dum
628 4024 820 4079 adhuc
877 4027 1046 4079 vacat
1105 4027 1340 4093 tempus
1394 4021 1658 4088 sationis,
1712 4022 1857 4077 dum

205 4115 384 4171 adhuc
413 4131 760 4172 meonomus
811 4117 1039 4185 spectat
1071 4111 1150 4182 [id
1208 4119 1285 4166 est
1343 4111 1679 4182 exspectat],
1715 4111 1856 4165 dum

205 4209 392 4260 custos
429 4221 580 4260 areae
631 4202 887 4268 triturat,
939 4200 1167 4273 paleam
1216 4217 1331 4255 non
1385 4199 1584 4267 exerit,
1617 4198 1858 4255 ventila-

207 4291 367 4348 brum
414 4310 533 4350 non
563 4291 789 4363 arripit,
847 4291 990 4345 dum
1037 4289 1232 4345 adhuc
1281 4304 1395 4343 non
1441 4288 1728 4357 ventilat;
1776 4289 1858 4344 1a-

208 4379 359 4448 bora,
412 4397 562 4447 sere,
613 4396 922 4452 congrege,
974 4377 1167 4434 nullas
1215 4377 1447 4433 dederis
1497 4376 1692 4444 ferias,
1728 4376 1862 4432 nul-

210 4467 324 4524 lum
354 4470 458 4524 tibi
492 4467 841 4533 colludium,
873 4466 1099 4522 nullam
1134 4483 1400 4538 pausam,
1437 4465 1667 4520 nullum
1715 4470 1862 4521 tem-

214 4573 316 4629 pus
345 4558 654 4632 indnlgeas
685 4556 1216 4612 vacationi.lnsiste
1239 4553 1594 4610 omnimodis
1628 4553 1861 4621 sationi,

1960 3403 2232 3476 rigantur
2262 3404 2536 3474 segniter,
2581 3409 2639 3457 et
2688 3404 3001 3474 praesentia
3052 3411 3394 3460 exercentur
3441 3406 3620 3478 negli-

1961 3497 2182 3562 genter.
2218 3490 2381 3545 lllam
2412 3491 2591 3544 etiam
2614 3490 2768 3545 Saraa
2819 3490 3140 3546 orationem
3197 3493 3267 3546 ad
3292 3496 3452 3547 tuam
3486 3511 3618 3564 pro-

1965 3580 2050 3634 fer
2097 3578 2457 3633 utilitatem:
2539 3580 2689 3644 Peto,
2762 3578 3056 3649 inquiens,
3112 3579 3362 3644 Domine,
3449 3589 3512 3636 ut
3556 3581 3622 3636 de

1966 3667 2182 3721 vinculo
2213 3668 2504 3737 improprii
2535 3666 2699 3737 hujus
2735 3667 2981 3721 absolvas
3014 3684 3122 3732 nte,
3155 3677 3253 3724 aut
3289 3676 3432 3724 certe
3459 3669 3620 3725 desu-

1961 3771 2062 3827 per
2091 3760 2297 3810 terram
2326 3757 2531 3826 eripias
2578 3772 2666 3810 me
2714 3756 2857 3824 (Tob.
2904 3774 2987 3824 III,
3050 3756 3160 3823 45),
3215 3774 3331 3813 non
3381 3758 3620 3830 quidem

1967 3843 2435 3899 substantialiter
2478 3849 2611 3899 ante
2656 3848 2892 3916 tempus
2941 3846 3420 3917 praedestinatum
3461 3848 3622 3902 aufe-

1968 3933 2148 3988 rendo
2181 3933 2393 4004 [supple
2442 3933 2564 3999 sed]
2615 3938 2868 3989 mentem
2916 3951 3109 3990 meam
3160 3936 3231 3990 ad
3283 3939 3338 3991 te
3391 3936 3626 4008 penitus

1966 4021 2262 4094 erigendo.
2321 4022 2422 4076 llic
2471 4025 2579 4088 est,
2636 4021 2848 4088 dicent,
2903 4021 3164 4079 novellus
3208 4023 3510 4095 propheta,
3544 4040 3631 4078 re-

1968 4127 2106 4165 cens
2137 4109 2464 4182 upostolus,
2499 4110 2694 4165 subito
2717 4112 2960 4180 angelus
2981 4111 3365 4166 eﬁ‘ectus.lste
3389 4116 3628 4166 sanctus

1971 4199 2278 4264 Martinus,
2329 4199 2479 4253 Zeno
2529 4203 2619 4252 est
2667 4197 2775 4252 iste
2827 4203 3088 4263 sanctus,
3131 4198 3304 4252 modo
3347 4199 3418 4252 de
3465 4198 3629 4253 oculis

1971 4287 2289 4341 demissus.
2321 4285 2632 4350 Vanitatis,
2669 4283 2967 4354 inquinnt,
3003 4283 3173 4354 signa
3203 4288 3342 4338 sunt
3371 4283 3504 4348 ista,
3525 4284 3629 4353 hy-

1974 4373 2242 4446 pocrisis,
2279 4372 2599 4436 simulatio,
2631 4370 2719 4425 vel
2751 4369 2956 4425 levitas
2985 4388 2997 4437 ;
3038 4371 3287 4426 mutatio
3316 4371 3631 4426 affectuum

1973 4462 2106 4526 ista,
2142 4478 2258 4517 non
2290 4459 2488 4531 aliqua
2518 4458 2722 4530 religio
2754 4459 2961 4514 vera.0
2994 4475 3173 4529 quam
3207 4475 3482 4530 asperum
3506 4476 3634 4515 ver-

1976 4551 2116 4605 bum
2147 4551 2158 4604 !
2197 4550 2298 4604 sed
2323 4549 2453 4603 vide
2484 4565 2555 4603 ne
2587 4547 2664 4604 sit
2695 4563 2917 4602 verum.

217 4663 280 4701 ne
308 4647 453 4703 desit
483 4647 643 4720 quod
679 4647 887 4701 afferas
919 4644 1278 4700 triturationi
1315 4643 1543 4714 :ipsam
1566 4643 1744 4698 etiam
1776 4642 1862 4697 in-
1898 4655 1945 4719 Ι)
2047 4640 2136 4694 23.
2178 4641 2322 4692 Cave
2370 4636 2546 4692 etiam
2600 4651 2778 4706 prope
2827 4635 3107 4692 latentem
3158 4637 3499 4692 venantium
3551 4636 3636 4693 la-

218 4741 501 4792 cessanter
558 4735 778 4790 mentis
826 4733 1011 4790 oculis
1069 4733 1304 4802 adhibe,
1347 4733 1534 4803 ipsam
1597 4733 1866 4800 attende;

223 4823 398 4896 cogita
427 4823 693 4897 quotidie
724 4840 798 4878 ne
822 4826 1101 4895 superent
1131 4821 1330 4894 paleae,
1392 4837 1462 4876 ne
1503 4822 1870 4891 superabun-

223 4910 632 4979 dentzizania;
686 4915 983 4967 momento
1034 4910 1295 4965 triticum
1350 4909 1408 4963 in
1462 4908 1738 4964 horreum
1772 4909 1868 4964 de-

224 4998 348 5055 bere
377 5001 610 5057 recondi
643 5001 856 5072 (Matth,
904 5017 1030 5066 xui,
1061 5001 1175 5065 30),
1225 4997 1424 5070 paleas
1472 5003 1669 5052 autem
1711 5014 1868 5052 com-

227 5085 344 5142 buri
377 5089 494 5162 igni
527 5087 1014 5160 inexstinguibili.
1050 5087 1231 5158 Prope
1260 5085 1458 5157 itaque
1489 5086 1709 5157 positos
1748 5101 1870 5141 cre-

229 5175 487 5232 berrimis
531 5177 1056 5241 exhortationibus,
1091 5175 1263 5247 longe
1295 5179 1551 5230 remotos
1609 5173 1872 5246 epistolis

231 5264 561 5336 sapissimis
593 5267 666 5322 ad
717 5266 819 5320 Dei
868 5264 1093 5320 cultum
1145 5263 1480 5318 reaccende.
1514 5263 1870 5318 Practeritam

232 5355 282 5407 et
308 5357 465 5410 tuam
500 5359 557 5411 et
606 5354 846 5409 illorum
901 5352 1210 5426 segnitiam
1263 5369 1494 5416 accusa,
1543 5351 1868 5423 redargue;

231 5445 285 5496 et
333 5448 522 5500 tecum
580 5448 647 5499 nt
697 5443 1042 5509 excitentur,
1104 5445 1167 5496 ut
1225 5439 1589 5505 reviviscant,
1643 5440 1872 5494 animos

1982 4742 2221 4797 queum.
2258 4722 2424 4780 Multi
2455 4723 2608 4778 enim
2641 4722 2749 4776 hoc
2771 4739 2976 4795 aspero
2992 4723 3162 4779 verbo
3187 4723 3642 4796 (3-!6)tperterri-

1983 4816 2047 4880 ti,
2082 4812 2406 4884 exasperati
2435 4816 2492 4868 et
2527 4811 2921 4878 verecundati,
2975 4811 3196 4866 bonum
3241 4810 3643 4881 relinquentes

1988 4905 2334 4975 inemptum,
2368 4901 2520 4972 capti
2549 4903 2688 4954 sunt
2738 4900 2797 4954 in
2847 4899 3242 4971 museipulam
3283 4898 3641 4954 venantium.

1981 4993 2067 5046 Tu
2101 4995 2339 5046 econtra
2369 4989 2460 5043 his
2511 4988 2703 5054 corde,
2756 5004 2870 5043 non
2921 5004 3019 5043 ore
3070 4987 3396 5058 responde;
3448 4986 3646 5058 ipsum

1979 5081 2155 5136 etiam
2200 5084 2256 5134 te
2309 5079 2430 5133 haec
2462 5077 2726 5149 cogitans
2775 5093 2931 5132 eave.
2985 5076 3110 5131 Non
3159 5076 3371 5132 desunt
3401 5075 3558 5131 enim
3592 5092 3650 5145 et

1982 5170 2086 5224 tibi
2119 5168 2386 5240 quaidam
2421 5167 2710 5221 introrsus
2762 5181 3038 5230 cavernm,
3083 5164 3182 5219 ubi
3216 5163 3424 5235 aliquas
3471 5162 3646 5217 latro-

1981 5257 2232 5313 cinantis
2263 5253 2483 5310 inimici
2512 5253 2708 5309 adsint
2741 5252 2990 5308 insidia).
3043 5252 3145 5306 Dic
3193 5269 3330 5323 ergo
3364 5252 3422 5305 in
3455 5250 3649 5312 corde,

1983 5345 2229 5417 pavidus
2261 5343 2474 5415 cogita,
2527 5343 2626 5398 sed
2678 5345 2990 5412 suspectus
3041 5340 3153 5404 die,
3207 5339 3363 5409 quod
3413 5337 3651 5407 quidem

1982 5437 2154 5506 longe
2184 5438 2240 5488 te
2271 5430 2751 5502 incomparabilis
2783 5429 2947 5497 dixit,
2982 5425 3292 5482 dissimilis
3325 5427 3478 5478 certe
3507 5441 3520 5486 ;
3550 5433 3655 5474 nec

266 5619 592 5702 .(31_6)JHoc
621 5620 862 5702 scilicet,
886 5619 1075 5702 ¹ψ]οά
1097 5616 1318 5702 ¹ρςιιλιο⁸
1346 5620 1479 5702 ante
1538 5615 1908 5684 memoravit,
1941 5614 2016 5673 0b
2044 5629 2210 5687 quam
2239 5626 2495 5683 asperum
2543 5607 2787 5663 verbum!
2829 5621 2944 5677 quo
2979 5599 3327 5674 hypocrisis,
3361 5590 3658 5655 vanitatis»

125 5714 135 5728 ο
239 5687 619 5748 simulationis
652 5692 788 5748 vitio
821 5687 981 5747 zelus
1015 5687 1253 5746 notatus
1298 5687 1424 5743 fuit.
