3936 6368
340 411 461 480 307

1271 410 1647 476 RATHERII
1690 407 1937 474 EPISC.
1982 408 2271 474 VERON.
2317 408 2490 476 OPP.
2535 409 2740 473 PARS
2783 408 2833 472 ῐ.

3647 397 3771 466 308

341 546 663 607 mentieris.
697 546 762 605 In
810 545 1022 605 melius
1070 550 1299 602 mutare
1347 547 1712 618 propositum
1753 562 1868 600 non
1900 548 1992 600 est
2018 548 2074 613 Α
2102 546 2151 600 si
2184 546 2338 618 quod
2369 545 2529 601 valeo
2562 545 2668 601 tibi
2700 545 2838 601 dare
2871 559 2986 600 non
3018 540 3271 615 neglige,
3300 542 3506 597 ctetera
3537 541 3656 595 tua:
3689 538 3772 595 in-

336 637 566 707 levitas,
599 639 701 695 sed
737 638 883 711 (317)
934 637 1144 704 virtus,
1176 651 1365 707 neque
1413 636 1605 708 culpa,
1650 636 1750 691 sed
1786 634 1993 708 gratia.

340 731 527 786 Erunt
554 728 733 784 etiam
765 725 863 799 qui
896 726 1037 779 dum
1057 723 1219 779 nulla
1244 723 1760 789 considerant,imo
1792 723 1999 778 nolunt

343 817 563 874 habere
615 834 742 880 sua,
794 820 895 869 tua
961 814 1010 868 si
1077 830 1193 883 qua
1256 812 1528 879 viderint,
1596 812 1796 866 statim
1848 813 2000 866 bona

344 905 633 977 incipiant
662 903 899 958 laudare
946 901 1117 975 (318),
1161 905 1217 954 et
1261 900 1463 954 mirari
1512 899 1668 954 velut
1724 900 1997 954 maxima.

347 994 572 1060 Quibus
622 991 669 1047 si
704 994 813 1044 tua;
845 987 1212 1043 conscientias
1263 986 1462 1041 relicto
1507 986 1842 1043 testimonio
1872 1004 2000 1041 cre-

348 1080 603 1147 dideris;
640 1080 840 1142 fateor,
874 1093 979 1131 nec
1027 1077 1298 1142 mentior,
1350 1074 1505 1129 illico
1550 1075 1814 1146 perditus
1860 1075 1996 1130 eris.

349 1172 438 1227 Tu
464 1172 700 1225 econtra
730 1166 872 1220 dum
900 1164 1139 1220 exhibes
1180 1164 1507 1236 praesentia,
1560 1179 1791 1236 semper
1828 1164 2001 1219 stude

350 1256 691 1314 meminisse
722 1251 1035 1326 praeterita,
1070 1250 1366 1323 simulque
1400 1252 1498 1306 Dei
1529 1252 1794 1307 districta
1823 1256 1880 1307 et
1911 1252 1999 1306 in-

349 1341 899 1417 comprehensibilia
914 1340 1168 1411 cogitare
1190 1340 1437 1411 judicia.
1472 1340 1633 1411 Saepe
1657 1341 1815 1395 enim
1846 1341 2003 1395 unde

351 1433 562 1489 mereri
592 1435 834 1504 putatur
865 1429 1075 1500 gratia,
1127 1427 1492 1483 contrahitur
1535 1428 1793 1497 offensa;
1847 1430 2003 1483 unde

350 1521 615 1578 contrahi
663 1520 906 1574 timetur
953 1516 1195 1583 offensa,
1246 1515 1572 1587 acquiritur
1618 1516 1823 1589 gratia.
1868 1517 2003 1572 Lin-

349 1626 526 1683 guam
582 1624 697 1664 non
748 1605 940 1661 solum
991 1603 1409 1671 acriminosis,
1458 1603 1636 1658 etiam
1689 1604 1763 1658 ab
1800 1602 2005 1659 otiosis

350 1695 801 1763 contine,sciens
832 1692 1053 1747 dictum
1068 1708 1173 1764 per
1199 1691 1481 1748 Jacobum
1512 1708 1661 1747 esse:
1703 1692 1765 1747 Si
1791 1694 1916 1765 quis
1950 1708 2005 1749 se

345 1791 506 1861 putat
536 1785 1110 1853 religiosumesse,non
1125 1782 1411 1851 refrenans
1429 1780 1678 1851 linguam
1706 1798 1882 1848 suam,
1912 1781 2006 1836 sed

349 1876 605 1933 seducens
624 1889 717 1929 cor
736 1887 919 1936 suum,
941 1870 1107 1941 hujus
1140 1886 1282 1925 vana
1313 1876 1389 1925 est
1413 1870 1609 1939 religio
1646 1871 1783 1933 (Jac.
1815 1887 1856 1936 ι,
1885 1870 2001 1940 26).

344 2012 353 2021 κ
421 1965 513 2019 24.
545 1962 654 2018 Sed
685 1964 753 2016 ut
782 1956 964 2015 semel
992 1957 1278 2030 incipiens
1311 1958 1514 2029 paucis
1564 1957 1756 2013 adhuc
1785 1963 1841 2013 te
1872 1957 2011 2013 allo-

355 2070 525 2126 quar,
557 2065 806 2122 suggero
836 2050 903 2102 ut
931 2050 990 2102 et
1020 2045 1069 2102 si
1102 2046 1244 2118 quid
1285 2046 1344 2100 in
1386 2047 1719 2117 juventute,
1769 2048 1817 2102 si
1868 2046 2010 2118 quid

356 2143 534 2199 etiam
566 2139 760 2196 adhuc
789 2136 850 2191 in
882 2135 1239 2191 monasterio
1270 2135 1521 2207 positus,
1553 2138 1867 2206 antequam
1900 2134 2010 2190 sci-

355 2231 492 2286 licet
516 2230 588 2285 ad
619 2225 854 2298 aliquod
887 2223 1148 2295 regimen
1181 2237 1344 2277 esses
1394 2229 1761 2294 assumptus,
1815 2223 2009 2307 egisti,

356 2320 512 2377 159
545 2316 793 2374 sollicite
820 2316 1098 2369 retractes
1133 2329 1145 2367 :
1189 2310 1433 2367 forsitan
1490 2316 1548 2367 et
1605 2312 1717 2367 sibi
1765 2311 2009 2384 aliquid,

358 2409 515 2481 quod
547 2424 663 2462 non
710 2419 922 2477 parum
971 2401 1187 2457 debeas
1239 2404 1518 2470 metuere,
1571 2400 1850 2455 invenies.
1904 2400 2011 2453 Re-

356 2498 616 2571 perietur
644 2493 820 2551 etiam
849 2490 978 2559 tibi,
1040 2506 1154 2561 quo
1214 2489 1418 2544 ordine
1474 2493 1839 2560 assumptus,
1898 2505 2015 2560 qua

356 2584 701 2642 necessitate
755 2580 936 2636 fueris
992 2578 1233 2634 electus.
1313 2575 1593 2632 Proclivis
1652 2577 1809 2632 enim
1860 2592 2013 2632 sem-

359 2691 463 2746 per
492 2672 552 2727 in
583 2669 871 2726 deteriora
898 2668 1170 2723 humana
1193 2666 1532 2721 ambitionis
1552 2666 1846 2737 superbia,
1880 2666 2013 2720 uni-

359 2778 529 2817 versa
555 2761 680 2831 jam
710 2773 1003 2828 occupans
1034 2754 1269 2820 saecula,
1300 2770 1406 2808 nec
1436 2754 1566 2825 ipsa
1595 2754 1766 2809 hodie
1798 2754 2016 2809 deserit

364 2843 915 2913 cmnobia,videlicet
944 2848 1009 2897 ut
1028 2842 1279 2915 eligendi
1314 2858 1429 2897 non
1450 2843 1735 2897 virtutum
1767 2841 2013 2909 meritis,

362 2937 465 2993 sed
496 2933 743 3008 putridze
772 2931 966 2996 istius,
1009 2946 1188 3002 quam
1239 2930 1320 2984 ita
1358 2935 1586 2997 vocaut,
1641 2935 1881 2985 terrenae
1910 2948 2015 2985 no-

304 3010 315 3019 .
366 3026 634 3094 bilitatis,
696 3038 756 3079 re
803 3025 999 3078 autem
1049 3038 1187 3076 vera
1245 3020 1752 3092 corruptibilitatis
1812 3024 2017 3077 taxen-

363 3120 463 3171 tur
518 3111 846 3186 praeconiis.
914 3110 1030 3165 Nec
1096 3108 1421 3180 exquiritur
1485 3109 1619 3180 quis
1685 3109 2017 3165 obedientia

362 3208 599 3261 caeteros
664 3203 899 3274 praeest,
986 3197 1318 3253 humilitate
1401 3196 1614 3263 vincat,
1708 3197 2018 3268 prudentia

359 3290 713 3349 antecellat:
779 3288 985 3360 [supple
1043 3287 1165 3357 sed]
1224 3286 1396 3357 cujus
1452 3302 1586 3341 arca
1641 3286 2011 3352 cumulatior,

360 3396 661 3437 camerave
718 3377 942 3444 fortior,
994 3375 1164 3430 donis
1250 3373 1327 3429 sit
1412 3372 1722 3444 repletior;
1784 3374 2018 3429 stabula

361 3469 495 3541 quis
526 3465 783 3540 amplius
808 3463 1000 3537 plena,
1035 3462 1255 3535 praedia
1286 3462 1337 3517 ei
1390 3462 1673 3517 beneficia
1701 3460 1879 3518 latius
1910 3462 2018 3518 ha-

362 3558 497 3614 beat
524 3557 814 3623 distenta;
866 3554 1036 3623 cujus
1086 3556 1251 3624 pater
1295 3550 1489 3617 ditior,
1524 3551 1699 3605 frater
1754 3550 2016 3622 locuple-

361 3647 495 3713 tior,
528 3643 799 3717 prosapia
827 3641 1177 3714 generosior,
1229 3656 1484 3711 propago
1517 3640 1828 3711 potentior.
1863 3641 2019 3696 Inter

364 3732 489 3787 hzec
518 3749 622 3787 nec
652 3732 781 3801 ipsa
830 3729 1151 3783 honoratur
1204 3726 1466 3781 canities.
1515 3726 1801 3783 Juventus
1850 3745 2015 3784 sene-

366 3820 546 3876 ctutis
575 3818 768 3873 locum
796 3815 1055 3883 invadit;
1104 3820 1161 3870 et
1208 3815 1373 3882 illud,
1406 3815 1562 3885 quod
1598 3820 1785 3871 totum
1815 3823 1905 3871 est
1933 3816 2019 3871 di-

365 3908 590 3973 vinum,
645 3905 820 3960 datur
872 3904 943 3958 ad
1002 3901 1349 3974 praemium;
1397 3908 1455 3957 et
1508 3901 1672 3957 lucra
1708 3906 2019 3974 captantur

364 4000 616 4062 terrena,
651 3993 806 4049 unde
855 3991 1187 4047 animarum
1236 3988 1607 4045 solummodo
1653 3991 1886 4062 congeri
1925 3992 2020 4047 de-

365 4085 615 4141 buerant
670 4079 1069 4137 mercimonia.
1129 4078 1231 4134 His
1284 4077 1536 4150 denique
1593 4083 1651 4133 et
1702 4077 1854 4146 aliis,
1915 4079 2017 4151 qui

364 4170 708 4244 hujusmodi
736 4168 925 4226 solent
953 4167 1243 4232 comitari,
1276 4166 1544 4239 pessimae
1574 4167 2018 4224 ambitionisca—

360 4263 529 4318 sibus
560 4260 609 4316 si
652 4258 894 4315 forsitan
946 4261 1002 4312 te
1059 4255 1452 4327 interceptum
1502 4254 1824 4327 repereris:
1875 4254 2018 4312 laeti-

359 4350 474 4417 tiae,
509 4364 724 4421 quaeso,
758 4346 953 4403 locum
998 4345 1058 4401 in
1107 4345 1283 4401 corde
1332 4361 1403 4399 ne
1442 4344 1692 4399 dederis.
1747 4344 2014 4400 Forsitan

359 4437 519 4495 enim
547 4436 642 4493 his
671 4434 950 4507 auspiciis
979 4438 1238 4502 evectus,
1288 4433 1360 4487 ad
1407 4431 1517 4487 hoc
1563 4448 1625 4487 es
1674 4434 2011 4505 perductus,

362 4531 431 4579 ut
470 4525 617 4596 (319)
675 4524 749 4578 ad
798 4522 965 4591 illud,
1026 4539 1140 4593 quo
1198 4520 1372 4576 modo
1433 4521 1717 4593 iungeris,
1775 4521 2012 4577 honoris

2037 1914 2087 1981 Β

2043 3276 2087 3344 C

2107 635 2342 691 dustria":
2376 634 2703 690 committo.

2177 726 2265 779 25.
2300 725 2450 780 Sunt
2480 723 2667 778 multa
2715 725 3055 777 sanctorum
3106 718 3343 775 Patrum
3388 718 3516 789 jam
3561 734 3637 773 ex
3678 715 3773 773 his

2106 812 2262 868 dicta
2292 811 2541 868 diversis
2573 809 2873 883 opusculis
2904 810 3131 865 indita:
3164 807 3289 863 haec
3321 807 3531 880 relege,
3566 811 3629 863 et
3672 821 3772 862 ne-

2108 902 2331 974 gotium
2390 918 2457 955 ex
2511 900 2602 956 bis
2653 899 2757 955 tibi
2809 897 3017 954 salutis
3061 896 3320 969 acquire.
3371 895 3517 952 Mihi
3571 899 3772 950 tamen

2107 990 2357 1055 videtur,
2390 991 2532 1045 dum
2592 988 2826 1043 interim
2884 987 3007 1042 haec
3063 990 3285 1058 captas,
3347 988 3404 1041 et
3452 983 3773 1041 consilium

2108 1078 2440 1135 inveniendi
2485 1082 2542 1134 et
2592 1076 2945 1149 exsequendi
2995 1075 3149 1148 quod
3196 1073 3469 1140 dixerint,
3521 1072 3772 1128 forsitan

2109 1167 2357 1239 impedit
2386 1166 2650 1233 tarditas,
2686 1170 2750 1221 ut
2780 1164 2941 1219 nullo
2971 1163 3145 1219 modo
3193 1162 3534 1234 desperans,
3585 1160 3649 1216 in
3679 1176 3771 1228 eo,

2110 1256 2211 1328 qui
2242 1257 2443 1312 omnia
2497 1256 2633 1310 fecit
2662 1255 2733 1309 de
2765 1253 2967 1320 nihilo,
3002 1250 3250 1307 ﬁrmiter
3306 1266 3472 1322 spem
3513 1265 3770 1325 ponens,

2109 1344 2385 1417 lacrymis
2413 1350 2468 1400 te
2498 1347 2685 1399 totum
2714 1339 3018 1413 dedas,pia
3047 1356 3223 1412 opera
3254 1339 3403 1412 (320)
3437 1353 3556 1394 non
3594 1337 3773 1410 quasi

2111 1434 2212 1507 qui
2244 1433 2315 1488 ab
2347 1433 2473 1505 ipsa
2502 1431 2810 1503 incmperis
2840 1446 3113 1486 exercens
3143 1426 3411 1493 infantia,
3453 1427 3558 1483 sed
3598 1426 3774 1499 quasi

2113 1523 2214 1596 qui
2245 1526 2432 1577 totum
2462 1521 2589 1575 vitae
2622 1524 2856 1591 tempus
2901 1518 3097 1591 pravis
3147 1517 3351 1573 datum
3404 1519 3584 1588 atque
3632 1532 3775 1571 con-

2112 1615 2418 1683 sumptum
2450 1610 2673 1665 habens
2711 1606 3215 1673 delectationibus,
3263 1602 3499 1661 residuo
3543 1604 3595 1660 si
3630 1602 3776 1677 quid

2113 1701 2287 1756 datur
2342 1698 2540 1772 spatii,
2588 1698 2703 1753 Deo
2777 1701 3011 1752 tantum
3054 1699 3111 1751 te
3166 1694 3378 1750 debere
3424 1692 3778 1749 memineris

2113 1787 2457 1861 mancipari.
2491 1789 2561 1842 Et
2589 1786 2724 1841 licet
2748 1785 2932 1842 sciam
2961 1789 3018 1839 te
3047 1784 3157 1839 hoc
3187 1782 3391 1839 ordine
3420 1798 3525 1854 per
3552 1780 3778 1837 ostium

2114 1896 2231 1934 non
2258 1877 2550 1942 introisse,
2583 1875 2820 1931 aliunde
2851 1874 3048 1946 potius
3077 1872 3452 1939 ascendisse;
3514 1886 3634 1927 non
3687 1875 3780 1926 ta-

2122 1983 2255 2022 men
2308 1970 2363 2021 te
2428 1963 2663 2037 penitus
2726 1962 2909 2017 audes
2985 1960 3314 2032 desperare,
3380 1957 3482 2031 qui
3546 1961 3781 2013 tantam

2121 2055 2252 2110 novi
2306 2052 2746 2127 patrisfamilias
2796 2050 2969 2106 istius
3018 2047 3338 2122 potentiam
3385 2063 3536 2117 esse,
3591 2049 3660 2102 ut
3706 2063 3783 2102 ex

2118 2143 2248 2215 ipso
2281 2143 2406 2198 fure
2437 2147 2752 2214 pastorem,
2810 2137 2860 2195 si
2906 2138 3064 2204 velit,
3126 2136 3314 2209 possit
3366 2135 3619 2201 efﬁcere,
3675 2134 3783 2208 qui

2120 2233 2193 2287 de
2233 2230 2372 2303 lupo
2427 2247 2591 2286 ovem
2649 2243 2801 2300 saepe
2858 2226 3073 2299 legitur
3124 2224 3351 2281 fecisse.
3410 2222 3559 2290 Quid
3615 2222 3783 2279 enim

2122 2338 2238 2377 non
2273 2323 2463 2392 potzst
2492 2317 2876 2389 Omnipotens
2895 2316 2923 2371 ?
2944 2313 3084 2387 quid
3116 2330 3234 2369 non
3265 2316 3458 2385 potest
3480 2311 3596 2367 nisi
3621 2311 3784 2383 quod

2122 2426 2294 2482 posse
2325 2406 2512 2463 nolit?
2542 2407 2667 2461 Non
2696 2408 2888 2477 potest
2937 2403 3009 2457 de
3058 2401 3238 2474 impio
3290 2400 3563 2456 invasere
3610 2398 3785 2471 pium

2123 2498 2458 2571 pontificem
2485 2496 2689 2559 facere,
2723 2493 2823 2565 qui
2855 2491 3045 2564 potuit
3073 2490 3145 2546 de
3174 2488 3473 2562 lapidibus
3490 2487 3788 2545 suscitare

2124 2587 2277 2643 filios
2307 2583 2595 2641 Abrahae?
2641 2582 2850 2653 (Matth.
2912 2598 2998 2646 In,
3055 2580 3138 2653 9.)
3191 2579 3350 2635 100
3403 2578 3531 2634 Non
3589 2577 3789 2650 potuit

2124 2676 2492 2731 interfectum
2542 2673 2797 2735 reficere,
2840 2669 2940 2743 qui
3010 2667 3202 2741 potuit
3257 2683 3374 2722 non
3431 2665 3787 2723 existentem

2123 2763 2364 2819 creare?
2394 2759 2683 2826 Difflcilia,
2718 2758 2827 2824 ais,
2852 2762 2992 2812 sunt
3020 2755 3270 2811 nimium
3303 2754 3427 2810 haec
3460 2754 3596 2823 ;sed
3625 2754 3724 2809 cui
3756 2754 3789 2810 Ἰ

2125 2851 2391 2923 nunquid
2425 2849 2588 2906 Deo?
2646 2847 2793 2911 Quid
2851 2846 2939 2901 illi
2990 2842 3250 2910 difﬁcile,
3304 2843 3405 2916 qui
3451 2846 3667 2899 cuncta
3710 2842 3789 2900 de

2124 2941 2309 2997 nihilo
2343 2939 2531 3012 potuit
2562 2936 2792 2993 facere?
2824 2935 3015 3007 Ipsius
3062 2950 3178 2989 non
3205 2932 3423 2988 audisti
3455 2931 3630 2988 hodie
3660 2948 3787 2988 ser-

2125 3045 2358 3085 monem
2390 3026 2640 3082 dicentis
2671 3042 2684 3081 :
2719 3024 2779 3079 Si
2803 3032 2949 3096 potes
2977 3022 3214 3090 credere,
3244 3022 3435 3077 omnia
3488 3022 3790 3092 possibilia

2123 3118 2428 3174 credentis?
2457 3116 2639 3187 (Marc,
2698 3130 2773 3180 1x,
2825 3114 2937 3177 32.)
2968 3111 3171 3167 Nescis
3220 3109 3280 3165 in
3344 3110 3519 3165 rebus
3549 3124 3792 3182 quoque

2127 3206 2407 3262 humanis
2438 3202 2780 3276 hujusmodi
2804 3201 3003 3257 haberi
3022 3198 3529 3266 consuetudinem,
3545 3203 3791 3255 uttanto

2127 3295 2260 3369 plus
2291 3294 2565 3350 laudetur
2601 3292 2887 3355 medicus,
2945 3294 3167 3362 quanto
3216 3287 3792 3360 amplius'despera-

2129 3385 2304 3440 batur
2331 3386 2585 3454 aegrotus
2618 3396 2631 3435 :
2663 3395 2797 3434 cum
2829 3383 2888 3434 et
2915 3394 3032 3450 quo
3063 3375 3425 3448 desperatior
3462 3376 3679 3431 anima:
3710 3376 3794 3433 sit

2128 3471 2336 3527 mortis
2366 3468 2613 3532 occasio,
2645 3471 2808 3522 tanto
2840 3466 3038 3539 plures
3066 3464 3418 3538 plerumque
3434 3463 3643 3521 eodem
3668 3481 3794 3520 cor»

2127 3560 2396 3631 rigantur
2422 3555 2730 3628 exemplo?
2779 3555 2926 3610 Hinc
2978 3554 3134 3609 enim
3167 3553 3411 3626 quidam
3446 3556 3792 3609 nostrorum

2128 3648 2270 3703 dicit
2326 3647 2531 3703 eodem
2592 3660 2769 3700 sensu
2830 3642 3135 3715 praemisso
3171 3659 3185 3698 :
3221 3641 3351 3697 Vide
3377 3641 3574 3709 David,
3607 3644 3795 3698 consi-

2126 3738 2259 3793 dera
2289 3740 2534 3804 Petrum,
2591 3748 2825 3805 quorum
2879 3746 2984 3803 quo
3038 3730 3243 3801 gradus
3298 3730 3489 3796 altior,
3535 3746 3600 3786 eo
3631 3746 3794 3787 casus

2127 3828 2351 3896 gravior
2378 3841 2397 3879 :
2427 3839 2532 3895 quo
2562 3830 2745 3877 autem
2773 3836 2929 3875 casus
2950 3822 3195 3889 gravior,
3226 3834 3287 3875 eo
3309 3819 3485 3890 pietas
3521 3822 3793 3890 erigentis

2126 3916 2356 3984 gratior.
2412 3912 2574 3968 Unde
2628 3914 2686 3966 et
2733 3910 2888 3964 idem
2946 3908 3125 3964 nimis
3179 3906 3422 3980 pulchre
3481 3909 3794 3965 consuevit

2127 4018 2337 4058 orare:
2398 4002 2559 4067 Deus,
2618 3999 2718 4072 qui
2770 3998 3227 4069 omnipatcntiam
3300 4003 3458 4052 tuam
3513 3997 3791 4068 parcendo

2125 4090 2366 4144 maxime
2401 4095 2452 4142 et
2497 4085 2810 4142 miserando
2864 4086 3210 4155 manifestas,
3256 4083 3576 4155 multiplica
3628 4100 3796 4157 super

2124 4193 2222 4232 nos
2250 4174 2690 4231 misericordiam
2729 4181 2902 4228 tuam.
2950 4170 3099 4237 Quid
3149 4170 3307 4226 enim
3357 4169 3409 4226 si
3466 4171 3593 4226 haec
3644 4188 3793 4228 cun-

2125 4270 2219 4321 cta
2272 4264 2403 4319 ideo
2432 4263 2515 4317 ita
2565 4261 2835 4335 permisit
2888 4260 3168 4329 incidere,
3224 4263 3289 4314 ut
3317 4258 3570 4314 haberes
3628 4261 3788 4315 unde

2124 4370 2259 4409 eum
2309 4351 2564 4424 amplius
2611 4367 2815 4422 posses
2868 4348 3133 4415 laudare,
3183 4347 3383 4405 sinens
3427 4347 3703 4404 videlicet
3731 4354 3790 4404 te

2124 4440 2439 4516 periclitari
2470 4440 2531 4494 in
2564 4438 2855 4511 pluribus,
2893 4441 2961 4493 ut
3008 4438 3137 4492 sine
3184 4436 3412 4491 defectu
3444 4435 3738 4493 clamares
3758 4437 3791 4492 Ἰ

2124 4530 2273 4598 Quid
2305 4529 2355 4584 si
2381 4533 2436 4583 te
2467 4525 2996 4600 exemplumvoluit
3024 4541 3156 4581 esse
3178 4524 3409 4592 talium,
3461 4524 3561 4597 qui
3613 4526 3786 4597 (proh

364 4609 688 4699 fastigium,
733 4609 928 4699 aliquo
977 4608 1273 4699 saecularis
1320 4608 1581 4699 suffragii
1611 4609 1928 4699 Ajlivamine
1958 4614 2015 4664 te
2045 4634 2092 4699 D
2124 4618 2344 4679 dolorl)
2373 4615 2880 4671 innumerabiliter
2920 4614 3004 4669 ita
3047 4612 3222 4669 hodie
3278 4629 3381 4685 per
3434 4614 3783 4670 universum

364 4696 673 4769 contigerit
697 4697 1050 4751 ascendisse.
1100 4696 1264 4759 Quod
1295 4696 1344 4751 si
1389 4696 1472 4751 ita
1500 4712 1563 4752 se
1610 4696 1803 4765 habet,
1833 4714 2015 4769 quan-

361 4791 491 4842 tum
550 4784 844 4857 lugendus
891 4784 996 4850 sis,
1044 4800 1314 4839 enarrare
1384 4801 1502 4839 non
1561 4784 1788 4840 sufficio
1846 4786 2010 4854 satis,

362 4873 594 4930 etiamsi
625 4872 824 4928 omnia
853 4871 1120 4927 membra
1148 4871 1407 4943 corporis
1454 4872 1847 4929 cunctimodis
1874 4890 2012 4929 con-

362 4964 601 5033 crepent
629 4959 1090 5032 linguis.Verum
1124 4974 1193 5014 ne
1226 4964 1395 5031 putes
1417 4958 1630 5015 mehoo
1643 4960 1770 5015 ideo
1800 4962 2009 5030 dicere,

365 5048 523 5120 quod
552 5053 606 5104 te
633 5052 733 5103 aut
761 5047 1010 5117 dejicere
1032 5051 1132 5102 aut
1151 5046 1324 5102 velim
1355 5047 2012 5118 desperare.Coneilium

434 5312 580 5382 (317)
613 5312 797 5383 Locus
828 5312 887 5383 in
919 5310 1174 5383 vulgatis
1202 5309 1638 5383 luxatus;quem
1662 5328 1907 5383 sanasse
1935 5316 2016 5371 vi-

364 5380 575 5439 demur
605 5382 805 5437 addita
833 5382 928 5437 hic
959 5380 1247 5452 et'postea
1288 5380 1573 5452 particula
1600 5382 1709 5437 sed.

438 5454 580 5523 (318)
614 5453 898 5507 Construe
933 5469 945 5507 :
978 5453 1109 5507 dum
1140 5453 1297 5523 nulla
1326 5469 1427 5505 sua
1456 5454 1595 5507 bona
1642 5454 2009 5523 considerant,

288 5566 289 5573 η
362 5526 473 5578 imo
504 5522 699 5578 nolunt
728 5524 905 5593 (eum)
964 5523 1162 5577 habere
1208 5522 1327 5594 ulla
1356 5539 1457 5577 sua
1476 5539 1497 5582 ,·
1551 5525 1602 5577 si
1631 5540 1740 5594 qua
1776 5522 2013 5584 viderint

367 5596 505 5649 bona
537 5599 654 5660 tua,
686 5596 870 5664 statim
898 5595 1172 5664 incipiant
1194 5593 1442 5657 laudare,
1474 5598 1581 5648 etc.

437 5665 583 5735 (319)
615 5663 811 5737 Vulg.,
844 5672 894 5720 et
921 5663 1083 5734 illud,
1117 5681 1441 5737 perperam,

2117 5604 2325 5679 prain's,
2352 5606 2667 5679 memineris
2723 5604 2787 5679 die.

2119 5675 2337 5735 residuo
2368 5678 2556 5749 spatii,
2586 5678 2637 5732 si
2665 5675 2797 5748 quid
2816 5675 2999 5732 datur.

2123 4707 2515 4763 instituuntur
2563 4702 2865 4770 saeculum,
2915 4706 2981 4757 ut
3010 4702 3245 4773 capiant
3301 4700 3787 4775 aliquodcunque

2124 4798 2195 4851 de
2253 4811 2315 4851 se
2372 4809 2607 4865 quoque
2663 4792 2777 4864 ipsi
2829 4790 3164 4857 consilium,
3220 4790 3364 4845 dum
3420 4794 3478 4846 te
3527 4790 3791 4847 viderint

2123 4883 2536 4940 resuscitatum
2568 4896 2743 4952 quem
2776 4883 3057 4935 noverant
3085 4878 3462 4944 exstinctum,
3487 4892 3607 4949 quo
3639 4894 3786 4934 ana-

2122 4970 2400 5027 thematis
2427 4968 2674 5035 lethum,
2707 4967 2757 5023 si
2784 4966 2909 5023 ﬁeri
2940 4965 3146 5039 possit,
3175 4965 3425 5022 evadant
3451 4966 3785 5022 canonibus

2122 5058 2583 5133 promulgatum,
2643 5055 3228 5128 maledictionemque
3284 5070 3322 5111 a
3376 5070 3438 5110 se
3482 5053 3786 5127 expellant

2195 5326 2342 5390 (320)
2373 5323 2434 5378 Id
2467 5324 2557 5378 est
2587 5336 2839 5376 exercens
2874 5321 2982 5392 pia~
2999 5335 3183 5392 opera,
3221 5335 3339 5392 non
3363 5321 3524 5392 quasi
3557 5320 3662 5391 qui
3690 5320 3782 5392 inf

2121 5389 2347 5467 cmperis
2377 5395 2445 5450 ab
2476 5393 2719 5467 infantia
2749 5389 3545 5467 ipsa,sed(hanc_particulam
3569 5389 3783 5467 sensui

2123 5462 2513 5546 necessariam
2540 5462 2970 5546 'supplevimus)
3246 5462 3578 5546 quatiat-ens
3604 5465 3785 5546 totum

2123 5542 2332 5608 tempus
2362 5538 2491 5592 vitae
2518 5535 2706 5589 datum
2728 5538 2888 5658 atzuc
2915 5533 3294 5604 amsumptum
3322 5533 3782 5588 delectationibus

2123 5610 2325 5660 crauis.
2352 5606 2667 5660 memineris
2723 5604 2787 5659 de
2824 5620 2911 5659 ere
2966 5613 3015 5660 te
3061 5606 3373 5660 mancipari
3429 5612 3648 5660 tantum
3681 5606 3782 5660 Dso

2824 5620 2911 5678 ere
2966 5620 3015 5660 ιε
3061 5622 3371 5678 manapart
3429 5620 3648 5660 tantum
3681 5620 3785 5660 υδο
