3936 6416
159 456 272 523 309

1124 461 1777 537 PRAELOQUIORUM
1820 460 2032 529 LIBRI
2078 465 2251 532 SEX.
2283 501 2363 517 —
2392 467 2543 534 LIB.
2590 465 2666 536 ν.

3472 468 3617 555 310,

155 592 441 668 principis
471 592 875 668 apostolorum
905 612 1011 670 per
1051 596 1425 657 clementiam
1470 601 1572 657 Dei
1623 606 1682 660 et
1710 602 1819 660 Do-
1844 599 1902 666 Α
1929 601 2007 655 tis
2038 602 2157 658 tuis
2185 601 2296 659 hoc
2316 603 2421 661 tibi
2452 604 2759 673 accidisse,
2791 609 2850 662 et
2879 605 3109 663 minora
3151 602 3404 663 multum
3437 623 3591 677 esse,

155 683 294 741 mini
325 683 775 757 apostolorum?
804 686 953 744 Nam
985 692 1044 745 et
1072 706 1177 763 pro
1207 689 1378 747 nobis
1409 688 1506 748 ille
1536 691 1660 749 ﬁeri
1692 692 1816 768 dig-

154 778 324 831 natus
349 779 446 831 est
476 774 858 833 maledictum
906 776 1047 843 (Gal.
1091 796 1176 847 III,
1229 781 1339 849 13),
1375 786 1440 837 ut
1487 799 1593 839 nos
1626 801 1660 840 a
1689 800 1813 840 ma-

150 863 358 921 ledicto
389 864 711 922 redimeret
757 883 872 922 non
916 870 1148 925 tantum
1179 868 1347 942 legis,
1381 872 1483 927 sed
1536 877 1595 929 et
1637 873 1811 946 origi-

150 953 374 1013 nalium
426 959 606 1028 atque
653 956 978 1013 actualium
1029 958 1386 1027 criminum;
1440 965 1673 1019 tantum
1724 969 1813 1020 est

150 1060 217 1101 ne
262 1045 569 1117 desperes,
619 1061 692 1101 ne
741 1046 996 1117 segniter
1041 1065 1202 1121 agas,
1257 1067 1329 1105 ne
1385 1051 1458 1106 ad
1511 1052 1808 1109 dexteram

149 1150 246 1206 per
273 1132 623 1201 elationem,
646 1150 720 1191 ne
747 1135 819 1191 ad
867 1134 1171 1193 sinistram
1224 1138 1498 1195 deﬂectas
1545 1158 1649 1212 per
1676 1141 1807 1198 des-

148 1224 554 1296 perationem;
616 1240 686 1279 ne
740 1223 1022 1296 qualitate
1080 1226 1241 1292 boni,
1298 1232 1401 1283 aut
1456 1230 1805 1301 quantitate,

145 1316 207 1367 ut
248 1312 476 1369 assolet
519 1312 666 1380 ﬁeri,
714 1313 854 1369 mali
904 1313 1166 1381 fallaris;
1198 1333 1269 1373 ne
1314 1316 1561 1373 aliorum
1610 1335 1806 1377 mores

140 1400 396 1469 intuens,
429 1407 487 1459 te
515 1406 619 1458 aut
647 1407 988 1477 arroganter
1028 1405 1240 1479 erigas,
1273 1410 1377 1464 aut
1424 1408 1807 1481 desperanter

140 1490 422 1547 humilies
450 1509 463 1559 ;
497 1508 638 1548 neve
668 1492 864 1550 locum
895 1494 1226 1551 adversario
1250 1495 1307 1551 in
1330 1498 1640 1572 temetipso
1664 1499 1807 1555 ulte-

137 1580 257 1635 rius
286 1580 549 1649 tribuas,
582 1598 656 1638 ne
688 1583 845 1655 quod
893 1582 1002 1640 tibi
1045 1584 1362 1658 contigisse
1410 1586 1593 1653 doles,
1627 1587 1804 1644 alicui

138 1668 398 1740 [subaudi
477 1669 838 1743 contingere]
928 1676 1240 1744 {quantum
1327 1673 1550 1731 scilicet
1632 1677 1807 1732 reniti

135 1756 480 1830 prevaleas)
538 1776 847 1832 nunquam
907 1761 1218 1827 concedas,
1278 1779 1383 1819 nec
1412 1762 1531 1819 labi
1585 1768 1641 1821 te
1680 1782 1807 1820 am-

136 1844 287 1919 plius
347 1847 523 1904 sinas
579 1848 641 1904 in
697 1847 918 1905 talibus
971 1853 1075 1905 aut
1130 1850 1307 1907 etiam
1360 1851 1679 1921 similibus,
1713 1871 1824 1915 co-.

1926 706 2106 762 quam
2164 691 2446 765 iniquitas
2494 698 2598 750 tua
2666 695 3025 763 merebatur,
3090 696 3361 769 proﬁtere
3420 697 3588 769 (325).

1925 778 2155 853 Robigo
2186 782 2343 838 enim
2375 787 2675 841 tantorum
2709 784 2997 841 scelerum
3031 785 3301 841 consumi
3347 803 3462 841 non
3495 802 3593 857 po-

1922 868 2054 934 tuit,
2088 870 2199 927 nisi
2227 870 2360 944 igne
2384 871 2748 930 diversarum
2783 874 3363 946 pmnarum.Exsulta
3394 875 3591 948 itaque

1921 960 2188 1031 gaudens
2216 961 2276 1016 in
2310 961 2559 1018 Domino
2591 962 2915 1031 humiliter,
2950 964 3106 1035 quod
3140 964 3198 1018 in
3230 964 3339 1019 hoc
3372 963 3588 1020 saeculo

1920 1047 2137 1120 partim
2171 1049 2275 1105 tibi
2327 1050 2574 1124 contigit
2610 1051 3082 1107 vicissitudinem
3116 1052 3412 1108 malorum
3444 1053 3585 1108 reci-

1919 1152 2076 1208 pere,
2110 1154 2239 1208 quze
2285 1138 2345 1193 in
2395 1138 2494 1195 illo
2526 1140 2608 1211 [id
2655 1150 2735 1197 est
2786 1140 2845 1195 in
2898 1141 3092 1196 futuro
3136 1141 3369 1213 saeculo]
3422 1141 3587 1198 valde

1918 1227 2304 1282 metuendum
2350 1234 2475 1284 erat
2519 1228 2698 1285 simul
2750 1230 2951 1285 omnia
2982 1230 3151 1298 ferre,
3194 1248 3327 1286 cum
3364 1231 3445 1285 nil
3480 1232 3585 1286 im-

1914 1314 2189 1386 punitum
2223 1321 2452 1373 constet
2482 1318 2667 1374 Deum
2700 1318 3030 1390 relinquere
3066 1336 3080 1375 :
3106 1336 3211 1375 suo
3238 1324 3432 1375 autem
3458 1337 3585 1392 pec-

1915 1409 2043 1460 cato
2073 1405 2331 1476 przedieti
2363 1405 2659 1471 (326,1hoc
2710 1408 2885 1463 modo
2940 1407 3130 1463 solent
3184 1410 3314 1479 ejus
3361 1409 3584 1464 miseri-

1914 1493 2114 1548 cordia
2140 1492 2396 1550 liberari.
2430 1495 2635 1552 Temet
2664 1494 2863 1567 itaque
2905 1495 3271 1552 incessanter
3320 1497 3376 1551 in
3411 1514 3579 1552 cons-

1914 1585 2087 1653 pectu
2111 1580 2269 1637 illius
2299 1584 2743 1655 accusa,sicque
2773 1600 2908 1639 cum
2941 1584 3229 1656 Propheta
3265 1584 3530 1640 declama
3562 1603 3575 1642 :

1914 1671 2100 1725 Justus
2130 1686 2203 1736 es,
2233 1671 2483 1739 Domine;
2516 1678 2568 1725 et
2610 1680 2820 1727 rectum
2860 1671 3140 1741 judicium
3192 1680 3349 1726 tuum
3408 1674 3575 1743 (Psal.

1915 1773 2108 1822 cxvm,
2161 1758 2325 1827 137);
2371 1763 2429 1814 et
2474 1774 2611 1814 cum
2661 1758 2774 1815 alio
2809 1777 2823 1815 :
2853 1763 3047 1815 Justus
3092 1776 3169 1826 es,
3219 1761 3468 1828 Domine,
3518 1764 3579 1817 in

1914 1846 2166 1902 omnibus
2224 1861 2351 1918 qua?
2397 1847 2685 1903 reddidisti
2739 1848 2895 1904 nobis
2941 1849 3105 1915 (Dan.
3165 1866 3250 1916 IIl,
3305 1851 3575 1917 27);et:

137 1934 326 2007 gitana
406 1953 595 2009 quam
668 1936 909 1993 difﬁcile
973 1937 1157 1995 elisus
1208 1938 1352 2013 erigi
1423 1940 1619 1999 valeas
1676 1960 1806 1999 rur-
1837 1971 1886 2037 Β
1921 1935 2121 1991 omnia
2167 1950 2294 2008 qua?
2338 1936 2526 2009 fecisti
2569 1936 2747 2003 ηοὺίδ,
2793 1938 3041 2005 Πονηίηθν
3090 1940 3149 1993 in
3203 1954 3329 1994 υενθ
3364 1939 3579 2011 indic“

196 2114 288 2168 26.
336 2111 601 2169 Pulchre
652 2118 853 2171 autem
908 2118 966 2172 te
1019 2115 1260 2188 quidam
1317 2118 1523 2191 tuique
1580 2120 1805 2179 similes

139 2202 401 2275 satisque
426 2201 675 2268 utiliter,
709 2200 847 2259 licet
876 2203 1051 2275 paulo
1083 2204 1286 2262 mitius
1316 2223 1494 2279 quam
1526 2225 1654 2265 sese
1697 2227 1799 2266 au-

137 2292 371 2349 ctoritas
404 2308 707 2348 canonum
739 2291 975 2359 habeat,
1018 2300 1354 2352 commonet
1385 2296 1585 2353 dicens
1618 2316 1631 2355 :
1666 2299 1797 2368 Qui-

136 2396 341 2455 cunque
402 2381 545 2438 tales
570 2388 723 2455 sunt,
756 2382 813 2436 si
864 2382 1081 2450 nolunt,
1132 2386 1383 2440 veniente
1433 2387 1678 2452 Domino,
1734 2389 1799 2445 de

138 2472 371 2528 Ecclesia
402 2471 665 2542 auferri;
694 2472 956 2542 auferant
1000 2479 1054 2527 et
1081 2474 1195 2543 ipsi
1240 2475 1349 2529 ista
1378 2474 1527 2544 (321)
1571 2476 1655 2536 (id
1708 2482 1799 2533 est

139 2574 201 2615 ea
228 2577 357 2632 quae
411 2558 704 2615 Dominus
754 2558 814 2613 in
862 2559 1083 2632 tcmplo
1126 2560 1220 2634 agi
1258 2562 1482 2628 videns,
1533 2564 1685 2621 facto
1723 2566 1795 2623 de

139 2646 427 2704 resticulis
458 2647 778 2703 vindicavit
810 2647 1063 2721 ﬂagello)
1108 2649 1175 2705 de
1216 2650 1475 2708 cordibus
1515 2655 1654 2721 suis,
1697 2671 1798 2711 nec

139 2738 340 2808 faciant
368 2738 599 2795 domum
632 2739 740 2793 Dei
764 2737 987 2795 domum
1014 2742 1424 2809 negotiationis.
1461 2744 1676 2800 Horum
1700 2762 1800 2801 au-

139 2829 259 2883 tem-
284 2828 558 2884 omnium
592 2828 833 2894 (322)....
866 2829 1151 2886 sacratico
1180 2829 1281 2887 illo
1331 2832 1619 2905 exemplo,
1681 2850 1797 2906 quo

140 2915 270 2973 dicit
317 2935 331 2975 :
379 2919 523 2975 Sum
569 2917 790 2990 quidem
841 2918 1423 2987 libidinosus;meum
1479 2931 1561 2979 est
1617 2924 1798 2995 ipsam

140 3006 275 3062 161
312 3007 609 3064 libidinem
632 3023 927 3078 superare;
954 3012 1067 3063 tuae
1113 3009 1336 3077 virtuti,
1370 3014 1483 3066 tua:
1532 3011 1792 3081 cautelze,

139 3095 248 3151 tuis
276 3095 360 3151 nil
408 3096 753 3153 committas
790 3097 1016 3154 viribus
1047 3115 1061 3166 ;
1093 3097 1257 3156 illius
1302 3104 1464 3156 totus
1507 3103 1795 3159 contende

142 3198 279 3253 esse,
302 3189 483 3257 atque
517 3186 651 3257 ejus
689 3189 746 3242 te
787 3190 979 3243 totum
1002 3187 1327 3253 committe,
1378 3189 1571 3246 nitens
1619 3192 1793 3247 corde

1912 2026 2134 2096 fecisti;
2181 2027 2311 2096 quia
2342 2028 2692 2097 peccavimus
2736 2027 2840 2081 tibi
2882 2026 3066 2098 (Ibid.,
3116 2028 3247 2095 31);
3281 2031 3339 2082 et
3379 2043 3392 2082 :
3425 2029 3576 2083 Iram

1910 2115 2135 2170 Domini
2178 2116 2472 2183 sustinebo,
2520 2118 2785 2187 quoniam
2820 2118 3044 2189 peccavi
3098 2118 3192 2182 ei,
3235 2116 3407 2174 donec
3461 2119 3575 2190 ipse

1900 2204 2166 2276 justz'ﬁcet
2190 2220 2415 2260 causam
2443 2220 2622 2260 meam
2649 2203 2828 2277 (Mich.
2860 2222 2962 2272 vn,
2985 2206 3063 2278 9).

1976 2295 2067 2348 27.
2101 2297 2166 2348 In
2218 2293 2347 2365 ipsa
2396 2297 2595 2349 autem
2638 2293 3017 2350 tribulatione
3068 2311 3174 2350 nec
3230 2298 3287 2351 te
3338 2296 3571 2352 dederis

1907 2381 2190 2454 segnitia},
2225 2383 2394 2455 quasi
2446 2387 2643 2438 certus
2686 2386 2843 2453 (cum
2875 2387 2933 2439 et
2978 2400 3049 2439 ex
3098 2382 3210 2439 hoc
3258 2384 3571 2457 desperare

1905 2487 2024 2526 non
2052 2471 2268 2527 debeas
2300 2471 2557 2543 penitus)
2591 2488 2696 2543 pro
2746 2471 2854 2527 hac
2904 2489 3076 2544 paena
3105 2472 3304 2527 omnia
3341 2473 3446 2527 tibi
3480 2491 3570 2529 re-

1906 2560 2220 2626 missa,aut
2250 2565 2404 2615 certe
2437 2565 2663 2631 partem
2694 2559 3029 2631 graviorum
3059 2559 3165 2614 tibi
3199 2565 3569 2631 peccatorum

1905 2650 2060 2705 162
2109 2648 2408 2704 donatam.
2452 2647 2701 2721 Vigiliis,
2757 2647 3142 2716 orationibus,
3196 2653 3254 2702 et
3305 2647 3569 2719 jejuniis,

1905 2742 2117 2809 praeter
2146 2737 2267 2792 haec
2299 2754 2427 2809 quae
2460 2736 2782 2792 necessitas
2813 2752 2985 2808 agere
3011 2735 3185 2809 cogit,
3219 2736 3481 2793 crebrius
3515 2742 3572 2793 et

1905 2825 2215 2882 sollicitius
2248 2826 2476 2893 insiste,
2489 2824 2728 2897 ignarus
2740 2824 3007 2881 videlicet
3024 2842 3138 2898 quo
3153 2826 3234 2882 sis
3254 2843 3570 2899 percussus

1906 2914 2117 2987 ﬂagelli
2151 2918 2591 2988 genere,utrum
2643 2932 2711 2971 eo
2743 2932 2860 2987 quo
2907 2915 3285 2989 corriguntur
3332 2915 3460 2986 ﬁlii,
3492 2933 3567 2972 an

1904 3002 2003 3059 illo
2026 3020 2140 3076 quo
2173 3002 2547 3077 ﬂagellantur
2576 3004 2746 3073 servi,
2788 3008 2890 3060 aut
2918 3004 3247 3076 puniuntur
3290 3004 3562 3060 maleﬁci.

1903 3093 2049 3148 Cum
2076 3092 2568 3166 enim,Scriptura
2590 3094 2957 3160 teste,omnis
2980 3093 3135 3149 ﬁlius
3162 3094 3261 3166 qui
3289 3093 3568 3166 recipitur

1903 3182 2225 3256 castigetur
2255 3183 2435 3255 (Hebr.
2487 3200 2587 3250 xu,
2631 3184 2723 3250 6);
2755 3182 2944 3239 multa
2982 3182 3211 3256 ﬂagella
3243 3183 3565 3256 peccatoris

140 3276 189 3327 et
238 3274 537 3342 manibus,
599 3274 898 3341 custodiae,
960 3276 1055 3331 cui
1101 3280 1160 3332 te
1224 3294 1438 3344 creare,
1503 3278 1791 3337 redimere
1837 3343 1862 3345 _,
1900 3273 2073 3342 (Psal.
2109 3289 2262 3339 xxvr,
2297 3272 2408 3338 10),
2442 3270 2709 3344 laqueus,
2747 3271 2922 3345 ignis,
2956 3271 3291 3344 sulphur,et
3319 3272 3564 3344 spiritus

142 3360 363 3434 placuit,
396 3367 455 3419 et
490 3380 701 3420 vocare
757 3364 925 3437 (323).
986 3365 1117 3437 Ipse
1174 3370 1230 3423 te
1287 3343 1581 3425 ουειρἀιιρ
1640 3369 1791 3425 valet
1820 3343 1865 3412 (ἶ
1903 3361 2290 3434 procellarum
2333 3343 2533 3433 (Psal.
2569 3378 2626 3425 x,
2654 3361 2727 3429 7),
2756 3343 2813 3415 et
2842 3377 2977 3415 cum
3006 3343 3318 3416 videantur
3361 3343 3564 3414 omni-

141 3450 300 3522 paulo
323 3451 719 3525 erectum,qui
750 3446 934 3508 voluit
956 3453 1179 3526 erigere
1201 3456 1437 3527 penitus
1462 3457 1787 3527 dejectum;

144 3538 256 3612 ipse
284 3542 585 3597 continere
616 3558 851 3610 sanum,
884 3542 983 3614 qui
1015 3560 1223 3599 sanare
1243 3544 1428 3601 voluit
1449 3546 1785 3614 contritum;

145 3625 256 3699 ipse
283 3630 575 3704 perpetim
625 3630 855 3687 efﬁcere
883 3632 1162 3704 spudium
1209 3635 1379 3705 (32i),
1434 3635 1533 3708 qui
1587 3640 1793 3691 contra

148 3722 397 3774 naturam
446 3720 719 3791 citraque
775 3737 1012 3777 omnem
1070 3737 1236 3793 spem
1286 3722 1562 3795 colligere
1606 3723 1793 3779 voluit

148 3805 305 3861 etiam
337 3807 1003 3873 infatuatum.Quamvis
1036 3815 1233 3867 autem
1258 3810 1385 3867 sine
1407 3811 1507 3867 illo
1538 3811 1621 3867 nil
1654 3812 1791 3867 boni

149 3895 344 3965 possis,
398 3897 614 3954 saltem
667 3915 773 3955 nec
828 3898 997 3967 velle,
1053 3899 1270 3956 nedum
1331 3901 1538 3968 facere,
1593 3906 1789 3957 tamen

148 3997 242 4039 nec
269 3984 391 4041 sine
444 3991 554 4042 tuo
608 3985 912 4059 aliquanto
960 3990 1269 4046 conamine
1317 3990 1522 4046 credas
1569 3995 1626 4047 te
1680 3990 1792 4047 sal-

148 4072 384 4130 vandum
414 4075 781 4132 omnimodis
814 4076 956 4147 fore,
983 4095 1118 4135 cum
1151 4078 1225 4134 ob
1267 4078 1325 4134 id
1379 4078 1790 4135 rationabilem

150 4161 199 4214 te
225 4177 257 4216 a
285 4166 393 4219 Deo
422 4169 690 4221 creatum
738 4166 888 4222 scire
941 4165 1134 4239 possis
1176 4166 1525 4237 certissime,
1560 4167 1792 4225 indulta

153 4248 352 4306 arbitrii
400 4250 699 4309 libertate.
748 4253 861 4327 Ipsi
915 4271 1053 4327 ergo
1093 4272 1210 4312 non
1251 4256 1465 4329 raptim
1508 4261 1565 4314 et
1616 4257 1787 4331 quasi

153 4335 203 4391 in
222 4341 482 4412 transitu,
520 4342 920 4400 indesinenter
958 4344 1240 4401 inhazrere
1271 4346 1463 4411 stude,
1495 4363 1630 4401 cum
1674 4364 1788 4419 quo

154 4438 264 4483 esse
286 4430 393 4486 nisi
415 4431 669 4487 feliciter
696 4433 1021 4505 potes,sine
1048 4449 1165 4505 quo
1187 4451 1314 4490 esse
1345 4433 1457 4489 nisi
1484 4433 1792 4491 infeliciter

152 4514 310 4573 vales.
340 4521 503 4585 Quod
552 4521 603 4577 si
653 4521 808 4577 inter
849 4521 991 4588 haec,
1016 4522 1184 4594 justo
1234 4522 1353 4578 imo
1398 4523 1666 4596 piissimo
1690 4524 1788 4595 ju-

155 4601 263 4661 dice
282 4608 741 4665 misericorditer
759 4609 1239 4683 disponente,tibi
1253 4609 1449 4684 aliqua
1466 4612 1791 4669 adversitas

1901 3452 2092 3506 modis
2125 3450 2244 3505 haec
2275 3448 2685 3515 intolerabilia,
2720 3454 2917 3503 tamen
2952 3465 3069 3502 non
3102 3447 3283 3525 totius
3315 3463 3451 3517 pars
3477 3452 3567 3501 est

1900 3539 2098 3595 calicis
2152 3555 2354 3593 eorum
2388 3537 2571 3609 (Ibid,
2602 3537 2653 3601 8)
2683 3553 2696 3602 ;
2732 3540 2790 3590 et
2821 3551 2834 3589 :
2869 3536 3045 3603 Plaga
3090 3534 3395 3590 insanabili
3434 3550 3564 3604 pcr-

1901 3629 2045 3683 cussi
2069 3636 2119 3682 te
2145 3626 2506 3694 castigatione
2535 3623 2748 3679 crudeli
2778 3624 2908 3691 (Jer.
2934 3639 3065 3690 xxx,
3104 3623 3187 3682 10)
3214 3640 3226 3689 ;
3261 3620 3522 3694 itemque
3550 3639 3563 3679 :

1903 3716 2043 3785 Quid
2074 3717 2279 3770 clamas
2308 3714 2378 3769 ad
2405 3730 2493 3768 me
2510 3729 2675 3784 super
2702 3712 3029 3768 contritione
3059 3720 3155 3767 tua
3175 3715 3201 3765 .9
3228 3712 3564 3767 Insatiabilis

1900 3813 1978 3861 est
2002 3806 2158 3859 dolor
2180 3812 2307 3859 tuus
2346 3803 2529 3868 (lbid.,
2570 3804 2649 3868 l5;
2678 3820 2692 3870 ;
2729 3818 3081 3874 pmnamque
3130 3801 3471 3858 describens
3504 3801 3561 3856 in

1901 3898 2181 3949 aeternum
2214 3893 2650 3961 damnatorum,
2682 3892 3009 3960 Induantur,
3043 3890 3256 3964 inquit,
3292 3891 3433 3946 sicut
3476 3891 3560 3946 di-

1894 3974 2080 4057 ploide
2106 3985 2423 4055 confusione
2441 3998 2542 4038 sua
2575 3982 2747 4050 (Psal.
2797 3998 2950 4049 cvm,
2996 3982 3127 4057 82);
3164 3980 3321 4037 unde
3368 3983 3426 4035 et
3470 3980 3561 4035 bis

1898 4072 2055 4129 idem
2088 4073 2147 4129 in
2174 4071 2401 4147 psalmo
2432 4075 2704 4144 precatur
2738 4089 2751 4127 :
2783 4072 3031 4137 Domine,
3062 4087 3133 4126 ne
3160 4072 3222 4125 in
3250 4071 3441 4140 furore
3469 4078 3560 4125 tuo

1898 4180 2101 4235 arguas
2129 4179 2216 4219 me
2245 4163 2415 4232 (Psal.
2451 4179 2527 4229 vn,
2562 4163 2675 4233 37.)
2708 4161 2872 4218 Alius
2902 4165 3099 4215 autem
3132 4176 3146 4214 :
3185 4160 3411 4231 Corripe
3452 4176 3561 4226 me,

1900 4252 2003 4318 ait,
2035 4253 2280 4318 Domine,
2318 4254 2725 4305 verumtamen
2786 4250 2847 4303 in
2902 4248 3283 4303 misericordia
3334 4252 3394 4302 et
3442 4264 3559 4303 non

1898 4344 1959 4398 in
1986 4345 2176 4414 furore
2206 4343 2319 4403 tuo,
2342 4354 2411 4393 ne
2438 4339 2578 4409 forte
2608 4337 2678 4392 ad
2708 4336 2952 4390 nihilum
2981 4335 3199 4403 redigas
3229 4351 3314 4389 me
3340 4334 3471 4405 (Jer.
3504 4352 3561 4405 x,

1899 4430 2152 4500 44).Quae
2185 4426 2384 4484 omnia
2414 4443 2549 4481 cum
2603 4425 2676 4480 ad
2727 4423 2872 4479 illud
2922 4422 3133 4496 ﬂagelli
3186 4438 3396 4495 genus,
3446 4440 3560 4494 quo

1899 4518 2165 4590 exemplo
2199 4515 2519 4571 Pharaonis
2550 4519 2608 4569 et
2637 4513 2883 4569 Herodis
2922 4518 2979 4567 et
3009 4512 3067 4567 in
3109 4511 3382 4585 praesenti
3414 4516 3470 4567 et
3499 4511 3559 4566 in

1901 4611 2100 4665 futuro
2130 4605 2295 4678 impii
2327 4602 3102 4677 ﬂagellantur;perpenderis
3130 4602 3560 4675 pertinere;uo-

156 4696 402 4778 evenerit,
434 4703 537 4754 aut
568 4698 931 4755 inﬁrmitatis
962 4698 1203 4768 scilicet,
1236 4703 1339 4755 aut
1357 4700 1557 4756 damni
1590 4716 1788 4756 rerum
1820 4712 1866 4778 1)
1895 4698 2069 4764 veris,
2103 4700 2249 4752 teste
2294 4692 2593 4767 Gregorio,
2626 4692 2783 4749 solos
2829 4691 3080 4766 ﬂagellis
3132 4690 3561 4764 temporalibus

157 4777 531 4856 familiarium,
563 4786 654 4843 vel
688 4787 993 4860 quodlibet
1042 4787 1200 4844 aliud
1242 4804 1429 4861 genus
1474 4788 1782 4857 vindictae;

159 4883 220 4924 ne
259 4875 619 4932 contristeris
672 4875 844 4949 quasi
890 4877 1202 4949 despectus
1244 4875 1566 4945 humiliter,
1599 4878 1790 4951 gaude

160 4960 307 5029 quasi
344 4962 433 5036 pie
465 4968 790 5039 respectus,
826 4964 1020 5021 sciens
1049 4968 1107 5022 et
1137 4964 1422 5023 conﬁtens
1450 4982 1556 5038 pro
1586 4983 1790 5040 pecca-

174 5187 182 5197 ,
212 5118 352 5197 (324)
380 5123 669 5181 Construe
703 5126 1000 5196 :auferant
1030 5128 1083 5180 et
1113 5126 1221 5197 ipsi
1268 5124 1336 5180 de
1375 5125 1630 5181 cordibus
1674 5128 1793 5182 suis

164 5191 511 5269 i_~.ta,idqest,ea
531 5211 664 5269 quia
692 5191 959 5253 Dominus
1002 5191 1189 5269 videns
1219 5198 1314 5265 agi
1344 5198 1402 5252 in
1435 5199 1790 5269 templo,vin-

165 5214 321 5257 ruma
350 5214 511 5261 est,ea
572 5214 664 5253 uie
692 5214 959 5253 "ominus
1002 5214 1189 5252 valens
1219 5214 1312 5265 agi
1344 5214 1402 5252 in
1435 5214 1569 5269 temp

161 5257 337 5340 dicavit
362 5270 500 5340 facta
528 5214 750 5339 flagello
779 5268 843 5324 de
866 5268 1264 5340 resticulis,seu
1281 5270 1569 5340 funiculis.

222 5332 556 5413 (i322l'Locus
588 5332 847 5407 luxatus,
884 5340 944 5395 in
997 5356 1112 5413 quo
1143 5332 1367 5413 aliquid
1399 5339 1789 5396 desideratur.

163 5405 588 5491 ejforteetiam.
616 5405 950 5491 corruptus.
1003 5405 1067 5491 [τι
1097 5405 1488 5491 νυμεῖιῐὶελρΐο
1526 5416 1793 5491 sacratlco

165 5477 384 5555 margini
443 5483 766 5555 ascriptum
794 5477 957 5555 'forte
994 5477 1289 5539 Socratico.
1342 5477 1435 5537 Sic
1481 5482 1794 5538 mallemus

165 5549 405 5627 {mpplere
436 5558 490 5609 ct
518 5549 828 5627 corrigere.
864 5557 1065 5610 Horum
1097 5562 1281 5609 autem
1306 5555 1559 5627 omnium
1590 5571 1797 5609 memor

165 5613 561 5738 mil-exsecutor)
597 5613 879 5682 wrecrato
913 5626 1070 5681 illius
1100 5626 1369 5697 exemplo,
1392 5627 1487 5696 qui
1514 5626 1797 5691 dicit,sum

228 5688 353 5738 Idem
383 5695 707 5738 lihitlinnuu
738 5714 751 5726 ·
780 5714 958 5738 mnum
992 5701 1073 5738 ps!
1111 5699 1285 5738 incum
1319 5696 1605 5738 libidinem
1638 5713 1795 5738 enim.

228 5688 353 5769 idem
382 5695 707 5753 libidinosus
731 5714 751 5757 :
780 5714 961 5753 meum
992 5701 1073 5752 est
1111 5688 1288 5769 ipsam
1318 5688 1607 5769 libidinem
1635 5688 1795 5768 supe-

172 5770 309 5823 rare;
332 5768 441 5824 tua:
468 5770 810 5836 virtuti,tuae
838 5769 1086 5837 cautelae,
1131 5767 1242 5825 tuis
1296 5767 1507 5823 viribus
1542 5769 1625 5824 nil
1650 5767 1797 5825 com-

1896 4789 1968 4845 ab
1991 4785 2224 4843 aeternis
2258 4782 2669 4855 liberari,quos
2702 4782 2799 4838 hic
2828 4783 2901 4839 ab
2932 4782 3348 4855 iniquitatibus
3370 4780 3562 4836 conti-

1899 4876 2051 4952 gerit
2097 4871 2333 4929 mutari.
2387 4872 2551 4928 Scias
2601 4872 2776 4927 etiam
2840 4876 2897 4927 te
2943 4888 3083 4928 cum
3132 4869 3468 4927 adversario
3500 4869 3561 4924 in

1900 4979 2085 5039 agone
2117 4962 2438 5019 consistere
2466 4964 2628 5018 tanto
2674 4959 2885 5017 saevius
2938 4960 3283 5028 bacchante,
3337 4960 3560 5030 quanto

2146 5127 2496 5249 eginstrue:
2542 5198 2703 5265 atque
2747 5193 2928 5247 nitens
2984 5189 3153 5265 corde
3194 5198 3247 5245 et
3276 5188 3561 5265 _manibus

1901 5262 2173 5324 committe
2203 5275 2252 5321 te
2274 5268 2443 5319 totum
2474 5262 2735 5320 custodite
2781 5265 2917 5336 ejus,
2958 5264 3051 5319 cui
3092 5262 3307 5334 placuit
3350 5275 3557 5325 creare,

1900 5339 2167 5397 redimere
2195 5346 2245 5391 et
2275 5352 2468 5391 vocare
2496 5343 2565 5390 te.

1975 5412 2064 5483 (32
2077 5414 2121 5476 5)
2153 5407 2472 5480 Spudius,itl
2495 5411 2582 5461 est
2612 5405 2962 5477 industrius,
2977 5404 3343 5471 studiosus,a
3364 5402 3561 5458 Graeco

1904 5488 2158 5544 σπουδαῖος
2167 5521 2177 5533 .

1974 5554 2126 5621 (325)
2157 5548 2329 5625 Yulg.
2358 5547 2841 5625 profiteriLmale.
3060 5615 3071 5625 θ
3313 5616 3322 5625 _
3361 5612 3373 5624 O

1976 5608 2123 5695 (326)
2149 5608 2393 5695 Explica
2425 5608 2954 5695 :prg’di‘cti-autem,
2974 5615 3075 5695 qui
3107 5612 3331 5695 scilicet
3359 5612 3418 5665 in
3452 5608 3561 5695 hoe

1905 5675 2121 5752 sie‘cul'o,
2148 5675 2451 5748 humiliter
2466 5675 2889 5745 'tribulationes
2921 5675 3075 5741 ἐυὲοὶ
3084 5683 3274 5753 piunt,
3290 5683 3387 5737 hoc
3406 5675 3561 5733 male

1904 5768 2080 5823 solent
2113 5761 2494 5821 misericordia
2524 5762 2639 5832 eius
2672 5760 2903 5816 liberari
2926 5762 3143 5828 peccato
3171 5768 3287 5807 suo.
