3936 6392
163 446 276 512 313

1107 446 1761 526 PRIELOQUIORUM
1805 444 2014 509 LIBRI
2059 444 2237 509 SEX.
2267 477 2348 492 -
2375 444 2526 509 LlB.
2571 444 2643 509 V.

3469 443 3590 510 314

165 581 441 656 pendium
483 584 891 644 omnimodum
940 584 1182 645 honoris
1223 604 1327 661 pro
1366 603 1540 661 grege
1571 587 1816 660 paratus
1845 582 1902 650 Α
1932 600 2049 641 non
2075 588 2166 641 est
2195 586 2615 658 provocare.At
2641 586 2707 641 ut
2736 584 2883 641 forte
2903 599 3019 641 non
3039 581 3417 641 simulatione
3437 580 3583 640 illud

165 673 381 741 subire,
404 674 569 732 illius
590 677 837 733 dicentis
859 682 1025 734 utere
1046 694 1183 733 voce
1214 695 1226 732 :
1253 677 1313 733 Si
1336 681 1560 750 prepter
1588 692 1674 732 me
1703 675 1822 732 hac

164 769 448 835 tempestas
502 771 602 833 est,
636 768 809 823 tollite
857 783 945 822 me
985 771 1039 823 et
1083 768 1285 823 mittite
1332 769 1393 822 in
1440 783 1596 822 mare
1638 767 1816 838 (Joan.

164 868 200 919 1;
226 854 334 922 12),
360 859 676 911 tantumne
698 856 921 912 diutius
948 855 1061 911 mei
1082 855 1437 911 causanavis
1460 855 1823 928 periclitetur

164 940 451 1013 Ecclesiae,
476 949 597 1001 tam
629 945 993 1011 innumeros,
1026 945 1141 1001 heu
1171 944 1337 1001 dolor
1358 944 1369 999 l
1394 945 1474 1017 [id
1504 948 1580 1001 est
1609 945 1825 1000 obeun-

166 1032 248 1085 tes
277 1030 408 1087 sine
440 1033 926 1106 baptismo]ﬁlios
942 1034 1116 1090 morti
1146 1035 1554 1090 transmittens
1572 1036 1817 1089 aeternae.

164 1118 378 1177 Verum
410 1121 530 1178 ista
558 1123 732 1178 modo
761 1123 1036 1179 volumus
1062 1124 1350 1180 sufﬁcere.
1384 1124 1540 1179 Deus
1586 1122 1688 1178 illa
1716 1122 1822 1177 tibi

167 1210 448 1267 concedat
466 1212 746 1285 prodesse
770 1213 941 1285 (337).
972 1215 1178 1268 Amen.

232 1300 321 1355 29.
348 1299 613 1356 Clericus
643 1302 748 1357 es?
779 1302 1003 1375 Ipsum,
1036 1319 1255 1374 quaeso,
1279 1306 1336 1359 te
1375 1301 1681 1357 conveniat
1729 1317 1825 1356 vo-

167 1388 470 1456 cabulum,
503 1390 773 1447 videlicet
803 1397 869 1446 ut
889 1392 960 1447 de
992 1397 1147 1447 sorte
1178 1392 1546 1463 perpendens
1586 1396 1641 1447 te
1696 1408 1825 1447 esse

166 1476 378 1535 debere
411 1479 668 1547 Domini,
702 1479 857 1536 aliud
894 1484 1101 1552 praeter
1130 1481 1324 1552 ipsum
1358 1480 1644 1547 ambiens,
1678 1481 1827 1537 tanti

166 1566 304 1624 boni
336 1569 707 1625 consortium
740 1569 980 1642 perdere
1032 1569 1297 1625 nonnihil
1356 1569 1604 1639 timeas;
1639 1570 1830 1643 magis

164 1655 265 1711 tali
322 1657 490 1714 socio
521 1661 579 1714 te
608 1658 855 1730 dignum
905 1658 1204 1714 exhibeas.
1239 1659 1566 1713 Canonicus
1597 1658 1646 1714 si
1672 1659 1834 1714 dice-

166 1744 246 1801 ris
276 1746 459 1819 (338),
489 1745 623 1803 vide
656 1764 727 1802 ne
756 1765 790 1802 a
816 1746 1143 1802 canonibus
1170 1745 1364 1801 devies
1404 1745 1645 1803 sanctis.
1671 1747 1835 1812 Quod

166 1834 214 1889 si
248 1834 404 1890 forte
437 1851 539 1891 eos
569 1833 1107 1908 respuis,cogitain
1127 1834 1285 1906 quali
1313 1835 1519 1890 ordine
1542 1835 1841 1905 judicide-

1930 675 2085 747 agis:
2103 676 2360 747 quadam
2384 674 2743 748 negligentia
2764 675 3104 748 consopitus
3126 673 3384 746 segniter
3402 679 3590 746 torpe-

1931 764 2066 820 scis.
2093 764 2320 835 Repara
2364 764 2563 837 itaque
2594 765 2766 829 vires,
2788 782 3022 821 resume
3053 765 3469 831 constantiam,
3496 765 3587 819 in-

1931 854 2108 909 duere
2141 854 2565 923 fortitudinem,
2589 858 2656 910 ut
2701 854 2867 927 gigas
2910 872 3108 928 pugna
3138 855 3362 911 fortiter
3386 859 3588 911 contra

1932 960 2130 999 aereas
2157 943 2451 1015 nequitias
2480 962 2493 1011 ;
2528 960 2717 1016 neque
2748 945 2905 1001 enim
2936 945 3106 1001 aliter
3130 962 3228 1001 eas
3262 946 3587 1013 devincere,

1932 1048 2078 1088 neve
2103 1030 2216 1088 alio
2248 1033 2423 1087 modo
2458 1037 2576 1088 tam
2608 1034 2862 1089 arduum
2894 1034 3126 1090 culmen
3147 1035 3370 1090 valebis
3393 1051 3592 1090 ascen-

1936 1122 2092 1177 dere.
2125 1121 2403 1177 Meditare
2446 1122 2733 1195 regulam,
2767 1124 2919 1180 vitas
2966 1129 3305 1180 sanctorum
3351 1124 3590 1179 Patrum

1933 1211 2197 1266 crebrius
2224 1211 2432 1284 relege,
2467 1212 2525 1267 in
2560 1211 2654 1267 his
2675 1218 2729 1269 te
2762 1213 2929 1284 quasi
2962 1214 3021 1268 in
3055 1215 3312 1286 quodam
3354 1212 3592 1287 speculo

1934 1300 2227 1372 conspice,
2259 1304 2317 1356 et
2345 1300 2524 1357 vitam
2548 1307 2710 1357 tuam
2744 1303 2814 1357 ad
2849 1301 3081 1359 illorum
3114 1319 3419 1376 compone.
3453 1302 3596 1358 Ohe.

1935 1390 2216 1447 dientiam
2232 1391 2337 1446 tibi
2352 1392 2610 1463 primum
2624 1392 3212 1457 indicito,conventus
3225 1392 3491 1465 publicos
3504 1408 3596 1447 ca-

1935 1484 2090 1547 veto,
2113 1480 2501 1535 contubernia
2529 1480 2899 1537 smcularium
2949 1483 3132 1554 fugito
3159 1501 3172 1550 ;
3198 1483 3345 1538 scito
3373 1498 3408 1536 a
3459 1496 3599 1552 quo-

1939 1569 2077 1624 dam
2104 1569 2443 1624 verrissime
2464 1570 2711 1638 dictum,
2747 1571 2903 1641 quod
2935 1575 2991 1626 et
3022 1572 3170 1637 (342)
3204 1589 3238 1626 a
3266 1571 3460 1634 nobis,
3483 1570 3598 1626 heu

1942 1655 2163 1714 dolor!
2216 1657 2614 1728 experimento
2683 1674 2914 1730 quoque
2976 1664 3206 1714 constat
3262 1660 3596 1732 probatum,

1946 1744 2086 1817 quia
2107 1745 2231 1802 ovis
2264 1762 2394 1818 quae
2427 1746 2499 1801 de
2530 1745 2663 1802 ovili
2697 1747 3284 1820 egrediturluporum
3305 1748 3601 1806 morsibus

1947 1836 2127 1906 patet.
2161 1834 2219 1889 Si
2244 1836 2483 1906 quando
2511 1851 2646 1890 vero
2677 1836 3009 1892 obedientia
3054 1842 3156 1893 aut
3203 1836 3401 1910 aliqua
3435 1839 3604 1909 justa

166 1922 305 1979 beas
338 1922 714 1995 praesentari,
738 1922 840 1993 qui
872 1921 1098 1977 scilicet
1123 1921 1339 1977 laicum
1374 1921 1629 1989 [subaudi
1683 1922 1840 1977 ordi-
1868 1955 1919 2021 Β
1948 1923 2270 1980 necessitas
2298 1924 2765 1996 tibiprocessum
2785 1924 2991 1981 indicit
3010 1925 3068 1981 in
3084 1925 3341 1998 publico,
3360 1926 3602 1983 habitus

168 2012 329 2082 nem]
385 2009 702 2081 abjurasti,
754 2014 811 2065 et
863 2009 1330 2067 ecclesiasticum
1396 2027 1512 2066 non
1573 2011 1837 2068 servasti.

170 2100 495 2172 Presbyter
541 2099 1027 2155 es?Gravitatem
1073 2116 1250 2171 quam
1299 2100 1450 2154 ferre
1482 2098 1698 2155 videris
1736 2117 1839 2155 no-

172 2188 353 2257 mine,
376 2204 667 2243 conserva
697 2188 1051 2258 operatione.
1074 2187 1477 2244 Diaconuses‘?
1502 2188 1838 2244 Ministrum

174 2283 228 2334 te
258 2293 596 2351 agnoscens
612 2293 741 2332 esse
764 2281 1265 2332 sacramentorum
1289 2276 1631 2343 ccelestium,
1668 2278 1835 2349 pudi-

177 2362 307 2423 cum
333 2368 384 2435 (I
414 2367 553 2423 Tim.
590 2382 673 2433 111,
696 2368 754 2439 8)
793 2371 849 2421 te
884 2366 1211 2421 secundum
1261 2365 1605 2437 Apostolum
1647 2366 1838 2421 omni-

180 2455 371 2512 modis
404 2471 609 2528 agens,
644 2455 825 2510 tantis
857 2453 1101 2526 dignum
1135 2454 1365 2522 ofﬁciis,
1400 2455 1515 2510 Deo
1561 2455 1751 2510 cordis
1783 2459 1841 2510 et

180 2543 440 2618 corporis
472 2560 752 2599 conserva
782 2543 1132 2609 caelibatum,
1166 2543 1356 2599 sciens
1407 2542 1684 2599 manibus
1727 2544 1838 2598 im-

181 2634 419 2690 mundis
451 2636 574 2688 tam
607 2632 1078 2688 sacratissimum
1103 2633 1341 2687 tractari
1373 2649 1489 2688 non
1522 2633 1732 2689 debere
1755 2650 1841 2689 sa-

183 2723 492 2790 crificium,
528 2722 685 2795 quod
718 2721 1054 2777 institutum
1089 2722 1161 2777 ad
1207 2721 1419 2777 delicta
1466 2723 1844 2778 emundanda

184 2816 268 2869 est
314 2811 609 2868 omnium.
657 2811 1071 2867 Subdiaconus
1120 2811 1573 2868 es?Subditum
1612 2817 1670 2867 te
1712 2829 1842 2868 esse

184 2901 387 2957 debere
418 2917 540 2957 non
572 2899 763 2957 solum
794 2905 929 2965 Deo,
958 2901 1058 2956 sed
1082 2900 1359 2956 omnibus
1385 2901 1539 2956 scias
1579 2901 1842 2957 Ecclesia;

185 2990 456 3062 prmlatis,
484 2994 608 3045 uta
637 2989 887 3045 Domino
916 2993 973 3045 et
1011 2989 1105 3044 hic
1137 2988 1397 3058 exaltari,
1431 2994 1489 3045 et
1536 2990 1595 3045 in
1645 2991 1842 3046 futuro

188 3078 550 3135 renumerari
597 3078 898 3134 merearis.
936 3077 1235 3134 Exoreista
1265 3080 1370 3134 es?
1399 3079 1623 3152 Ipsum,
1664 3096 1841 3151 quem

187 3168 516 3240 adjurando
548 3185 583 3222 a
612 3167 960 3239 corporibus
982 3166 1230 3223 aliorum
1262 3166 1525 3240 expellis,
1550 3168 1841 3225 dominari

190 3273 297 3312 non
340 3255 656 3330 permittas
677 3256 1498 3314 sensibustuis.Ceroferarius
1514 3258 1605 3313 es?
1618 3257 1842 3314 Lumen

1950 2013 2096 2083 ipse,
2121 2027 2335 2078 sermo,
2367 2012 2456 2067 vel
2486 2012 2681 2084 potius
2713 2012 2967 2069 solitudo
2996 2013 3145 2086 ipsa,
3169 2014 3457 2082 incessus,
3480 2015 3606 2070 vul-

1947 2104 2065 2167 tus,
2118 2105 2177 2156 et
2212 2099 2372 2155 color
2418 2102 2495 2156 sit
2551 2102 2929 2157 admirationi
2975 2104 3227 2170 cunctis,
3272 2104 3493 2172 timori,
3545 2109 3603 2161 et

1948 2188 2421 2258 exemploJlleum
2437 2193 2493 2244 et
2512 2194 2665 2246 tuum
2699 2191 2868 2263 quasi
2902 2192 3199 2263 quoddam
3226 2193 3343 2249 vita
3364 2193 3600 2250 sacrile-

1947 2278 2134 2351 gium,
2166 2278 2295 2333 sine
2325 2278 2543 2351 quibus
2572 2279 2945 2351 quietissima
2964 2282 3228 2338 omnium
3248 2282 3602 2355 generalitas

1947 2366 2133 2422 valuit
2158 2384 2307 2423 esse.
2344 2369 2430 2434 Et,
2465 2373 2780 2439 postquam
2806 2372 3019 2425 cuncta
3048 2370 3451 2442 compleveris,
3473 2389 3602 2444 quae

1945 2473 2080 2511 vero
2109 2454 2461 2511 conveniunt
2493 2455 2802 2519 monacho,
2838 2463 3131 2513 memento
3163 2459 3299 2515 tein
3331 2459 3439 2516 hoc
3456 2461 3603 2532 peri-

1949 2544 2150 2601 culoso
2174 2545 2366 2600 adhuc
2387 2545 2660 2617 navigem
2691 2544 2834 2612 salo,
2869 2545 2929 2600 in
2961 2563 3076 2618 quo
3109 2547 3309 2603 omnia
3339 2564 3486 2620 pene
3513 2548 3604 2604 in-

1951 2638 2131 2699 certa,
2163 2633 2361 2688 omnia
2407 2633 2605 2699 dubia,
2639 2640 2761 2689 tam
2813 2635 3072 2690 secunda
3115 2651 3293 2707 quam
3338 2636 3602 2705 adversa,

1950 2727 2073 2777 tam
2106 2722 2391 2794 naufraga
2421 2738 2599 2794 quam
2631 2722 2969 2795 tranquilla.
2995 2724 3185 2779 Donec
3212 2724 3392 2795 igitur
3413 2742 3607 2797 perve-

1953 2811 2081 2867 nias
2112 2812 2184 2866 ad
2218 2816 2475 2883 portum,
2491 2828 2563 2867 ne
2579 2816 2635 2867 te
2654 2812 2863 2867 reddas
2887 2814 3341 2869 securum.Audi
3367 2815 3607 2871 Ambro-

1952 2900 2107 2956 sium
2142 2918 2155 2956 :
2188 2900 2450 2956 Laudari
2469 2907 2602 2956 ante
2623 2904 2979 2972 gubernator
3003 2919 3117 2960 non
3141 2905 3606 2977 potest,quamin

1950 2996 2186 3059 portum
2214 2990 2405 3045 navim
2431 2991 2768 3047 deduxerit.

2021 3168 2320 3224 3l.Abbas
2347 3185 2409 3224 es
2431 3168 2458 3223 ‘?
2477 3170 2699 3226 Memor
2725 3175 2848 3227 esto
2879 3172 3034 3243 quod
3059 3170 3606 3246 diceris,quamque

1952 3256 2248 3312 difficilem
2284 3275 2406 3313 rem
2438 3267 2495 3314 et
2524 3260 2769 3315 arduam
2801 3262 3131 3332 susceperis
3155 3278 3169 3328 ;
3189 3267 3373 3334 utque
3402 3262 3530 3318 inte
3544 3264 3607 3317 ﬁ-

192 3343 319 3400 aliis
341 3328 725 3412 ininistrans,
755 3350 812 3400 te
844 3349 1216 3417 peccatorum
1234 3352 1289 3401 et
1312 3346 1652 3419 ignorantiae
1676 3351 1839 3403 tene-
1871 3328 1914 3395 (ἶ
1954 3363 2087 3401 nem
2119 3347 2291 3402 istius
2350 3347 2700 3404 claudamus
2752 3350 3065 3413 sermonis,
3098 3350 3352 3416 attende,
3381 3366 3600 3421 quaeso,

192 3433 307 3489 bris
337 3433 649 3490 obscurari
680 3450 753 3489 ne
785 3433 977 3489 sinas:
1001 3433 1189 3506 magis
1219 3439 1277 3490 et
1300 3434 1425 3507 ipse
1456 3434 1844 3491 intusillumi—

195 3523 336 3591 nari,
369 3528 427 3578 et
456 3521 595 3579 aliis
622 3522 824 3578 lumen
856 3523 993 3578 boni
1019 3523 1267 3595 exempli
1302 3524 1579 3596 praebere,
1620 3541 1841 3597 quaeso,

197 3613 531 3669 contendas.
566 3611 773 3668 Lector
798 3630 861 3668 es
881 3611 909 3667 ?
941 3612 997 3667 Id
1028 3611 1336 3680 instanter,
1369 3612 1522 3669 unde
1553 3629 1844 3686 agnomen

195 3702 396 3769 trahis,
428 3701 979 3776 agendo,stude,ne
1007 3701 1303 3773 discrepes
1335 3702 1408 3756 ab
1436 3700 1845 3757 officio.Ostia-

192 3788 308 3847 rius
358 3790 465 3847 es?
508 3795 621 3845 Cor
659 3794 829 3845 tuum
878 3790 992 3845 Deo
1043 3791 1255 3863 pande,
1311 3788 1566 3845 venienti
1612 3787 1843 3845 diabolo

192 3878 390 3936 claude
418 3878 751 3936 insidianti.

253 3969 339 4024 30.
397 3968 726 4025 Monachus
784 3985 846 4024 es
870 3968 898 4025 '2
926 3967 1103 4025 Nulla
1156 3967 1557 4024 admonitione
1612 3967 1842 4041 indiges

187 4055 244 4127 [Ι.
277 4056 404 4125 nisi]
439 4075 560 4114 non
592 4060 825 4113 tantum
885 4062 953 4113 ut
1008 4056 1069 4112 in
1116 4074 1182 4114 eo
1230 4057 1386 4130 quod
1434 4057 1582 4113 bene
1613 4056 1840 4129 cmpisti

188 4145 393 4217 optime
421 4162 784 4220 perseveres,
819 4146 869 4201 si
901 4149 1104 4203 tamen
1132 4163 1195 4202 es
1231 4147 1383 4219 quod
1411 4146 1644 4216 diceris,
1682 4147 1838 4218 quod

188 4236 425 4306 putaris,
458 4235 620 4308 quod
649 4234 710 4291 in
742 4234 958 4292 habitu
990 4236 1320 4309 praetendis.
1356 4235 1518 4302 Quod
1569 4235 1618 4290 si
1648 4235 1835 4302 aliter,

192 4324 337 4395 quod
362 4326 514 4382 105
540 4324 717 4392 absit,
743 4342 822 4380 va:
840 4325 948 4381 tibi
980 4326 1082 4398 qui
1108 4324 1314 4398 lupum
1344 4325 1453 4380 sub
1482 4324 1633 4397 pelle
1666 4325 1839 4381 ovina

188 4411 345 4485 tegis.
376 4413 522 4470 Vide
552 4418 753 4469 tamen
784 4430 856 4468 ne
882 4414 1158 4487 desperes
1197 4414 1362 4486 (339).
1384 4412 1615 4485 Expelle
1649 4412 1837 4485 magis

187 4496 381 4574 lupum
413 4519 447 4558 a
478 4503 677 4570 corde,
712 4507 769 4558 et
797 4503 975 4560 redde
1005 4519 1170 4558 ovem
1214 4501 1349 4575 pelli
1380 4520 1520 4557 suae.
1547 4505 1835 4557 Memento

190 4587 514 4660 Dominum,
532 4592 733 4663 utjam
753 4591 892 4647 alibi
914 4591 1194 4660 diximus,
1212 4593 1358 4661 (340)
1391 4607 1460 4647 ex
1489 4590 1626 4663 lupo
1645 4607 1832 4658 ovem,

1951 3436 2099 3490 tanti
2113 3435 2459 3509 dignitatem
2473 3437 2750 3504 nominis,
2766 3438 3054 3509 cujusque
3065 3436 3186 3492 vice
3199 3437 3460 3510 iungeris
3473 3454 3607 3493 ocu-

1954 3522 2028 3578 lis
2051 3524 2315 3596 perspice
2348 3525 2582 3579 mentis.
2612 3524 2937 3580 Monachus
2967 3528 3078 3591 est,
3098 3525 3197 3597 qui
3231 3541 3293 3580 se
3319 3526 3402 3580 ita
3424 3525 3605 3581 inter-

1955 3616 2189 3683 ceptum
2218 3611 2514 3682 angustiis
2544 3612 2767 3678 videns,
2802 3628 2991 3684 usque
3021 3613 3093 3667 ad
3139 3612 3605 3685 desperationem

1956 3716 2102 3772 pene
2134 3700 2443 3767 adductus,
2465 3700 2566 3756 sed
2599 3699 3182 3773 omnipotentissimae
3210 3700 3608 3759 miserationis

1955 3788 2055 3845 Dei
2079 3788 2355 3853 anchora,
2374 3807 2442 3845 ne
2470 3789 2528 3845 in
2547 3789 2846 3863 carybdim
2870 3790 3056 3862 ipsius
3080 3791 3314 3864 penitus
3344 3797 3604 3865 proruet,

1954 3878 2511 3947 retentus,timorem
2541 3878 2711 3935 illum
2733 3880 2805 3935 de
2827 3878 3201 3938 miseratione
3229 3881 3331 3937 Dei
3361 3880 3609 3939 existere

1952 3972 2135 4037 ratus,
2171 3970 2242 4024 ad
2276 3985 2338 4025 se
2371 3970 2696 4037 revertitur,
2719 3967 3271 4043 laqueumque,quo
3301 3970 3607 4027 cumJuda

1949 4058 2434 4132 strangularetur,
2449 4059 2750 4131 imponere
2764 4059 2874 4113 sibi
2898 4058 3131 4127 devitat,
3150 4058 3608 4132 relinquensque

1949 4148 2148 4205 omnia
2172 4165 2299 4220 quae
2332 4147 2390 4202 in
2421 4147 2634 4203 saeculo
2664 4148 3026 4219 possederat,
3059 4148 3349 4202 ambitum
3384 4148 3609 4204 scilicet

1947 4236 2143 4309 ipsum
2173 4252 2308 4291 cum
2341 4252 2539 4300 sensu,
2564 4233 2987 4290 monasterium
3017 4235 3182 4305 petit,
3197 4239 3511 4307 totumque
3542 4252 3604 4292 se

1949 4326 2196 4381 Domino
2228 4323 2428 4390 tradit,
2445 4322 2592 4377 nihil
2624 4320 2737 4377 sibi
2771 4321 2976 4392 utique
3008 4337 3317 4377 reservans
3334 4337 3404 4377 ex
3420 4322 3607 4378 omni-

1948 4416 2080 4482 bus,
2105 4412 2322 4486 quippe
2348 4412 2445 4482 qui
2478 4427 2583 4466 nee
2612 4411 2809 4481 ipsum
2840 4425 3055 4480 corpus
3088 4410 3147 4464 in
3180 4409 3417 4482 propria
3463 4411 3605 4467 reti-

1947 4503 2209 4558 nendum
2244 4501 2467 4557 noverit
2496 4504 2672 4571 atque
2715 4498 3036 4554 decreverit
3084 4502 3409 4571 potestate;
3450 4501 3605 4557 160

1947 4592 2088 4665 quid
2105 4590 2618 4655 manducabimus,
2635 4592 2736 4644 aut
2756 4587 2896 4660 quid
2916 4587 3211 4655 bibemus,
3227 4592 3456 4660 autquo
3474 4605 3608 4662 ope-

190 4676 297 4734 imo
318 4681 651 4737 reddidisse
672 4686 991 4754 pastorem.
1016 4681 1125 4737 Sed
1152 4685 1217 4736 ut
1248 4679 1417 4736 illum
1434 4680 1767 4736 excusando
1782 4683 1836 4735 te
1868 4696 1917 4763 D
1949 4681 2190 4747 riemur,
2211 4680 2430 4736 nedum
2457 4677 2668 4745 dicere,
2689 4678 2944 4750 cogitare
2967 4677 3177 4733 saltem
3210 4677 3322 4733 sibi
3355 4695 3604 4751 compu-

193 4767 363 4841 magis
384 4786 684 4838 accusem,
710 4768 868 4825 aliud
904 4772 994 4826 est
1017 4770 1165 4841 (341)
1190 4769 1463 4841 ignarum
1484 4769 1621 4825 boni
1641 4772 1838 4842 aperte

191 4855 393 4926 saevire,
428 4858 590 4915 aliud
621 4858 733 4914 sub
765 4862 1041 4931 praetexta
1071 4855 1368 4931 religionis
1400 4862 1456 4913 et
1499 4857 1646 4914 alios
1690 4856 1838 4913 dcci-

191 4943 386 5014 piendo
437 4948 661 5016 fallere,
694 4952 753 5004 et
790 4947 941 5004 iram
993 4947 1105 5005 sibi
1154 4948 1251 5004 Dei
1299 4946 1634 5003 simulando
1680 4946 1835 5019 quod

254 5062 393 5135 (337)
424 5064 579 5120 Editi
640 5064 979 5135 perturbata
1035 5062 1281 5119 lectione
1334 5063 1438 5118 sic.
1468 5068 1682 5119 Verum
1722 5064 1835 5119 ista

194 5133 654 5208 qvodogvolumus.‘
668 5135 934 5192 Clericus
964 5151 1020 5191 es
1045 5138 1070 5190 ἰ
1091 5137 1305 5205 Ipsum,
1321 5151 1528 5208 quaso,
1545 5136 1833 5208 sufﬁcere.

197 5201 324 5260 Deus
343 5206 441 5262 illa
471 5209 577 5263 tibi
609 5208 884 5263 concedat
915 5201 1204 5275 prodesse,
1235 5225 1272 5262 α
1293 5201 1491 5262 tuente
1517 5201 1833 5263 conveniat

192 5278 529 5349 vocabulum.
564 5279 776 5335 Veram
812 5277 1122 5334 lectionem
1173 5278 1371 5335 sensui
1414 5283 1833 5349 congruentem

194 5346 567 5477 ἓὲρὲῇὶιιὶωἴιε.
595 5350 737 5407 Post
765 5366 953 5422 pauca
986 5359 1232 5424 propter
1277 5351 1466 5419 ipsum
1512 5346 1572 5404 in
1621 5349 1833 5406 iisdem

260 5435 273 5471 1
305 5436 350 5475 IS
380 5439 475 5476 ma
501 5439 552 5477 e.

195 5430 350 5475 emus
380 5430 552 5477 male.

258 5490 395 5563 (338)
418 5493 545 5549 Non
578 5493 664 5548 ait
698 5509 858 5548 more
889 5492 1061 5549 solito
1086 5510 1099 5547 :
1127 5493 1450 5549 Canonicus
1479 5495 1583 5563 es?
1612 5491 1710 5546 sed
1734 5508 1834 5547 ca-

196 5562 415 5636 nonieus
443 5567 498 5620 si
522 5565 741 5621 diceris
769 5590 783 5632 ;
815 5564 953 5636 quia
974 5563 1031 5618 id
1056 5580 1268 5620 nomen
1295 5562 1694 5636 Ratherii‘zevo
1717 5580 1833 5636 non

200 5633 362 5688 multo
393 5633 871 5715 ante-inductum
894 5636 1311 5715 adpetebatur;
1339 5635 1495 5715 unde
1528 5633 1677 5714 idem
1711 5633 1833 5715 epi-

200 5714 394 5789 scopus
414 5706 473 5761 in
500 5706 697 5789 libello
721 5708 791 5789 de
816 5708 1053 5789 clericis
1078 5707 1192 5763 sibi
1219 5706 1533 5789 rebellibus
1561 5706 1830 5777 scripsit:

199 5775 736 5852 QQigunicanoniei
764 5781 1027 5852 aﬁectent
1060 5778 1278 5852 cocari.

263 5845 399 5919 (339)
414 5850 583 5924 Vulg.
594 5894 608 5922 ,
624 5845 918 5924 corrupte,
939 5867 1010 5907 ne
1028 5851 1295 5921 desperes
1305 5849 1614 5919 expellere.
1628 5847 1835 5905 Emen-

1949 4774 2081 4825 tans
2108 4768 2505 4834 interdictum,
2540 4766 2740 4822 omnia
2772 4765 3101 4822 necessaria
3131 4784 3162 4821 a
3196 4771 3359 4839 patre
3407 4783 3606 4823 mona—

1948 4858 2107 4915 sterii
2133 4858 2243 4913 sibi
2257 4861 2612 4930 proventura
2633 4872 2897 4913 securus.
2914 4855 2994 4911 De
3009 4854 3320 4925 monacho,
3335 4855 3601 4927 inquam,

1947 4947 2315 5005 satisfactum
2345 4946 2615 5001 decerno.

1945 5064 2241 5120 dationem
2274 5066 2579 5119 contextus
2608 5060 2816 5133 exegit.

2018 5136 2163 5217 (340)
2256 5134 2501 5217 Paulum
2526 5130 2818 5217 intelligit,
2846 5131 2986 5217 quia
3013 5149 3082 5187 ex
3110 5130 3249 5217 lupo
3271 5148 3387 5188 non
3406 5133 3601 5190 solum

1946 5203 2088 5272 ovis,
2122 5203 2221 5261 sed
2255 5207 2429 5262 etiam
2464 5210 2664 5278 pastor
2687 5203 2785 5260 Dei
2817 5203 3008 5278 gratia
3030 5203 3232 5278 evasit:

2016 5280 2178 5358 (31st)-
2199 5278 2326 5358 Η.ωο
2345 5272 2791 5358 _ex__c_usati_onem
2820 5272 3254 5358 'przeferuntHS.
3279 5272 3465 5358 Pauli,
3501 5272 3602 5358 qui

1943 5349 2001 5405 in
2027 5344 2206 5422 epist.
2235 5350 2256 5404 Ι
2290 5349 2363 5404 ad
2409 5349 2808 5411 Timotheum,
2838 5344 2890 5402 ὃ.
2924 5364 2963 5411 1,
3002 5347 3086 5412 l3,
3116 5344 3198 5399 ait
3230 5360 3243 5397 :
3275 5345 3387 5422 Qui
3433 5344 3602 5422 prius

1945 5416 2304 5489 blasphemus
2319 5421 2430 5490 fui,
2453 5427 2506 5474 et
2539 5427 2891 5488 persecutor,
2910 5423 2964 5472 et
2995 5418 3477 5490 contumeliosus:
3501 5416 3603 5490 sed

1944 5485 2405 5548 misericordium
2419 5485 2523 5547 Dei
2534 5485 3001 5548 consecutussum
3012 5529 3025 5553 ,
3044 5487 3185 5558 quia
3201 5486 3476 5555 ignorans
3487 5485 3605 5559 feci

1944 5565 2004 5620 in
2037 5564 2464 5619 incredulitate.

2016 5636 2221 5703 (352M
2254 5632 3097 5704 nobis,inquit,experimento
3126 5640 3344 5695 quoque
3372 5630 3601 5704 constat

1938 5695 2274 5779 probatum,
2299 5695 2523 5777 quia'ex
2534 5695 2673 5760 ovili
2694 5695 3034 5779 monasterii
3052 5700 3398 5779 ςανρεδαεφοι
3412 5695 3600 5779 factus

1944 5764 2279 5850 episcopus,
2294 5764 2565 5850 luporum
2592 5774 2896 5850 morsibus,
2911 5769 2970 5825 id
2985 5767 3075 5821 est
3095 5764 3599 5835 persecutionibus

1946 5845 2440 5913 adversariorum,
2469 5845 2672 5903 valuit.
3332 5866 3340 5873 ε
