3936 6384
317 412 437 475 315

1242 409 1618 473 RATHERII
1671 411 1913 474 EPISC.
1957 410 2245 475 VERON.
2293 412 2465 477 OPP.
2510 411 2712 479 PARS
2755 414 2806 478 I.

3620 411 3736 480 316

388 550 477 605 32.
509 548 677 605 Nune
705 563 839 603 vero
871 544 1009 619 quid
1035 546 1105 600 de
1128 544 1338 600 abbate
1365 546 1626 601 dicemus
1649 546 1676 601 ?
1704 545 1966 602 Diximus
1998 545 2053 613 Α
2086 548 2180 602 nio
2214 546 2394 614 aliud,
2429 549 2540 604 nisi
2573 548 3233 623 qualecunquesitquod
3259 548 3375 607 ista
3405 551 3736 608 noctemihi

318 639 559 712 quidem
572 634 902 710 paululum,
922 636 1021 692 sed
1045 640 1101 690 et
1118 635 1189 690 de
1211 636 1414 691 eodem
1440 635 1612 708 paulo
1626 635 1761 709 plus
1776 653 1967 709 prose-

317 745 590 801 quamur.
616 727 810 782 Abbas
841 730 930 781 est
959 724 1225 781 omnium
1258 725 1702 795 monachorum,
1736 727 1783 782 si
1806 725 1967 799 loqui

316 818 635 877 auctoritas
657 818 736 873 ita
748 815 1103 881 concederet,
1121 814 1634 880 monachissimus,
1652 815 1751 887 qui
1766 816 1966 887 utique

315 909 448 984 plus
473 908 763 979 jejunare,
798 904 933 978 plus
979 903 1131 958 valet
1176 921 1378 970 orare;
1418 904 1549 975 plus
1588 904 1795 973 legere,
1834 905 1964 976 plus

314 998 583 1071 psallere;
599 994 851 1051 inediam
864 1035 876 1058 ,
892 992 1239 1059 nuditatem,
1256 992 1538 1063 inopiam,
1556 993 1961 1059 contumelias,

314 1088 675 1159 despectum,
693 1083 929 1145 famem,
946 1081 1126 1145 sitim,
1142 1080 1704 1153 algorem,ventum,i
1718 1083 1961 1148 mbrem,

313 1176 564 1238 nihrem,
578 1172 946 1244 grandinem,
962 1170 1193 1242 probra,
1209 1170 1965 1231 derisiones,subsannatio-

313 1281 440 1331 nes,
472 1264 545 1319 ad
595 1265 958 1335 postremum
1003 1258 1197 1314 omnia
1246 1258 1617 1314 incommoda
1647 1261 1963 1331 patientius

313 1353 602 1419 tolerare;
635 1348 1121 1412 benevolentiam,
1156 1347 1254 1402 ubi
1289 1348 1671 1403 beneﬁcentia
1701 1365 1817 1403 non
1840 1350 1961 1403 suf-

313 1442 593 1515 fragatur,
618 1438 895 1495 omnibus
921 1436 1096 1492 etiam
1111 1436 1244 1491 odio
1260 1453 1393 1491 eum
1412 1436 1833 1492 insectantibus
1846 1454 1963 1492 am-

311 1531 467 1604 plius
490 1528 714 1585 caeteris
736 1526 1027 1590 exhibere,
1062 1525 1159 1596 qui
1191 1524 1497 1580 docibilior
1522 1530 1697 1597 atque
1719 1526 1964 1581 docilior

310 1619 536 1676 caeteris
556 1636 569 1686 ;
592 1617 713 1691 qui,
740 1616 789 1672 si
827 1615 951 1670 ﬁeri
982 1618 1192 1687 potest,
1212 1614 1322 1669 hoc
1352 1619 1440 1668 est
1469 1615 1961 1671 concordantibus

310 1708 534 1766 caeteris
562 1704 899 1771 virtutibus,
934 1702 1253 1775 sapientior
1298 1701 1399 1774 qui
1448 1702 1733 1758 charitate
1783 1706 1958 1759 refer-

309 1798 458 1866 tior;
493 1796 594 1869 qui
616 1792 936 1866 disciplinas
970 1792 1157 1865 rigore
1204 1790 1505 1859 volentior,
1540 1793 1641 1864 qui
1691 1792 1959 1865 benigni-

307 1887 447 1943 tatis
477 1884 644 1957 copia
673 1881 1169 1953 mansuetior,qui
1200 1880 1551 1937 liberalitate
1570 1883 1955 1954 prazstantior,
1995 1920 2040 1985 Β

310 1976 412 2048 qui
427 1976 496 2031 ad
512 1990 639 2029 com
649 1972 990 2045 patiendum
1005 1969 1361 2025 calamitosis
1376 1971 1757 2043 paratior,qui
1774 1972 1965 2027 humi-

310 2065 423 2121 lior
454 2065 533 2120 sit
560 2062 857 2126 omnibus,
888 2065 1063 2132 atque
1093 2058 1463 2115 submissior.
1490 2061 1554 2115 Et
1586 2060 1679 2115 hic
1722 2062 1961 2132 quidem

310 2155 459 2210 utde
474 2150 779 2217 monacho,
799 2149 881 2206 sic
894 2154 950 2204 et
978 2149 1049 2204 de
1072 2149 1282 2204 abbate
1302 2148 1667 2204 satisfactum
1695 2150 1959 2205 decerno.

384 2242 474 2297 33.
508 2240 610 2297 Isti
643 2238 881 2305 etenim,
917 2253 1065 2308 quos
1113 2238 1337 2309 passim
1395 2243 1780 2309 compertum,
1817 2239 1961 2311 proh

313 2330 532 2387 nefasl
583 2328 792 2396 habeo,
860 2325 1165 2382 monachis
1230 2330 1460 2381 tantum
1526 2343 1794 2397 przeesse,
1845 2345 1959 2383 non

311 2424 508 2477 autem
537 2417 807 2474 monachi
841 2416 1134 2483 affectant,
1156 2414 1431 2481 certiﬁco,
1451 2431 1578 2469 esse
1600 2433 1612 2482 ;
1633 2420 1690 2470 et
1712 2415 1839 2470 ideo
1862 2432 1961 2471 eos

307 2507 618 2582 fugiendos
640 2506 835 2579 potius
867 2520 1045 2577 quam
1079 2503 1410 2576 sequendos
1427 2509 1671 2559 autumo
1692 2504 1831 2570 lore,
1859 2522 1962 2560 ne-

308 2598 451 2653 dum
481 2612 686 2652 eorum
700 2593 966 2666 exemplo
992 2592 1325 2648 consultum
1347 2592 1423 2647 sit
1441 2592 1815 2665 vivere,quos
1830 2610 1957 2649 con-

308 2690 426 2742 stat
451 2690 570 2741 tam
604 2684 937 2750 noxia,tam
971 2682 1298 2738 innumera.
1334 2685 1454 2736 tam
1486 2682 1703 2754 gravia,
1718 2682 1960 2738 tamim-

308 2774 508 2830 mania
528 2773 599 2828 de
610 2790 670 2828 se
685 2771 1016 2845 protulisse.
1030 2770 1438 2842 Opportunum
1453 2788 1592 2826 sane
1611 2788 1819 2827 censeo
1834 2789 1962 2827 nar-

310 2862 531 2918 ravisse
561 2860 705 2932 quid
736 2861 883 2933 (3A3)
915 2858 1097 2915 horno
1124 2858 1399 2914 anxietati
1431 2859 1739 2930 contigerit
1795 2877 1956 2916 meas.

308 2949 581 3008 Lauduni
602 2965 857 3021 namque
870 2965 1002 3003 cum
1034 2963 1222 3002 essem
1250 2947 1571 3003 nativitatis
1595 2948 1824 3003 Domini
1842 2949 1955 3018 die,

309 3039 536 3113 rogavit
566 3056 658 3093 me
687 3039 890 3103 abbas,
907 3035 1044 3091 utin
1068 3036 1377 3090 festivitate
1408 3036 1956 3108 sanctiStephauiin

308 3126 564 3200 capitulo
577 3141 845 3184 sororum
859 3124 1143 3191 venirem,
1158 3124 1511 3196 et(utverbis
1526 3123 1713 3196 ipsius
1728 3124 1958 3198 loquar)

306 3218 393 3275 eis
424 3215 647 3289 aliquid
677 3214 813 3271 boni
836 3212 1112 3270 dicerem.
1137 3212 1350 3279 Annui,
1372 3217 1426 3267 et
1456 3218 1588 3285 post
1617 3219 1956 3271 consuetam

305 3284 641 3372 lectionem,
656 3304 840 3377 petita
860 3309 918 3359 et
939 3305 1175 3374 accepta
1206 3284 1604 3358 benedictione
1627 3303 1777 3358 dixi:
1799 3327 1826 3353 «
1853 3304 1957 3359 Ro.
1988 3284 2031 3352 C

304 3401 478 3470 gntus
505 3393 729 3467 aliquid
759 3392 891 3449 boni
924 3395 1126 3447 vestra:
1157 3390 1348 3447 dicere
1363 3390 1785 3457 charitati,non
1804 3392 1956 3448 inve-

375 3503 524 3573 (343)
564 3503 743 3557 Homo
788 3497 1151 3573 adverbium,
1192 3497 1251 3552 id
1292 3501 1381 3552 est
1428 3497 1537 3573 hoc
1582 3515 1754 3573 anno.
1789 3502 1953 3573 _Cum

304 3569 514 3629 autem
532 3573 661 3639 hoc,
681 3572 836 3645 quod
868 3570 1068 3645 subdit
1100 3569 1618 3645 f_actum,_l.au_duni
1650 3570 1957 3645 rentigerit

304 3650 436 3717 post
464 3660 686 3717 annum
701 3640 940 3717 '968,_ut
973 3641 1032 3696 in
1083 3640 1223 3717 vita_
1249 3640 1625 3717 probavimus
1655 3641 1684 3713 §
1710 3640 1955 3717 20,)iaac

304 3710 561 3771 narratio
590 3713 739 3768 libro
770 3713 975 3783 quinto
1009 3710 1309 3783 posterius
1333 3711 1531 3765 addita
1560 3710 1952 3780 cognoscitur.

374 3729 561 3770 irratio
592 3729 739 3768 noro
770 3729 975 3783 quinto
1051 3729 1302 3766 osrerius
1333 3729 1531 3765 auena
1560 3729 1952 3780 cognoscitur.

374 3785 526 3855 (344)
557 3786 697 3855 Tum,
718 3784 976 3855 temporis
1006 3729 1145 3855 {quo
1167 3782 1412 3855 scilicet
1451 3784 1820 3855 praemissum
1872 3785 1954 3839 fa-

374 3799 526 3855 (344)
557 3799 688 3839 tum
718 3799 976 3853 temporis
1006 3799 1145 3907 (Ἕω
1188 3799 1412 3837 εοιιιο8ι
1451 3800 1820 3853 praemissum
1872 3799 1954 3839 la-

304 3861 465 3912 etum
487 3854 753 3926 contigit)
786 3870 920 3908 cum
942 3853 1053 3907 Rat
1098 3852 1257 3907 erius
1279 3853 1406 3922 jam
1438 3854 1956 3925 episcopatumVe—

2078 637 2404 710 contigerit,
2436 642 2639 693 vestrae
2670 639 2918 695 referam
2949 638 3736 699 dominationi.Sollicitatus

2078 725 2327 781 nimium
2349 727 2471 782 heri
2496 745 2598 799 pro
2620 727 2949 800 recipienda
2977 728 3309 800 provisione
3332 729 3582 786 abbatis:
3603 747 3736 787 san-

2076 814 2152 869 cti
2184 816 2456 882 Amandi,
2478 834 2610 871 eum
2644 817 2714 872 ad
2750 817 3091 873 nocturnale
3121 818 3381 874 ofﬁcium
3414 818 3739 892 vigilando,

2078 904 2321 975 ut,proh
2340 905 2533 960 nefas!
2569 923 2719 977 smpe
2752 906 3074 974 somnians,
3092 912 3329 975 starem,
3356 907 3500 963 dum
3534 907 3735 977 lector,

2073 994 2143 1047 ad
2162 1011 2292 1048 eum
2311 994 2963 1064 pervenissettraetatns
2991 995 3141 1050 beati
3162 995 3495 1068 Hieronymi
3512 996 3734 1054 locum.

2076 1082 2172 1136 ubi
2202 1082 2486 1137 Dominus
2520 1083 2575 1137 in
2614 1083 2917 1155 Evangelio
2950 1083 3306 1155 quibusdam
3330 1084 3589 1156 praefatis
3610 1102 3742 1158 pro~

2075 1171 2343 1241 sequitur
2377 1171 2575 1227 dicens
2610 1188 2622 1226 :
2660 1174 2881 1228 Vem’ent
2919 1174 3037 1228 haec
3065 1173 3254 1229 omnia
3308 1189 3474 1244 super
3502 1190 3739 1244 genera-

2074 1261 2274 1315 tionem
2305 1262 2462 1315 istam
2494 1260 2699 1315 (Mat/li.
2734 1278 2893 1327 xxm,
2926 1263 3038 1333 26),
3071 1267 3129 1316 et
3157 1278 3263 1333 ego
3321 1260 3742 1333 explanatione

2072 1348 2235 1417 ejusd
2246 1365 2334 1403 em
2343 1349 2469 1418 jam
2492 1350 2593 1404 fati
2609 1349 2865 1406 doctoris
2886 1350 2995 1405 hoc
3016 1350 3096 1404 ita
3114 1349 3560 1417 intellexissem,
3575 1351 3739 1424 quod

2072 1437 2169 1508 qui
2204 1436 2375 1492 hodie
2408 1438 2643 1493 fratrem
2678 1456 2879 1505 suum,
2916 1437 3026 1493 hoc
3060 1442 3149 1494 est
3189 1438 3595 1494 Christianum
3626 1437 3740 1495 ali-

2072 1542 2265 1597 quem,
2301 1526 2517 1598 injuste
2550 1526 2841 1595 interﬁcit,
2864 1531 3024 1581 tanto
3056 1527 3341 1599 majorem
3373 1544 3584 1583 noxam
3604 1528 3726 1583 sibi

2069 1614 2361 1670 contrahit
2392 1617 2536 1672 167
2578 1616 2649 1673 ab
2684 1616 2796 1681 his,
2832 1616 2930 1688 qui
2964 1616 3036 1672 ab
3067 1614 3210 1672 Abel
3234 1618 3398 1688 justo
3441 1632 3633 1688 usque
3659 1617 3737 1673 ad

2069 1705 2417 1777 sanguinem
2449 1704 2737 1762 Zacharias
2771 1704 2873 1760 ﬁlii
2907 1704 3197 1761 Barachiae
3230 1704 3462 1777 aliquos
3493 1706 3739 1762 occide-

2070 1800 2226 1860 runt,
2262 1799 2481 1866 quanto
2512 1798 2569 1850 et
2607 1792 2768 1849 illam
2799 1796 3027 1866 [scilicet
3054 1794 3286 1866 noxam]
3320 1811 3557 1851 omnem
3627 1812 3737 1868 pro

2069 1884 2361 1938 consortio
2374 1883 2766 1955 generationis
2779 1883 2982 1956 utique
2998 1884 3188 1952 habet,
3204 1889 3261 1940 et
3276 1902 3448 1941 suam
3463 1884 3734 1958 insuper,

2074 1989 2251 2043 quam
2265 1972 2588 2029 imitatione
2600 1972 2897 2028 commisit
2926 1973 3211 2045 ipsorum,
3226 1972 3491 2046 Cumque
3509 1990 3603 2031 me
3620 1974 3737 2032 hoc

2073 2060 2322 2116 nimium
2348 2060 2670 2127 terruisset,
2695 2066 2760 2116 ut
2790 2078 2940 2133 saepe
2971 2060 3277 2134 contingit,
3311 2078 3382 2118 ex
3430 2061 3565 2118 aliis
3612 2062 3738 2120 alia

2072 2148 2373 2221 colligens,
2406 2153 2464 2204 ct
2494 2151 2647 2221 quod
2677 2150 2747 2204 de
2772 2149 3088 2205 homicidio
3109 2166 3351 2205 sensum
3383 2149 3575 2207 fuerat
3591 2168 3733 2207 sen—

2072 2237 2191 2307 tiri,
2207 2238 2343 2293 etde
2356 2239 2581 2294 caeteris
2604 2238 2952 2294 criminibus
2976 2238 3121 2293 ratio
3143 2238 3380 2295 evidens
3403 2238 3739 2311 postularet

2070 2325 2278 2393 valere,
2313 2326 2456 2398 εωρί
2491 2327 2645 2382 intra
2675 2344 2767 2382 me
2798 2327 2988 2383 dicere
3023 2344 3036 2384 :
3068 2328 3227 2383 Tunc
3259 2344 3395 2400 ergo
3421 2328 3733 2384 debes'ab-

2072 2415 2177 2471 has
2201 2432 2333 2470 cum
2365 2415 2707 2487 hujusmodi
2727 2415 3085 2471 conscientia
3108 2415 3260 2471 ﬁeri?
3274 2415 3597 2473 Monachus
3615 2417 3737 2490 pri-

2072 2520 2235 2559 mum
2264 2506 2513 2561 efﬁcere.
2551 2528 2579 2554 ››
2604 2506 2748 2560 Nam
2781 2507 2850 2559 de
2882 2504 3189 2560 sraesulatu
3223 2506 3370 2579 (344)
3404 2510 3530 2561 tum
3579 2509 3734 2562 tem-

2072 2594 2232 2665 poris
2254 2594 2567 2658 exciderat,
2584 2594 2694 2649 nisi
2721 2594 2877 2666 quod
2908 2598 2964 2648 ct
2989 2592 3397 2665 hunciudigne
3422 2594 3736 2651 subieraut

2071 2681 2263 2737 multi.
2299 2683 2482 2753 Igitur
2510 2682 2648 2755 quia
2675 2682 2744 2737 ab
2778 2681 2875 2737 illo
2898 2699 3013 2753 quo
3043 2681 3175 2736 libri
3232 2680 3412 2753 hujus
3462 2682 3737 2740 clausula

2070 2770 2195 2824 ﬁeri
2222 2770 2425 2826 debuit
2448 2769 2623 2843 longe
2669 2770 2918 2842 digressi
2960 2787 3170 2826 sumus
3220 2769 3368 2835 loco,
3402 2771 3731 2829 anchoram

2068 2862 2331 2913 nostram
2365 2859 2421 2913 in
2451 2857 2561 2913 isto
2594 2859 2844 2931 figamus
2877 2859 3071 2928 modo,
3094 2862 3158 2913 ut
3180 2857 3485 2931 paulisper
3506 2876 3731 2915 recrea.

2066 2951 2164 3001 tus
2208 2951 2457 3019 proreta,
2487 2948 2639 3003 vires
2696 2947 2870 3003 citius
2924 2946 3369 3019 expeditiusque
3427 2955 3718 3005 resumat.

2067 3034 2254 3107 Hujus
2268 3036 2464 3107 itaque
2478 3035 2658 3091 nostri
2673 3035 2894 3091 scilicet
2908 3040 3098 3091 textus
3111 3035 3400 3093 sermonis
3414 3035 3471 3091 in
3484 3035 3730 3094 laudem

2067 3125 2295 3181 desinat
2320 3130 2532 3181 sancta:
2565 3124 2887 3180 Triuitatis.
2920 3124 3049 3180 Tibi
3080 3123 3352 3194 laus,tibi
3394 3124 3728 3197 gloria,tihi

2068 3214 2390 3287 gratiarum
2421 3213 2529 3269 acti
2538 3231 2628 3278 o,o
2647 3214 2817 3269 beata
2840 3212 3401 3270 Trinitas.Miserere
3421 3214 3727 3283 miserere,

2070 3302 2366 3367 miserere,
2385 3302 2521 3358 licet
2554 3302 2986 3374 indignissimo,
3003 3301 3073 3358 de
3088 3307 3141 3357 te
3156 3307 3350 3358 tamen
3385 3303 3729 3363 indecenter

2066 3390 2340 3463 loquendi
2374 3390 2619 3463 trepido,
2651 3391 2822 3463 cujus
2849 3408 3060 3446 nomen
3093 3408 3208 3447 non
3239 3390 3503 3464 ignoras,
3541 3393 3717 3449 mihi.

2064 3514 2374 3570 ronensem
2406 3496 2755 3570 abdicasset,
2779 3498 2851 3570 de
2878 3496 3192 3570 praesulatu
3225 3496 3370 3570 nihil
3400 3498 3724 3570 cogitabat:

2066 3568 2285 3651 multos
2316 3585 2446 3651 vero
2468 3568 2739 3651 eamdem
2779 3568 3122 3651 dignitatem
3174 3568 3417 3651 indigne
3465 3568 3729 3649 subiisse

2064 3640 2263 3721 tradit,
2290 3644 2353 3694 ut
2385 3639 2603 3723 n'ntavit
2633 3640 2806 3723 etiam
2829 3638 2961 3723 étto
2992 3638 3377 3723 Yercellensis
3402 3640 3727 3723 episcopus

2067 3711 2125 3765 in
2181 3728 2351 3787 opere
2407 3712 2793 3787 Deuplressuris
2821 3712 3098 3787 Ecclesiae.
3130 3717 3280 3784 part.
3313 3728 3353 3766 ιι
3401 3711 3725 3787 Spicilegii,

2068 3781 2396 3837 novissima:
2428 3782 2701 3838 editionis
2732 3797 2863 3854 pag.
2899 3782 3023 3836 421.

1322 4005 1734 4090 INCIPIT
1795 4005 2144 4092 LIBER
2204 4004 2686 4092 SEXTUS.

375 4177 423 4233 1.
442 4173 656 4233 Usuale
673 4177 761 4231 est
791 4172 991 4230 nautis
1024 4189 1137 4227 non
1164 4172 1362 4228 minus
1394 4172 1611 4245 piratas
1640 4190 1816 4246 quam
1833 4189 1960 4245 pro-

299 4274 497 4343 cellas,
519 4273 650 4347 plus
668 4290 801 4329 vero
834 4287 1260 4343 nonnunquam
1288 4271 1480 4344 ipsius
1506 4270 1718 4327 vicinia
1731 4275 1955 4345 portus,

300 4390 478 4447 quam
522 4372 717 4445 ipsum
751 4371 1066 4426 formidare
1097 4369 1363 4442 pelagus,
1397 4369 1539 4424 dum
1573 4370 1719 4437 (345)
1751 4369 1956 4424 dromo

299 4479 450 4535 saepe
477 4465 685 4533 preter
707 4460 1101 4531 granditatem
1134 4464 1405 4527 onustus,
1432 4458 1747 4531 improvise
1780 4458 1953 4514 illidi-

297 4556 397 4606 tur
424 4549 972 4621 syrtibus,spesque
992 4551 1115 4602 tota
1142 4546 1361 4603 laboris
1389 4564 1522 4603 cum
1556 4547 1701 4619 ipsis
1728 4548 1957 4620 deperit

297 4643 943 4710 laborantibus,amicis
964 4659 995 4697 e
1023 4643 1217 4698 vicino
1243 4645 1671 4715 spectantibus;
1697 4646 1853 4718 quod
1884 4663 1957 4701 ne

301 4748 358 4801 et
387 4742 560 4799 nobis
572 4740 893 4813 contingat,
914 4739 1066 4803 (346)
1088 4756 1406 4812 exsurgens
1428 4758 1764 4813 precamur:
1787 4742 1957 4799 Salva

303 4858 410 4898 nos
439 4856 511 4897 ne
542 4854 853 4912 pereamus
884 4837 1093 4900 (Matth.
1126 4853 1227 4904 vn,
1256 4839 1372 4904 25),
1402 4843 1459 4893 te
1488 4838 1645 4894 enim
1696 4840 1841 4905 sine,
1875 4840 1956 4895 nil

301 4937 488 4994 altum
532 4952 700 4993 mens
743 4933 1000 4999 inchoat,
1033 4933 1253 4989 nedum
1293 4935 1556 5007 perﬁciat
1587 4936 1674 5006 [f.,
1709 4936 1953 5010 perﬁcit]

300 5038 501 5088 sextus
531 5032 650 5098 hic,
675 5030 1057 5104 gubernatrix
1086 5029 1341 5085 Dealitas
1371 5047 1628 5096 summa,
1659 5032 1798 5086 dum
1814 5033 1884 5087 de
1899 5037 1956 5088 te

299 5129 472 5186 nobis
502 5126 993 5201 prmsumentibus
1021 5125 1234 5182 sulcari
1265 5126 1474 5181 nititur
1516 5127 1703 5192 sinus,
1722 5133 1953 5199 portum

290 5228 421 5299 jam
450 5224 770 5297 respiciens
802 5241 916 5295 quo
947 5222 1269 5279 tendimus.
1304 5223 1457 5279 168
1484 5223 1554 5278 Ut
1601 5225 1728 5296 jam
1760 5226 1954 5299 itaque

299 5323 608 5381 ordinibus
636 5320 818 5376 sacris
842 5320 1093 5378 breviter
1121 5321 1313 5387 tactis,
1337 5320 1645 5377 veniamus
1674 5323 1744 5377 ad
1770 5324 1955 5380 homi-

371 5431 517 5499 (345)
553 5434 766 5485 Dromo
798 5445 815 5482 :
848 5425 1022 5483 Navis
1044 5425 1272 5497 longior
1288 5432 1355 5499 et
1376 5425 1539 5482 velox
1569 5445 1602 5483 a
1630 5430 1821 5485 Grarco
1843 5430 1953 5495 δρό-

299 5498 853 5583 gocmureuszquippe
871 5515 997 5581 qua:
1020 5515 1253 5583 summa
1278 5498 1567 5554 celeritate
1581 5518 1645 5583 su
1658 5518 1756 5583 per
1768 5519 1953 5583 aquas

299 5572 574 5646 decurrit.
610 5570 753 5646 Vide
783 5570 1090 5642 Cangium,
1125 5587 1175 5624 v.
1210 5571 1541 5646 Dromones.
1579 5570 1716 5628 Dein
1764 5570 1953 5646 magis

298 5643 555 5716 placeret
582 5641 837 5716 scribere
859 5641 1463 5716 proptergmvitateiu,
1484 5642 1569 5716 ita
1594 5647 1657 5699 ut
1684 5641 1952 5700 constFu-

298 5712 412 5771 ctio
444 5714 520 5770 sit
537 5730 550 5769 :
568 5717 717 5768 Dum
733 5713 935 5769 dromo
956 5719 1191 5785 onustus
1204 5728 1353 5784 serpe
1365 5712 1623 5785 illiditur
1636 5716 1829 5785 impro
1841 5718 1954 5772 vise

297 5786 554 5858 syrtibus
577 5791 819 5855 propter
845 5784 1223 5856 gravitatem,
1237 5800 1353 5856 qua
1373 5784 1479 5841 ecil
1493 5784 1606 5842 icet
1622 5784 1953 5859 depressior

2070 4188 2211 4227 num
2239 4172 2521 4228 discretos
2552 4172 3061 4236 effectus.eosdem
3076 4189 3309 4245 quoque
3340 4172 3729 4246 alloquentes,

2067 4277 2183 4333 quo
2215 4278 2534 4333 possumus
2552 4261 2929 4318 succinctius.
2945 4262 3155 4317 Justus
3177 4278 3239 4317 es
3259 4263 3287 4315 ?
3307 4263 3731 4335 Suggero,dis-

2066 4350 2305 4418 simula,
2340 4350 2458 4406 imo
2491 4349 2683 4423 cogita
2706 4355 2761 4406 te
2792 4367 2907 4406 non
2939 4367 3066 4405 esse
3091 4350 3351 4421 [subaudi
3380 4352 3734 4425 justum],ut

2066 4439 2260 4511 possis
2291 4438 2570 4494 veraciter
2600 4457 2747 4495 esse.
2782 4440 3057 4494 Peccator
3080 4456 3143 4494 es
3163 4439 3191 4493 ‘?
3211 4437 3507 4495 Contende
3546 4457 3736 4513 quan-

2064 4532 2191 4583 tum
2221 4526 2380 4583 vales
2412 4544 2528 4583 non
2561 4545 2689 4584 esse
2719 4528 2978 4600 [subaudi
3007 4528 3418 4600 peccatorem],
3454 4542 3733 4603 rec0gno-

2066 4634 2233 4673 scens
2266 4622 2321 4672 te
2350 4617 2633 4672 veraciter
2661 4633 2811 4672 esse.
2844 4616 2962 4672 Hoc
2994 4616 3151 4673 enim
3183 4621 3373 4689 pacto,
3397 4618 3515 4675 Deo
3560 4619 3732 4689 adju-

1987 4709 2031 4775 D
2062 4710 2252 4773 vante,
2282 4705 2498 4777 poteris
2534 4704 2848 4778 aliquando
2881 4722 2996 4760 non
3031 4722 3177 4762 esse.
3209 4705 3418 4762 Justus
3439 4707 3547 4761 es?
3579 4705 3730 4766 Vide

2065 4810 2136 4850 ne
2167 4811 2424 4850 corruas.
2451 4794 2723 4850 Peccator
2745 4809 2807 4850 es
2829 4793 2857 4849 ‘I
2886 4793 3107 4851 Conare
3147 4798 3214 4850 ut
3252 4810 3483 4868 surgas.
3515 4795 3731 4853 Justus

2066 4900 2128 4938 es
2148 4884 2176 4937 ?
2205 4883 2421 4939 Teneat
2452 4886 2507 4939 te
2546 4899 2721 4939 casus
2752 4881 2942 4955 angeli
2993 4884 3063 4938 ad
3102 4882 3415 4939 cautelam.
3451 4882 3732 4941 Peccator

2064 4971 2170 5027 es?
2198 4970 2435 5027 Animet
2479 4974 2536 5026 te
2567 4987 2848 5027 ascensus
2895 4970 3154 5027 hominis
3185 4972 3258 5027 ad
3284 4971 3719 5044 paenitentiam.

2064 5059 2178 5114 Nec
2202 5063 2266 5116 tu
2299 5060 2494 5132 itaque
2524 5060 2682 5133 prior
2697 5060 2768 5114 de
2800 5059 3037 5133 propria
3061 5060 3289 5115 actione
3320 5060 3726 5129 eonﬁdas,nec

2064 5147 2173 5203 iste
2204 5149 2276 5204 de
2307 5149 2409 5205 Dei
2434 5148 2835 5204 misericordia
2867 5148 3154 5221 desperet,
3179 5148 3320 5219 quia
3348 5148 3398 5204 si
3422 5148 3612 5205 scitur
3626 5147 3731 5206 ho-

2062 5235 2156 5291 die
2188 5236 2393 5309 quales
2419 5237 2569 5303 sitis,
2600 5253 2730 5293 cras
2762 5241 3009 5309 uterque
3040 5235 3182 5308 quid
3214 5236 3398 5293 futuri
3429 5236 3731 5305 sitis,om-

2063 5324 2204 5380 nino
2234 5325 2513 5381 nescitur.
2547 5324 2858 5381 Mutabiles
2889 5326 3047 5381 enim
3080 5328 3202 5380 tam
3235 5326 3509 5382 tenebras
3538 5342 3728 5397 quam

2063 5433 2120 5487 in
2155 5436 2346 5503 syrtes
2376 5431 2635 5487 offendit.
2661 5432 2827 5487 Forte
2845 5449 2976 5487 vero
3005 5432 3729 5503 pratergrandilatemin-

2062 5504 2501 5631 suitotnustpm
2534 5520 2714 5575 supra
2744 5503 2995 5575 id,quod
3021 5502 3210 5575 ipsius
3232 5503 3726 5576 dromonisgran-

2106 5576 2218 5630 itas
2275 5590 2399 5629 erre
2432 5615 2445 5628 .

2106 5590 2218 5629 llas
2251 5590 2445 5629 terret.

2133 5644 2283 5713 (346)
2315 5648 2629 5701 Construe:
2661 5650 3013 5716 Exsurgens;
3044 5652 3097 5701 et
3116 5646 3245 5716 jam
3279 5644 3596 5714 respiciens
3619 5661 3728 5716 pro

2060 5732 2163 5772 ex:
2170 5720 2517 5787 urgentes,et
2518 5718 2646 5787 jam
2659 5717 3030 5786 respicientes
3038 5723 3170 5789 por!
3178 5733 3271 5772 um
3284 5732 3397 5789 quo
3414 5717 3725 5789 tendimus,

2060 5802 2392 5859 precamur,
2424 5789 2593 5845 salva
2623 5804 2725 5845 nos
2750 5805 2820 5845 ne
2849 5788 3156 5860 percarum
3187 5807 3201 5859 ;
3235 5788 3358 5845 siue
3384 5796 3439 5846 te
3458 5788 3615 5845 enim
3643 5791 3731 5846 nil
