3936 6406
181 420 293 487 317

1112 427 1768 512 PRELOQUIORUM
1809 435 2016 501 LIBRI
2059 438 2234 505 SEX.
2268 476 2348 489 —
2372 445 2519 507 LlB.
2567 444 2668 510 Vl.

3490 461 3611 522 318

179 558 360 617 lucem
386 560 587 620 cordis
610 579 759 636 esse,
782 568 839 623 et
857 563 1062 640 lapsus
1082 571 1313 626 tantum
1335 570 1510 644 (21:7,)
1541 577 1599 629 et
1617 574 1830 629 erectio
1859 574 1914 642 Α
1944 578 2201 634 noverim
2235 578 2373 651 quia
2404 583 2700 639 modicum
2738 586 3086 646 fermentum
3118 595 3298 648 totam
3339 611 3600 654 massam

180 650 433 723 quotidie
461 656 756 710 monstrat
783 654 1109 729 lapsorum.
1143 658 1327 727 Unde,
1361 665 1419 716 et
1448 662 1830 733 quibusdam,

177 755 304 796 cum
335 744 393 797 et
418 740 565 798 alibi
596 743 845 801 dixerit:
870 747 982 816 Qui
1008 752 1115 803 stat
1131 748 1315 804 videat
1340 765 1411 805 ne
1438 750 1602 808 cadat
1632 752 1679 821 (I
1710 751 1830 807 Cor.

174 845 226 897 x,
255 830 339 897 12,
373 830 521 886 dicit
563 832 926 906 Apostolus:
968 837 1175 893 Fuistis
1229 838 1529 911 aliquando
1571 841 1830 908 tenebrm,

173 934 316 973 nunc
350 927 539 976 autem
596 921 699 977 tua:
727 924 791 977 in
826 923 1060 980 Domino
1090 925 1308 998 (Ephes.
1338 944 1396 993 v,
1427 930 1510 1000 8.)
1562 928 1834 985 Peccator

176 1005 280 1064 es?
306 1009 460 1063 Audi
485 1008 646 1066 unde
675 1012 935 1083 gaudeas
969 1029 983 1068 :
1018 1012 1293 1071 Gaudium
1316 1020 1396 1072 est
1420 1018 1480 1072 in
1510 1019 1644 1074 caelo
1671 1035 1835 1091 super

175 1112 277 1151 uno
294 1106 579 1168 peccatore
599 1102 986 1172 penitentiam
1012 1111 1228 1172 agente,
1264 1120 1432 1176 quam
1450 1122 1619 1180 supra
1648 1124 1834 1164 mona-

173 1187 322 1256 ginta
349 1202 549 1242 novem
569 1188 759 1260 justis,
789 1191 888 1261 qui
905 1206 1017 1246 non
1045 1191 1297 1264 indigent
1317 1197 1648 1265 paenitentia
1679 1197 1827 1267 (Luc.

172 1290 257 1341 xv,
292 1275 405 1339 10.)
436 1275 650 1333 Justus
678 1294 742 1333 es
762 1278 789 1334 ?
815 1279 967 1334 Audi
999 1280 1141 1352 quid
1166 1296 1370 1339 caveas
1401 1299 1413 1338 :
1445 1284 1699 1341 Videbam
1729 1287 1829 1343 Sa-

173 1366 340 1419 tatam
366 1365 516 1421 sicut
541 1366 740 1437 fulgur
764 1367 830 1423 dc
856 1369 989 1425 caelo
1018 1369 1296 1427 cadentem
1330 1373 1480 1445 (Luc.
1513 1391 1570 1441 x,
1608 1374 1723 1437 13.)

233 1454 287 1507 2.
321 1454 614 1510 Caeterum
640 1473 747 1513 nec
768 1458 975 1529 justus
1005 1459 1170 1524 adeo,
1206 1477 1312 1516 nec
1344 1466 1615 1534 peccator
1644 1464 1787 1520 adeo
1812 1481 1826 1520 :

169 1541 400 1597 medius
424 1543 675 1615 quidam
718 1545 870 1602 inter
895 1546 1019 1603 hinc
1051 1548 1167 1604 duo
1220 1553 1276 1605 te
1314 1550 1570 1607 delectat
1617 1551 1781 1608 locus
1802 1551 1832 1607 ‘t

165 1629 347 1700 Time,
374 1648 543 1706 rogo,
573 1634 771 1706 ipsum
788 1635 956 1692 valde
976 1640 1257 1709 teporem,
1283 1655 1355 1695 ne
1378 1640 1451 1695 ab
1474 1640 1601 1712 ipso
1622 1657 1832 1698 rursus

164 1717 382 1776 labaris
412 1722 492 1777 ad
524 1721 736 1795 frigus.
769 1724 917 1779 Nam
951 1725 1105 1781 sicut
1134 1743 1168 1781 a
1196 1730 1394 1798 tepore
1434 1729 1507 1784 ad
1547 1727 1826 1795 calorem,

161 1805 241 1863 ita
269 1824 687 1882 saepenumero
718 1811 792 1867 ab
821 1812 1027 1868 eodem
1058 1813 1405 1882 declinatur,
1434 1820 1585 1872 teste
1617 1817 1832 1891 Grego-

165 1895 264 1964 rio,
289 1898 369 1953 ad
402 1898 622 1971 frigus.
654 1899 806 1955 Audi
838 1899 1093 1974 denique
1148 1902 1289 1975 quid
1349 1904 1554 1977 angelo
1603 1905 1836 1962 dicatur

165 1984 459 2042 Laodicia:
497 2002 510 2041 :
562 1988 784 2044 Utinam
811 1988 1023 2044 calidus
1049 2005 1189 2046 esses
1215 1995 1315 2046 aut
1359 1993 1641 2064 frigidus;
1684 2012 1836 2053 nunc

164 2081 346 2130 autem
381 2075 527 2146 quia
554 2075 838 2147 tepiduses
866 2077 1136 2149 incipiam
1164 2088 1218 2135 te
1236 2096 1483 2138 evomere
1508 2099 1580 2138 ea:
1605 2100 1698 2139 ore
1718 2101 1834 2141 meo

166 2164 343 2236 (Apoc.
374 2179 466 2233 III,
492 2163 610 2234 46.)
633 2164 729 2220 Va:
749 2170 945 2221 autem
969 2166 1070 2239 qui
1095 2184 1164 2223 ex
1184 2185 1283 2226 ore
1303 2169 1833 2244 irrecuperabiliter

164 2251 454 2308 evomitur
484 2252 606 2308 Dei.
639 2252 765 2317 Quo
819 2260 1020 2310 contra
1068 2255 1384 2314 Psalmista
1429 2259 1499 2315 de
1557 2262 1825 2320 sanctis:

164 2341 336 2409 Ibunt,
370 2341 591 2414 inquit,
622 2341 690 2397 de
735 2344 937 2399 virtute
965 2345 1024 2399 in
1084 2347 1347 2402 virtutem
1376 2350 1552 2416 (Psal.
1595 2367 1824 2419 Lxxxm,

165 2431 248 2496 88)
273 2448 287 2498 ;
316 2429 465 2503 quia
485 2430 778 2498 videlicet,
800 2436 866 2486 ut
888 2433 999 2488 Leo
1021 2434 1229 2491 beatus
1258 2435 1358 2503 ait,
1388 2437 1640 2494 scientes
1662 2441 1825 2497 arbo-

168 2534 256 2574 res
286 2535 349 2574 se
379 2535 517 2575 esse
555 2518 615 2575 in
642 2519 910 2577 Ecclesia;
938 2521 1237 2580 viridiario
1297 2523 1591 2597 plantatas
1626 2527 1826 2585 Domi-

169 2605 312 2674 nico,
337 2624 457 2664 non
500 2607 695 2664 solum
745 2614 951 2666 cavent
970 2611 1333 2668 nedeﬁciant
1354 2613 1413 2668 in
1435 2615 1625 2687 pejus,
1644 2617 1825 2674 etiam

171 2694 304 2751 dant
328 2712 689 2770 magnopere
719 2698 984 2755 studium
1017 2704 1083 2755 ut
1138 2702 1450 2773 proficiant
1496 2704 1556 2760 in
1591 2704 1824 2764 melius.

174 2784 308 2840 Cum
339 2790 539 2842 autem
563 2785 965 2859 pulcherrima
985 2789 1299 2859 cuiusdam
1324 2796 1829 2868 nostrorum,quia

173 2872 500 2942 mitissima,
534 2873 827 2931 habeatur
857 2877 1148 2933 sententia
1176 2878 1447 2946 dicentis,
1490 2898 1607 2937 non
1667 2883 1827 2940 futu-

174 2976 295 3017 rum
325 2966 491 3018 extra
510 2961 1003 3033 misericordiam,
1038 2966 1139 3039 qui
1161 2966 1248 3024 vel
1282 2972 1511 3041 partem
1535 2969 1824 3029 bonorum

171 3065 402 3122 operum
435 3050 618 3108 fuerit
640 3059 968 3121 assecutus,
1003 3072 1120 3112 non
1166 3056 1365 3113 minus
1393 3062 1589 3115 tamen
1623 3077 1825 3135 recep-

170 3138 390 3196 tissima
419 3140 689 3207 alterius,
722 3141 863 3214 quia
891 3142 1220 3212 verissima,
1254 3149 1344 3201 est
1388 3148 1695 3206 retinenda
1724 3151 1823 3207 de-

174 3227 350 3285 finitio
379 3227 639 3286 dicentis
668 3245 683 3284 :
719 3231 952 3300 Quinon
968 3235 1209 3304 proficit,
1239 3233 1444 3302 deﬁcit,
1477 3244 1530 3292 et
1550 3240 1651 3309 qui
1675 3240 1825 3296 nihil

1943 671 2267 742 corrumpit
2321 674 2372 741 (Ι
2397 675 2523 729 Cor.
2577 691 2634 740 v,
2666 676 2746 749 6-)
2801 678 2950 734 Audi
3010 680 3232 738 dictum
3291 702 3326 739 a
3367 685 3602 757 Jacobo,

1944 758 2267 832 Quicunque
2319 766 2492 818 totam
2551 764 2724 833 legem
2772 768 3156 839 observaverit,
3214 774 3453 846 offendat
3502 794 3604 833 au-

1944 860 2053 911 tem
2080 859 2143 912 in
2193 875 2323 927 uno,
2369 862 2475 917 erit
2531 864 2823 938 reus(Jac.
2881 884 2941 934 n,
2989 868 3095 942 10.)
3148 869 3358 945 Legem
3405 880 3602 932 autem

1943 943 2095 1001 hanc
2126 951 2324 1003 utrum
2359 950 2655 1023 Evangelii
2708 960 2811 1009 aut
2838 954 3064 1013 Veteris
3096 943 3479 1032 Testamenti,
3528 982 3603 1022 an

1943 1033 2120 1100 simul
2158 1041 2467 1111 utramque
2498 1040 2673 1109 dicat,
2709 1045 2994 1102 studiosis
3040 1048 3431 1122 relinquimus
3482 1055 3604 1112 dis-

1943 1125 2195 1195 quirere,
2227 1143 2362 1183 cum
2397 1132 2453 1185 et
2506 1130 2864 1206 interrogata
2894 1134 2952 1191 in
3014 1138 3247 1197 duobus
3301 1147 3603 1217 praeceptis

1941 1225 2127 1277 totam
2153 1223 2382 1281 Veritas
2413 1225 2541 1299 ipsa
2569 1227 2755 1301 legem
2788 1236 2846 1287 et
2877 1234 3193 1307 prophetas
3223 1238 3434 1295 dixerit
3456 1260 3600 1314 pen-

1941 1311 2078 1400 dere
2111 1313 2316 1383 (Matth.
2351 1332 2489 1388 nn,
2553 1319 2666 1391 40,)
2717 1325 2773 1376 et
2801 1324 3117 1395 Apostolus
3172 1311 3599 1400 plenitudinem

1939 1397 2086 1472 legis
2137 1401 2511 1461 dilectionem
2577 1408 2830 1467 dixerit:
2881 1412 2938 1467 Si
2996 1416 3130 1487 quis
3173 1397 3375 1477 unum
3431 1440 3600 1479 man~

1939 1489 2145 1545 datum
2177 1494 2487 1563 custodiat,
2532 1496 2692 1553 aliud
2723 1503 3150 1571 praavericetur,
3208 1525 3323 1564 non
3356 1511 3408 1565 ei
3464 1529 3599 1584 pro-

1941 1577 2091 1634 dest.
2127 1577 2396 1637 Custodit
2425 1600 2488 1639 se
2540 1584 2757 1658 aliquis
2798 1589 2870 1644 ab
2931 1593 3195 1663 avaritia,
3228 1612 3346 1653 non
3404 1577 3601 1659 custo-

1941 1674 2129 1731 dit'ad
2157 1676 2444 1735 adulterio
2464 1681 2493 1735 ‘I
2515 1681 2726 1754 Utique
2755 1685 2814 1740 in
2874 1704 2993 1745 uno
3052 1693 3373 1765 convictus,
3435 1699 3599 1758 dam-

1943 1767 2119 1853 natur
2165 1766 2341 1822 etiam
2374 1768 2572 1825 seaculi
2622 1769 2894 1844 legibus;
2954 1794 3060 1835 nec
3118 1784 3356 1853 prodest
3384 1788 3434 1843 ei
3466 1789 3602 1847 alte-

1944 1850 2069 1908 rius
2100 1854 2365 1912 criminis
2396 1858 2773 1928 abstinentia,
2810 1865 2910 1936 qui
2942 1867 3011 1922 in-
3050 1850 3233 1928 altero
3282 1874 3458 1933 fuerit
3499 1880 3600 1936 de-

1864 1949 1911 2014 B
1943 1941 2290 2040 prehensus.
2326 1945 2443 2001 Hoc
2476 1963 2652 2004 sensu
2684 1967 2819 2008 cum
2853 1956 3111 2015 terribile
3141 1961 3219 2016 sit
3247 1962 3412 2022 valde
3443 1970 3597 2040 quod

1942 2030 2207 2102 protulit,
2238 2035 2339 2089 sed
2373 2039 2569 2092 tamen
2601 2055 2781 2111 super
2827 2041 2979 2101 hanc
3025 2050 3292 2107 eamdem
3335 2030 3597 2127 Apostoli

1940 2121 2290 2177 sententiam
2325 2123 2743 2199 Hieronymum
2766 2132 2895 2203 jam
2928 2136 3325 2210 consuluerit;
3361 2121 3466 2202 nec
3504 2147 3597 2204 in-

1939 2218 2242 2291 cognitum
2274 2222 2463 2311 nobis,
2525 2222 2715 2297 legem
2773 2231 2954 2286 totam
3014 2233 3339 2311 intelligere
3392 2243 3594 2304 decem

1933 2307 2037 2363 illa
2065 2309 2359 2381 generalia
2388 2319 2695 2403 praecepta,
2728 2318 2887 2374 unde
2933 2307 3232 2382 omnium-
3258 2330 3594 2403 specialitas

1934 2398 2095 2453 velut
2124 2416 2155 2454 e
2185 2401 2441 2472 quodam
2486 2401 2607 2458 rivo
2639 2404 2858 2463 fidibus
2911 2409 3259 2473 decachordi
3291 2398 3596 2482 vdistincta

1937 2486 2235 2543 derivatur
2265 2504 2278 2544 :
2306 2505 2432 2561 quae
2465 2491 2693 2561 [scilicet
2737 2494 2938 2552 decem
2979 2507 3288 2578 praecepta]
3318 2524 3453 2565 cum
3504 2512 3597 2569 in-

1936 2573 2589 2635 solubiliteraduobus
2620 2580 2739 2637 illis
2797 2585 3073 2644 maximis
3122 2573 3184 2646 et
3229 2573 3439 2664 primis
3495 2581 3641 2658 de-v

1938 2663 2136 2728 ducta,
2171 2664 2372 2720 decem
2420 2666 2639 2725 faciant
2696 2671 2871 2739 rivos,
2927 2681 3153 2748 septem
3214 2663 3492 2743 videlicet
3522 2691 3594 2746 ad

1937 2758 2309 2818 dilectionem
2342 2765 2615 2836 proximi,
2648 2770 2767 2825 tres
2799 2771 3157 2842 pertinentes
3201 2779 3274 2835 ad
3325 2781 3596 2846 dilectio-

1938 2866 2071 2905 nem
2099 2850 2221 2919 Dei,
2257 2851 2340 2907 ita
2369 2870 2539 2910 suam
2599 2864 2833 2914 servant
2861 2862 3016 2919 unde
3071 2877 3431 2929 emerserunt
3489 2893 3593 2933 na-

1937 2942 2155 3009 turam,
2188 2944 2254 2996 ut
2296 2959 2480 2998 unum
2514 2944 2641 3001 sine
2688 2946 2891 3015 altero,
2924 2950 3076 3010 sicut
3122 2973 3230 3012 nec
3286 2968 3481 3034 caput,
3514 2963 3597 3022 ita

1937 3044 2042 3084 nec
2074 3029 2346 3102 amplecti
2373 3034 2655 3090 veraciter
2683 3040 3001 3113 respuique
3028 3044 3260 3103 valeant
3305 3029 3592 3111 membra.

1935 3117 2083 3217 Nam
2128 3119 2283 3176 sicut
2317 3123 2493 3179 Deum
2529 3142 2644 3181 non
2676 3127 2918 3203 diligere
2963 3136 3264 3207 probatur,
3300 3142 3400 3214 qui
3460 3161 3594 3217 pro-

1932 3206 2157 3264 ximum
2190 3226 2307 3266 non
2356 3212 2567 3285 diligit,
2627 3216 2852 3275 Joanne
2906 3221 3132 3282 dicente
3164 3244 3178 3282 :
3213 3206 3280 3285 Si
3317 3206 3478 3305 .quis.
3507 3234 3569 3291 di

175 3319 415 3390 acquirit,
447 3319 716 3375 nonnihil
743 3321 947 3391 perdit,
980 3321 1084 3377 Cui
1142 3324 1473 3381 assentiens
1529 3308 1635 3382 nec
1666 3328 1726 3384 in

2035 3308 2377 3403 it_quoniam
2421 3311 2595 3381 diligo
2623 3316 2816 3379 Deum.
2867 3328 2918 3375 et
2952 3323 3188 3391 fratrem
3242 3342 3403 3384 suum
3450 3332 3589 3403 odit,

179 3405 287 3463 rior
312 3406 477 3478 alter,
513 3407 730 3475 Omnis,
761 3408 845 3464 ait
871 3409 1112 3482 defectus
1137 3411 1208 3467 ad
1234 3413 1480 3469 nihilum
1500 3416 1689 3472 tendit.
1726 3418 1828 3474 His

180 3492 364 3567 itaque
390 3496 473 3553 ita
502 3498 808 3566 connexis,
840 3497 1171 3556 timendum
1204 3518 1275 3557 ne
1306 3502 1447 3558 dum
1479 3520 1595 3559 non
1631 3505 1826 3563 inbias

181 3584 470 3654 profectui,
495 3588 854 3643 succumbas
867 3587 1142 3655 defectui,
1164 3589 1607 3649 deveniasIBO
1630 3594 1823 3662 nihili,

179 3670 317 3730 Sunt
334 3679 531 3732 autem
555 3675 822 3748 quidam,
851 3680 1000 3733 teste
1019 3678 1316 3750 Gregorio,
1349 3696 1384 3735 a
1403 3697 1655 3752 quorum
1682 3683 1825 3740 libe-

178 3761 281 3816 rari
311 3767 509 3837 satage
538 3764 859 3831 consortio,
911 3764 1012 3838 qui
1041 3770 1108 3823 ut
1135 3767 1406 3824 fruantur
1437 3769 1670 3835 saeculo,
1704 3772 1823 3829 dis-

178 3853 489 3920 pensatoris
518 3852 788 3909 serviunt
821 3858 952 3910 Deo.
979 3855 1132 3911 Sunt
1170 3860 1375 3913 contra
1403 3857 1524 3922 alii,
1569 3875 1821 3932 quorum

177 3936 230 3992 in
270 3955 508 3998 numero
562 3942 738 3998 stude
797 3943 1066 4011 inveniri,
1097 3944 1199 4017 qui
1261 3949 1324 4000 ut
1379 3946 1650 4002 fruantur
1705 3940 1820 4006 Deo

175 4028 490 4087 transitoria
521 4030 793 4087 serviunt
823 4032 1068 4090 mundo.
1102 4032 1270 4089 Hunc
1297 4037 1493 4089 autem
1556 4037 1818 4096 medium

176 4128 290 4172 esse
307 4118 550 4189 justitia:
585 4118 781 4175 locum
813 4120 1061 4177 aestimo.
1085 4122 1247 4188 Quod
1282 4122 1332 4178 si
1363 4123 1604 4180 omnino
1634 4130 1689 4182 te
1711 4126 1819 4183 eri-

176 4215 295 4274 gere
320 4222 432 4263 non
461 4206 631 4264 vales
649 4210 741 4278 (ut
765 4225 881 4265 non
925 4208 1109 4282 vales)
1141 4211 1213 4266 ad
1260 4228 1604 4283 supremum
1646 4214 1815 4273 illum

176 4290 280 4349 Deo
307 4293 571 4367 placendi
613 4296 882 4353 ordinem
914 4298 1234 4367 ullomodo,
1263 4299 1472 4357 saltem
1512 4302 1600 4358 vel
1635 4304 1705 4359 ad
1734 4304 1814 4362 is-

177 4380 371 4439 tumte
422 4384 733 4441 humiliter
782 4386 1244 4460 ﬁrmissimeque
1299 4393 1500 4447 teneas
1552 4393 1813 4450 medium

178 4470 406 4539 postulo,
440 4490 514 4531 ne
542 4476 787 4548 quando
817 4476 1043 4533 scilicet
1071 4494 1210 4534 ruas
1235 4478 1307 4534 ad
1341 4479 1508 4536 illum
1535 4482 1812 4539 infimum

175 4556 307 4645 φάε)
323 4562 522 4620 ordine
550 4563 722 4621 devio
746 4581 761 4631 ;
795 4581 986 4639 neque
1005 4565 1163 4622 enim
1187 4567 1316 4623 ideo
1340 4568 1516 4625 debes
1539 4571 1664 4627 ﬁeri
1688 4588 1811 4645 per-

1937 3395 2179 3451 mendax
2201 3400 2278 3489 est
2308 3402 2359 3469 (1
2369 3400 2539 3489 toan.
2574 3418 2658 3467 ιιι,
2688 3403 2723 3456 9
2749 3407 2789 3472 ;)
2819 3410 2878 3461 et
2907 3424 3023 3464 non
3075 3413 3197 3466 tam
3233 3395 3593 3489 proximum,

1937 3499 2116 3555 quam
2147 3484 2323 3539 etiam
2365 3485 2695 3557 inimicum,
2753 3492 3003 3550 Domino
3057 3497 3328 3556 dicente:
3365 3484 3595 3576 Diligite

1936 3572 2192 3627 inimicos
2246 3578 2471 3638 vestros,
2522 3576 2656 3631 bene
2699 3579 2868 3648 facite
2924 3582 3011 3638 his
3047 3588 3145 3657 qui
3193 3588 3427 3648 oderunt
3480 3572 3589 3666 vos,

1935 3664 1997 3714 ut
2026 3660 2152 3714 sitis
2174 3661 2287 3730 [itii
2336 3663 2524 3719 Patris
2581 3667 2744 3722 vestri
2786 3670 2885 3740 qui
2933 3672 2994 3726 in
3046 3675 3198 3731 cretis
3248 3685 3327 3733 est
3383 3660 3589 3750 (Μαειιιζ

1933 3770 1988 3822 v,
2023 3756 2088 3810 44
2114 3756 2152 3823 ;)
2185 3756 2346 3813 nulla
2376 3763 2572 3815 autem
2600 3761 2923 3822 evidentior
2943 3769 3265 3829 redamatio
3291 3792 3468 3848 quam
3493 3797 3594 3854 pa-

1932 3843 2040 3900 tris
2070 3846 2141 3900 ad
2174 3845 2384 3911 tilium,
2415 3847 2519 3904 ﬁlii
2565 3851 2636 3907 ad
2686 3856 2932 3924 patrem,
2988 3875 3162 3931 quem
3214 3843 3328 3921 non
3389 3843 3591 3927 amare

1931 3934 2310 4007 convincitur,
2344 3939 2500 3995 170
2529 3941 2631 4013 qui
2662 3943 2792 4014 ejus
2823 3948 3049 4018 spernit
3090 3950 3424 4022 jussionem
3452 3976 3466 4014 :
3510 3960 3593 4016 ita

1928 4022 2029 4079 illa
2071 4025 2202 4093 tria,
2238 4042 2366 4099 quae
2407 4044 2441 4083 a
2492 4029 2685 4102 primo
2753 4033 3144 4109 deducuntur,
3210 4043 3411 4102 nullus
3487 4050 3590 4122 qui

1926 4120 2071 4177 illud
2102 4123 2387 4180 veraciter
2414 4126 2683 4184 observat
2710 4135 2904 4202 potest
2958 4140 3346 4207 prmvaricari.
3406 4120 3588 4203 Nemo

1924 4211 2083 4265 enim
2114 4210 2368 4285 diligens
2392 4213 2577 4270 Deum
2603 4216 2784 4273 alium
2835 4221 2974 4277 colit
3029 4230 3238 4295 praeter
3295 4246 3454 4296 eum,
3486 4251 3587 4289 ne-

1923 4313 2037 4370 que
2068 4299 2279 4372 accipit
2326 4318 2537 4357 nomen
2589 4306 2717 4374 ejus
2776 4307 2836 4361 in
2894 4326 3136 4378 vanum,
3196 4331 3302 4371 nec
3362 4318 3583 4392 aliquid

1921 4387 2064 4443 facit
2093 4388 2227 4443 boni
2260 4389 2374 4444 nisi
2407 4396 2645 4463 propter
2686 4410 2886 4451 verum
2947 4398 3294 4469 Sabbatum,
3326 4403 3437 4462 hoc
3459 4387 3585 4467 —est

1922 4483 2183 4555 requiem
2210 4486 2655 4559 sempiternam.
2690 4489 2761 4546 Et
2792 4492 2946 4549 sicut
2976 4498 3311 4568 proximum
3345 4520 3461 4560 non
3492 4505 3586 4561 di-

1920 4571 2102 4646 ligere
2133 4576 2550 4648 comprobatur
2594 4579 2694 4651 qui
2754 4581 2941 4638 Deum
2999 4602 3116 4642 non
3175 4588 3392 4665 diligit,
3443 4612 3583 4653 nam

178 4643 334 4745 ditus,
365 4652 502 4723 quia
531 4668 655 4709 non
685 4651 846 4709 vales
877 4670 1007 4711 esse
1030 4654 1346 4752 perfectus,
1398 4674 1503 4752 nec
1531 4658 1661 4752 ideo
1685 4643 1812 4734 pes-
1836 4685 1886 4750 Ι)
1918 4643 2027 4718 nec
2077 4643 2349 4752 seipsum
2402 4643 2628 4739 diligit;
2651 4669 2968 4730 Psalmista
3015 4643 3582 4752 dicente—duino”;

176 4732 360 4823 simus,
380 4740 518 4812 quia
528 4756 649 4798 non
664 4745 829 4814 potes
850 4743 1098 4800 existere
1108 4744 1391 4816 optimus.
1406 4745 1540 4819 Ipsa
1553 4732 1808 4823 denique

175 4817 472 4899 humilitas,
488 4846 612 4902 qua
634 4830 709 4886 de
741 4835 796 4887 te
813 4830 955 4887 vilia
976 4832 1257 4900 mstimas,
1278 4833 1327 4890 si
1344 4833 1422 4890 sit
1435 4817 1599 4901 vera,
1613 4841 1672 4894 et
1689 4817 1806 4896 non

174 4913 343 4980 potius
372 4919 641 4991 segnitia,
688 4920 763 4976 de
815 4921 1173 4994 quandoque
1230 4922 1456 4996 erigere
1485 4924 1702 4983 valebit
1731 4929 1803 4984 ad

180 4999 451 5074 sublimia,
479 5010 633 5063 teste
656 5024 797 5064 voce
826 5009 1133 5066 Dominica
1158 5010 1382 5083 (Matth.
1414 5028 1578 5081 χχιιι,
1617 5016 1731 5085 42).

239 5089 290 5145 3.
316 5090 394 5150 Ne
448 5112 607 5167 vero,
662 5097 804 5153 dum
860 5097 984 5155 haec
1029 5098 1236 5155 mitius
1292 5103 1489 5157 tecum
1548 5118 1677 5178 ago,
1713 5122 1806 5165 me

181 5174 273 5233 tibi
312 5184 548 5243 suadere
586 5190 780 5261 putes,
811 5187 901 5244 vel
933 5189 1112 5245 etiam
1171 5188 1414 5246 forsitan
1468 5174 1805 5267 concedere,

182 5268 239 5320 ut
285 5270 352 5325 ab
408 5273 709 5348 aliquibus
738 5277 883 5335 dum
940 5277 1222 5346 abstines,
1282 5277 1458 5335 alicui
1512 5281 1807 5343 deservias

183 5359 330 5424 quasi
366 5376 497 5419 cum
552 5363 726 5421 venia
777 5364 943 5435 vitio,
1005 5382 1162 5436 cum,
1216 5367 1461 5424 docente
1505 5370 1806 5444 Apostolo,

182 5489 507 5579 altum
552 5505 798 5579 inchoat,
830 5506 1034 5579 nedum
1076 5508 1314 5579 perﬁcit,
1338 5508 1473 5565 dum
1502 5520 1686 5569 sextus
1718 5516 1808 5574 hic

185 5571 319 5622 unus
345 5571 420 5638 (id
451 5580 539 5631 est
567 5575 666 5632 hic
689 5571 893 5635 sextus
926 5571 1095 5645 liber)
1116 5571 1323 5636 nititur
1349 5582 1558 5636 sulcari
1586 5601 1619 5638 a
1648 5571 1806 5645 nobis

180 5646 606 5721 Wﬁtgngntibus
626 5648 696 5703 de
721 5656 795 5721 te,
827 5646 1311 5721 Dealitas'summa
1337 5653 1729 5721 gubernatrix.

242 5707 369 5776 (347)
399 5714 673 5776 Mendum
704 5707 945 5794 aliquod
975 5720 1119 5791 latet
1173 5722 1233 5780 in
1271 5707 1410 5780 voce
1459 5707 1805 5788 autumi-Ex

1917 4760 2026 4807 tem
2054 4750 2244 4821 diligit
2289 4755 2657 4826 iniquitatem,
2718 4760 2831 4816 odit
2887 4764 3138 4822 animam
3191 4750 3362 4828 suam
3407 4777 3579 4842 (Psal.

1916 4857 1973 4908 x,
2005 4841 2107 4908 5;)
2146 4840 2230 4897 ita
2285 4843 2387 4914 qui
2445 4842 2614 4901 illum
2668 4848 2863 4922 diligit
2910 4854 3212 4926 veraciter,
3274 4840 3482 4919 caetera
3512 4881 3583 4921 ex

1916 4929 2027 4985 hoc
2057 4930 2306 4987 deducta
2336 4949 2452 4988 non
2482 4934 2744 5009 negligit.
2780 4939 2926 4997 Nam
2957 4948 3016 4999 et
3070 4944 3324 5004 honorat
3361 4966 3573 5022 paren-

1915 5031 2025 5096 tes,
2080 5045 2186 5084 nec
2243 5030 2588 5100 mcechatur,
2649 5049 2754 5090 nec
2835 5038 3066 5112 occidit,
3129 5058 3236 5099 nec
3320 5045 3580 5106 furatur-

1916 5132 2022 5172 nec
2079 5116 2294 5175 falsum
2350 5121 2757 5180 testimonium
2812 5126 2977 5197 dicit,
3043 5147 3149 5187 nec
3214 5137 3582 5210 concupiscit

1917 5221 2158 5262 uxorem
2191 5208 2440 5279 proximi
2470 5210 2584 5279 sui,
2646 5229 2750 5269 nec
2778 5232 2901 5273 rem
2959 5216 3221 5292 aliquam
3281 5208 3432 5295 eius.
3466 5227 3575 5291 Qui

1913 5310 2049 5350 vero
2080 5294 2304 5369 aliquid
2328 5298 2538 5355 horum
2577 5304 2992 5373 praevaricatus
3051 5309 3246 5377 fuerit,
3309 5294 3577 5369 omnium

1915 5398 2052 5440 reus
2083 5384 2213 5441 ideo
2244 5390 2499 5456 tenetur,
2535 5389 2677 5462 quia
2706 5391 2765 5448 in
2821 5393 3021 5467 ipsum
3078 5398 3398 5455 excessisse
3455 5402 3580 5457 fon-

1915 5542 2093 5653 senzu
2116 5526 2427 5653 legelndum
2448 5535 2536 5585 est
2553 5541 2886 5603 sanctorum,
2912 5554 3014 5593 seu
3027 5538 3328 5610 justorum,
3356 5539 3443 5593 vel
3468 5538 3578 5595 ali-

1915 5615 2012 5653 αυι
2090 5616 2221 5653 sum
2254 5617 2303 5653 e.

1915 5600 2053 5671 quid
2090 5600 2303 5654 simile.
2869 5600 2880 5603 ’

1987 5670 2139 5742 (348)
2172 5669 2370 5743 Vulg,,
2403 5671 2717 5745 inﬁrmum,
2746 5677 2919 5733 male.
