3936 6374
386 389 504 454 319

1306 385 1683 452 RATHERII
1729 383 1976 449 EPISC.
2023 382 2313 448 VERON.
2361 385 2534 452 OPP.
2579 389 2778 454 PARS
2820 389 2870 455 Ῑ.

3681 387 3804 456 320

382 529 524 595 tem,
557 521 712 582 unde
743 525 953 581 cuncta
994 520 1335 597 procedunt,
1390 522 1639 591 videtur,
1701 538 1835 578 cum
1886 536 2025 576 neu-
2057 518 2116 588 Α
2143 525 2341 579 autem
2372 523 2431 580 in
2459 521 2656 598 aliquo
2686 523 2900 582 horum
2937 527 2994 582 te
3044 522 3544 600 prevaricatorem
3589 524 3801 600 deprs-

383 619 544 672 trum
577 615 788 671 horum
819 631 944 686 quae
975 615 1114 669 sunt
1143 611 1440 686 prohibita
1479 629 1648 685 agere
1700 610 2029 684 proximum

383 705 668 762 veraciter
696 703 944 775 diligens
972 702 1118 775 (349)
1151 702 1374 774 possit;
1419 703 1650 758 Dilectio
1696 701 1854 756 enim
1903 715 2030 772 pro-

383 796 528 851 ximi
550 795 760 850 malum
788 809 896 847 non
927 800 1184 863 operatur
1208 793 1380 863 (Rom.
1413 807 1535 855 xu,
1563 792 1674 858 10.)
1722 791 1852 845 Haec
1889 807 2032 845 cun-

387 889 478 940 cta
509 883 764 938 diximus
794 881 943 946 ideo,
979 883 1043 935 ut
1073 880 1120 934 si
1153 879 1358 936 saltem
1396 879 1562 934 illum
1613 880 1872 934 medium
1930 879 2029 933 bo~

385 972 589 1028 uitatis
645 970 838 1026 locum
898 967 985 1024 vis
1025 969 1305 1034 obtinere,
1367 968 1528 1023 omni
1585 967 1822 1040 capitali
1892 968 2030 1023 vitio

385 1062 622 1118 studeas
649 1074 794 1114 care
813 1075 863 1114 e.

455 1151 506 1204 4.
550 1147 832 1220 Capitalia
885 1163 1018 1201 vero
1076 1163 1144 1202 ea
1200 1145 1428 1202 noveris
1494 1163 1644 1212 esse,
1697 1162 1822 1218 quae
1883 1145 2030 1216 (350)

358 1217 811 1296 .decachordum
841 1234 1056 1290 tabulis
1088 1234 1335 1306 lapideis
1395 1235 1666 1307 prohibet
1719 1217 2028 1306 scriptum.

383 1329 452 1383 Et
485 1331 548 1382 ut
572 1325 774 1384 eodem
802 1341 979 1380 sensu
1005 1341 1073 1379 ea
1102 1324 1567 1390 dinumeremus,
1593 1323 1858 1395 quosjam
1894 1325 2034 1377 sant

382 1433 416 1472 a
447 1417 612 1472 beato
651 1414 979 1486 Augustino
1038 1413 1289 1485 digesta,
1337 1413 1640 1468 sciendum
1694 1417 1784 1468 est
1843 1411 2031 1484 primo

382 1503 520 1577 quia
569 1501 860 1558 idolorum
911 1506 1002 1557 est
1057 1501 1322 1573 perﬁdia,
1367 1517 1400 1554 a
1455 1517 1573 1572 qua
1626 1505 1680 1555 te
1740 1499 2028 1572 prohibet,

381 1610 514 1649 cum
549 1592 736 1648 dicit:
779 1593 920 1646 Deus
979 1594 1124 1657 tuus,
1181 1591 1322 1644 Deus
1381 1606 1525 1643 unus
1575 1597 1652 1644 est
1713 1590 1895 1660 (.llarc.
1928 1605 2030 1657 xu,

378 1682 494 1754 29.)
526 1681 684 1737 Hanc
715 1679 986 1752 sequitur
1013 1695 1175 1734 error
1228 1678 1534 1743 haereseos,
1565 1683 1619 1732 et
1668 1677 2030 1733 diversarum

379 1769 886 1842 superstitionum,
921 1767 1404 1840 praecantaiiones
1459 1765 1750 1836 videlicet,
1805 1771 1861 1822 et
1901 1783 2029 1838 qua:

377 1859 551 1932 vulgo
580 1858 859 1913 dicuntur
914 1855 1363 1954 facturae..(351,)
1399 1858 1461 1909 ut
1495 1855 1620 1954 “illa.
1673 1872 1801 1954 quae
1860 1854 2023 1954 vani:
2059 1887 2109 1954 B

382 1951 531 2003 tates
562 1949 620 2002 et
649 1944 890 2000 insaniae
925 1942 1082 1998 falsas
1122 1942 1401 1998 dicuntur
1431 1961 1465 1997 a
1495 1943 1808 2000 Psalmista
1858 1946 2028 2016 (Psal.

379 2053 570 2100 χχχιι,
602 2034 700 2105 5);
734 2033 863 2104 ipsa
893 2047 1126 2104 quoque
1166 2047 1292 2102 quae
1340 2030 1652 2102 Apostolus
1696 2031 2034 2087 terribiliter

381 2125 689 2180 enumerat
718 2120 917 2176 dicens
950 2137 964 2174 :
996 2121 1120 2174 Dies
1147 2119 1444 2174 observatis
1475 2127 1526 2174 et
1580 2136 1788 2174 menses
1838 2125 1887 2175 et
1929 2139 2032 2176 an-

379 2229 497 2280 nos,
529 2213 690 2267 timeo
718 2225 788 2264 ne
812 2211 934 2264 sine
981 2224 1147 2262 causa
1179 2208 1549 2262 laboraverim
1582 2210 1639 2262 in
1700 2211 1848 2263 vobis
1887 2210 2028 2278 (Gul.

383 2317 460 2370 Iv,
495 2300 604 2370 10),
636 2303 693 2354 et
721 2297 814 2352 his
847 2295 1085 2364 similia,
1117 2313 1152 2350 a
1193 2295 1409 2368 quibus
1470 2296 1746 2352 omnibus
1800 2314 2032 2370 compe-

382 2389 583 2455 sceris,
617 2404 752 2444 cum
803 2385 1020 2440 audis:
1081 2387 1198 2440 Non
1252 2401 1494 2440 assumes
1549 2402 1745 2441 nomen
1796 2387 1896 2442 Dei
1949 2387 2035 2441 tui

381 2480 440 2534 in
473 2493 673 2532 vanum
703 2473 895 2547 (Exod.
929 2489 1023 2540 xx,
1057 2472 1138 2544 7.)
1173 2473 1436 2544 Pcrjuria
1465 2491 1696 2545 quoque
1729 2479 1787 2529 et
1819 2475 1875 2528 in
1923 2473 2032 2530 hoc

381 2566 528 2622 mihi
583 2566 857 2622 videntur
912 2562 1226 2636 prohibita.
1271 2553 1437 2618 'Hinc
1489 2564 1784 2636 superbia,
1837 2563 2031 2633 elatio,

381 2661 439 2712 et
477 2653 670 2710 inanis
701 2651 905 2727 gloria,
933 2651 1020 2708 vel
1071 2669 1238 2707 amor
1294 2651 1515 2719 saeculi,
1578 2669 1684 2724 pro
1739 2670 1853 2725 quo
1909 2670 2032 2708 ma-

379 2744 534 2800 xime
564 2745 624 2798 in
669 2741 946 2798 omnibus
1001 2741 1256 2811 negotiis
1310 2740 1612 2796 laboratur
1656 2742 1728 2796 ab
1784 2741 1878 2797 his
1931 2741 2032 2814 qui

381 2833 566 2890 Deum
625 2847 742 2886 non
797 2829 1074 2900 diligunt,
1129 2845 1164 2884 a
1219 2829 1437 2900 quibus
1500 2829 1834 2898 retraheris,
1897 2847 2030 2885 cum

381 2921 700 2976 Sabbatum
745 2933 974 2974 servare
1027 2916 1280 2988 juberis,
1314 2917 1370 2971 id
1427 2922 1611 2972 estut
1668 2917 1968 2974 declinans
1999 2937 2034 2974 a

385 3007 539 3064 malo
571 3011 628 3064 et
657 3004 874 3062 faciens
929 3005 1152 3060 bonum
1185 3006 1358 3074 (Psal.
1409 3023 1600 3074 XXXVI,
1633 3006 1748 3072 27,)
1803 3024 1971 3064 vaces
1999 3025 2033 3064 a

384 3101 640 3171 peccato,
673 3099 730 3151 ct
759 3093 980 3150 servias
1012 3097 1126 3148 Deo
1160 3112 1172 3162 ;
1209 3093 1408 3148 omnia
1457 3099 1654 3150 autem
1709 3095 2029 3163 humiliter,

385 3203 502 3242 non
537 3183 807 3256 superbe,
853 3185 1090 3254 propter
1137 3181 1672 3238 remunerationem
1730 3190 2028 3251 aeternam,

386 3291 499 3330 non
534 3254 769 3347 propter
797 3271 1031 3326 inanem
1065 3269 1258 3326 saeculi
1291 3269 1561 3342 gloriam.
1591 3271 1685 3326 Hae
1735 3276 1854 3328 tres
1887 3290 2028 3344 prte-
2061 3254 2104 3322 C

385 3369 686 3436 ccptorum
710 3360 1138 3426 distinctiones,
1163 3358 1570 3431 malorumque
1585 3361 2028 3433 prohibitiones.

382 3453 468 3508 Ad
500 3467 758 3507 amorem
787 3466 921 3505 vero
967 3447 1215 3522 proximi
1265 3447 1556 3519 pertinent
1615 3449 1734 3504 haec
1769 3467 1782 3505 :
1815 3452 2033 3506 Honora

378 3547 596 3614 patrem
623 3544 673 3596 et
714 3543 950 3594 matrem
983 3537 1172 3609 (Exod.
1233 3555 1304 3592 xx
1336 3538 1450 3606 12,)
1481 3537 1581 3592 ubi
1643 3543 1850 3610 praeter
1907 3557 2031 3594 car-

385 3631 578 3687 nalem
605 3629 926 3702 genitorem
948 3627 1127 3682 etiam
1163 3625 1260 3682 Dei
1289 3627 1480 3683 Patris
1511 3633 1568 3682 et
1599 3627 1864 3684 Ecclesiae
1907 3647 2034 3684 ma-

383 3720 491 3791 tris
513 3718 1075 3791 praapositorumque
1093 3715 1358 3770 Ecclesiae
1381 3715 1569 3772 honor
1593 3716 1905 3788 specialius
1927 3717 2034 3773 tibi

388 3789 684 3864 indicitur.
716 3807 831 3861 Non
863 3803 1218 3859 mwchaberis
1243 3804 1428 3872 (Ibid.,
1465 3806 1577 3871 14,)
1608 3804 1668 3858 in
1727 3822 1842 3876 quo
1875 3823 2033 3862 com-

389 3895 644 3968 pesceris
677 3894 748 3949 ab
779 3892 938 3948 omni
971 3891 1231 3947 libidine.
1251 3893 1369 3947 Non
1397 3894 1599 3948 occiaes
1627 3893 1810 3964 (Ibid.,
1846 3894 1957 3964 13,)
1977 3893 2034 3948 in

389 4001 506 4058 quo
537 3981 864 4056 prohiberis
893 3981 964 4036 ab
997 3979 1336 4036 omnimoda
1365 3980 1729 4036 crudelitate.
1761 3981 1880 4038 Non
1920 3985 2038 4054 fur-

389 4079 507 4130 tum
527 4073 698 4142 facies
730 4069 912 4143 (Ibid.,
951 4070 1058 4134 15,)
1091 4068 1151 4122 in
1183 4085 1298 4140 quo
1349 4068 1718 4140 restringeris
1774 4071 1846 4125 ab
1905 4087 2038 4126 ava-

391 4161 525 4218 ritia
553 4165 611 4217 et
641 4157 978 4232 rapacitate.
1040 4163 1157 4214 Non
1215 4157 1422 4227 falsum
1478 4160 1847 4214 testimonium
1894 4159 2040 4216 dices

389 4249 716 4322 (Ibid._.16),
777 4249 834 4302 in
897 4263 1012 4319 quo
1070 4246 1463 4319 prohiberisa
1511 4247 1784 4316 falsitate,
1844 4249 2039 4320 perju-

390 4341 498 4408 rio,
556 4335 971 4394 detrectatione
1027 4336 1092 4407 [Γ.
1153 4335 1552 4406 detractione]
1608 4337 1724 4392 Non
1787 4338 2041 4409 concupi-

389 4445 501 4486 sces
540 4443 770 4484 uxorem
824 4425 1072 4496 proximi
1127 4425 1210 4479 lui
1259 4423 1418 4496 (Ibid.
1449 4424 1563 4493 17,)
1595 4423 1654 4480 in
1712 4442 1828 4496 quo
1889 4442 2044 4480 revo-

393 4515 542 4574 caris
568 4515 744 4570 etiam
776 4514 848 4569 ab
876 4515 1022 4568 171
1069 4511 1399 4568 adulterina
1429 4513 1796 4586 cogitatione.
1832 4513 1962 4569 Haec
1993 4514 2042 4569 si

2142 610 2420 678 hendero,
2454 630 2570 669 non
2603 621 2655 670 te
2711 615 2966 671 accendo
3025 616 3096 672 ad
3156 615 3418 686 meliora,
3479 614 3801 690 (corrigere

2142 718 2352 758 moneo
2380 701 2600 774 iniqua,
2637 720 2740 760 nec
2773 707 2838 759 ut
2883 704 3134 762 scandas
3166 706 3296 762 dico
3349 707 3420 762 de
3475 705 3696 762 virtute
3738 704 3800 763 in

2141 791 2438 860 virtutem)
2462 792 2572 847 sed
2607 796 2671 848 ut
2701 793 3056 849 converteris
3085 810 3120 849 a
3164 793 3387 849 malitia
3438 794 3512 849 ad
3564 793 3800 850 bonita-

2142 884 2282 934 tem.
2316 881 2461 936 Nam
2494 897 2607 936 non
2641 885 2728 936 est
2756 881 2865 937 iete
2895 881 3060 937 locus
3092 887 3160 937 ut
3199 884 3450 954 putabas
3510 881 3801 938 bonitatis

2143 969 2394 1034 medius,
2426 969 2544 1024 imo
2577 975 2666 1025 est
2697 969 2914 1025 nullus.
2945 970 3052 1034 Qui
3105 971 3264 1026 enim
3319 987 3424 1027 nec
3453 971 3641 1028 Deum
3692 987 3806 1027 nec

2141 1057 2475 1128 proximum
2507 1057 2748 1129 diligere
2779 1059 2950 1130 (352),
2983 1062 3184 1114 contra
3238 1059 3360 1115 haec
3395 1061 3598 1115 decem
3649 1077 3803 1132 pra-

2140 1151 2309 1218 cepta
2335 1147 2664 1202 excedenda
2708 1147 2768 1202 in
2800 1147 3015 1220 aliquo,
3049 1149 3280 1204 etiamsi
3339 1149 3610 1220 quaedam
3665 1147 3802 1204 illo-

2141 1251 2272 1289 rum
2327 1235 2578 1290 videaris
2635 1235 2934 1308 implesse,
2990 1236 3294 1308 probaris;
3330 1253 3510 1310 quam
3569 1237 3805 1293 bonita-

2141 1328 2258 1378 tem
2290 1323 2516 1378 hzebere
2546 1328 2600 1378 te
2633 1327 2824 1395 putas,
2885 1329 3204 1397 antequam
3259 1341 3330 1381 ea
3384 1324 3628 1393 scilicet,
3663 1341 3805 1398 quas

2142 1411 2340 1467 minus
2371 1411 2575 1468 fecisse
2606 1416 2662 1468 te
2696 1413 3021 1486 agnoveris,
3055 1414 3313 1488 corrigas
3338 1417 3361 1470 ἲ
3387 1415 3536 1472 Cum
3593 1419 3801 1472 autem

2138 1499 2226 1554 vel
2261 1517 2404 1556 usus
2436 1499 2733 1567 bonitatis,
2768 1500 2855 1556 vel
2903 1501 3301 1558 satisfactione
3359 1502 3800 1560 emendationis

2140 1587 2232 1644 his
2265 1593 2318 1643 te
2350 1588 2524 1656 vitiis,
2559 1605 2686 1660 quae
2746 1589 2869 1644 haec
2926 1589 3127 1646 decem
3186 1590 3516 1662 prohibent,
3577 1608 3799 1665 purga-

2142 1681 2306 1743 tum;
2369 1677 2462 1733 his
2511 1683 2566 1732 te
2629 1677 2966 1746 virtutibus,
3026 1694 3174 1750 quas
3227 1679 3377 1751 (354)
3436 1685 3700 1746 monent,
3735 1680 3834 1737 id'

2140 1768 2230 1820 est
2257 1765 2563 1822 dilectione
2595 1767 2692 1822 Dei
2724 1771 2781 1822 et
2811 1767 3082 1838 proximi,
3115 1767 3228 1822 ﬁdc
3253 1772 3312 1823 et
3341 1784 3446 1840 spe
3500 1785 3797 1842 agnovero

2141 1859 2412 1910 ornatum
2449 1873 2462 1923 ;
2495 1860 2548 1910 te
2602 1854 2797 1910 locum
2855 1855 3027 1911 credo
3084 1855 3338 1913 subiisse
3390 1855 3680 1924 medium,
3739 1861 3802 1914 et

2143 1947 2209 1998 ut
2239 1943 2310 1998 ad
2343 1943 2646 2014 superiora
2676 1943 2960 2011 cveharis,
3013 1943 3214 1999 omnia
3266 1943 3492 2001 scilicet
3545 1946 3802 2004 venden-

2141 2032 2215 2086 do
2247 2035 2303 2086 et
2334 2031 2527 2086 dando
2561 2032 2938 2103 pauperibus,
2994 2031 3410 2105 Christumque
3467 2035 3796 2106 sequendo,

2141 2137 2350 2177 moneo
2385 2138 2398 2177 :
2433 2126 2534 2176 aut
2563 2125 2737 2186 certe,
2796 2126 2861 2176 ut
2917 2121 3250 2178 ﬁrmitcrte
3310 2121 3521 2179 saltem
3575 2123 3635 2182 in
3699 2123 3796 2179 his

2140 2213 2362 2277 teneas,
2395 2225 2681 2282 suggero;
2713 2209 2854 2280 quia
2878 2209 3018 2265 solis
3052 2209 3145 2266 his
3177 2214 3230 2266 te
3263 2227 3378 2267 non
3419 2211 3610 2268 solum
3674 2211 3797 2268 sal-

2140 2299 2420 2364 vandum,
2451 2297 2628 2352 etiam
2660 2299 3154 2354 remunerandum
3187 2297 3328 2365 scio,
3365 2299 3682 2357 Psalmista
3711 2301 3799 2356 di-

2142 2392 2352 2442 cente:
2406 2387 2783 2459 Imperfectum
2834 2403 3016 2443 meum
3071 2389 3328 2444 viderunt
3378 2389 3525 2445 oculi
3581 2392 3688 2458 tui,
3743 2393 3801 2447 et

2142 2478 2204 2530 in
2233 2476 2373 2531 libro
2403 2484 2493 2531 tuo
2530 2477 2719 2531 omnia
2772 2476 3078 2532 scribentur
3138 2477 3308 2543 (Psal.
3343 2493 3618 2544 cxxxvm,
3679 2479 3796 2550 16),

2141 2564 2250 2619 hoc
2277 2568 2365 2618 est
2392 2564 2642 2636 perfecta
2665 2569 2722 2619 et
2749 2564 3104 2636 imperfecta.
3127 2565 3388 2622 Perfecta
3413 2569 3611 2622 autem
3629 2571 3798 2633 sunt,

2141 2670 2290 2724 quae,
2325 2658 2390 2708 ut
2417 2653 2834 2724 praemisimus,
2897 2653 3186 2709 Dominus
3235 2654 3438 2725 juveni
3490 2655 3794 2725 offerebat,

2142 2741 2342 2797 dicens
2375 2759 2388 2797 ε
2421 2743 2482 2798 Si
2520 2744 2602 2797 vis
2652 2745 2924 2814 perfectus
2981 2759 3112 2811 esse,
3173 2743 3326 2808 vade,
3378 2742 3550 2799 vende
3605 2746 3800 2802 omnia

2140 2846 2266 2902 quae
2323 2830 2507 2897 habes,
2539 2839 2592 2886 et
2633 2831 2702 2886 da
2757 2832 3115 2903 pauperibus,
3175 2839 3228 2887 et
3282 2832 3504 2888 habebis
3559 2832 3797 2890 thesau-

2139 2937 2266 2975 rum
2298 2922 2356 2975 in
2385 2920 2540 2991 caelo,
2571 2928 2622 2976 et
2655 2921 2798 2986 veni,
2849 2935 3071 2992 sequere
3125 2937 3215 2976 me
3266 2919 3475 2990 (Matth.
3507 2937 3626 2990 Xix,
3677 2925 3794 2990 21).

2142 3008 2489 3081 Imperfecta
2516 3025 2670 3077 vero,
2705 3025 2832 3080 quae
2854 3009 2984 3080 jam
3018 3008 3278 3065 medium
3313 3009 3566 3081 justitie
3595 3009 3797 3068 locum

2141 3097 2537 3152 describentes
2568 3096 2982 3168 praemisimus,
3013 3097 3230 3169 quibus
3274 3098 3452 3156 etiam
3483 3098 3797 3156 smeulares

2141 3184 2410 3258 pervalde
2463 3185 2578 3241 Deo
2606 3185 2833 3258 placere
2877 3186 3194 3252 credimus,
3226 3203 3444 3259 perque
3469 3187 3620 3260 (355)
3669 3206 3796 3262 pm-

2143 3272 2398 3329 nitentize
2410 3273 2618 3346 dignos
2644 3275 2867 3330 fructus
2883 3274 3646 3348 misericordissimijudicis
3667 3293 3798 3350 gra-

2140 3363 2284 3418 tiam
2315 3379 2422 3418 nos
2455 3363 2684 3430 mereri,
2713 3363 2891 3418 etiam
2938 3368 3070 3436 post
3131 3363 3550 3420 multimodum
3602 3365 3796 3438 ipsius

2142 3456 2543 3524 contemptum
2556 3468 2884 3523 speramus,
2899 3449 3344 3524 nuptialemque
3363 3468 3546 3524 quam
3563 3458 3799 3512 terrena

2140 3539 2375 3597 laesione
2405 3539 2772 3612 perdidimus
2802 3544 3045 3608 vestem,
3074 3539 3185 3596 etsi
3215 3557 3332 3596 non
3361 3557 3499 3597 cum
3553 3557 3793 3615 corona,

2142 3629 2349 3686 saltem
2403 3645 2538 3684 cum
2595 3629 2782 3698 venia,
2830 3628 3234 3685 reconciliatos
3291 3646 3400 3686 nos
3457 3635 3797 3703 recepturos

2143 3718 2478 3784 credimus;
2511 3717 2713 3774 omnia
2741 3733 2876 3772 vero
2909 3717 3030 3773 haec
3069 3717 3218 3788 (356)
3251 3717 3324 3773 ad
3355 3717 3797 3790 reprimendum

2143 3805 2686 3878 praesumptionem,
2714 3807 2770 3860 et
2827 3805 3195 3862 excitandam
3253 3805 3644 3873 devotionem,
3678 3824 3796 3864 non

2145 3895 2522 3966 injiciendum
2547 3909 2682 3948 cum
2714 3892 2834 3948 sint
2861 3893 3088 3965 prolata
3116 3894 3579 3965 deperationem.

2214 3985 2268 4038 5.
2302 3981 2617 4038 Sciendum
2639 3981 2815 4038 etiam
2838 3981 3084 4038 minima
3104 3999 3348 4056 quisque
3367 3999 3628 4056 persaepe
3649 3984 3801 4040 mul-

2145 4075 2272 4126 tum
2301 4069 2509 4138 valere,
2543 4087 2678 4126 cum
2710 4074 2767 4126 ct
2793 4069 3060 4143 largitate
3117 4069 3490 4128 solummodo
3545 4070 3801 4130 eleemo-

2147 4175 2428 4232 synarum
2461 4157 2717 4214 maxima
2747 4157 3040 4214 conversis
3069 4158 3365 4214 donentur
3392 4162 3653 4230 peccata.
3685 4161 3805 4216 Hoc

2153 4247 2248 4320 agi
2280 4247 2692 4302 tantummodo
2722 4246 2982 4319 gratuita
3009 4246 3110 4303 Dei
3140 4249 3372 4303 constat
3427 4247 3640 4320 gratia,
3673 4265 3806 4321 quae

2155 4336 2214 4392 id
2247 4335 2402 4408 quod
2436 4334 2768 4390 miserando
2807 4335 3073 4407 inspirat,
3128 4334 3462 4391 miserando
3518 4343 3582 4392 ut
3630 4339 3808 4408 perﬁ-

2151 4425 2340 4480 ciatur
2368 4423 2623 4496 adjuvat,
2647 4423 2978 4479 miserando
3000 4423 3320 4494 perfectum
3343 4423 3632 4496 recipiens
3653 4425 3808 4497 (357)

2152 4515 2408 4570 coronat.
2441 4511 2599 4567 Facit
2637 4516 2695 4567 et
2746 4511 2856 4566 hoc
2914 4511 3114 4568 omnia
3156 4510 3370 4568 delicta
3421 4511 3807 4585 exstinguens

393 4603 616 4658 illibata
647 4599 998 4656 custodieris
1021 4603 1234 4667 tecum,
1257 4605 1312 4656 te
1343 4600 1606 4673 exemplo
1632 4601 1862 4658 Domini
1897 4603 2046 4674 (352)
2077 4617 2126 4682 Ι)
2155 4600 2431 4668 charitas,
2466 4601 2659 4672 (nemo
2715 4599 2872 4656 enim
2923 4599 3208 4656 veraciter
3235 4597 3410 4656 alicui
3468 4598 3808 4670 miseretur,

385 4687 589 4762 juveni
621 4704 684 4743 se
714 4687 836 4743 haec
889 4687 1228 4744 observasse
1285 4688 1522 4755 dicenti,
1569 4693 1634 4744 ut
1686 4691 1758 4747 ad
1821 4693 2046 4762 majora

397 4776 762 4844 subveharis,
820 4792 1061 4848 possum
1118 4792 1486 4833 commonerc
1539 4780 1722 4849 (Marc.
1756 4797 1810 4849 x,
1844 4781 1958 4847 20.)
1989 4780 2047 4834 Si

467 4895 614 4972 (3-i9)
642 4895 704 4950 In
735 4892 944 4948 iisdem
1000 4890 1414 4972 vulgatis‘dum
1447 4896 1509 4972 _et
1542 4895 1876 4972 proximum.
1910 4894 2047 4972 _Vo-

399 4963 495 5022 ces
524 4965 654 5020 dum
685 4973 736 5020 et
765 4979 1006 5018 sensum
1038 4964 1342 5018 turbantes
1373 4963 1714 5030 delevimus,
1746 4964 1860 5019 nisi
1905 4966 2050 5020 forte

401 5037 592 5108 legere
617 5034 788 5090 malis
819 5035 946 5089 dum
970 5041 1064 5090 est.
1116 5034 1401 5108 Construe
1439 5050 1574 5088 vero
1607 5035 2050 5108 {cumailigens

399 5105 666 5163 veraciter
689 5108 1031 5176 praeimum,
1066 5121 1177 5159 non
1206 5106 1377 5175 possit
1401 5119 1560 5173 agere
1587 5105 1801 5176 aliquid
1830 5105 2049 5175 horum,

401 5192 528 5251 quae
555 5185 682 5251 sunt
706 5177 983 5251 prohibita
1015 5176 1272 5251 :dilectio
1301 5176 1467 5238 enim,
1497 5179 1606 5251 etc.

476 5250 620 5316 (350)
663 5248 1072 5304 Decachordum
1123 5246 1384 5315 scriptum
1445 5247 1648 5318 tabulis
1703 5247 1935 5318 lapideis
1965 5251 2054 5304 est

403 5315 752 5390 DecalOgus,
778 5335 881 5372 seu
913 5318 1111 5390 decem
1146 5321 1429 5388 praecepta
1461 5315 1752 5390 Decalogi.

474 5387 899 5458 (351)—17actura
927 5388 1083 5442 idem
1129 5387 1233 5460 (est
1263 5404 1329 5441 ac
1381 5387 1747 5460 veneficium,
1809 5403 1878 5443 ex
1936 5405 2052 5460 quo

407 5457 614 5544 Italicae
645 5460 800 5516 vocis
827 5461 1041 5532 fattura
1059 5458 1344 5531 originem
1368 5463 1424 5512 et
1445 5457 1852 5530 antiquitatem
1881 5457 2054 5532 agno-

407 5549 648 5587 SClmUS.

479 5605 627 5674 (352)
661 5601 764 5674 Hic
795 5601 1162 5674 desideratur
1193 5598 1583 5670 respondentis,
1611 5603 1712 5654 aut
1739 5603 2058 5674 prazcipien-

409 5671 498 5742 (is,
529 5671 869 5754 veluliquid
913 5671 1123 5754 simile.
1175 5675 1457 5754 construe
1491 5687 1502 5721 τ
1535 5673 1781 5754 avernplo
1830 5675 2058 5729 Domini

407 5741 783 5820 respondentis
801 5743 993 5815 juveni
1019 5743 1242 5812 dicenti,
1273 5759 1330 5798 se
1393 5741 1698 5800 observasse
1753 5743 1907 5811 haec;
1933 5760 2056 5816 pos-

2155 4689 2268 4747 nisi
2318 4689 2421 4744 Dei
2473 4694 2532 4744 et
2587 4687 2777 4760 ipsius
2845 4703 3046 4744 amore
3101 4686 3358 4756 [subaudi
3410 4686 3811 4761 misereatur,]

2157 4778 2250 4834 cui
2272 4776 2602 4848 miseretur)
2637 4778 2806 4848 cujus
2834 4775 3070 4832 virtutis
3101 4779 3266 4832 tanta
3288 4779 3377 4832 est
3403 4776 3811 4850 praerogativa,

2155 4911 2279 4951 sum
2307 4907 2642 4948 commonere
2671 4897 2744 4957 te,
2775 4899 2836 4948 ut
2863 4891 3182 4948 subveharis
3211 4891 3282 4946 ad
3311 4891 3544 4961 majora.

2229 4964 2380 5037 (353)
2417 4965 2479 5018 id
2511 4969 2617 5030 est,
2654 4963 2759 5031 Qui
2787 4965 2936 5037 enim
2952 4964 3204 5037 probaris
3225 4979 3327 5018 nec
3351 4961 3812 5037 diligere_Deum,

2157 5033 2256 5092 nec
2283 5033 2615 5106 praeimum,
2646 5033 2962 5106 excedenda:
3000 5035 3056 5089 in
3088 5034 3274 5106 aliquo
3331 5040 3520 5088 contra
3551 5033 3813 5106 _haecde-

2158 5103 2597 5178 cem-prmcepta,
2627 5106 2850 5178 etiamsi
2867 5105 3108 5160 videaris
3133 5103 3382 5178 implesse
3403 5103 3661 5175 quwdam
3687 5105 3818 5161 illo-

2159 5195 2286 5234 rum
2299 5175 2328 5241 }
2356 5175 2520 5246 quam
2551 5176 2844 5232 bonitatem
2872 5184 3034 5246 putas
3064 5179 3116 5230 te
3145 5175 3360 5246 habere,
3394 5178 3502 5229 etc.

2233 5195 2286 5232 m
2305 5196 2328 5241 ;
2395 5194 2520 5231 ματη
2551 5194 2844 5232 bonitatem
2872 5194 3034 5246 putas
3064 5194 3116 5230 te
3145 5194 3360 5239 nabere,
3394 5194 3502 5229 διο.

2233 5194 2386 5319 (3541)
2421 5247 2609 5328 ΕμΙξςἿ
2643 5247 2920 5302 mendose
2934 5260 3072 5372 gum
3099 5263 3118 5300 :
3149 5251 3208 5300 et
3235 5245 3369 5300 dein
3397 5252 3496 5301 aut
3533 5242 3604 5299 ad
3656 5259 3816 5317 supe-

2233 5337 2336 5372 πα.
2371 5319 2470 5372 ubi
2501 5335 2604 5372 nro
2634 5322 2733 5372 aut
2763 5316 2928 5372 leaen
2977 5333 3076 5372 um
3106 5321 3196 5372 est
3223 5324 3286 5372 ut
3306 5315 3394 5372 vel
3425 5319 3523 5371 aut
3553 5321 3632 5370 ut.

2162 5322 2336 5383 riora,
2370 5315 2470 5372 ubi
2500 5315 2604 5389 p'ro
2634 5322 2733 5372 aut
2763 5315 3076 5389 legendum
3106 5321 3196 5372 est
3223 5324 3286 5372 ut
3306 5315 3394 5372 vel
3425 5319 3523 5389 aut
3553 5321 3632 5370 ut.

2236 5392 2385 5456 (355)
2416 5389 2479 5443 In
2500 5385 3004 5460 iisdemivulgatis
3030 5405 3131 5460 per
3154 5404 3332 5460 quem,
3366 5385 3537 5460 male.

2235 5461 2383 5531 (356)
2418 5457 2680 5515 Subaudi
2708 5456 3348 5531 dicta—sunt,'nimirum
3395 5456 3478 5531 ad
3505 5457 3817 5527 reprimen-

2163 5532 2290 5588 dam
2314 5529 2806 5602 prazsumptionem
2834 5534 2884 5585 et
2903 5529 3254 5602 excitandam
3299 5529 3662 5602 devotionem,
3692 5543 3820 5584 eum

2161 5619 2271 5660 non
2300 5600 2409 5657 sint
2433 5603 2650 5672 prolata
2679 5601 2750 5656 ad
2778 5601 3139 5671 injiciendum
3163 5600 3613 5672 desperationem.

2239 5673 2392 5744 (357)
2422 5668 2732 5742 Perfectum
2777 5668 3066 5744 recipiens,
3119 5668 3390 5730 videlicet
3444 5669 3735 5741 recipiens
3762 5668 3820 5724 id

2169 5745 2326 5817 quod
2359 5744 2680 5816 perfectum
2713 5746 2820 5799 est.
