3936 6404
128 450 235 515 321

1053 454 1704 529 PRELOQUIORUM
1749 450 1958 515 LIBRI
2003 453 2175 517 SEX.
2212 491 2288 500 —
2319 453 2466 518 LIB.
2516 456 2617 519 VI'.

3437 458 3555 519 322

127 592 191 641 ut
217 586 398 643 etiam
429 587 562 659 ejus
591 586 934 662 imperfecta
964 587 1220 645 multum
1234 590 1356 646 sint
1375 593 1781 661 accepta,cum
1814 589 1861 653 Α
1900 587 2599 658 crgastulum.Confortet
2630 591 2944 654 dolentem,
2980 589 3079 663 qui
3123 596 3404 647 aeternum
3438 610 3553 649 non

129 680 182 731 et
210 675 321 732 hac
352 676 492 748 [hac
522 679 730 734 scilicet
756 678 1062 750 cbaritate]
1091 696 1298 735 carens
1327 679 1534 747 virtus,
1557 675 1790 733 etiamsi

125 764 397 823 videatur
444 783 577 823 esse
626 766 845 840 aliqua,
880 768 958 824 sit
997 767 1163 823 nulla
1196 770 1246 838 (I
1287 769 1407 825 Cor.
1457 766 1601 837 xm),
1644 770 1792 821 teste

125 870 256 910 voce
279 855 629 929 apostolica.
673 857 819 912 Nam
862 858 1018 914 I72
1053 862 1115 912 ut
1146 858 1415 912 dicamus
1437 856 1652 928 deipsa
1675 872 1793 928 qua

127 944 182 998 in
212 942 404 999 Deum
439 945 738 1001 credimus
770 946 903 1010 ﬁde,
938 946 986 1002 si
1041 951 1279 1019 propter
1313 946 1472 1001 aliud
1504 945 1790 1001 credendo

127 1047 255 1087 eum
285 1031 468 1104 (358),
504 1050 682 1106 quam
732 1039 970 1108 propter
1013 1034 1176 1091 illius
1218 1040 1549 1107 nostraeque
1580 1034 1790 1089 animae

127 1137 386 1176 amorem
410 1122 688 1193 colimus,
715 1122 799 1178 nil
833 1122 1105 1179 utilitatis
1134 1123 1517 1195 acquirimus.
1551 1128 1793 1195 Sperare

129 1213 325 1265 autem
377 1210 453 1266 de
497 1227 565 1267 eo
598 1212 739 1283 quid
773 1211 934 1267 aliud
970 1213 1224 1267 maxime
1254 1212 1645 1286 praecipimur,
1679 1212 1792 1268 nisi

127 1298 276 1369 quod
330 1299 469 1371 ejus
517 1304 717 1355 amatu
766 1300 853 1356 vel
897 1301 1227 1372 redamatu,
1258 1300 1480 1357 visione
1508 1305 1565 1356 et
1594 1300 1792 1373 cogni-

128 1386 279 1443 tione
312 1388 376 1443 in
411 1393 699 1446 mternum
732 1390 1044 1446 fruemur?
1072 1390 1198 1446 Non
1242 1389 1522 1445 mmobari
1572 1393 1790 1455 autem,

123 1492 238 1532 non
288 1476 585 1546 occidere,
621 1495 737 1534 non
788 1480 1012 1534 furtum
1063 1480 1271 1544 facere,
1303 1496 1418 1535 non
1461 1478 1677 1535 falsum
1708 1483 1793 1534 te-

126 1564 486 1622 stimonium
518 1567 732 1634 dicere,
781 1584 897 1623 non
925 1567 1338 1639 concupiscere
1378 1584 1504 1623 rem
1524 1566 1793 1640 proximi,

125 1670 225 1709 nec
255 1654 393 1725 ejus
444 1672 682 1712 uxorem
736 1656 1095 1725 desiderare,
1127 1654 1214 1711 vel
1266 1655 1448 1723 aliud,
1482 1654 1598 1710 nisi
1646 1657 1799 1727 [sub-

125 1742 262 1799 audi
290 1743 372 1799 ab
409 1743 505 1801 his
538 1744 928 1815 abstineatnr]
949 1761 1051 1815 pro
1076 1744 1175 1799 Dei
1192 1744 1563 1815 fraterneque
1581 1760 1798 1812 amore,

126 1830 264 1903 quid
291 1832 832 1904 putamusjuvare?
852 1831 1164 1898 Quodlibet
1177 1831 1374 1903 itaque
1390 1832 1608 1887 bonum
1624 1848 1804 1903 quan-

129 1936 306 1991 quam
368 1920 652 1988 nimium,
688 1920 738 1977 si
798 1925 1036 1992 propter
1084 1920 1428 1981 charitatem
1456 1920 1800 1986 facis,secu-
1832 1954 1879 2019 Β

130 2025 219 2065 rus
252 2012 418 2077 esto,
456 2024 591 2064 cum
626 2010 818 2065 fructu
851 2010 994 2065 facis
1023 2027 1035 2077 ;
1070 2010 1117 2064 si
1151 2013 1387 2081 propter
1417 2009 1573 2064 aliud
1638 2008 1800 2079 facis,

130 2114 192 2154 ne
219 2113 419 2164 erres,
456 2096 711 2152 inaniter
742 2097 903 2153 facis.
920 2099 965 2152 A
981 2096 1240 2168 quolibet
1261 2097 1411 2152 malo
1430 2097 1478 2153 si
1501 2096 1800 2152 charitatis

132 2203 327 2242 amore
392 2187 816 2257 compesceris,
870 2186 1134 2241 mercede
1180 2203 1295 2241 non
1347 2186 1589 2242 carebis.
1626 2185 1683 2241 Si
1729 2186 1802 2241 ob

134 2274 285 2329 aliud
317 2273 478 2346 agis,
516 2290 623 2329 nec
650 2274 839 2341 venia,
875 2274 1091 2329 nedum
1113 2274 1322 2346 gratia,
1375 2274 1592 2346 dignus
1624 2273 1800 2329 habe-

134 2364 211 2419 ris
263 2361 557 2435 Quisquis
588 2378 725 2435 ergo
759 2362 1019 2418 medium
1050 2361 1243 2418 locum
1264 2362 1511 2435 justitiaa
1533 2362 1618 2418 vis
1650 2363 1800 2418 obti-

138 2468 286 2519 nere,
321 2451 451 2507 baec
479 2452 725 2507 observa
756 2452 960 2507 decem
993 2457 1300 2525 praecepta,
1335 2457 1391 2507 et
1423 2452 1531 2507 hoc
1565 2456 1803 2524 prepter

139 2540 398 2611 duoilla,
422 2541 481 2596 id
534 2545 642 2606 est,
678 2540 1051 2597 dilectionem
1100 2541 1198 2596 Dei
1234 2546 1291 2596 et
1331 2542 1601 2613 proximi.
1637 2541 1796 2605 Quod

147 2629 191 2684 si
239 2630 551 2703 contingat
592 2631 664 2685 ab
715 2630 810 2685 his
856 2633 910 2685 te
959 2630 1201 2686 forsitan
1253 2628 1445 2697 elabi;
1479 2647 1596 2703 quo
1628 2630 1804 2687 citius

142 2723 319 2789 potes,
351 2735 667 2774 recurrens
700 2719 772 2773 ad
807 2718 1105 2791 pietatem,
1140 2734 1317 2791 quem
1349 2736 1535 2789 amas,
1570 2718 1801 2785 medici,

142 2810 194 2861 et
215 2810 619 2879 contemptum
656 2806 830 2879 paulo
874 2807 1072 2863 minus
1120 2824 1379 2863 amorem
1430 2808 1627 2880 ipsum
1668 2825 1806 2864 con-

143 2894 325 2962 ﬁtens,
358 2896 743 2968 multumque
773 2896 1018 2964 deﬂens,
1046 2901 1146 2952 tuo
1176 2897 1348 2952 stude
1381 2896 1505 2953 loco
1552 2896 1803 2953 restitui.

145 2986 307 3039 Amat
351 2984 518 3039 enim
569 3001 690 3051 eos,
742 3002 776 3040 a
819 2984 1036 3056 quibus
1084 3002 1317 3058 quoque
1368 3003 1482 3041 non
1528 2989 1797 3054 amatur;

144 3073 351 3129 nedum
384 3078 442 3129 te
473 3074 783 3146 despiciet,
816 3093 850 3130 a
878 3092 993 3147 quo
1014 3075 1339 3148 quamlibet
1368 3093 1577 3148 parum
1622 3074 1806 3147 negli-

146 3162 369 3232 gentius
393 3162 479 3234 [id
509 3171 591 3218 est
609 3162 806 3235 aliquo
824 3164 1023 3237 modo]
1039 3181 1107 3220 ex
1124 3163 1323 3237 aliquo
1344 3164 1626 3237 diligitur.
1660 3165 1807 3220 Cum

148 3265 274 3323 ergo
286 3254 450 3307 tanto
463 3250 658 3308 amico
675 3251 888 3308 festina
902 3251 1284 3320 reconciliari,
1300 3253 1807 3326 undequececide-

1899 676 2092 732 videre
2124 676 2418 734 desiderat.
2449 678 2730 735 dolorem.
2766 681 3028 752 Recipiat
3088 679 3341 752 hospitio
3393 698 3554 753 pere-

1900 764 2158 836 grinum,
2212 766 2312 838 qui
2383 767 2509 823 vult
2559 786 2592 822 a
2634 769 2877 824 Domino
2932 769 3102 840 recipi
3152 770 3211 823 in
3272 774 3553 826 aeternum

1901 851 2047 907 illud
2076 855 2336 924 paradisi
2367 855 2836 912 tabernaculum.
2872 860 3026 914 I73
3061 858 3331 913 Redimat
3373 860 3556 930 capti-

1900 958 2061 1007 vum,
2097 944 2197 1014 qui
2229 961 2263 998 a
2292 945 2511 1000 diaboli
2538 945 2764 1017 laqueis
2787 946 2949 1017 cupit
2978 946 3235 1001 liberari.
3262 948 3367 1002 Per
3395 948 3556 1002 Chri-

1902 1033 2028 1084 tum
2063 1031 2373 1087 solatietur
2402 1034 2460 1088 in
2494 1033 2793 1106 aliquibus
2844 1036 3293 1091 necessitatibus
3340 1036 3557 1092 consti-

1903 1123 2121 1178 tutum.
2153 1121 2251 1191 qui
2287 1122 2357 1176 de
2388 1122 2839 1178 necessitatibus
2869 1123 3233 1178 diversarum
3266 1123 3388 1179 vult
3420 1124 3560 1180 libe-

1902 1207 2018 1262 rari
2069 1210 2501 1280 angustiarum.
2541 1210 2793 1283 Sepeliat
2840 1219 3162 1278 mortuum,
3215 1214 3314 1284 qui
3364 1215 3558 1287 perdi-

1902 1295 2081 1351 tionis
2114 1303 2338 1353 mternte
2371 1299 2533 1371 cupit
2580 1300 2820 1355 evadere
2865 1301 3111 1356 lethum.
3148 1303 3376 1358 Liberet
3422 1319 3561 1376 con;

1904 1385 2173 1439 strictum
2210 1402 2313 1455 pro
2346 1387 2580 1453 debitis,
2611 1389 2709 1460 qui
2739 1388 2969 1443 liberari
3003 1407 3035 1444 ιι
3067 1390 3193 1445 suis
3226 1392 3389 1463 cupit
3428 1409 3560 1464 pec-

1904 1473 2071 1527 catis.
2114 1473 2336 1545 Eripiat
2374 1492 2473 1530 eos
2525 1476 2623 1547 qui
2676 1477 2973 1531 ducuntur
3020 1478 3092 1531 ad
3146 1484 3429 1545 mortem,
3460 1480 3561 1552 qui

1903 1561 2030 1615 vult
2058 1560 2272 1616 inferni
2294 1564 2548 1635 effugere
2580 1581 2892 1619 carcerem.
2921 1566 3131 1621 \‘ineat
3160 1568 3426 1622 animum
3459 1568 3565 1623 im-

1907 1649 2253 1721 patientem,
2288 1652 2386 1721 qui
2420 1652 2545 1706 vult
2590 1652 2892 1709 diabolum
2944 1671 3222 1725 superare
3270 1656 3565 1711 bacchan-

1910 1742 2050 1792 tem.
2104 1739 2389 1809 Corripiat
2440 1740 2497 1794 in
2548 1739 2953 1796 misericordia
3011 1742 3423 1814 negligentem,
3466 1746 3566 1817 qui

1911 1827 2297 1897 eastigantem
2325 1828 2550 1900 placere
2577 1830 2703 1883 vult
2740 1830 2921 1885 Deum
2954 1831 3207 1887 Patrem.

1982 1917 2035 1970 7.
2074 1916 2169 1970 Est
2199 1921 2394 1972 autem
2429 1923 2637 1989 praeter
2671 1918 2777 1973 hos
2810 1918 2961 1975 alius
2997 1919 3408 1979 misericordiae
3440 1941 3568 1996 pro-

1913 2001 2200 2057 merenda:
2215 2003 2838 2075 specialiortantopere
2853 2022 2901 2060 II
2916 2007 3312 2079 odus,quanto
3331 2011 3401 2065 ab
3417 2012 3564 2084 ipso,

1910 2090 2158 2146 Domino
2191 2108 2289 2147 ore.
2322 2092 2554 2163 proprio
2607 2094 2939 2158 institutus,
2974 2095 3183 2166 hisque
3229 2099 3563 2168 adjunctus,

1910 2179 2027 2234 imo
2050 2179 2517 2247 ordine,natura,
2539 2187 2713 2253 atque
2734 2183 2983 2237 utilitate
3014 2184 3095 2238 ita
3127 2185 3403 2256 praelatus
3436 2206 3449 2244 :
3477 2190 3566 2244 Di-

1906 2269 2129 2333 mittite,
2162 2268 2375 2341 inquit,
2407 2279 2458 2325 et
2485 2270 2792 2325 dimittetur
2838 2274 3006 2339 vobis,
3067 2274 3190 2330 date
3240 2284 3292 2331 et
3339 2277 3568 2333 dabitur

1908 2358 2056 2412 vobis
2085 2359 2237 2424 (Luc.
2273 2376 2351 2425 v1,
2393 2360 2483 2429 37)
2511 2377 2523 2427 ;
2556 2363 2613 2414 et
2644 2376 2658 2414 :
2692 2362 2814 2415 Nisi
2870 2361 3199 2419 dimiseritis
3254 2366 3569 2422 hominibus

1905 2451 2124 2518 peccata
2182 2463 2391 2516 eorum,
2422 2465 2520 2503 nec
2571 2451 2734 2503 Pater
2782 2454 2974 2515 vester,
3006 2453 3103 2522 qui
3159 2454 3221 2506 in
3275 2456 3429 2510 cretis
3468 2466 3566 2526 est,

1910 2535 2157 2591 dimittet
2199 2537 2350 2592 vobis
2361 2545 2579 2608 peccata
2595 2538 2997 2608 vcstra(tllatth.
3023 2556 3101 2601 v1,
3132 2541 3569 2616 t5).Tertioque

1912 2625 2070 2679 idem
2121 2626 2325 2679 eodem
2384 2624 2675 2697 replicans
2719 2642 2895 2680 sensu
2932 2644 2944 2682 :
2980 2626 3114 2682 Cum
3158 2632 3332 2696 statis,
3369 2631 3468 2695 ait,
3502 2634 3572 2689 ad

1914 2712 2482 2779 orandum,dimittitc
2510 2717 2561 2769 si
2588 2715 2721 2787 quid
2742 2715 2953 2771 habetis
2991 2717 3250 2774 adversus
3305 2721 3567 2792 aliquem,

1916 2805 1977 2856 ut
2007 2809 2058 2855 et
2084 2803 2254 2857 Pater
2282 2811 2473 2869 vester,
2509 2805 2607 2876 qui
2636 2804 2695 2858 in
2716 2805 2868 2859 ca:lis
2897 2805 3254 2871 est,dimittat
3284 2811 3432 2865 vobis
3443 2827 3571 2882 pee-

1914 2899 2034 2945 cata
2062 2898 2237 2945 vestra
2266 2895 2464 2959 (Marc.
2500 2895 2721 2961 x1,25).
2762 2895 2976 2958 Quarto
3020 2900 3215 2951 autem
3266 2900 3568 2970 parabole,

1918 2995 2043 3050 qua:
2102 2984 2157 3034 et
2206 2980 2359 3036 idem
2420 2986 2795 3048 monstraret,
2826 2983 3131 3054 przemissa
3161 2986 3307 3057 (360)
3356 2989 3484 3044 :Sic
3519 2999 3571 3046 et

1915 3069 2083 3123 Pater
2128 3085 2281 3125 meus
2334 3071 2567 3126 cwlestis
2612 3073 2781 3143 faciet
2821 3073 2990 3143 vobis,
3011 3075 3063 3129 si
3090 3090 3199 3129 non
3245 3079 3574 3135 remiscritis

1916 3159 2290 3230 unusquisque
2310 3162 2482 3231 fratri
2505 3177 2603 3217 suo
2623 3160 2688 3217 dc
2707 3162 2966 3218 cordibus
2982 3165 3174 3220 vestris
3187 3165 3395 3235 (Matth.
3409 3184 3568 3235 xvxu,

1918 3247 2031 3317 35),
2066 3248 2334 3304 videlicet
2392 3266 2463 3305 ne
2499 3267 2597 3306 ore
2648 3266 2709 3305 se
2741 3251 2875 3323 quis
2902 3252 3152 3307 aestimet
3184 3252 3367 3310 Deum
3399 3272 3571 3327 posse

150 3321 515 3408 resrestitui;
544 3341 781 3412 quando
804 3341 1042 3413 quidem
1068 3341 1369 3397 restitutos
1392 3321 1707 3398 nonnullos
1726 3340 1804 3396 vi-
1833 3321 1876 3389 (ἶ
1916 3335 2136 3401 fallere,
2168 3337 2269 3408 qui
2321 3338 2448 3409 ipso
2493 3339 2651 3394 videt
2699 3321 2774 3392 in-
2810 3339 3001 3394 corde.
3035 3339 3246 3404 Quinto
3292 3321 3429 3399 vero
3464 3360 3477 3397 :
3512 3346 3574 3402 Si

155 3426 247 3482 des
257 3428 431 3483 etiam
449 3428 529 3484 ad
551 3429 778 3501 potiora
790 3430 1267 3502 provectos.Vera
1279 3435 1472 3486 autem
1489 3431 1801 3499 restitutio,

158 3513 249 3570 ubi
323 3533 461 3574 vera
527 3518 818 3574 confessio
864 3536 877 3586 ;
922 3535 1057 3576 vera
1100 3524 1295 3575 autem
1342 3519 1651 3587 confessio,
1702 3519 1803 3574 ubi

157 3618 281 3661 vera
306 3607 633 3672 conversio,
667 3606 766 3662 ubi
799 3611 993 3664 autem
1022 3624 1156 3663 vera
1186 3609 1512 3675 conversio,
1548 3608 1628 3664 ibi
1670 3624 1807 3662 vera

159 3695 386 3751 curatio.
418 3695 572 3751 Nam
623 3695 764 3767 quid
814 3695 1066 3768 pertinet
1107 3696 1325 3751 vulnus
1375 3696 1602 3751 medico
1642 3711 1807 3750 mon-

163 3784 352 3852 strare,
404 3784 453 3840 si
499 3801 571 3841 eo
622 3801 739 3840 non
787 3785 875 3840 vis
926 3784 1117 3840 eurari
1173 3783 1362 3856 (359)?
1410 3784 1625 3856 saepius
1668 3801 1805 3840 vero

164 3877 489 3942 monstrata,
547 3889 654 3928 nec
702 3878 905 3930 curata
951 3872 1088 3945 plus
1135 3878 1366 3929 tument
1411 3872 1676 3941 vulnera,
1725 3874 1807 3929 ita

162 3963 220 4013 ut
253 3960 405 4033 ipsos
452 3963 550 4018 sui
603 3963 785 4018 fetore
834 3979 868 4017 ιι
916 3963 1136 4035 quibus
1185 3962 1458 4017 videntur
1520 3961 1801 4031 inﬁciant,

162 4045 429 4120 frequenti
464 4055 687 4107 attactu
723 4051 1095 4107 deteriorata.

223 4139 272 4191 6.
303 4137 597 4197 Pmnitens
646 4139 845 4213 itaque
875 4156 959 4207 es,
993 4144 1099 4196 aut
1146 4156 1277 4196 esse
1323 4139 1455 4197 vis?
1484 4140 1805 4197 Considera

166 4224 406 4297 regulam
454 4229 778 4302 pmnitendi
811 4228 869 4284 in
918 4228 1092 4285 dictis
1140 4245 1477 4301 expressam
1526 4229 1834 4302 Baptistte,

168 4311 407 4372 Domini!
456 4320 662 4385 Facite,
713 4317 927 4390 inquit,
970 4319 1181 4389 fructus
1228 4317 1421 4389 dignos
1463 4320 1801 4391 pwniteutize

166 4400 352 4466 (Matth.
399 4423 482 4476 ιιι,
534 4409 647 4476 8);
700 4411 757 4463 et
802 4406 980 4479 paulo
1044 4410 1177 4479 post
1228 4424 1240 4463 :
1287 4407 1394 4475 Qui
1454 4408 1614 4465 habet
1663 4408 1801 4465 duas

167 4491 378 4558 tunicas,
418 4494 505 4550 det
554 4510 667 4551 non
717 4496 946 4550 habenti
989 4496 1141 4563 (Luc.
1176 4511 1258 4561 ιιι,
1295 4496 1422 4564 11);
1474 4500 1801 4568 caateraque

167 4590 465 4652 exsequens
491 4582 576 4657 [id
604 4591 684 4639 est
730 4586 1112 4655 prosequens]
1153 4583 1567 4640 misericordia
1600 4600 1797 4656 Opera,

1913 3423 2102 3497 offers,
2132 3424 2650 3497 inquiens,munus
2680 3435 2839 3481 tuum
2868 3427 2937 3480 ad
2966 3428 3230 3491 altarc,et
3259 3431 3574 3488 recordatus

1913 3516 2091 3585 fneris
2120 3516 2251 3584 quia
2289 3516 2468 3584 frater
2526 3518 2652 3567 tuus
2709 3515 2871 3568 habet
2900 3515 3117 3584 aliquid
3162 3516 3451 3573 adversum
3479 3523 3530 3575 te
3548 3537 3571 3582 ;

1916 3603 2167 3671 relinque
2218 3602 2296 3656 ibi
2345 3618 2545 3656 munus
2594 3606 2754 3655 tuum
2783 3610 2910 3656 ante
2938 3603 3133 3668 altare,
3156 3608 3210 3659 et
3252 3604 3386 3661 vade
3408 3609 3572 3677 prius

1913 3690 2268 3744 reconciliari
2293 3690 2465 3759 fratri
2495 3697 2607 3755 tuo,
2631 3693 2682 3744 et
2711 3697 2841 3745 tunc
2870 3692 3091 3746 veniens
3120 3693 3311 3764 offeres
3367 3712 3571 3753 munus

1916 3786 2072 3832 tuum
2103 3778 2309 3850 (Matth.
2342 3795 2397 3845 v,
2433 3778 2546 3849 23).
2583 3778 2694 3833 Sed
2750 3782 2812 3834 tu
2865 3779 3109 3835 forsitan
3158 3783 3349 3839 dicis:
3390 3786 3571 3845 Abest

1916 3864 2087 3937 longe
2117 3882 2291 3939 quem
2324 3866 2586 3933 laesi,nec
2618 3885 2858 3941 possum
2891 3887 3023 3925 eum
3061 3872 3567 3932 audirc.Dicittibi

1914 3955 2159 4027 angelus
2194 3974 2206 4012 :
2245 3957 2431 4013 Gloria
2460 3957 2517 4013 in
2548 3959 2777 4014 excelsis
2807 3960 2931 4029 Deo,
2965 3968 3014 4016 et
3046 3963 3103 4016 in
3136 3970 3285 4018 terra
3328 3980 3443 4036 pax
3470 3966 3567 4021 ho-

1909 4045 2155 4100 minibus
2189 4048 2338 4107 bona
2366 4047 2661 4102 voluntatis
2694 4049 2846 4114 (Luc.
2881 4065 2940 4115 ιι,
2976 4049 3088 4122 14).
3124 4052 3270 4107 Dicit
3305 4057 3363 4107 et
3406 4053 3568 4125 psal-

1912 4150 2048 4190 mus
2080 4152 2092 4190 :
2125 4135 2189 4189 In
2217 4150 2304 4188 me
2330 4143 2477 4201 sunt,
2512 4137 2673 4202 Deus,
2708 4145 2829 4192 vota
2856 4145 2970 4207 tua,
3002 4154 3129 4209 quae
3166 4141 3394 4195 reddam
3442 4143 3564 4197 lau-

1909 4222 2158 4279 dationes
2202 4225 2307 4279 tibi
2351 4224 2520 4296 (Psal.
2550 4241 2639 4289 Lv,
2674 4226 2784 4294 45).
2813 4225 2961 4280 Dicit
3009 4231 3067 4280 et
3105 4227 3423 4298 Apostolus
3458 4245 3471 4283 :
3506 4229 3568 4285 Si

1908 4313 2034 4383 fieri
2069 4316 2263 4383 potest,
2287 4320 2339 4367 et
2369 4320 2643 4385 utcunque
2684 4329 2877 4383 pacem
2923 4315 2985 4368 in
3032 4315 3310 4370 voluntate
3348 4317 3567 4382 retine;

1909 4402 1992 4457 ita
2020 4402 2175 4457 enim
2208 4406 2265 4456 et
2290 4402 2578 4456 Dominus
2612 4419 2624 4458 :
2658 4403 2719 4457 Si
2750 4402 2830 4456 ibi
2854 4404 3029 4473 fuerit
3085 4403 3238 4473 ﬁlius
3279 4406 3453 4476 pacis,
3476 4422 3567 4460 re-

1910 4494 2149 4564 quiescet
2171 4507 2335 4562 super
2367 4492 2531 4545 illum
2562 4508 2702 4561 _pa.c
2756 4495 2975 4559 vestra;
3007 4493 3097 4546 sin
3140 4500 3342 4559 autem,
3375 4493 3445 4548 ad
3474 4510 3567 4551 vos

1907 4589 2210 4637 revertetur
2228 4582 2379 4650 (Luc.
2410 4596 2466 4647 κ,
2498 4580 2578 4649 6),
2613 4580 2669 4634 id
2701 4583 2808 4647 est,
2836 4596 2952 4635 non
2985 4580 3172 4637 deerit
3201 4599 3235 4637 a
3261 4583 3564 4641 voluntate

170 4662 317 4723 docet
342 4672 846 4745 perspicacissime
884 4688 1086 4727 curam
1133 4672 1382 4728 aliorum
1433 4673 1798 4728 necessitati-
1829 4692 1874 4756 Β
1909 4673 1962 4725 et
1996 4668 2465 4725 renumeratione
2486 4672 2697 4735 vestra,
2722 4670 2952 4724 etiamsi
2988 4671 3061 4725 ab
3097 4670 3196 4726 illo
3228 4689 3345 4727 non
3390 4672 3566 4730 fuerit

171 4748 266 4807 bus
288 4753 485 4831 [supple
513 4762 675 4831 eum]
702 4760 1161 4817 misericorditer
1189 4761 1399 4818 debere
1439 4761 1797 4833 impendere,

173 4841 258 4912 qui
285 4850 343 4901 ut
370 4849 828 4906 misericordiam
860 4856 1257 4923 consequatur
1300 4867 1333 4905 a
1371 4850 1640 4917 Domino,
1676 4850 1799 4906 cul-

173 4945 263 4999 pas
291 4934 640 5011 insequendo
673 4939 1028 5012 pmnitentize
1059 4940 1303 5013 dignum
1337 4940 1500 5012 cupit
1539 4939 1795 4995 fructum

174 5019 430 5084 exhibere.
462 5028 688 5085 Vestiat
746 5030 947 5102 itaque
996 5045 1233 5084 necesse
1276 5034 1365 5084 est
1396 5029 1643 5095 nudum,
1694 5029 1796 5101 qui

176 5110 430 5171 amissum
482 5117 827 5174 innocentia:
874 5116 1000 5173 vult
1050 5117 1305 5189 recipere
1356 5122 1791 5175 ornamentum.

176 5190 357 5256 Pascat
398 5209 778 5274 esurientem,
808 5206 909 5279 qui
954 5206 1318 5262 mortiferam
1378 5205 1587 5261 animze
1636 5206 1793 5262 desi-

176 5280 319 5343 derat
362 5295 594 5352 evadere
644 5295 882 5351 famem.
935 5296 1099 5351 Potet
1146 5295 1464 5363 sitientem,
1516 5294 1618 5366 qui
1673 5295 1799 5351 vult

176 5375 386 5435 evadere
430 5383 834 5457 aegritudinem
883 5400 1138 5440 morum.
1171 5382 1521 5439 Consoletur
1568 5384 1627 5439 in
1671 5401 1795 5440 car-

177 5473 285 5519 cere
324 5472 717 5537 constitutum,
764 5473 865 5546 qui
933 5473 1147 5529 inferni
1214 5488 1329 5528 non
1399 5472 1529 5528 vult
1596 5474 1796 5529 subire

236 5588 364 5672 (3538)
392 5594 670 5654 Construe
701 5614 715 5653 :
751 5599 811 5653 Si
838 5598 1111 5672 credendo,
1131 5599 1363 5654 colimus
1403 5614 1531 5672 eum
1572 5603 1797 5672 propter

178 5656 489 5746 quiquam
509 5674 735 5746 propter
756 5687 1002 5728 anwrem
1050 5671 1205 5730 illius
1231 5674 1285 5728 et
1314 5671 1526 5730 animae
1566 5656 1791 5739 nostra.

179 5729 247 5786 nil
272 5729 524 5799 utilitatis
539 5729 896 5820 acquirzmus.

1910 4762 2160 4831 recepta.
2197 4757 2344 4813 Dicit
2368 4762 2426 4813 et
2453 4758 2769 4830 Gregorius
2803 4774 2817 4814 :
2852 4759 3110 4815 Debemus
3136 4762 3321 4834 itaque
3352 4762 3422 4818 ad
3441 4779 3565 4834 pro-

1906 4852 2125 4903 ximum
2152 4849 2405 4921 quamvis
2443 4846 2603 4915 longe
2631 4850 2874 4918 positum
2911 4851 3181 4921 longaque
3226 4851 3565 4922 disjunctum

1905 4945 2086 4992 mente
2118 4939 2218 5003 ire,
2244 4938 2402 5009 eique
2422 4937 2673 4991 animum
2692 4938 2941 5009 subdere,
2965 4939 3280 4994 humilitate
3308 4940 3472 4994 illum
3499 4957 3565 4997 ac

1908 5027 2277 5081 benevolentia
2304 5026 2546 5097 placare.
2564 5025 2735 5081 Sexto
2755 5025 2995 5082 demum
3025 5029 3409 5085 l)ominus:in
3430 5046 3559 5101 qua,

1905 5115 2115 5188 inquit,
2170 5131 2430 5170 mensura
2502 5117 2682 5170 mensi
2730 5117 2973 5187 fueritis,
3033 5120 3349 5174 remetietur
3412 5121 3564 5177 vobis

1904 5206 2247 5279 (illatth.'v11,
2278 5206 2356 5273 2).
2392 5204 2654 5275 Septimo
2685 5206 2843 5261 114
2885 5205 3084 5261 dicens
3130 5207 3202 5261 de
3252 5208 3557 5265 adultera:

1910 5295 2027 5367 Qui
2051 5296 2174 5349 sine
2200 5301 2412 5364 peccato
2442 5301 2518 5349 est
2548 5297 2810 5360 vestrum,
2832 5294 2931 5362 ait,
2945 5298 3160 5366 primus
3181 5298 3241 5352 in
3270 5298 3428 5352 illam
3477 5298 3559 5352 la-

1902 5384 2088 5455 pidem
2142 5384 2325 5437 mittat
2347 5384 2524 5453 (Joan.
2559 5399 2681 5447 vm,
2712 5384 2789 5454 7),
2819 5384 2926 5439 hoc
2957 5389 3064 5452 est,
3103 5384 3273 5439 feriat
3320 5385 3560 5439 alterius

1907 5473 2033 5529 sine
2048 5471 2451 5527 misericordia
2471 5471 2822 5538 admissum,
2839 5473 2938 5544 qui
2961 5472 3020 5528 in
3049 5490 3111 5528 se
3138 5473 3368 5528 nullum
3387 5473 3564 5528 habet

1978 5598 2124 5669 (359)
2155 5595 2349 5669 Vulg.,
2372 5613 2577 5653 carere.
2610 5596 2689 5669 Ex
2722 5597 3025 5668 prmmisso
3075 5601 3133 5653 et
3172 5594 3559 5669 subsequenti

1905 5666 2198 5743 contextu,
2232 5666 2346 5743 quo
2376 5669 2447 5725 de
2478 5666 2777 5743 curatione
2792 5669 3021 5743 _agitur,
3055 5666 3519 5727 emendavimus.

1976 5742 2125 5823 (360)
2153 5738 2340 5817 Vulg"
2365 5741 2658 5819 promissa,
2691 5738 2867 5800 male:
