3936 6378
370 432 489 497 323

1295 436 1671 499 RATHERII
1715 434 1957 499 EPISC.
2002 435 2295 502 VERON.
2341 438 2515 500 OPP.
2560 433 2767 499 PARS
2812 435 2860 498 Ι.

3677 428 3796 496 324

368 584 483 640 quo
514 567 670 623 feriri
702 568 887 641 possit
905 573 1230 641 peccatum.
1250 569 1393 624 Hinc
1424 573 1641 624 Seneca
1672 586 1685 624 :
1732 569 1875 634 Vide,
1910 570 2010 637 ait,
2042 570 2099 637 Α
2128 570 2456 637 cacissime,
2476 569 2590 624 heu
2617 567 2811 624 dolorl
2842 567 3239 639 experimento
3252 582 3440 640 nuper
3451 566 3794 640 probatum;

364 660 416 712 si
442 658 623 713 adhuc
644 651 824 712 malus
854 674 928 724 es,
961 664 1013 713 et
1040 659 1363 713 similititms
1387 674 1550 728 parce
1585 674 1598 713 :
1632 674 1817 713 verum
1838 661 1888 713 si
1913 675 2025 714 esse

364 746 592 814 desiisti,
632 762 734 801 cur
778 747 909 801 aliis
960 748 1162 802 bonum
1209 747 1605 802 emendationis
1657 747 1921 814 abscidas,
1975 748 2026 802 si

364 842 548 890 tamen
596 834 822 906 hujusce
856 836 981 889 istic
1022 852 1133 891 non
1176 834 1416 891 dissonet
1449 852 1681 907 persona
1704 839 1730 889 .9
1760 835 1971 890 Octavo
2005 852 2020 903 ;

363 923 511 993 Ejice
536 924 780 993 primum
808 925 1018 978 trabem
1048 923 1112 979 de
1140 924 1292 979 oculo
1324 932 1444 992 tuo,
1476 932 1527 978 et
1558 932 1689 979 tunc
1729 925 2023 995 perspicies

362 1019 423 1067 ut
451 1012 643 1067 educas
662 1014 926 1082 festucam
954 1012 1021 1067 de
1049 1013 1203 1068 oculo
1232 1014 1425 1083 fratris
1454 1013 1539 1067 tui
1570 1011 1772 1079 (Matth.
1792 1029 1890 1077 vn,
1922 1012 1978 1083 3)
2004 1028 2019 1067 :

364 1100 648 1156 festucam
680 1100 827 1155 iram
856 1101 1058 1156 dicens
1089 1101 1345 1156 subitam
1370 1107 1425 1157 et
1445 1100 1625 1156 levem
1648 1119 1661 1165 ;
1687 1101 1915 1155 trabem
1929 1118 2025 1155 su-

362 1189 648 1259 perbiam,
682 1188 881 1243 odium
914 1194 971 1243 et
1003 1188 1323 1244 inimicitias
1370 1190 1773 1244 retentionem.
1807 1189 1970 1243 Nono
2004 1205 2018 1243 :

361 1277 579 1345 Medice,
606 1293 743 1333 cura
784 1280 1018 1348 teipsum
1065 1279 1214 1346 (Luc.
1244 1295 1320 1343 1v,
1349 1279 1462 1345 23),
1510 1278 1567 1332 id
1614 1282 1722 1343 est,
1774 1278 2023 1332 emenda

366 1366 537 1438 prius
568 1366 626 1420 in
650 1371 705 1421 te
738 1366 885 1420 iram
914 1365 1001 1420 vel
1034 1366 1235 1421 odium
1266 1370 1323 1421 et
1360 1365 1443 1420 ita
1489 1366 1728 1420 demum
1779 1364 2021 1421 alterius

363 1454 731 1525 insequendo
782 1471 924 1510 cura
954 1459 1254 1525 peccatum
1282 1471 1296 1522 ;
1328 1453 1590 1525 exemplo
1622 1453 1890 1509 videlicet
1926 1470 2025 1509 cu-

354 1543 597 1613 jusdam
632 1542 988 1613 philosophi,
1010 1542 1109 1613 qui
1143 1559 1274 1597 cum
1310 1542 1789 1608 adiracundiam,
1814 1542 2019 1613 utjam

359 1630 417 1684 in
450 1629 566 1685 alio
581 1629 878 1685 volumine
891 1630 1386 1701 (36l)retulimus,
1404 1630 1813 1698 concitaretur,
1829 1631 2019 1686 eidem

359 1736 393 1775 a
421 1734 538 1790 quo
570 1718 929 1774 incitabatur
957 1719 1174 1774 dixisse
1207 1719 1556 1775 ferturzlam
1582 1723 1633 1773 te
1660 1727 2016 1789 percuterem,

356 1809 469 1862 nisi
489 1810 662 1863 iratus
692 1824 880 1863 essem.
910 1807 1073 1871 Quod
1105 1807 1154 1863 si
1184 1807 1358 1862 alicui
1382 1806 1644 1862 fidelium
1677 1808 2019 1879 contigisset

358 1897 598 1963 dixisse,
630 1896 771 1968 quid
804 1895 962 1951 aliud
1022 1895 1265 1969 ageret?
1299 1912 1411 1951 non
1446 1896 1756 1968 [legendum
1802 1897 2020 1951 videtur

359 1986 573 2056 nonne]
607 1984 900 2040 custodita
959 1984 1202 2057 proprias
1257 1984 1473 2040 mentis
1521 1986 1821 2057 sospitate,
1854 1983 2016 2041 illius

358 2073 693 2147 phrenesim
708 2073 922 2129 haustu
937 2073 1226 2145 patientiae
1241 2072 1509 2128 curaret?
1527 2073 1673 2139 Quid
1688 2090 1820 2129 vero
1845 2074 2014 2129 nobis

359 2164 584 2219 trabem
636 2161 870 2235 proprio
916 2161 975 2216 in
1026 2160 1194 2217 oculo
1226 2161 1549 2217 ferentibus
1587 2166 1643 2217 et
1672 2162 1743 2217 de
1775 2161 2014 2218 alterius

358 2251 617 2323 [subaudi
646 2250 835 2321 oculo]
857 2251 1142 2305 festucam
1192 2249 1440 2306 avellere
1485 2250 1830 2317 nitentibus,
1867 2252 2014 2306 facto

358 2341 418 2395 in
444 2339 783 2411 hujusmodi
804 2338 1231 2411 gentilisidem,
1249 2356 1353 2412 pro
1368 2339 1548 2395 nefas!
1566 2339 1845 2395 clamaret
1862 2342 2013 2409 (363)

359 2429 471 2485 nisi
516 2428 672 2501 quod
733 2430 858 2500 jam
910 2428 1134 2483 dudum
1182 2428 1468 2499 propheta
1522 2445 1535 2483 :
1584 2428 1874 2492 Erubesce,
1923 2427 2012 2483 in-

310 2544 315 2547 -
359 2519 592 2591 quiens,
625 2517 812 2585 Sidon,
845 2519 928 2573 ait
979 2518 1296 2589 mare(lsai.
1336 2532 1500 2579 xxm,
1542 2518 1632 2589 54)
1660 2535 1673 2585 ;
1709 2533 1775 2572 ac
1806 2516 1853 2572 si
1886 2516 2013 2588 ipso

361 2606 626 2678 exemplo
659 2606 875 2661 diceret
907 2624 920 2661 :
954 2608 1079 2671 Qua
1119 2606 1306 2661 fronte
1343 2604 1722 2660 .Christianus
1770 2605 2017 2677 quilibet

357 2712 493 2751 cum
526 2695 688 2749 trabe
711 2694 1001 2765 superbiae
1027 2693 1267 2750 alterius
1302 2695 1374 2750 de
1405 2692 1575 2749 oculo
1607 2694 1890 2749 festucam
1907 2693 2013 2748 ali-

358 2785 529 2853 cujus
556 2782 681 2836 vitii
712 2786 1025 2836 conaretur
1065 2783 1318 2837 demere.
1353 2798 1486 2836 cum
1515 2798 1607 2837 me
1639 2781 2013 2837 academicus

361 2887 466 2926 nec
514 2870 703 2941 ipsam
754 2871 1038 2924 festucam
1090 2869 1187 2925 iraa
1227 2869 1395 2925 oculo
1427 2870 1620 2925 cordis
1646 2869 1792 2924 velle
1821 2870 2015 2925 videat

359 2958 756 3031 gestare,dum
792 2957 863 3011 de
882 2958 1124 3012 alterius
1143 2958 1373 3029 tignum
1405 2957 1674 3012 elationis
1701 2958 1905 3013 studeo
1925 2975 2011 3012 re-

358 3045 609 3102 vellere?
634 3045 863 3101 Decimo
886 3062 1019 3100 vero
1041 3045 1180 3101 item
1201 3045 1481 3100 Dominus
1498 3062 1509 3101 :
1525 3046 1768 3116 Diligite,
1798 3044 2009 3116 inquit,

361 3137 614 3192 inimicos
668 3143 886 3201 vestros,
922 3134 1220 3205 benefacite
1246 3135 1332 3190 his
1373 3136 1471 3205 qui
1524 3134 1753 3189 oderunt
1810 3150 1918 3199 vos,
1950 3142 2014 3189 ut

354 3227 477 3281 sitis
532 3225 642 3296 ﬁlii
687 3226 872 3279 Patris
919 3225 1104 3287 vestri,
1138 3224 1235 3295 qui
1278 3225 1339 3279 in
1381 3224 1534 3278 cretis
1586 3231 1683 3289 est,
1713 3225 1809 3295 qui
1844 3224 2012 3278 solem

2133 659 2271 731 quia
2318 658 2477 713 aliud
2536 662 2627 712 est
2681 656 2968 712 exhausta
3023 655 3224 729 pestis,
3259 654 3421 711 aliud
3461 655 3796 728 consopita.

2132 748 2351 803 Furens
2394 747 2549 801 enim
2593 744 3043 810 adversarius,a
3090 744 3262 800 corde
3312 760 3374 800 se
3421 743 3648 800 docens
3696 760 3798 799 ex-

2132 835 2369 907 pulsum
2401 834 2670 905 alicujus,
2693 832 3089 906 propulsionis
3118 850 3239 888 suae
3269 832 3567 888 vindicare
3599 832 3799 889 nitens

2132 924 2430 995 injuriam,
2465 927 2673 994 praeter
2699 921 2815 976 alia
2845 921 3004 976 mille
3056 921 3302 975 nocendi
3335 920 3592 993 ingenia,
3619 919 3794 976 illum

2132 1012 2403 1078 maxime,
2438 1027 2553 1082 quo
2584 1009 2815 1065 admitti
2856 1009 3098 1076 solebat,
3132 1010 3405 1065 observat
3453 1008 3789 1078 introitum,

2131 1101 2222 1156 cui
2257 1099 2369 1156 nisi
2400 1098 2586 1153 virilis
2616 1116 2750 1153 cum
2782 1098 2881 1153 Dei
2912 1096 3129 1153 auxilio
3158 1097 3425 1153 adhibita
3449 1096 3631 1153 fuerit
3681 1114 3791 1152 cu-

2132 1190 2342 1255 stodia,
2368 1188 2654 1259 (exemplo
2674 1187 2831 1242 necis
2849 1186 3133 1253 Isboseth,
3153 1187 3323 1257 cujus
3345 1186 3679 1241 dormiente
3706 1202 3797 1241 os-

2130 1279 2301 1333 tiaria
2350 1277 2663 1348 improvise
2714 1276 2957 1346 contigit
3015 1275 3287 1330 interitus
3321 1276 3393 1345 (Il
3432 1275 3565 1344 Reg.
3598 1292 3677 1340 Iv,
3710 1275 3793 1348 5),

2131 1384 2264 1422 cum
2284 1365 2606 1437 ininguine,
2623 1363 2833 1420 ablatis
2848 1363 3022 1419 etiam
3040 1362 3219 1435 spicis
3233 1364 3380 1436 (364)
3398 1364 3554 1435 quod
3578 1380 3798 1437 purga-

2130 1455 2305 1509 batur
2333 1454 2631 1513 frumenti.
2655 1470 2688 1508 a
2716 1451 3066 1507 latrunculis
3098 1451 3274 1507 fuerit
3300 1453 3646 1525 percussus)
3666 1452 3799 1526 ple-'

2128 1558 2378 1614 rumque
2410 1543 2631 1597 irruere
2652 1546 2813 1597 tanto
2836 1540 2986 1597 solet
3003 1540 3231 1608 saevius,
3266 1545 3489 1613 quanto
3523 1540 3799 1614 inopina-

2127 1632 2267 1698 tius,
2291 1632 2465 1702 juxta
2492 1631 2601 1685 hoc
2634 1631 2789 1702 quod
2813 1630 2894 1685 ait
2926 1629 3248 1686 Dominus:
3275 1629 3410 1685 Cum
3464 1629 3795 1686 immundus

2127 1722 2355 1792 spiritus
2383 1722 2583 1776 exierit
2612 1720 2680 1774 ab
2712 1719 2954 1783 homine,
2973 1718 3217 1773 ambulat
3243 1734 3344 1789 per
3372 1718 3490 1773 loca
3519 1721 3797 1791 inaquosa

2128 1825 2380 1882 quaerens
2428 1810 2691 1880 requiem,
2725 1816 2777 1863 et
2817 1825 2927 1862 non
2977 1810 3282 1873 inveniens,
3314 1805 3452 1862 dicit
3482 1824 3496 1862 :
3532 1808 3797 1862 Revertar

2127 1900 2187 1953 in
2217 1898 2437 1952 domum
2467 1913 2643 1952 meam
2668 1896 2811 1954 unde
2839 1898 3010 1960 exivi,
3042 1899 3093 1951 et
3121 1898 3343 1950 veniens
3371 1895 3612 1964 domum,
3647 1900 3790 1965 etc.,

2126 1988 2265 2041 Tunc
2296 1987 2442 2042 vadit
2475 1994 2526 2042 et
2549 1987 2786 2041 assumit
2810 1993 3014 2056 septem
3036 1985 3177 2039 alios
3205 1985 3436 2055 spiritus
3472 2000 3658 2039 secum
3688 2000 3794 2041 ne-

2122 2078 2341 2147 quiores
2360 2091 2434 2141 se,
2459 2079 2511 2130 et
2542 2075 2782 2143 ingressi
2809 2073 3059 2129 habitant
3089 2075 3190 2137 ibi,
3226 2081 3276 2128 et
3303 2074 3446 2145 ﬁunt
3486 2075 3796 2130 novissima

2123 2164 2363 2219 hominis
2415 2165 2572 2219 illius
2613 2164 2803 2235 pejora
2850 2164 3131 2234 prioribus
3179 2162 3331 2233 (Luc.
3381 2179 3458 2229 χι,
3493 2162 3608 2233 24).
3644 2163 3795 2220 Ecce

2125 2254 2279 2325 quod
2332 2251 2551 2307 malum
2605 2252 2678 2307 de
2725 2250 3100 2323 negligentia,
3131 2250 3378 2316 desidia,
3410 2250 3500 2305 vel
3554 2255 3798 2323 torpore

2122 2347 2454 2415 generatur.
2499 2341 2660 2396 Unde
2711 2345 2769 2395 et
2820 2339 3153 2403 Psalmista,
3200 2339 3343 2393 dum
3395 2338 3790 2396 neoessitates

2123 2429 2434 2485 carnaliter
2464 2428 2661 2501 populi
2692 2429 3069 2493 describeret,
3102 2443 3275 2483 casus
3319 2425 3621 2482 moraliter
3670 2444 3787 2483 no-

2124 2523 2276 2574 stros
2290 2518 2654 2586 ostendebat,
2672 2517 2873 2572 dicens
2895 2517 3146 2573 :Omnem
3167 2531 3342 2571 escam
3362 2516 3679 2577 abominati:
3710 2525 3796 2573 est

2123 2609 2312 2662 anima
2341 2623 2548 2673 eorum,
2582 2614 2634 2662 et
2657 2608 3237 2679 appr0pinquaverunt
3274 2620 3443 2677 usque
3488 2605 3561 2660 ad
3596 2613 3792 2677 portas

2123 2697 2314 2750 mortis
2347 2695 2517 2762 (Psat.
2541 2695 2955 2758 cv1,l8).Escaa
2978 2698 3175 2748 autem
3205 2694 3789 2765 animarum,oratio,

2122 2782 2732 2856 psalmodia,jejunia,
2768 2781 3171 2853 eleemosynas,
3205 2786 3262 2835 et
3292 2779 3581 2837 continuae
3641 2785 3793 2838 sunt

2122 2873 2399 2928 lectiones
2433 2888 2602 2943 :quaa
2653 2870 2751 2942 qui
2802 2870 3197 2936 abominetur,
3231 2869 3344 2924 nisi
3376 2869 3430 2925 ei
3480 2870 3791 2941 contingat

2122 2963 2276 3035 quod
2311 2960 2675 3033 sequitur,id
2698 2964 2809 3027 est,
2838 2963 2906 3013 ut
2934 2957 3149 3013 clamet
3182 2957 3253 3012 ad
3282 2957 3599 3013 Dominum
3630 2957 3783 3014 dum

2119 3050 2437 3107 tribulatur
2464 3048 2643 3120 (Ibid,
2682 3050 2789 3115 19),
2811 3052 2876 3103 ut
2909 3051 2965 3103 et
2996 3046 3448 3102 necessitatibus
3482 3047 3571 3118 [f.,
3604 3062 3637 3102 e
3675 3063 3787 3103 ne-

2121 3140 2515 3208 cessitatibus]
2549 3137 2674 3192 suis
2701 3137 2999 3199 liberetur,
3022 3142 3249 3191 aeternae
3267 3135 3396 3191 sine
3421 3134 3602 3192 dubio
3619 3152 3789 3191 mor-

2120 3230 2220 3294 tis,
2251 3232 2397 3282 teste
2424 3226 2716 3298 Gregerio,
2752 3223 3079 3297 periculum
3112 3223 3411 3279 incurrere
3469 3223 3733 3279 creditur
3769 3240 3784 3281 :

353 3330 515 3370 suum
542 3315 684 3369 oriri
708 3315 845 3384 facit
869 3329 1033 3384 super
1079 3312 1241 3367 bonos
1270 3321 1323 3369 et
1349 3313 1540 3378 malos,
1573 3320 1625 3367 et
1645 3313 1793 3384 pluit
1839 3328 2006 3383 super
2035 3296 2081 3364 (ἶ
2117 3318 2463 3389 desperatur
2491 3296 2651 3370 enim
2682 3296 2812 3384 ejus
2842 3313 3019 3368 etiam
3061 3311 3464 3384 temporaliter
3504 3312 3645 3380 vita,
3680 3311 3788 3385 qui

344 3405 523 3477 justos
552 3412 603 3458 et
634 3405 863 3474 injustas
893 3403 1048 3469 (Luc,
1080 3418 1156 3467 v1,
1183 3404 1296 3471 27).
1323 3402 1591 3457 Facessat
1636 3418 1773 3473 ergo
1813 3401 2007 3457 omnis

353 3493 590 3567 indigne
609 3491 1038 3565 pcenitentium,
1060 3491 1177 3546 imo
1197 3491 1381 3546 Deum
1408 3490 1514 3545 hac
1530 3490 1905 3546 simulatione
1936 3490 2009 3545 ad

353 3580 719 3637 iracundiam
771 3579 1235 3651 provocantium,
1273 3579 1365 3633 his
1420 3578 1599 3634 divini
1644 3579 1762 3634 oris
1804 3583 2013 3650 praeter

358 3668 810 3725 innumerabilia
837 3668 1115 3723 tonitruis
1145 3667 1413 3740 perculsa
1443 3666 1649 3723 saltem
1687 3666 1968 3723 dolositas
1994 3684 2007 3734 ;

308 3804 313 3807 .
359 3755 769 3814 aestimentiam
804 3758 950 3827 (363)
972 3757 1204 3811 veniam
1264 3773 1326 3812 se
1379 3759 1586 3812 mereri
1635 3755 1796 3811 nullo
1838 3757 2010 3812 modo

362 3845 795 3918 peccaminum,
813 3843 1075 3915 quandiu
1095 3844 1153 3899 in
1168 3845 1339 3900 corde
1356 3842 1590 3915 aliquod
1607 3843 2011 3916 phreneticum

359 3934 614 3990 retinent
641 3932 863 3988 odium.

432 4023 488 4077 8.
517 4020 602 4076 Ad
637 4020 891 4075 fructum
924 4024 1123 4075 autem
1154 4018 1399 4092 dignum
1447 4018 1797 4092 pmnitcntize
1838 4020 2013 4075 etiam

358 4109 467 4166 hoc
497 4108 746 4182 pertinet
778 4108 1049 4177 maxime,
1079 4113 1143 4163 ut
1172 4109 1269 4181 qui
1303 4125 1365 4163 se
1404 4107 1605 4164 illicita
1640 4112 2004 4181 perpetrasse

359 4198 709 4264 considerat,
735 4215 863 4253 sese
896 4214 929 4252 a
961 4196 1139 4253 licitis
1170 4202 1338 4253 caute
1368 4198 1682 4269 restringat
1709 4215 1721 4264 ;
1751 4198 2013 4269 ipsarum

359 4288 535 4343 etiam
569 4303 765 4344 rerum
793 4286 1105 4354 illecebris,
1139 4302 1287 4358 quas
1342 4287 1455 4343 sibi
1493 4303 1731 4342 causam
1765 4286 2016 4357 alicujus

358 4377 719 4451 recognoscit
734 4377 917 4433 fuisse
934 4377 1220 4443 criminis,
1237 4393 1449 4449 corpus
1462 4393 1637 4432 suum
1653 4376 2017 4431 assuefacere

358 4467 608 4522 ulterius
629 4471 862 4531 caveat;
883 4466 1077 4521 sciens
1100 4484 1134 4520 a
1154 4466 1413 4537 quodam
1454 4464 1829 4521 veracissime
1868 4466 1901 4518 I
1916 4466 1952 4519 7
1968 4463 2012 4519 5

359 4554 605 4618 dictum,
635 4553 791 4624 quod
810 4558 867 4608 et
896 4570 930 4608 a
954 4554 1124 4608 nobis
1154 4554 1383 4610 utinam
1410 4570 1527 4609 non
1560 4554 1768 4609 fuisset
1786 4552 2016 4625 perspi-

2118 3403 2377 3462 carnalia
2408 3402 2630 3476 respuit
2654 3402 2953 3457 alimenta.

2187 3494 2242 3548 9.
2275 3493 2384 3549 Sed
2421 3496 2484 3547 ut
2509 3491 2800 3563 meipsum
2834 3490 2894 3545 in
2926 3490 3035 3545 hoc
3083 3490 3240 3561 quod
3267 3489 3413 3562 ccepi
3446 3489 3683 3546 traham
3717 3489 3784 3547 in

2117 3581 2473 3652 exemplum,
2500 3597 2633 3635 cum
2666 3576 2839 3651 paulo
2867 3577 3183 3633 resolutius
3201 3594 3380 3650 quam
3413 3582 3790 3651 competeret

2119 3672 2339 3726 nudius
2369 3668 2579 3724 tertius
2606 3684 2698 3722 me
2719 3666 3311 3739 agerem,sensi,proh
3334 3666 3525 3722 nefas!
3551 3665 3611 3722 in
3637 3683 3790 3739 par-

2119 3760 2362 3815 vissima
2382 3761 2469 3825 (ut
2498 3755 2642 3812 mihi
2664 3756 2991 3820 videbatur,
3018 3772 3132 3810 non
3171 3759 3235 3810 ut
3263 3759 3409 3822 erat)
3441 3754 3785 3825 occasione,

2121 3864 2301 3921 quam
2333 3864 2426 3902 me
2454 3844 2701 3900 titillans
2733 3843 3055 3899 amarailla
3094 3843 3461 3917 voluptatum
3493 3845 3783 3914 suavitas,

2121 3936 2382 3993 etiamin
2412 3950 2641 3990 carcere
2664 3933 2946 4006 positum,
2974 3932 3171 3987 dolore
3203 3933 3556 3999 contectum,
3589 3949 3789 4005 pupu-

2123 4024 2293 4099 gerit,
2311 4024 2480 4096 longe
2503 4022 2739 4095 quidem
2767 4039 2945 4095 quam
2961 4022 3187 4077 solebat
3206 4021 3435 4086 mitius,
3454 4021 3557 4077 sed
3573 4038 3788 4078 rursus

2123 4115 2295 4186 longe
2327 4106 2493 4168 aliter
2512 4117 2688 4184 atque
2722 4116 3100 4184 putaveram:
3135 4111 3218 4166 ita
3246 4116 3312 4164 ut
3343 4110 3403 4165 in
3436 4108 3547 4166 hoc
3571 4110 3791 4166 saltem

2126 4218 2473 4275 cognoscere
2500 4200 2814 4273 potuerim,
2849 4217 2962 4255 non
2997 4198 3257 4265 mollem,
3292 4200 3392 4254 sed
3425 4199 3793 4257 omnimodis

2125 4294 2353 4359 fortem,
2389 4306 2504 4345 non
2532 4287 2900 4354 muliebrem,
2932 4288 3036 4343 sed
3067 4286 3300 4342 virilem
3350 4287 3544 4343 cordis
3579 4287 3792 4357 januis

2125 4397 2219 4436 me
2249 4378 2523 4435 debuisse
2535 4377 2862 4433 custodiam
2886 4375 3182 4431 adhibere.
3202 4374 3385 4443 Quod,
3402 4376 3598 4431 obone
3619 4375 3794 4447 Jesu,

2126 4470 2237 4542 pie,
2261 4466 2511 4524 cmlestis
2543 4483 2607 4521 ac
2638 4464 3243 4537 sapientissime,istic
3266 4463 3400 4537 poni
3435 4464 3633 4519 decuit
3664 4482 3791 4521 me-

2124 4559 2272 4624 dice,
2292 4573 2407 4611 non
2425 4560 2490 4610 ut
2509 4554 2614 4609 tibi
2635 4553 2903 4621 revelem,
2924 4554 3024 4625 qui
3067 4552 3268 4608 omnia
3286 4552 3440 4609 nosti
3460 4558 3791 4625 antequam

434 4665 580 4748 (351)
612 4665 751 4720 llinc
782 4670 1009 4748 co‘nstat
1040 4667 1410 4748 ‘Il‘atherium
1443 4667 1619 4748 aliud
1678 4684 1850 4748 opus
1882 4673 2016 4748 ante
2045 4661 2094 4727 D
2128 4675 2374 4748 inquam,
2401 4671 2662 4748 clamaret
2690 4668 2847 4748 nobis
2877 4670 2934 4724 in
2964 4671 3107 4748 facto
3138 4667 3475 4748 hujusmodi,
3644 4670 3793 4740 quod

363 4736 689 4809 scripsisse,
715 4736 810 4809 cui
846 4736 967 4790 haec
1001 4736 1330 4809 pbi1030phi
1362 4739 1669 4809 cujusdam
1716 4736 2022 4796 sententia

362 4807 583 4890 inserta
603 4807 745 4890 fuit;
767 4807 1111 4890 Hostamen
1144 4807 1293 4890 Opus
1326 4810 1384 4890 i_n
1418 4807 1706 4890 desiderio
1739 4816 1845 4865 est.
1867 4811 2019 4890 Num

361 4896 495 4935 vero
516 4880 668 4935 idem
689 4878 832 4933 illud
859 4878 1084 4949 sit,quo
1108 4878 1461 4949 quibusdam
1495 4880 1784 4936 Mcdiolan
1802 4882 2019 4937 insium

407 4950 789 5005 uasstionibus
802 4954 935 5003 ante
950 4950 1349 5022 episcopatum
1368 4950 1761 5005 Veronensem
1782 4968 2021 5022 respon-

363 4968 547 5075 derat.
582 5038 653 5075 an
699 5036 832 5074 vero
891 5020 1206 5075 diversum.
1241 5021 1562 5075 ignoratur.
1613 5021 1822 5075 Eadem
1853 5040 2021 5075 oorro

405 5026 547 5093 erat,
582 5038 653 5075 an
699 5036 832 5093 vero
891 5020 1206 5093 diversum,
1241 5021 1562 5093 ignoratur.
1613 5021 1822 5093 Eadem
1852 5020 2021 5093 porro

364 5091 627 5162 ejusdem
663 5090 993 5162 philosophi
1050 5090 1400 5147 sententiam
1449 5092 1657 5145 recitat
1687 5090 1868 5146 etiam
1892 5096 2022 5149 Atto

412 5161 745 5233 ercellenisis
776 5161 1087 5233 episcopus
1112 5163 1167 5217 in
1193 5179 1364 5233 opere
1382 5164 1457 5216 De
1480 5164 1757 5232 pressaris
1770 5163 2025 5222 Ecclesiae

362 5236 515 5306 part.
535 5232 704 5306 t,_his
733 5232 958 5287 verbis:
986 5234 1075 5306 Ait
1104 5232 1253 5288 enim
1285 5234 1641 5306 Terentianus
1667 5235 2023 5305 philosophus

361 5302 431 5360 ad
465 5302 719 5377 villicum
747 5320 908 5359 suum
928 5322 947 5359 :
978 5304 1052 5360 0b
1074 5308 1125 5359 te
1156 5304 1455 5375 infelicem,
1485 5321 1646 5376 quem
1670 5302 2020 5377 afﬂictarem,

361 5376 476 5431 nisi
507 5376 683 5428 iratus
710 5391 897 5429 essem.

438 5446 606 5518 (362)_
646 5445 973 5518 Legebatur
1014 5445 1293 5518 clamavit,
1345 5462 1455 5501 non
1506 5446 1664 5518 quod,
1718 5452 2019 5507 mendose.

359 5516 783 5597 gerrectionem
814 5516 873 5597 in
906 5522 1125 5597 textum
1166 5517 1463 5597 inductam
1490 5516 1697 5597 seems
1722 5522 2021 5597 efﬂagitat.

362 5587 645 5666 Construe
674 5588 867 5666 _:_Qu_id
896 5604 1019 5666 vero
1061 5587 1205 5643 idem
1242 5591 1517 5666 gentilis!
1561 5607 1663 5663 pro
1700 5587 1890 5666 nefas,”
1909 5596 2024 5650 cla-

361 5662 538 5739 maret
593 5659 747 5739 nobis
791 5662 1095 5739 ferentibus
1145 5661 1353 5739 trabem
1418 5663 1476 5717 in
1511 5734 1521 5739 _
1552 5659 1707 5739 oculo
1741 5659 2022 5739 proprio,

361 5739 413 5792 et
440 5729 746 5792 nitentibus
772 5729 1009 5792 avellere
1022 5733 1290 5809 festucam
1309 5731 1373 5795 de
1399 5734 1553 5796 oculo
1582 5729 1835 5808 alterius,
1869 5729 2023 5816 quid,

2121 4739 2452 4817 jamdudum
2497 4742 2785 4817 clamavit
2818 4739 3081 4817 propheta
3126 4739 3384 4817 inquiens
3428 4756 3447 4793 :
3476 4739 3795 4817 ‘Erubesce

2129 4811 2424 4875 Sidon.ait
2440 4830 2600 4867 mare
2617 4830 2627 4871 :
2643 4827 2707 4866 ac
2733 4813 2785 4867 si
2811 4811 2928 4883 ipso
2949 4812 3193 4883 exemplo
3223 4811 3450 4867 diceret:
3465 4811 3585 4878 Qua
3606 4813 3797 4881 fronte

2133 4888 2482 4942 Chrsitianus
2528 4884 2756 4956 quilibet
2799 4882 2923 4956 cum
2970 4882 3125 4938 trabe
3169 4882 3449 4956 superbi;
3488 4892 3795 4956 conaretur

2130 4960 2344 5013 demere
2371 4956 2437 5009 de
2459 4953 2613 5009 oculo
2638 4954 2868 5009 alterius
2893 4955 3158 5025 festucam
3204 4954 3331 5008 vitii
3368 4953 3631 5024 alicujus,
3663 4971 3795 5009 cum

2131 5028 2470 5084 academicus
2502 5026 2678 5079 videat
2694 5041 2780 5079 me
2798 5041 2896 5079 nec
2926 5026 3061 5080 velle
3084 5032 3299 5093 gestare
3323 5026 3497 5095 ipsam
3517 5026 3795 5094 festucam

2132 5102 2237 5157 irae
2264 5099 2417 5154 oculo
2448 5096 2644 5158 cordis,
2666 5096 2795 5151 dum
2811 5096 2996 5151 studeo
3009 5097 3267 5151 revellere
3286 5098 3501 5166 tignum
3530 5096 3797 5153 elationis

2131 5172 2197 5227 de
2226 5170 2378 5225 oculo
2411 5169 2640 5223 atterius
2660 5171 2684 5219 .9

2205 5243 2350 5312 (364)
2372 5239 2565 5310 Vulg.,
2597 5238 3030 5312 aestimamtium;
3065 5237 3361 5293 mendose.
3384 5236 3615 5312 _Sensus
3656 5254 3794 5292 cor-

2133 5308 2447 5367 rectionem
2467 5308 2879 5381 suppeditavit.
2896 5314 3181 5364 Construe
3197 5324 3328 5381 vero
3344 5327 3362 5361 :
3377 5309 3628 5363 Facessat
3657 5325 3791 5379 ergo

2132 5386 2309 5439 omnis
2330 5379 2599 5437 dolositas
2619 5380 2873 5450 perculsa
2906 5380 2984 5435 bis
3029 5380 3222 5435 saltem
3253 5379 3432 5433 divini
3476 5382 3591 5434 oris
3642 5381 3794 5435 toni-

2135 5457 2275 5511 truis
2294 5458 2501 5525 prwter
2527 5452 2644 5507 alia
2673 5452 3109 5525 innumerabilia
3138 5472 3157 5516 ;
3182 5451 3379 5525 omnis,
3414 5452 3664 5525 inquam,
3682 5450 3794 5525 ido-

2135 5522 2320 5581 lositas
2376 5523 2601 5594 indigne
2660 5523 3063 5592 pamitentium,
3117 5525 3227 5579 imo
3274 5523 3376 5575 hac
3431 5522 3795 5594 simulatione

2128 5593 2545 5670 provocantium
2570 5594 2740 5670 Deum
2759 5594 2828 5647 ad
2847 5594 3204 5670 iracundiam
3237 5593 3559 5670 :sestiment
3577 5593 3708 5670 jam
3728 5609 3795 5650 se

2132 5665 2287 5727 nullo
2314 5667 2468 5723 modo
2500 5665 2700 5722 mereri
2729 5667 2947 5721 veniam
2957 5668 3355 5737 peccaminum,
3373 5665 3645 5737 quandiu,
3670 5669 3786 5723 etc.

2208 5740 2357 5820 (364)
2388 5738 2453 5800 Id
2483 5741 2573 5798 est
2597 5736 2763 5817 spicis
2788 5734 3080 5815 frumenti,
3112 5735 3251 5816 quod
3270 5734 3642 5814 purgabatur.
