3936 6374
334 394 469 473 ἴεςςιι

1285 388 1663 452 RATHEBII
1704 389 1955 453 EPISC.
1999 382 2290 450 VERON.
2337 387 2511 452 OPP.
2557 391 2761 452 PARS
2804 388 2854 452 Ῑ.

3658 389 3805 453 .332

365 526 475 595 15).
512 524 653 581 Volo
683 541 819 597 ergo
847 528 924 593 te,
955 528 1021 581 ut
1048 524 1119 581 de
1151 524 1407 597 quodam
1440 524 1584 596 (374)
1616 522 1760 578 satis
1800 522 2014 595 Grego-
2044 524 2103 589 Α
2130 538 2282 590 raro,
2318 528 2421 580 aut
2449 523 2693 580 forsitan
2724 538 3050 595 nunquam,
3082 538 3188 578 nec
3217 538 3321 594 pro
3349 521 3647 579 desiderio
3681 540 3805 579 oce-

361 614 487 668 rius
519 614 601 669 ait
629 613 839 686 lepide,
874 613 1124 669 scienter
1155 612 1420 668 nescium
1450 616 1506 668 et
1534 612 1828 684 sapienter
1857 612 2020 668 indo-

361 703 743 759 ctum.Lzetus
774 702 875 758 es?
905 702 1137 759 Utinam
1169 702 1226 757 in
1258 701 1613 757 Deo.Tristis
1642 701 1747 757 es?
1783 699 2017 757 Utinam

361 807 522 847 esses
554 809 657 864 pro
687 791 940 847 incolatu
965 792 1286 848 tuo.Laatus
1317 790 1423 846 es?
1450 789 1601 845 Audi
1636 788 1697 845 in
1730 806 1845 861 quo
1875 806 2018 862 gau-

361 881 497 935 dere
524 881 735 937 debeas
770 897 783 936 :
820 880 1052 937 Gaudete
1081 882 1141 935 in
1169 881 1397 935 Domino
1443 895 1655 951 semper
1691 880 1904 950 (Ephes.
1938 895 2017 947 ιν,

361 969 437 1037 li).
468 969 679 1026 Tristis
730 970 831 1025 es?
873 968 1025 1024 Audi
1075 967 1328 1041 qualiter
1382 966 1530 1023 afﬁci
1588 966 1801 1023 debeas
1838 984 1850 1021 :
1886 966 2021 1035 Quae

361 1059 528 1125 enim,
579 1057 660 1113 ait
701 1058 1037 1130 Apostolus,
1084 1057 1385 1113 sec-undam
1424 1058 1591 1113 Deum
1641 1057 1870 1112 tristitia
1919 1063 2017 1122 est,

357 1148 736 1218 penitentiam
784 1149 844 1202 in
893 1148 1129 1203 salutem
1172 1146 1424 1202 stabilem
1471 1153 1727 1218 operatur
1774 1146 1848 1212 (II
1896 1144 2017 1204 Car.

362 1251 463 1304 vn,
498 1238 606 1307 10).
639 1236 792 1293 Dicit
840 1236 943 1292 tibi
991 1235 1257 1307 psalmus
1290 1253 1302 1291 :
1337 1236 1637 1292 Laztamini
1682 1237 1742 1291 in
1794 1236 2021 1291 Domino

363 1326 538 1393 (Psal.
585 1343 738 1381 xxxx.
803 1325 914 1396 11).
965 1324 1117 1380 Dicit
1171 1329 1228 1380 et
1281 1324 1393 1380 tibi
1449 1323 1808 1397 Apostolus:
1855 1323 2024 1380 Omne

362 1406 629 1485 gaudium
664 1416 978 1470 existimate
1005 1416 1208 1486 fratres
1260 1415 1391 1480 mei,
1421 1429 1548 1467 cum
1595 1414 1656 1467 in
1702 1414 2021 1469 tentationes

361 1504 547 1557 varias
580 1503 886 1558 incideritis
918 1503 1188 1573 (Jac.1,2).
1218 1501 1432 1557 Audiat
1461 1501 1610 1571 (375)
1644 1500 1826 1574 igitur
1854 1499 2022 1557 laztus

363 1607 435 1645 ne
467 1590 819 1648 insolescat:
860 1593 940 1647 Vw
980 1592 1147 1657 vobis,
1179 1592 1277 1661 qui
1318 1590 1534 1655 ridetis,
1567 1591 1699 1662 quia
1731 1590 2023 1661 plorabitis

361 1689 412 1735 et
441 1681 639 1750 ﬂebitis
664 1682 814 1749 (Luc.
849 1697 925 1747 vr,
957 1680 1069 1752 21).
1101 1678 1316 1734 Audiat
1348 1677 1534 1734 tristis
1564 1695 1636 1733 ne
1666 1682 2018 1734 amarcscat:

359 1771 519 1824 Beati
545 1771 643 1840 qui
670 1786 817 1825 nunc
839 1770 1001 1839 ﬂetis,
1041 1770 1173 1841 quia
1208 1767 1475 1823 ridebitis.
1518 1768 1708 1823 Laetus
1743 1784 1755 1822 :
1792 1767 2026 1823 Gaudete

360 1857 500 1928 quod
528 1859 753 1913 nomina
782 1865 960 1913 vestra
987 1858 1192 1928 scripta
1219 1864 1347 1912 sunt
1377 1858 1436 1911 in
1473 1857 1601 1912 catlo
1634 1856 1782 1928 (Luc.
1815 1873 1870 1921 x,
1902 1857 2017 1924 20).

359 1945 567 2001 Tristis
618 1963 631 2001 :
688 1948 890 2001 Iterum
938 1954 1123 2001 autem
1168 1945 1353 2000 videbo
1400 1961 1509 2012 vos,
1541 1948 1591 1999 et
1629 1944 1890 2014 gaulebit
1929 1960 2025 2001 cor

359 2041 621 2101 vestrum,
672 2043 723 2089 et
767 2033 1031 2105 gaudium
1075 2042 1312 2089 vestrum
1367 2050 1525 2088 nemo
1554 2034 1731 2090 “tollet
1784 2051 1819 2088 a
1874 2033 2024 2089 vobis

363 2123 553 2195 (Joan.
611 2140 728 2190 xvr,
775 2122 889 2194 22).
943 2122 1134 2177 Lmtus
1169 2140 1182 2177 :
1214 2121 1317 2194 Spe
1364 2122 1654 2193 gaudentes
1696 2124 1872 2185 (Rom.
1919 2139 2021 2189 xu,

360 2213 475 2283 12).
509 2211 720 2267 Tristis
771 2227 783 2265 :
838 2212 1007 2280 Quasi
1036 2212 1232 2278 tristes,
1264 2227 1476 2282 semper
1503 2214 1685 2267 autem
1730 2209 2023 2281 gaudentes

364 2300 440 2373 (ll
475 2302 601 2356 Cor.
660 2317 737 2370 γι,
789 2301 899 2368 40).
948 2298 1164 2355 Audiat
1211 2298 1412 2371 utique
1468 2298 1654 2354 tristis
1712 2316 1724 2355 :
1786 2298 2022 2356 Gaudete

352 2390 494 2462 justi
523 2391 581 2444 in
613 2391 845 2447 Domino
876 2388 1047 2460 (Psal.
1083 2406 1215 2457 Lxu,
1252 2388 1325 2457 4).
1360 2388 1550 2443 Lzetus
1584 2405 1596 2444 :
1628 2388 1837 2458 Plange
1865 2390 2023 2459 quasi

360 2480 513 2549 virgo
546 2478 696 2550 (Joel.
732 2496 767 2543 ι,
803 2477 878 2549 8).
907 2476 1121 2533 Tristis
1151 2493 1163 2531 :
1202 2476 1382 2532 Gaude
1412 2484 1462 2533 et
1491 2476 1702 2546 Letare,
1734 2478 1857 2548 ﬁlia
1888 2476 2023 2533 Sion

359 2568 543 2637 (Tren.
579 2584 655 2633 ιν,
685 2567 797 2628 21).
831 2566 1022 2621 Laetus
1076 2582 1087 2620 :
1144 2566 1419 2634 Quantum
1464 2566 1729 2621 exultavit
1764 2582 1839 2630 se,
1872 2569 1923 2621 et
1962 2566 2023 2621 in

358 2654 572 2711 deliciis
629 2658 681 2709 et
747 2655 944 2711 laetitia
987 2654 1116 2724 fuit,
1168 2662 1383 2709 tantum
1431 2653 1559 2709 date
1606 2655 1658 2708 ei
1707 2653 1916 2709 luctum
1970 2658 2021 2710 et

353 2744 642 2819 planctum
680 2744 854 2813 ,Apoc.
888 2759 1046 2809 xvm,
1095 2744 1171 2802 7).
1224 2742 1441 2798 Audiat
1478 2741 1665 2798 tristis
1707 2760 1720 2797 :
1757 2744 2022 2798 Tristatur

358 2833 561 2903 aliquis
590 2835 866 2886 vestrum?
897 2831 1021 2888 Oret
1047 2847 1198 2902 aequo
1227 2833 1415 2887 animo
1463 2839 1513 2886 et
1557 2832 1760 2902 psallat
1788 2831 1927 2903 (Jac.
1962 2848 2018 2902 ν,

360 2921 470 2989 13).
521 2918 736 2975 Audiat
785 2919 952 2975 laetus
1005 2936 1017 2974 :
1066 2920 1313 2975 Hilarem
1358 2919 1601 2975 datorem
1648 2919 1830 2991 diligit
1882 2922 2019 2976 Deus

360 3009 435 3086 (11
467 3008 586 3065 Cor.
617 3025 693 3074 1x,
724 3006 797 3066 7).
828 3008 957 3063 Haec
990 3008 1186 3079 itaque
1229 3007 1345 3063 duo
1391 3008 1474 3064 ita
1522 3008 1807 3081 compegi,
1851 3013 1915 3063 ut
1962 3014 2020 3065 et

358 3098 546 3154 tristis
580 3114 885 3153 mmrorem
920 3096 1376 3169 mquanimitate,
1402 3096 1745 3162 oratione,et
1774 3097 2018 3167 crebris,

360 3187 411 3244 si
426 3187 497 3243 ad
511 3187 621 3242 hoc
648 3187 889 3242 idoneus
909 3189 1016 3253 est,
1027 3184 1371 3257 psalmodiis
1385 3184 1653 3259 mitigare
1683 3185 2017 3253 contendat,

2125 609 2385 680 lestium,
2422 628 2527 668 nec
2557 630 2660 685 pro
2684 613 2918 683 jactura
2945 610 3334 680 terrestrium,
3366 627 3472 667 nec
3509 628 3618 685 pro
3667 612 3807 684 ipsa

2126 699 2503 756 mortalitatis
2523 700 3169 773 contemptatione,qute
3192 703 3429 772 propter
3444 699 3647 773 ipsum
3672 701 3803 757 ine-

2123 788 2423 844 vitabilem
2453 805 2729 845 occasum
2782 793 2869 845 tot
2914 788 3173 862 quotidie
3224 788 3492 859 subjacet
3527 789 3803 858 casibus,

2127 882 2271 949 quot
2299 877 2476 933 servit
2492 878 2941 935 necessitatibus
2964 878 3167 934 ﬂetum
3185 876 3440 949 aliquem
3460 878 3637 935 corde
3660 895 3804 952 pro-

2128 966 2296 1034 ferre,
2330 971 2434 1023 aut
2461 966 2644 1023 oculis
2673 967 2828 1024 valet
2858 966 3256 1034 elicere.Quod
3288 966 3448 1024 enim
3478 967 3803 1041 aliquoties

2118 1055 2331 1119 utilior
2359 1072 2538 1128 quam
2569 1055 2767 1112 laetitia
2797 1056 2874 1113 sit
2903 1056 3164 1123 tristitia,
3194 1058 3445 1112 testatur
3472 1056 3575 1130 qui
3605 1056 3801 1115 dicit:

2132 1144 2234 1200 Cor
2260 1146 2555 1201 stultorum
2579 1147 2677 1201 ubi
2719 1146 2932 1213 laetitia,
2982 1150 3035 1201 et
3073 1147 3410 1217 sapientium
3437 1147 3536 1202 ubi
3558 1147 3802 1204 tristitia

2129 1234 2327 1303 (Eccle.
2361 1250 2461 1300 vn,
2490 1235 2568 1301 5).
2601 1233 2706 1290 Cui
2739 1232 2857 1301 ille,
2890 1234 2992 1306 qui
3022 1232 3315 1307 superius,
3348 1233 3493 1290 satis
3531 1234 3804 1292 concinit

2124 1322 2286 1378 laute
2320 1340 2334 1378 :
2369 1323 2586 1388 Utilior,
2619 1322 2915 1395 inquiens,
2946 1338 3086 1395 stepe
3131 1323 3359 1379 tristitia
3404 1326 3503 1388 est,
3533 1338 3668 1396 quae
3707 1341 3799 1381 eo-

2128 1412 2318 1467 milem
2364 1412 2500 1467 solet
2546 1411 2744 1467 habere
2770 1413 3098 1483 gravitatem
3164 1410 3331 1468 Alius
3376 1410 3518 1467 item
3581 1430 3595 1468 :
3652 1414 3798 1485 Ipso,

2130 1499 2343 1571 inquit,
2374 1508 2558 1558 nostro
2586 1501 2727 1556 Deus
2754 1500 2955 1570 gaudet
2986 1501 3251 1568 lamenta;
3304 1500 3459 1556 unde
3506 1500 3737 1558 dicitur
3782 1518 3798 1558 :

2131 1589 2268 1644 Ante
2294 1590 2519 1644 ruinam
2550 1589 2858 1645 exaltatum
2886 1606 2981 1646 cor
3008 1590 3189 1661 (Prov.
3249 1606 3363 1657 xvr,
3398 1590 3526 1658 18);
3558 1594 3618 1645 et
3648 1589 3801 1646 illud

2133 1677 2290 1748 quod
2340 1677 2573 1733 tametsi
2607 1678 2754 1748 (376)
2785 1678 2858 1733 de
2904 1676 3103 1733 futura
3151 1677 3474 1749 perditione
3516 1677 3800 1747 maxime,

2132 1756 2329 1821 tamen
2356 1770 2413 1821 et
2441 1766 2511 1820 de
2538 1766 2807 1838 praesenti
2840 1771 3032 1839 potest
3055 1765 3302 1839 intelligi
3326 1769 3676 1823 eventurum
3700 1784 3802 1824 va-

2135 1854 2337 1911 rietate
2380 1872 2393 1911 :
2444 1856 2601 1911 Risus
2647 1854 2833 1912 dolore
2878 1855 3216 1921 miscebitur,
3247 1859 3301 1911 et
3326 1862 3573 1911 extrema
3600 1856 3807 1926 gaudii

2135 1944 2312 2001 luctus
2340 1948 2564 2016 occupat
2592 1945 2776 2013 (Prov.
2809 1961 2923 2011 xxv,
2961 1945 3069 2013 13).
3113 1944 3414 2011 Quomodo
3457 1960 3597 2017 ergo
3646 1944 3804 2002 inter

2133 2032 2254 2088 haec
2286 2036 2535 2104 utraque
2569 2037 2787 2088 statum
2837 2032 3052 2089 mentis
3101 2032 3311 2089 debeat
3357 2033 3677 2103 moderari,
3713 2052 3803 2090 sa-

2133 2120 2361 2192 pienter
2389 2124 2444 2176 te
2474 2121 2643 2176 docet
2673 2120 2772 2192 qui
2805 2120 2980 2176 dicit:
3007 2122 3070 2177 In
3099 2119 3188 2176 die
3206 2120 3481 2176 malorum
3499 2136 3572 2177 ne
3600 2123 3798 2179 imme-

2134 2225 2252 2265 mor
2279 2210 2357 2264 sis
2387 2209 2668 2277 bonorum,
2701 2213 2753 2264 et
2784 2211 2840 2264 in
2869 2208 2957 2265 die
2988 2210 3252 2265 bonorum
3288 2225 3357 2266 ne
3402 2210 3695 2267 immemor
3722 2213 3801 2268 si:

2130 2297 2405 2353 malorum
2436 2298 2625 2367 (Eccli.
2657 2314 2735 2365 x1,
2767 2297 2883 2368 27).
2916 2297 3036 2353 Hoc
3066 2298 3225 2354 enim
3258 2298 3408 2354 facto
3439 2314 3547 2354 nec
3594 2298 3803 2356 laetitia

2133 2385 2508 2453 dissolutum,
2536 2402 2642 2442 nec
2673 2386 2913 2442 tristitia
2959 2386 3133 2443 faciet
3178 2388 3554 2460 desperatum
3591 2405 3606 2446 :
3641 2389 3801 2461 quod

2133 2474 2553 2531 facundissime
2584 2473 2681 2530 ille
2710 2475 3189 2548 incomparabilis
3216 2474 3455 2548 eloquii,
3475 2493 3662 2551 supra
3697 2478 3801 2550 qui

2132 2562 2326 2634 paulo,
2359 2580 2456 2620 ore
2486 2562 2776 2634 depromit
2805 2564 2953 2635 (377)
2986 2581 3160 2621 aureo
3195 2581 3208 2621 :
3240 2566 3302 2621 Si
3330 2581 3459 2637 qua,
3492 2564 3798 2637 inquiens,

2129 2655 2210 2707 est
2236 2653 2523 2724 praesentis
2551 2654 2807 2723 temporis
2839 2652 3057 2719 laetitia,
3088 2654 3168 2708 ita
3193 2660 3271 2708 est
3296 2652 3531 2722 agenda,
3554 2662 3617 2710 ut
3646 2672 3801 2711 nun-

2131 2758 2295 2814 quam
2348 2740 2661 2796 amaritudo
2689 2741 2959 2813 sequentis
2986 2741 3249 2813 supplicii
3276 2742 3491 2799 recedat
3516 2760 3551 2797 a
3579 2759 3799 2800 memo-

2128 2830 2235 2884 ria.
2270 2829 2373 2885 Ilis
2401 2827 2482 2884 ita
2510 2828 2807 2895 confectis,
2841 2830 3210 2900 pensandum
3241 2834 3331 2885 est
3370 2831 3606 2903 cuique,
3640 2832 3800 2889 unde

2128 2918 2188 2974 in
2218 2918 2486 2990 praesenti
2517 2918 2770 2990 gaudere
2797 2918 3104 2988 debeat,ne
3134 2918 3194 2974 in
3227 2919 3424 2976 futuro
3456 2918 3673 2989 doleat;
3704 2920 3794 2978 vel

2127 3008 2285 3063 unde
2310 3006 2555 3077 tristari,
2588 3023 2658 3062 ne
2691 3011 2890 3062 notam
2924 3006 3188 3064 rancoris
3219 3006 3483 3064 incurrat
3512 3026 3527 3064 :
3560 3026 3702 3065 nam
3735 3013 3794 3067 et

2125 3094 2321 3152 rident
2340 3094 2609 3151 homines
2631 3095 2689 3150 in
2714 3094 2986 3167 praesenti
3007 3100 3063 3151 et
3081 3095 3313 3168 plorant
3328 3099 3407 3164 ;et
3426 3098 3587 3169 quod
3600 3098 3796 3155 rident

2129 3200 2282 3255 saepe
2312 3182 2662 3256 plorandum
2695 3188 2803 3251 est,
2837 3188 2894 3239 et
2940 3184 3095 3257 quod
3144 3183 3344 3241 dolent
3385 3185 3791 3258 gaudendum.

360 3292 435 3333 ne
466 3276 524 3331 in
560 3292 858 3331 rancorem
890 3256 1193 3342 incidat;et
1216 3273 1382 3329 laetus
1408 3256 1759 3329 hilaritatem
1783 3274 1875 3330 sui
1903 3292 2016 3330 non
2050 3256 2093 3325 C
2134 3272 2301 3329 Ridet
2321 3272 2478 3329 enim
2510 3273 2641 3345 quis
2672 3274 2827 3345 quod
2861 3256 3210 3345 plorandum
3242 3278 3351 3341 est,
3384 3256 3534 3330 sicut
3562 3276 3637 3332 de
3659 3275 3795 3349 qui-

361 3365 476 3422 alio
509 3364 584 3432 [id
612 3372 690 3419 est
718 3362 906 3437 aliter]
957 3380 1135 3435 quam
1186 3379 1319 3417 cum
1376 3361 1474 3418 Dei
1523 3362 1711 3435 gratia
1739 3362 1797 3417 in
1830 3363 2025 3436 operi-
2131 3362 2384 3417 busdam
2424 3361 2639 3417 dicitur
2688 3377 2702 3419 :
2745 3364 3033 3420 Laetantur
3075 3378 3201 3418 cum
3244 3363 3390 3420 male
3440 3365 3697 3434 fecerint,
3746 3373 3799 3423 et

358 3453 471 3509 bus
502 3453 670 3509 bonis
698 3453 812 3508 Deo
844 3452 1151 3508 ostendere
1182 3452 1336 3507 182
1370 3451 1670 3506 humiliter
1694 3455 2022 3523 satagat,ne

359 3543 643 3598 offensam
684 3558 789 3614 pro
837 3540 1039 3596 laetitia
1088 3540 1369 3606 incurrat,
1401 3543 1457 3594 et
1486 3540 1699 3612 [supple
1729 3542 1814 3612 ut]
1848 3541 2021 3595 meri-

2129 3451 2409 3508 emsultant
2435 3452 2493 3506 in
2524 3450 2681 3506 rebus
2706 3452 2957 3522 pessimis
2987 3452 3170 3523 (Prov.
3204 3469 3266 3518 ιι,
3300 3451 3568 3523 Ι4).Ιῐεω
3602 3451 3797 3525 plorat

2131 3539 2367 3612 aliquis,
2400 3556 2536 3595 cum
2568 3539 2619 3595 ei
2650 3539 2871 3612 aliquid
2905 3539 3133 3597 adversi
3162 3540 3502 3613 contigerit;
3529 3558 3669 3599 cum
3699 3560 3797 3616 po-

356 3635 485 3687 tum
534 3648 637 3703 pro
688 3630 966 3685 beneficio
1016 3633 1319 3701 praeparet.
1375 3628 1606 3683 Dictum
1655 3632 1744 3685 est
1798 3630 1954 3685 enim
1988 3647 2024 3687 a
2128 3627 2248 3684 tius
2279 3629 2656 3703 gaudendum
2687 3633 2841 3684 esset
2870 3627 3167 3701 illi,quia:
3204 3630 3371 3698 Quem
3400 3629 3586 3702 diligit
3605 3632 3792 3688 Domi-

358 3720 635 3791 quodam,
664 3722 731 3772 ut
760 3719 957 3787 credo,
986 3718 1359 3773 veracissime
1389 3717 1561 3788 (hanc
1601 3717 1757 3773 enim
1810 3736 2018 3790 praero-

355 3807 609 3880 gativam
624 3804 736 3859 sibi
749 3804 979 3861 dicendi
1002 3806 1363 3877 comparavit
1378 3806 1721 3876 puritate,ut
1742 3807 1811 3862 de
1833 3806 2021 3879 ipsius

351 3892 688 3951 testimonio
735 3892 936 3947 nullus
985 3892 1194 3948 debeat
1252 3893 1544 3965 dubitare)
1595 3910 1608 3948 :
1664 3896 1771 3961 Qui
1816 3912 2022 3965 panem

353 3983 539 4053 agenti
586 3981 781 4036 tribuit
823 3982 1019 4047 tristis,
1071 3989 1121 4036 et
1160 3997 1363 4051 panem
1412 3986 1465 4036 et
1506 3984 1771 4037 meritum
1816 3983 2016 4054 perdit.

355 4070 503 4126 Hinc
534 4073 590 4124 et
620 4067 716 4124 ille
745 4068 844 4140 qui
878 4068 1169 4141 superius,
1203 4068 1262 4123 id
1293 4073 1381 4124 est
1411 4070 1798 4141 Augustinus,
1818 4072 2020 4143 saepis—

349 4158 496 4215 sime
529 4174 542 4214 :
577 4158 637 4213 Si
661 4175 785 4213 eum
829 4158 1131 4224 hilaritate,
1164 4157 1377 4229 inquit,
1412 4160 1610 4214 bonam
1648 4161 1809 4231 facis,
1842 4164 2015 4215 tecum

353 4249 530 4320 facis,-
561 4249 613 4302 si
640 4252 822 4303 autem
851 4265 976 4303 cum
1006 4248 1256 4313 tristitia,
1291 4247 1353 4316 ﬁt
1397 4246 1462 4304 de
1511 4257 1580 4316 te,
1612 4264 1721 4303 non
1764 4252 1825 4304 tu
1851 4251 2013 4320 facis.

348 4336 493 4392 Cum
522 4337 716 4408 itaque
751 4336 1149 4409 importunius
1182 4335 1503 4406 temporale
1531 4336 1814 4409 gaudium
1856 4337 2015 4393 cordi

349 4426 632 4497 subrepit,
668 4425 1020 4496 respondeat
1051 4424 1211 4478 intus
1242 4423 1579 4481 moderatus
1627 4425 1789 4499 vigor
1832 4426 2014 4483 animi

349 4513 555 4568 dolens
604 4513 675 4567 de
725 4512 980 4568 caecitate
1030 4512 1333 4584 praesentis
1378 4512 1572 4567 saeculi
1608 4528 1621 4567 :
1659 4515 1831 4583 Quale
1876 4515 2016 4570 miki

2128 3734 2234 3773 mus
2262 3718 2759 3789 corn'pit,ﬂngellat
2790 3724 2971 3772 autem
2999 3732 3213 3773 omnem
3244 3718 3427 3788 ﬁlium
3456 3734 3620 3789 quem
3651 3719 3792 3775 reci-

2124 3809 2211 3877 pit
2242 3806 2424 3875 (Hebr.
2446 3807 2664 3873 x11,16).
2688 3804 2851 3861 Unde
2881 3804 3062 3877 igitur
3090 3810 3318 3879 Oportet
3346 3806 3500 3862 188
3532 3808 3793 3880 gaudere

2130 3894 2244 3950 nisi
2274 3896 2345 3950 de
2377 3895 2638 3967 profectu
2670 3893 2944 3966 piorum?
2975 3893 3138 3950 Unde
3167 3893 3388 3951 tristari
3439 3894 3552 3950 nisi
3583 3895 3657 3952 de
3685 3897 3791 3953 de-

2128 3982 2281 4039 fectu
2331 3984 2572 4039 eorum?
2604 3984 2765 4038 Unde
2795 3982 3049 4056 gaudere
3096 3981 3211 4041 nisi
3241 3983 3310 4039 de
3358 3981 3638 4043 felicitate
3665 4002 3795 4058 pro-

2129 4072 2515 4129 missa?Unde
2544 4071 2763 4128 tristari
2797 4071 2911 4127 nisi
2934 4072 3003 4127 de
3025 4072 3493 4145 peregrinatione
3522 4072 3633 4130 hac
3664 4075 3789 4132 diu-

2126 4160 2339 4216 turns?
2371 4162 2516 4216 Leve
2544 4160 2701 4216 enim
2732 4166 2820 4216 est
2849 4160 3205 4217 desiderium
3239 4161 3463 4234 patrias,
3490 4161 3541 4218 si
3573 4162 3792 4220 desunt

2126 4250 2360 4322 penitus
2390 4248 2657 4321 lacrymaa
2691 4248 2748 4305 in
2780 4249 3344 4322 peregrinatione;et
3372 4249 3585 4324 frigida
3610 4251 3790 4310 nimis

2124 4343 2314 4410 torpet
2359 4337 2615 4394 charitas
2664 4337 2722 4393 in
2773 4338 2966 4405 corde,
2998 4339 3051 4393 si
3102 4339 3175 4394 de
3221 4338 3482 4410 profectu
3532 4339 3790 4398 fraterno

2122 4428 2401 4501 gaudere,
2433 4430 2491 4482 et
2517 4443 2619 4499 pro
2652 4426 2881 4483 defectu
2927 4427 3115 4483 nescit
3158 4427 3516 4484 omnimodis
3546 4427 3786 4498 dolore;

2123 4517 2277 4572 unde
2307 4521 2363 4572 et
2391 4516 2763 4588 Augustinus
2795 4532 2808 4571 :
2845 4516 2989 4581 Odit,
3024 4516 3126 4584 ait,
3153 4517 3415 4589 patriam,
3447 4524 3499 4574 et
3528 4517 3688 4576 valde
3706 4521 3787 4577 vi-

349 4600 874 4691 gaudz'um_erit,qui
905 4602 963 4654 in
983 4600 1432 4691 tenebrisﬂsedeo,
1464 4610 1516 4658 et
1546 4602 1731 4658 lumen
1761 4606 2008 4660 calinon
2043 4626 2090 4691 ι)
2124 4610 2359 4678 luperat,
2382 4607 2479 4678 qui
2503 4608 2663 4676 putat
2688 4605 2801 4661 sibi
2832 4605 2965 4661 bene
2991 4621 3121 4673 esse,
3154 4621 3280 4661 cum
3304 4608 3715 4678 peregrinatur.

345 4687 545 4744 video?
577 4688 721 4759 (Tob.
753 4705 808 4755 v,
839 4688 949 4760 l2).
981 4688 1209 4744 Rursus
1236 4684 1383 4745 dum
1417 4707 1541 4746 sese
1574 4692 1814 4748 tristitia
1860 4694 2012 4750 into-

348 4775 673 4832 lerabiliter
703 4776 1132 4847 ingerit,erecta
1162 4776 1221 4832 in
1254 4794 1447 4833 arcem
1493 4780 1707 4835 mentis
1738 4786 2012 4837 constan-

346 4864 430 4920 tia
460 4866 614 4921 dicat
647 4882 661 4920 :
694 4867 827 4934 Quis
854 4881 948 4921 nos
978 4869 1254 4937 separabit
1284 4884 1318 4922 a
1346 4866 1614 4924 charitate
1645 4869 1883 4927 Christi?
1912 4874 2011 4926 tri-

351 4955 601 5009 bulatio?
629 4971 700 5009 an
725 4956 1019 5024 angustia?
1049 4956 1220 5026 (Rom.
1252 4972 1374 5022 vm,
1400 4955 1514 5027 35.)

426 5043 663 5096 18.Cum
688 5041 867 5113 igitur
889 5042 1151 5099 naturale
1172 5044 1608 5116 quodammodo
1641 5045 1715 5099 sit
1738 5047 2012 5103 omnibus

355 5129 545 5200 magis
576 5129 711 5185 flere
743 5147 919 5201 quam
953 5132 1159 5198 ridere,
1196 5132 1486 5203 siquidem
1538 5150 1572 5187 a
1620 5134 1756 5189 ﬂetu
1809 5152 2012 5192 omnes

349 5217 621 5272 videmus
652 5220 942 5273 nascendo
974 5219 1259 5291 incipere;
1293 5219 1659 5276 convincitur
1692 5221 1877 5295 legem
1909 5242 2011 5279 na-

351 5311 496 5361 tura:
528 5307 821 5375 excedere,
852 5308 952 5379 qui
984 5307 1327 5364 dissolutior
1357 5307 1415 5363 in
1447 5308 1689 5367 ridendo
1733 5313 2009 5383 existens,

425 5447 663 5522 (374)_l_d
696 5450 970 5522 estdes.
1006 5445 1414 5517 Benedicto,de
1439 5466 1561 5522 quo
1607 5446 1837 5509 sane-S.
1872 5454 2010 5512 Gre-

352 5518 554 5595 gorius
584 5518 685 5572 lib.
720 5536 758 5595 ιε
791 5521 1011 5594 Dialog.
1048 5522 1211 5577 initio
1244 5518 1481 5595 scripsit
1512 5540 1524 5579 :
1558 5524 1793 5582 Recessit
1836 5527 2013 5595 igitur

351 5591 587 5665 scienter
602 5593 841 5665 nescius,
864 5602 914 5649 et
941 5591 1213 5665 sapienter
1244 5591 1510 5649 indoctus.

426 5660 573 5742 (375)
602 5660 800 5736 Vulg.,
831 5665 963 5721 audi
992 5660 1089 5735 ait,
1132 5669 1187 5723 et
1233 5681 1302 5723 ne
1344 5665 1656 5728 insoleseas.
1691 5669 2007 5729 Correctio-

2196 4695 2389 4750 19.Est
2416 4693 2592 4749 etiam
2625 4692 2739 4748 alia
2773 4710 2888 4749 non
2916 4693 3134 4750 usitata
3167 4694 3405 4767 quidem
3436 4692 3663 4760 multis,
3684 4698 3787 4755 sed

2120 4786 2317 4837 tamen
2346 4781 2669 4837 Dominicis
2702 4782 2982 4837 mandata
3004 4782 3308 4854 praeceptis
3330 4799 3509 4838 causa
3528 4783 3785 4841 exsulta-

2122 4870 2697 4927 tionis.Enumeratis
2712 4869 3067 4942 quibusdam
3085 4870 3301 4944 quippe
3317 4871 3633 4927 adventum
3655 4874 3786 4944 ejus

2123 4959 2584 5032 przecedentibus
2618 4959 2916 5031 signis,ait
2945 4960 3253 5032 discipulis
3279 4976 3292 5016 :
3321 4961 3426 5018 His
3453 4962 3787 5030 autemﬁeri

2122 5050 2531 5120 incipientibus,
2565 5050 2830 5119 respicite,
2884 5056 2935 5103 et
2982 5049 3153 5105 levate
3199 5050 3383 5121 capita
3426 5053 3609 5105 vestra
3649 5066 3781 5121 quo-

2118 5140 2275 5193 niam
2304 5140 2705 5209 appropinquat
2751 5137 3049 5210 redemptio
3097 5142 3277 5194 vestra
3321 5139 3471 5211 (Luc.
3515 5155 3636 5207 xxx,
3670 5140 3779 5208 18);

2121 5226 2291 5298 quasi
2321 5226 2563 5282 dixisset
2595 5243 2608 5281 :
2642 5226 2794 5281 Dum
2825 5226 3077 5283 transire
3125 5243 3195 5283 ea
3240 5243 3369 5299 qua:
3417 5243 3534 5283 non
3568 5228 3784 5284 amatis

2121 5315 2378 5381 cernitis,
2386 5331 2564 5388 prope
2585 5313 2728 5370 illud
2761 5314 2963 5371 scitote
2980 5332 3107 5372 esse
3130 5316 3286 5387 quod
3312 5314 3610 5372 inhianter
3628 5332 3783 5388 qum-

2121 5473 2253 5513 nem
2287 5474 2356 5512 ex
2372 5460 2656 5531 contextu
2682 5472 2749 5511 ac
2779 5474 2956 5531 sensu
2982 5474 3162 5531 nemo
3189 5458 3567 5531 improbabit.

2192 5531 2337 5601 (376)
2371 5527 2569 5601 Yulg.,
2601 5536 2778 5583 tamen
2809 5530 2878 5599 si,
2911 5530 3113 5586 minus
3144 5527 3311 5587 bene.

2190 5600 2340 5677 (377)
2378 5600 2586 5677 idest
2637 5600 2734 5677 qui
2772 5601 3172 5677 paulousupra
3201 5602 3568 5674 deprompsit;
3610 5601 3780 5677 cujus

2118 5670 2343 5734 scilicet
2372 5670 2785 5731 testimonium
2812 5671 3011 5734 attulit
3036 5670 3212 5747 paulo
3236 5670 3392 5732 ante.
