3936 6380
172 416 280 478 833

1098 417 1754 491 PRELOQUIORUM
1797 414 2007 478 LIBRI
2051 419 2496 482 SEX.—LIB.
2542 423 2646 486 VI.

3469 429 3588 490 334

173 549 342 606 sistis.
367 549 552 609 Valde
593 555 790 607 autem
835 553 1220 609 metuendum
1259 553 1367 608 hoc
1397 552 1660 624 exemplo
1693 552 1816 606 cui-
1849 552 1898 618 Α
1932 568 2036 623 spe
2065 552 2246 607 futuri
2280 554 2447 623 boni;
2481 560 2538 612 et
2569 557 2615 612 si
2649 559 2872 629 gaudes
2894 559 2964 614 ad
2989 559 3305 631 temporale
3335 576 3589 617 commo-

172 652 337 711 quam
369 637 703 695 Christiano
727 641 798 696 de
830 641 1209 713 percussione
1239 641 1447 696 mundi
1479 640 1696 704 dolere,
1722 655 1814 706 ne,

167 729 299 783 dum
318 728 611 784 mundum
634 729 1044 802 compatiendo
1062 728 1115 786 ei
1137 729 1596 802 deprehenditur
1616 729 1818 801 dilige-

166 834 239 885 re,
255 816 592 874 inimicitias
610 816 712 874 Dei
732 817 1001 875 videatur
1019 818 1336 887 incurrere,
1353 823 1392 872 A
1405 817 1630 891 postolo
1646 818 1814 874 terri-

166 906 350 962 biliter
377 906 687 963 intonante
715 923 728 963 :
752 909 1072 981 Quicunque
1094 907 1330 964 voluerit
1349 909 1561 964 amicus
1583 923 1693 963 esse
1721 924 1818 962 διε-

164 998 269 1054 culi
288 998 476 1070 hujus,
494 999 756 1053 inimicus
774 999 874 1054 Dei
890 1001 1248 1056 constituitur
1265 998 1400 1071 (Jac.
1419 1014 1495 1064 ιν,
1514 996 1590 1068 4).
1616 997 1816 1068 Neque

163 1087 308 1143 enim
339 1085 667 1160 lugendum
690 1091 780 1144 est
805 1087 864 1142 in
892 1088 1164 1160 precibus
1187 1103 1290 1160 pro
1315 1104 1377 1143 re
1402 1091 1652 1154 terrena,
1678 1087 1818 1158 quia

159 1175 419 1232 videlicet
443 1177 615 1248 juxta
635 1175 857 1233 dictum
882 1176 1144 1250 Gregorii
1170 1177 1424 1232 fructum
1452 1175 1682 1231 nullum
1707 1175 1813 1231 ha-

158 1267 288 1322 bent
318 1265 603 1333 lamenta,
627 1282 755 1338 qua:
801 1282 937 1322 cum
988 1266 1262 1340 lacrymis
1293 1265 1532 1321 student
1558 1280 1815 1338 quaerere

160 1355 434 1428 peritura,
458 1355 614 1428 quod
645 1359 702 1414 et
727 1355 879 1413 Esau
903 1355 1186 1429 approbat
1207 1353 1602 1412 consternatio
1622 1371 1812 1410 cassa.

159 1444 526 1517 Quanquam,
551 1442 684 1500 licet
713 1445 1029 1514 moderate,
1053 1445 1229 1501 etiam
1252 1445 1324 1500 de
1347 1445 1523 1501 rebus
1553 1443 1816 1499 minimis

153 1530 300 1587 Deus
343 1535 611 1604 oporteat
659 1533 906 1603 precari,
938 1532 1048 1600 vel,
1098 1533 1254 1588 sicut
1304 1532 1364 1586 in
1415 1533 1618 1588 Timeo
1678 1530 1819 1587 dicit

150 1618 323 1689 Plato,
361 1619 466 1676 Dei
499 1620 840 1693 praesidium
878 1619 1203 1692 implorari.
1236 1620 1385 1686 Quid
1419 1624 1616 1675 autem
1648 1619 1706 1674 in
1738 1624 1820 1675 ta-

147 1707 296 1764 libus
319 1710 405 1766 sit
426 1710 744 1782 agendum,
763 1713 1059 1765 monstrat
1081 1708 1351 1764 Habacuc
1377 1707 1678 1780 prophetae
1699 1723 1821 1763 ora-

71 1841 74 1844 .
145 1798 489 1872 culum,qui
523 1799 662 1854 dum
689 1800 980 1871 quasdam
1013 1797 1209 1853 saeculi
1233 1797 1670 1852 dinumerasset
1697 1797 1820 1853 cla-

142 1887 256 1956 des,
283 1886 655 1944 concludens
681 1887 751 1944 ad
752 1887 952 1959 junxit
975 1904 988 1941 :
1013 1889 1123 1958 Ego
1145 1895 1330 1942 autem
1356 1888 1416 1940 in
1437 1887 1668 1942 Domino
1687 1902 1822 1956 gau-

139 1977 262 2035 debo
291 1976 595 2050 (Ilabacuc.
625 1993 711 2043 ιιι,
737 1977 847 2042 18).
872 1975 940 2030 Et
969 1975 1284 2031 Psalmista
1317 1993 1330 2030 :
1363 1975 1691 2044 Laetabitur,
1718 1975 1814 2030 in-

141 2067 284 2140 quit,
298 2069 518 2140 justas,
541 2083 668 2121 cum
692 2064 894 2120 viderit
913 2064 1213 2120 vindictam
1234 2065 1408 2136 (Psal.
1435 2081 1568 2134 ινιτ,
1594 2065 1701 2134 ii);
1728 2062 1815 2119 vi-

143 2155 349 2214 delicet
380 2154 579 2211 sciens
610 2153 820 2211 adesse
861 2153 918 2208 in
961 2153 1227 2225 proximo
1278 2152 1811 2208 remunerationem

142 2245 597 2312 bonorum,cum
620 2243 1085 2298 crebrescentem
1113 2241 1424 2296 vindictam
1452 2241 1661 2296 viderit
1683 2257 1812 2297 ma-

144 2332 350 2390 lorum.
387 2334 654 2404 itemque
690 2333 932 2387 :Itenuit
967 2331 1242 2386 cmolari
1269 2332 1462 2385 anima
1487 2347 1611 2385 mea
1635 2331 1803 2398 (Psal.

146 2439 248 2493 va,
281 2424 360 2495 3).
397 2421 518 2478 Hoc
549 2422 751 2493 itaque
779 2424 867 2476 est
895 2419 1181 2491 gaudium
1233 2419 1403 2475 bonis
1454 2418 1808 2492 specialissi-

147 2527 325 2580 mum,
358 2511 503 2568 huic
550 2509 753 2565 nullus
785 2508 1183 2564 communicat
1231 2507 1570 2581 impiorum.
1607 2513 1670 2564 In
1701 2508 1810 2565 hoc

146 2601 295 2656 enim
320 2599 540 2657 saeculo
562 2598 732 2672 impii
755 2615 918 2670 aeque
940 2601 1004 2652 ut
1017 2597 1166 2669 justi
1193 2602 1249 2653 et
1265 2598 1520 2669 gaudere
1539 2597 1813 2654 videntur

147 2694 199 2745 et
219 2689 394 2745 afﬁci.
415 2689 688 2744 Gaudent
709 2686 866 2742 enim
890 2703 1025 2742 cum
1050 2685 1384 2758 acquirunt,
1411 2690 1656 2758 gemunt
1676 2702 1810 2741 cum

145 2779 408 2851 perdunt.
445 2776 740 2834 Similiter
769 2775 980 2842 sancti,
1005 2780 1062 2830 et
1093 2792 1209 2830 non
1250 2775 1542 2842 similiter,
1576 2775 1714 2846 quia
1743 2791 1814 2831 ex

148 2867 311 2922 rebus
356 2867 540 2922 etiam
591 2863 1037 2920 differentibus:
1072 2880 1211 2918 nam
1273 2861 1356 2917 illi
1415 2879 1520 2934 pro
1577 2863 1813 2919 damnis

146 2957 405 3024 terrenis,
441 2956 542 3012 isti
576 2971 680 3027 pro
733 2952 1072 3009 ccelestibus
1122 2952 1459 3020 desideriis;
1509 2956 1566 3008 et
1611 2956 1810 3008 tamen

146 3047 392 3120 gaudent
417 3044 607 3100 sancti
634 3059 769 3099 cum
793 3042 1109 3114 acquirunt
1136 3041 1339 3113 utique
1363 3042 1619 3097 fructum
1654 3040 1812 3097 labo-

148 3153 297 3204 rum;
333 3137 588 3190 maarent
618 3136 812 3189 autem
839 3149 974 3188 cum
1017 3131 1292 3203 perdunt,
1319 3131 1375 3186 id
1408 3134 1500 3186 est
1530 3147 1662 3186 cum
1701 3129 1810 3186 ali-

148 3240 285 3295 quos
316 3226 385 3280 de
419 3223 720 3280 consortio
741 3221 832 3278 sui
857 3220 1119 3277 excidere
1140 3220 1530 3292 conspiciunt.
1558 3219 1810 3275 lrrident

1927 643 2093 708 dum,
2117 642 2258 698 time
2290 649 2571 700 internum
2597 646 2914 717 judicium.
2937 648 3383 706 Consiliatorem
3405 649 3585 718 enim,

1927 734 1992 786 ut
2025 732 2107 788 ait
2136 733 2472 805 Gregorius,
2506 735 2794 792 animum'
2817 737 3126 807 inhabitat,
3152 738 3252 812 qui
3281 738 3488 795 dolens
3518 739 3590 796 de

1925 820 2316 894 praesentibus
2349 823 2421 878 ad
2454 827 2672 880 aeterna
2700 824 2955 882 festinat.

1995 910 2086 964 20.
2110 909 2326 966 Verum
2371 911 2510 984 quia
2560 914 2632 969 ad
2682 914 2902 970 calcem
2957 921 3221 984 nos,Deo
3271 921 3590 986 annuente,

1925 997 2194 1083 videmur
2245 1001 2640 1073 propinquare
2686 1003 3012 1076 praeloquii,
3046 1006 3366 1062 cavendum
3399 1011 3490 1062 est
3518 1023 3592 1064 ne

1927 1087 2339 1159 properantius
2371 1107 2546 1162 quam
2580 1092 2812 1165 expedit
2839 1093 3208 1160 festinantes,
3239 1095 3378 1168 quia
3409 1095 3591 1152 semel

1926 1177 2213 1248 coepimus
2253 1195 2458 1235 omnes
2497 1180 2833 1248 admonere,
2868 1181 3124 1255 aliquem
3157 1184 3587 1257 relinquamus,

1925 1264 2182 1337 aliquem
2218 1267 2587 1341 negligamus
2613 1287 2626 1325 :
2657 1272 2814 1344 quod
2845 1289 2916 1328 ne
2940 1273 3059 1340 fiat,
3085 1273 3287 1329 hortor
3314 1278 3370 1330 et
3390 1274 3591 1330 admo-

1925 1371 2034 1410 neo
2076 1359 2141 1410 ut
2187 1373 2392 1412 omnes
2437 1358 2773 1427 Christiani,
2808 1377 3012 1417 omnes
3057 1361 3358 1435 baptizati,
3391 1363 3587 1420 omnis

1925 1443 2088 1508 ordo,
2131 1445 2409 1512 conditio,
2462 1464 2657 1514 sexus,
2689 1453 2850 1516 aetas,
2905 1455 2962 1504 et
3017 1450 3324 1523 professio,
3355 1450 3585 1520 divites,

1926 1530 2273 1599 mediocres,
2308 1538 2363 1588 et
2395 1551 2705 1606 pauperes,
2734 1537 2863 1592 sani
2896 1541 2954 1592 et
2984 1538 3224 1606 inﬁrmi,
3252 1539 3501 1610 juvenes
3532 1545 3590 1596 et

1928 1635 2119 1687 senes,
2154 1620 2385 1692 ipsique
2431 1623 2706 1689 infantes,
2748 1628 3080 1696 peccatores
3112 1630 3168 1681 et
3191 1626 3362 1696 justi,
3395 1627 3588 1684 clerici

1928 1711 1985 1760 et
2005 1704 2160 1775 laici,
2180 1725 2406 1777 omnes,
2433 1710 2698 1783 inquam,
2718 1712 2880 1769 nullo
2902 1713 3120 1782 relicto,
3145 1714 3307 1772 nullo
3327 1721 3588 1790 excepto,

1929 1794 2030 1866 qui
2063 1801 2287 1868 partem
2330 1798 2535 1855 volunt
2577 1799 2791 1858 habere
2822 1801 2880 1858 in
2913 1801 3126 1858 Christi
3158 1820 3360 1877 regno,
3383 1822 3590 1863 omnes

1929 1882 2156 1956 seipsos
2189 1886 2457 1951 excitent,
2499 1887 2725 1962 seipsos
2770 1890 3144 1962 admoneant,
3171 1909 3378 1950 omnes
3416 1911 3588 1951 aures

1926 1973 2118 2028 cordis
2141 1974 2456 2031 adhibeant
2485 1976 2566 2031 illi
2601 1977 3099 2051 parabolae,quam
3123 1981 3194 2038 de
3216 1998 3350 2055 rege
3379 1986 3437 2038 et
3463 1999 3586 2039 ser-

1920 2060 2027 2129 vis,
2045 2062 2196 2118 bono
2213 2067 2269 2119 et
2290 2064 2443 2120 malo
2463 2066 2669 2136 (illatth.
2690 2083 2819 2134 xxv,
2838 2068 3218 2140 i5),quorum
3237 2087 3394 2127 unus
3414 2072 3586 2144 quin-

1920 2166 2053 2221 que,
2068 2149 2220 2207 alius
2241 2153 2377 2221 duo,
2395 2154 2602 2210 tertius
2623 2172 2808 2211 unum
2831 2159 3191 2230 erogandum
3216 2161 3480 2233 suscepit
3501 2164 3585 2218 ta-

1919 2238 2481 2314 lentum,proposuit
2508 2244 2794 2300 Dominus
2825 2245 2971 2319 ipse.
2991 2248 3108 2305 Hoc
3139 2249 3481 2324 enim,quod
3513 2250 3582 2306 il-

1918 2325 2042 2383 lum
2058 2328 2201 2383 dicit
2217 2330 2426 2402 egisse,
2441 2331 2565 2403 ipse
2585 2332 2846 2404 quotidie
2865 2352 2980 2390 non
2999 2337 3218 2393 desinit
3233 2356 3432 2412 agere;
3456 2338 3578 2408 illa,

1920 2432 2047 2487 quin
2080 2417 2226 2488 ipsis
2276 2420 2593 2492 contigisse
2623 2425 2844 2489 narrat,
2886 2424 3174 2481 universis
3206 2426 3264 2480 in
3297 2427 3391 2482 die
3413 2427 3582 2498 judi-

1920 2504 1990 2559 cii
2027 2521 2132 2576 pro
2163 2505 2498 2562 diversitate
2524 2525 2767 2580 operum
2800 2511 3137 2584 contingere
3158 2513 3273 2585 (qui
3305 2514 3464 2572 habet
3487 2532 3584 2570 au-

1919 2609 2005 2648 res
2051 2594 2317 2650 audiendi
2364 2596 2557 2651 audiat
2588 2597 2796 2667 (Matth.
2819 2616 2897 2666 χι,
2933 2600 3022 2670 15)
3052 2599 3343 2675 intelligat
3389 2607 3447 2660 et
3491 2603 3584 2660 in-

1859 2763 1862 2767 ,
1921 2687 2266 2738 cunctanter
2290 2689 2590 2757 agnoscat.
2615 2686 2796 2742 Nemo
2822 2704 2884 2743 se
2915 2692 3110 2760 potest
3128 2707 3429 2760 excusare,
3457 2691 3585 2748 nul-

1922 2771 2045 2826 lum
2081 2769 2364 2827 talentum
2392 2774 2710 2846 accepisse,
2737 2776 2969 2833 etiamsi
3000 2779 3242 2836 omnino
3271 2779 3485 2838 debilis
3504 2781 3584 2837 vi-

1921 2860 2130 2916 deatur
2157 2877 2308 2928 esse,
2331 2877 2463 2916 cum
2497 2867 2556 2918 et
2593 2862 2723 2935 ipsa
2753 2865 3066 2923 infirmitas
3098 2885 3248 2941 saepe
3279 2870 3450 2927 detur
3478 2887 3582 2944 pro

1923 2965 2184 3005 munere.
2218 2951 2402 3006 Habet
2433 2951 2646 3024 aliquis
2685 2954 3083 3026 sapientiam?
3121 2959 3440 3015 Maximum
3473 2960 3582 3017 hoc

1919 3043 2007 3094 est
2038 3039 2345 3107 talentum,
2372 3040 2603 3096 nullum
2650 3042 2806 3098 enim
2839 3046 3053 3118 majus.
3089 3049 3276 3104 Habet
3307 3048 3583 3105 divitias?

1918 3132 2008 3184 est
2038 3128 2274 3200 quidem
2309 3128 2527 3194 minus,
2555 3131 2624 3185 ad
2648 3134 3008 3206 erogandum
3039 3135 3437 3208 aptissimum.
3458 3137 3584 3194 Uti-

1917 3221 2014 3273 tur
2039 3217 2300 3290 qualibet
2320 3220 2482 3274 arte?
2501 3219 2667 3275 Valet
2687 3237 2756 3276 ex
2785 3239 2853 3278 ea
2875 3223 3268 3296 multiplicare
3290 3227 3580 3283 talentum

147 3292 223 3369 illi
245 3313 332 3386 pie
353 3313 682 3386 plorantes,
708 3311 926 3367 deflent
955 3309 1056 3364 isti
1089 3309 1344 3365 inaniter
1374 3309 1652 3377 ridentes,
1683 3309 1805 3366 ina-
1834 3292 1878 3360 C
1918 3307 2187 3379 perutile.
2207 3307 2393 3363 Habet
2413 3307 2606 3364 locum
2633 3312 2788 3382 apud
2818 3292 3142 3383 principem
3167 3314 3256 3370 vel
3280 3315 3583 3371 amicum?

149 3403 290 3458 niter
309 3403 487 3459 etiam
516 3401 816 3474 lugentes;
844 3417 878 3455 a
896 3398 1025 3455 visu
1048 3398 1203 3454 enim
1238 3399 1307 3454 ad
1332 3397 1580 3466 luctum,
1604 3415 1637 3454 a
1667 3399 1808 3454 ﬂetu

150 3491 312 3546 etiam
338 3494 598 3565 pergunt
619 3489 691 3546 ad
715 3489 940 3556 fletum,
967 3504 1000 3544 a
1022 3489 1156 3544 fletu
1183 3504 1315 3544 cum
1341 3487 1485 3553 risu,
1510 3488 1582 3542 ad
1606 3487 1809 3542 ﬂetum

151 3580 268 3636 sine
299 3580 460 3637 risu:
495 3579 662 3652 luget
692 3578 910 3652 quippe
951 3577 1200 3650 quilibet
1239 3593 1441 3633 eorum
1475 3575 1810 3648 proximum

151 3675 372 3725 euntem
399 3670 473 3726 ad
508 3684 782 3741 regnum,
815 3684 951 3723 cum
982 3666 1177 3739 potius
1210 3666 1446 3722 deberet
1474 3664 1675 3738 lugere
1697 3662 1812 3719 sei-

153 3775 311 3830 psum
344 3759 728 3815 festinantem
751 3755 822 3811 ad
847 3756 1172 3812 interitum.
1196 3756 1282 3810 Tu
1304 3772 1441 3827 ergo
1464 3771 1533 3810 ne
1559 3751 1814 3808 insolen-

151 3851 231 3903 ter
261 3849 544 3921 gaudeas,
571 3862 643 3903 ne
670 3845 927 3901 inaniter
955 3843 1190 3917 lugeas;
1224 3844 1414 3916 gaude
1445 3843 1506 3897 in
1541 3841 1808 3909 Domino,

153 3935 334 3993 laetare
363 3938 422 3994 in
461 3938 579 3993 Deo
623 3934 865 3991 salutari
912 3938 1044 4002 tuo;
1086 3933 1223 4006 lnge
1272 3932 1330 3986 in
1379 3929 1612 4010 sznculo,
1645 3946 1813 4003 geme

153 4041 245 4097 pro
274 4026 492 4082 ccelesti
553 4023 874 4092 desiderio;
908 4024 1118 4096 plunge
1151 4039 1254 4094 pro
1299 4026 1401 4077 tuo
1450 4025 1507 4076 et
1559 4019 1812 4093 proximi

156 4119 396 4185 peccato,
423 4113 666 4185 suspira
687 4115 744 4167 et
761 4111 998 4167 tristare
1021 4127 1126 4182 pro
1157 4107 1414 4165 incolatu
1449 4106 1558 4162 hoc
1589 4106 1813 4162 diutur-

153 4219 240 4258 no.
274 4205 441 4260 Dabit
470 4202 584 4258 tibi
615 4199 712 4258 ille
746 4217 851 4274 pro
899 4198 1062 4255 luctu
1113 4198 1420 4270 gaudium,
1454 4213 1558 4270 pro
1589 4194 1810 4269 gemitu

157 4293 620 4359 exsultationem,
653 4307 758 4363 pro
789 4289 1027 4362 planctu
1051 4287 1335 4360 jubilum,
1357 4287 1457 4358 qui
1486 4290 1575 4340 est
1604 4301 1810 4340 conso-

156 4379 282 4438 latio
312 4387 687 4448 mcestorum,
720 4397 856 4451 spes
887 4377 1308 4443 laborantium,
1341 4376 1496 4431 184
1527 4373 1811 4430 auxilium

158 4473 549 4544 pereuntium;
582 4469 684 4542 qui
716 4468 979 4541 loquitur
1015 4484 1119 4540 per
1149 4466 1524 4538 Evangelium
1560 4481 1572 4518 :
1606 4466 1812 4519 Iterum

160 4565 326 4618 autem
344 4562 537 4618 videbo
559 4575 671 4628 vos,
695 4567 748 4614 et
769 4556 1026 4631 gaudebit
1055 4572 1148 4611 cor
1167 4559 1423 4615 vestrum.
1448 4562 1499 4609 et
1543 4552 1814 4623 gaudium

1919 3395 1986 3450 Et
2015 3396 2172 3467 quod
2207 3413 2321 3451 non
2363 3395 2516 3451 valet
2544 3413 2614 3450 ex
2661 3414 2788 3464 suo,
2825 3415 2893 3453 ex
2943 3398 3103 3455 illius
3135 3405 3327 3472 potest
3351 3402 3580 3474 operari

1918 3482 2161 3538 talento.
2182 3483 2406 3538 Desunt
2436 3484 2653 3539 omnia.
2679 3485 2790 3540 Sed
2822 3489 3021 3540 tamen
3054 3488 3219 3544 adest
3246 3489 3394 3558 vita;
3426 3489 3590 3561 adsit,

1921 3577 1978 3627 et
2005 3571 2276 3626 voluntas
2306 3572 2480 3638 bona,
2514 3588 2620 3626 nec
2653 3571 2881 3627 minora
2912 3575 3174 3647 congerit
3203 3575 3387 3634 lucra.

1991 3659 2081 3714 2i.
2111 3658 2211 3714 llis
2243 3657 2424 3731 igitur
2445 3659 2709 3715 districte
2739 3665 2796 3716 et
2825 3662 3212 3736 capitulatim,
3237 3665 3372 3722 licet
3400 3665 3582 3724 veluti

1922 3765 1991 3804 ex
2022 3748 2340 3820 superfluo,
2365 3749 2503 3821 quia
2528 3766 2632 3805 nec
2663 3751 2961 3823 proposita
2990 3753 3223 3811 fuerant
3252 3755 3472 3825 animo,
3493 3774 3585 3814 ve-

1924 3856 2053 3894 rum
2089 3855 2202 3893 non
2236 3837 2520 3894 inutiliter
2564 3841 2944 3906 transcursis,
2978 3847 3043 3898 ut
3073 3848 3234 3918 puto,
3268 3851 3584 3920 postquam

1921 3926 2145 4000 paucis,
2177 3928 2469 4000 quomodo
2519 3928 2715 3984 divina
2765 3929 3154 3989 medicamina
3203 3939 3259 3990 et
3307 3935 3586 3993 omnibus

1922 4017 2141 4085 omnia,
2165 4021 2222 4073 et
2253 4017 2502 4091 singulis
2536 4025 2865 4091 congruant
2889 4021 3144 4094 singula,
3172 4030 3584 4096 praemonstra-

1917 4107 2142 4174 vimus;
2177 4111 2448 4178 superest
2472 4113 2537 4160 ut
2564 4108 2736 4163 modo
2769 4108 2958 4178 illum,
2985 4111 3077 4165 cui
3113 4111 3309 4183 ipsum
3343 4113 3586 4186 porrigi-

1922 4213 2056 4251 mus
2079 4194 2470 4267 agonisticum
2507 4194 2894 4266 alloquentes,
2915 4196 2995 4250 ita
3016 4198 3252 4253 demum
3271 4200 3415 4268 (3’78)
3432 4217 3586 4272 quae-

1921 4285 2054 4340 dam
2081 4283 2233 4339 beati
2256 4283 2570 4354 Augustini
2598 4282 3047 4355 interponamus
3070 4286 3140 4341 de
3163 4286 3416 4343 utilitate
3436 4288 3582 4361 vigi-

1919 4373 2156 4442 liarum,
2179 4377 2238 4426 et
2261 4371 2346 4427 sic
2379 4371 2717 4426 adoriamur
2747 4371 2804 4425 in
2838 4373 3073 4428 nomine
3099 4375 3330 4430 Domini
3361 4375 3579 4448 ipsum.

1919 4462 2134 4517 Adesto
2158 4461 2356 4532 itaque
2378 4465 2557 4527 totus,
2575 4466 2630 4516 et
2653 4462 2774 4515 htIJC
2796 4477 2922 4533 qua:
2946 4462 3225 4518 dicuntur
3244 4464 3580 4524 fenestratis

1923 4550 2001 4622 [id
2020 4559 2097 4605 est
2120 4550 2360 4620 apertis]
2384 4549 2565 4602 animi
2595 4550 2826 4622 percipe
2857 4552 3148 4609 sensibus.
3176 4552 3438 4610 Primum
3461 4573 3582 4613 om-

163 4655 382 4707 vestrum
409 4665 574 4707 nemo
603 4648 754 4705 tollet
782 4664 817 4703 α
841 4647 993 4702 vobis
1016 4646 1192 4717 (Joan.
1213 4661 1329 4710 xv1,
1352 4644 1466 4714 33).
1490 4643 1621 4698 Jam
1653 4640 1811 4697 enim
1841 4653 1889 4723 Β
1923 4639 2179 4694 nimodis
2201 4656 2234 4694 a
2261 4643 2316 4693 te
2336 4637 2464 4694 volo
2495 4639 2853 4711 perquirere,
2877 4645 3076 4698 utrum
3105 4644 3342 4716 propria
3373 4650 3582 4718 sponte

165 4739 285 4794 olim
316 4747 372 4796 et
398 4739 509 4796 hoc
553 4736 842 4812 propheta
885 4734 1276 4809 promiserat:
1303 4734 1364 4788 Et
1392 4732 1564 4798 dabit,
1599 4729 1810 4802 inquit,

166 4829 254 4883 tibi
278 4831 542 4885 Dominus
571 4843 831 4884 coronam
857 4841 960 4898 pro
995 4826 1200 4890 cinere,
1230 4823 1471 4894 pallium
1503 4820 1684 4876 laudis
1707 4835 1811 4892 pro

168 4920 346 4989 spiritu
371 4918 628 4976 maeroris
659 4916 788 4984 (Isa.
819 4932 932 4981 LXI,
953 4914 1032 4986 3).
1065 4914 1323 4969 Securus
1370 4927 1508 4983 ergo
1553 4910 1810 4965 cinerem

166 5013 335 5078 porta,
357 5008 446 5064 cui
484 5005 853 5080 promittitur
876 5019 1120 5071 corona;
1155 5005 1320 5074 gesta
1341 4999 1606 5054 maeroris
1623 5002 1812 5054 trans-

169 5095 318 5153 itorie
345 5097 647 5170 spiritum,
671 5093 764 5151 cui
795 5097 995 5149 manet
1020 5092 1146 5148 sine
1169 5091 1284 5146 fine
1319 5089 1508 5146 laudis
1541 5087 1806 5159 pallium.

168 5184 496 5260 Obtempora
523 5183 881 5259 praecipienti
911 5181 1176 5245 sedulus,
1201 5178 1319 5234 imo
1349 5176 1700 5248 amplectere
1729 5193 1814 5230 re-

167 5272 433 5332 foventem
477 5273 908 5349 gratissimum.
935 5272 1042 5340 Qui
1086 5272 1238 5342 ﬂent,
1275 5268 1376 5334 ait,
1404 5271 1670 5338 tanquam
1700 5281 1811 5320 non

169 5363 360 5433 ﬂentes,
381 5373 434 5421 et
459 5366 557 5437 qui
585 5361 829 5433 gaudent
857 5365 1125 5433 tanquam
1154 5374 1265 5413 non
1292 5355 1584 5429 gaudentes
1611 5356 1657 5421 (ι
1686 5353 1808 5410 Cor.

168 5466 256 5523 vu,
285 5455 336 5527 3)
361 5473 374 5512 :
399 5455 456 5511 id
488 5457 598 5520 est,
624 5452 672 5508 si
699 5451 803 5507 ﬂes
827 5449 1066 5506 tristitia
1096 5445 1402 5521 praesentis
1434 5443 1597 5513 mali,
1622 5443 1811 5516 gaude

231 5580 371 5653 (3’78)
391 5577 715 5653 Augustini
760 5579 1212 5653 tex_tum,_quem
1260 5570 1357 5627 hic
1405 5567 1716 5642 promittit,
1750 5565 1810 5624 in

171 5645 340 5724 linem
356 5645 808 5724 'libri'rejectum
843 5645 1126 5724 invenies.

233 5720 372 5805 (379)
404 5709 735 5799 Legeb'atur
762 5719 1042 5781 mendose
1078 5732 1172 5794 ego
1215 5732 1320 5795 pro
1347 5729 1495 5791 ergo,
1526 5715 1584 5773 et
1613 5709 1815 5774 deerat

1924 4728 2032 4783 hoc
2077 4732 2198 4782 tam
2249 4726 2548 4799 singulare
2597 4728 2739 4783 velis
2788 4733 3082 4786 certamen
3141 4732 3322 4790 adire.
3355 4733 3440 4790 Ita
3469 4740 3579 4804 est,

1922 4816 2140 4888 inquis.
2169 4817 2224 4871 Si
2277 4816 2461 4888 igitur
2504 4817 2658 4874 185
2710 4817 2792 4872 ita
2839 4823 2950 4890 est,
2984 4819 3115 4875 vide
3163 4837 3301 4892 ergo
3330 4822 3478 4894 (379)
3517 4823 3579 4880 in

1919 4905 2067 4978 ipsis
2089 4904 2292 4972 initiis,
2309 4910 2622 4977 antequam
2647 4905 2871 4961 scilicet
2891 4907 3000 4963 hoc
3021 4912 3141 4964 tam
3163 4910 3416 4966 arduum
3448 4911 3579 4982 iter,

1919 5000 1976 5051 et
1997 5012 2031 5050 a
2050 4995 2254 5066 paucis
2277 5011 2605 5066 agressum,
2629 5012 2662 5049 a
2684 4994 3043 5067 quibusdam
3065 5014 3199 5055 vero
3221 4999 3480 5073 segniter
3499 5001 3585 5058 in-

1919 5084 2218 5156 choatum,
2242 5084 2484 5155 segnius
2507 5083 2880 5152 derelictum;
2906 5103 2939 5139 a
2969 5086 3324 5158 quibusdam
3359 5087 3586 5148 fortiter

1921 5177 2244 5245 arreptum,
2270 5173 2441 5244 longe
2465 5173 2633 5228 aliter
2654 5180 3167 5247 consummatum;
3191 5177 3264 5232 ab
3285 5176 3583 5251 aliquibus

1921 5267 2116 5317 autem
2142 5263 2290 5318 bene
2313 5263 2656 5336 incoeptum,
2676 5263 2895 5335 optime
2919 5271 3243 5336 peractum,
3268 5267 3428 5324 adire
3445 5269 3586 5325 inci-

1920 5350 2077 5422 pias;
2113 5355 2178 5406 ut
2207 5351 2463 5423 primum
2499 5352 2644 5424 pede
2674 5351 2906 5408 solertis
2936 5354 3307 5413 discretionis
3338 5356 3584 5414 sollicite

1920 5445 2238 5511 pertentes,
2286 5446 2484 5497 utrum
2537 5441 2666 5509 hoc,
2701 5442 2842 5496 dum
2895 5442 3040 5498 bene
3090 5443 3475 5512 inchoaveris,
3508 5445 3580 5501 ad

1919 5565 2204 5639 vide._Ut
2261 5571 2457 5622 autem
2527 5566 2903 5639 sequentium
2966 5584 3214 5639 sensus
3261 5572 3578 5639 constaret,

1921 5636 2319 5771 gqglendum
2351 5638 2461 5698 fuit
2491 5636 2632 5714 vide,
2663 5637 2752 5698 vel
2795 5637 3018 5716 aliquid
3063 5638 3257 5700 simile
3299 5638 3579 5717 supplen-
