3936 6376
324 398 443 460 335

1247 395 1627 459 RATHERII
1673 392 1918 456 EPISC.
1963 391 2253 454 VERON.
2301 390 2474 454 OPP.
2518 392 2725 453 PARS
2769 391 2817 452 Ι.

3629 384 3760 457 3.3.6

322 532 542 588 calcem
571 531 889 604 perducere
914 530 1110 587 valeas
1132 530 1392 604 [subaudi
1422 529 1554 601 iter]
1585 527 1815 601 optima:
1847 544 1974 599 per-
2003 528 2059 596 Α
2089 542 2203 581 non
2239 530 2327 581 est
2358 542 2640 581 numerus
2663 525 2834 597 (Psal.
2858 541 2978 591 Clit,
2999 523 3113 595 25),
3137 519 3335 578 navim
3355 520 3550 576 adhuc
3582 523 3757 575 tuam

323 620 610 677 fectionis.
644 620 949 677 Incassum
994 620 1211 693 quippe
1255 624 1377 676 tam
1426 634 1730 675 summum
1761 617 1982 674 bonum

320 707 625 782 incipitur,
648 710 697 765 si
731 713 865 766 ante
896 710 1074 765 finem
1098 709 1433 776 deseratur;
1468 724 1575 763 nec
1607 706 1666 762 in
1699 706 1986 762 sacriﬁcio

324 797 555 855 Domini
585 802 822 867 accepta
850 802 939 854 est
968 797 1182 865 hostia,
1210 798 1259 853 si
1303 796 1553 853 defuerit
1582 796 1771 852 cauda
1794 795 1983 868 (Levit.

327 904 411 954 In,
436 887 511 959 ε’).
535 886 748 943 Tacitis
770 886 947 943 etiam
971 887 1218 943 fratrum
1251 885 1638 952 indumentis,
1659 884 1875 957 Joseph
1899 886 1990 938 tu-

331 974 464 1033 nica
508 974 791 1047 polymita
830 975 1080 1031 refertur
1109 979 1165 1031 et
1197 974 1402 1030 talaris
1433 973 1586 1044 (Gen.
1611 989 1823 1041 xxxvu,
1857 973 1945 1039 23)
1973 989 1986 1027 :

334 1063 613 1137 polymita
642 1067 879 1136 propter
907 1063 1326 1130 diversitatem,
1355 1061 1557 1119 talaris
1589 1067 1825 1135 pr0pter
1853 1078 1990 1117 con-

339 1152 816 1210 summationem.
841 1152 1063 1221 Quibus
1096 1158 1299 1209 contra
1328 1151 1616 1226 Propheta
1645 1150 1844 1223 impiis
1876 1151 1992 1208 im-

322 1232 631 1315 :precando
659 1259 672 1298 :
696 1244 878 1310 Fiant,
910 1241 1124 1315 inquit,
1154 1243 1299 1298 sicut
1324 1243 1515 1313 fenum
1542 1239 1992 1312 teetorum(Psal.

344 1347 573 1399 cxxvm,
605 1330 662 1402 6)
699 1348 712 1386 :
746 1330 976 1403 illeque,
1003 1331 1102 1403 qui
1142 1330 1547 1387 laborantibus
1577 1330 1649 1385 ad
1686 1344 1997 1401 vesperum

340 1419 645 1474 denarium
675 1419 915 1475 reddere
939 1420 1374 1489 consuevitzQui
1385 1420 1809 1490 perseveraverit
1828 1433 1999 1489 usque

339 1509 397 1562 in
428 1507 613 1577 ﬁnem,
638 1508 729 1563 hic
756 1509 940 1564 salvus
969 1510 1077 1563 erit
1104 1508 1315 1579 (Matth.
1338 1526 1396 1577 x,
1419 1510 1529 1575 21).
1559 1506 1833 1577 Milleque
1862 1506 1999 1560 hinc

341 1599 655 1651 occurrunt
686 1595 1044 1663 testimonia,
1073 1597 1289 1669 quibus
1338 1599 1701 1652 monstratur
1749 1594 1829 1649 nil
1862 1594 1997 1650 boni

337 1682 526 1740 valere
558 1682 745 1748 initia,
774 1684 821 1739 si
855 1685 1008 1739 desit
1038 1684 1313 1756 perfectio
1346 1688 1568 1740 sancta.
1593 1683 2000 1738 Commonefa-

341 1772 454 1829 ciat
477 1772 676 1844 itaque
707 1774 777 1828 ad
804 1789 1041 1830 summa
1070 1774 1351 1829 nitentem
1382 1774 1645 1829 animum
1679 1771 2001 1829 similitudo

340 1862 440 1917 illa
493 1861 745 1931 Domini,
780 1878 958 1933 quam
1014 1862 1276 1935 protulit,
1314 1868 1377 1917 ut
1437 1861 1497 1916 in
1547 1862 1740 1917 verbis
1788 1861 2077 1961 legiturB

340 1951 638 2024 Evangelii
676 1969 688 2006 :
722 1952 853 2019 Quis
896 1953 1066 2020 enim,
1098 1951 1390 2023 inquiens,
1412 1951 1594 2006 volens
1624 1954 1824 2005 turrim
1861 1951 1997 2007 (edi-

342 2042 528 2111 ﬁcare,
559 2055 671 2095 non
698 2040 883 2096 sedens
908 2042 1067 2112 prius
1096 2044 1372 2111 computat
1412 2047 1660 2112 sumptus
1693 2042 1787 2111 qui
1813 2056 2000 2097 neres-

345 2130 487 2184 sarii
514 2137 664 2194 sunt,
685 2130 735 2184 si
764 2129 923 2185 habet
953 2130 1024 2184 ad
1050 2128 1480 2200 perﬁciendum?
1502 2146 1570 2183 ne
1596 2130 1735 2199 forte
1763 2145 1887 2185 cum
1913 2145 2004 2200 po-

346 2218 520 2272 suerit
548 2216 991 2289 fundamcntum,
1024 2224 1075 2272 et
1102 2234 1213 2271 non
1245 2218 1483 2287 potuerit
1514 2218 1789 2287 perﬁcere,
1821 2233 2004 2273 omnes

348 2307 444 2378 qui
472 2306 725 2371 viderint,
760 2307 1033 2375 incipiant
1074 2305 1307 2361 illudere
1348 2308 1401 2361 ei
1442 2306 1678 2361 dicentes
1708 2324 1726 2360 :
1757 2309 1886 2378 quia
1916 2306 2006 2363 hic

347 2396 503 2451 homo
533 2397 696 2466 ccepit
715 2395 1011 2465 aediﬁcare,
1031 2398 1081 2449 et
1111 2411 1221 2449 non
1247 2396 1427 2465 potuit
1454 2410 1832 2450 consummare
1852 2395 2002 2467 (Luc.

346 2501 461 2551 xxv,
484 2483 598 2556 28).
625 2484 786 2547 Quod
808 2487 996 2539 totum
1024 2484 1154 2539 ideo
1178 2487 1408 2539 constat
1438 2482 1752 2555 prolatum,
1770 2488 1833 2539 ut
1853 2484 2005 2540 scias

343 2572 713 2629 commodius
743 2588 892 2639 esse,
928 2571 1249 2644 quemlibet
1283 2572 1340 2626 in
1374 2572 1509 2627 imis
1540 2589 1666 2628 sese
1702 2572 2007 2628 humiliter

342 2661 747 2734 comprimere,
780 2677 958 2732 quam
989 2659 1319 2716 inconsulte
1356 2677 1593 2716 summa
1619 2665 1865 2731 tentare,
1899 2677 2005 2717 nec

343 2749 741 2821 adipiscendo,
772 2750 1096 2805 verecunde
1141 2750 1407 2817 deficere,
1451 2749 1879 2821 spectatoribus
1910 2766 2004 2805 oc-

345 2838 641 2894 casionem
685 2836 974 2893 irrisionis
1018 2838 1291 2909 praebere.
1326 2838 1395 2891 Et
1426 2836 1663 2909 quidem
1696 2837 2005 2909 providen-

346 2928 491 2983 dum
522 2941 914 2997 summopere,
938 2942 1030 2991 ne,
1055 2926 1197 2979 dum
1228 2942 1262 2980 a
1284 2924 1454 2980 bonis
1486 2925 1899 2981 communibus
1932 2926 2003 2981 ad

347 3032 435 3081 ea,
459 3031 586 3086 quas
608 3013 931 3069 multorum
953 3013 1104 3069 vires
1137 3018 1436 3086 superant,
1461 3014 1784 3086 improvide
1815 3014 2006 3086 quivis

349 3103 579 3168 nititur,
605 3117 711 3156 nec
754 3101 1178 3173 perseverando
1209 3101 1280 3156 ad
1332 3100 1388 3155 id
1438 3102 1698 3174 pervenit
1728 3103 1880 3174 quod
1918 3102 2003 3155 in-

349 3190 612 3247 choando
642 3194 910 3258 conatur,
932 3189 1232 3262 contingat
1252 3189 1337 3245 illi
1360 3190 1515 3262 quod
1544 3190 1604 3246 in
1624 3191 1731 3246 Job
1751 3191 2000 3265 legitur:

2093 630 2220 670 esse
2242 614 2641 681 considerans,
2663 612 2907 674 sollicite
2928 613 3267 683 draconem,
3281 625 3511 677 moneo,
3525 612 3756 666 caveto.

2095 703 2283 760 Illude
2309 703 2381 771 ei,
2405 707 2722 777 antequam
2742 702 2869 775 ipse
2890 700 3019 757 tibi.
3043 700 3332 774 Regulum
3355 699 3371 773 [
3377 699 3434 755 id
3451 704 3533 756 est
3553 691 3762 755 basili-

2097 799 2282 861 scum]
2315 792 2375 848 in
2406 793 2533 865 ipso
2575 792 2703 847 visu
2746 790 3091 848 intentionis
3122 790 3386 846 observa.
3417 788 3571 845 Scito
3624 788 3763 859 ejus

2097 886 2368 937 naturam
2400 898 2550 948 esse,
2573 884 2640 936 ut
2669 897 2804 937 cum
2835 880 2995 953 prior
3021 879 3321 935 hominem
3345 878 3550 935 videns
3579 878 3767 933 inter-

2099 971 2277 1038 ficiat,
2312 971 2437 1044 ipse
2467 987 2699 1043 quoque
2727 970 2856 1026 visu
2888 968 3148 1025 hominis
3181 972 3508 1042 praeventus
3537 966 3769 1023 interfi-

2101 1058 2306 1114 ciatur.
2333 1057 2619 1131 Linguam
2662 1073 2895 1131 quoque
2936 1058 3178 1130 vipereae
3210 1056 3607 1130 suggestionis
3638 1054 3766 1112 sol-

2101 1146 2260 1203 licite
2287 1148 2557 1220 przevide,
2571 1150 2628 1202 et
2652 1163 2902 1219 surgens
2922 1162 3165 1219 pravum
3187 1162 3334 1217 opus
3360 1143 3644 1218 aspidalis
3676 1144 3770 1200 in-

2103 1236 2433 1292 choationis
2449 1236 2670 1292 valebis
2692 1241 3188 1307 necare.Cumque
3212 1234 3470 1292 hominis
3499 1235 3769 1308 primam

2105 1325 2357 1381 frontem
2406 1324 2822 1382 monstraveris
2869 1324 2929 1380 in
2979 1323 3266 1397 principio
3313 1324 3525 1397 operis,
3558 1328 3771 1399 satage

2106 1431 2178 1470 ne
2209 1414 2268 1469 in
2297 1415 2546 1471 bestiam
2578 1414 2854 1470 desinens
2897 1412 3314 1469 irrationabilis
3345 1412 3767 1483 exsecutionis,

2107 1507 2373 1559 monstro
2396 1503 2835 1560 monoccntauri
2861 1502 3100 1558 noteris.
3118 1501 3638 1575 Congregationem
3663 1502 3775 1575 hy-

2109 1591 2343 1663 pocrita)
2390 1592 2646 1648 sterilem
2695 1609 2830 1648 cave
2883 1592 2998 1664 (Job
3027 1608 3120 1658 xv,
3142 1592 3259 1660 24).
3285 1591 3580 1664 Scriptum
3629 1596 3776 1649 ante

2111 1680 2291 1735 solem
2323 1682 2471 1751 (380)
2513 1681 2853 1737 humectum
2909 1680 2968 1736 in
3011 1684 3141 1736 ortu
3186 1680 3315 1752 ejus
3342 1680 3465 1750 (Job
3494 1697 3618 1747 vm,
3655 1680 3773 1751 16),

2110 1774 2369 1825 arentem
2421 1770 2630 1825 devita.
2665 1770 2966 1826 Fecundas
3015 1769 3274 1841 quidem,
3322 1770 3423 1826 sed
3469 1769 3776 1843 neglectas

2109 1858 2253 1914 vites
2304 1860 2573 1930 conspice
2605 1876 2638 1914 a
2668 1859 2872 1914 bestiis
2921 1863 2977 1913 et
3021 1857 3355 1915 volatilibus
3399 1857 3777 1915 voluntarius

2112 1946 2439 2004 conculcari
2478 1965 2653 2019 quam
2688 1946 2933 2004 steriles.
2960 1948 3198 2003 Terram
3230 1947 3461 2003 duabus
3504 1963 3578 2004 ne
3626 1947 3777 2005 velis

2110 2037 2339 2109 ingredi
2363 2036 2470 2092 viis
2504 2031 2689 2109 (Eucti.
2717 2053 2799 2104 ιιι,
2826 2039 2941 2104 28),
2963 2035 3105 2090 dum
3135 2040 3193 2091 et
3222 2037 3373 2092 bona
3422 2036 3518 2092 Dei
3568 2052 3776 2093 amore

2113 2125 2276 2192 facis,
2301 2130 2360 2181 et
2390 2124 2616 2197 placere
2656 2123 2996 2180 hominibus
3044 2124 3252 2180 exinde
3282 2124 3467 2196 cupis.
3502 2124 3777 2183 Thesau-

2112 2230 2243 2269 rum
2276 2213 2508 2286 publice
2536 2212 2594 2268 in
2626 2213 2720 2270 via
2750 2231 2821 2269 ne
2862 2213 3036 2283 feras,
3064 2230 3137 2269 ne
3187 2230 3217 2269 τι
3262 2212 3634 2282 latrunculis,
3667 2213 3777 2286 qui

2111 2303 2266 2357 viam
2307 2302 2595 2370 obsident,
2631 2302 3103 2374 depraedantibus
3143 2303 3375 2375 perdas.
3407 2303 3661 2360 Ventum
3699 2320 3780 2359 ne

2113 2394 2313 2463 captes
2336 2391 2591 2458 inanem,
2618 2392 2771 2446 unde
2796 2396 3070 2448 aeternam
3095 2392 3271 2473 debes
3301 2392 3597 2464 percipere
3618 2408 3781 2449 mer-

2115 2481 2335 2535 cedem.
2370 2481 2523 2535 Inter
2552 2481 2750 2536 omnia
2797 2480 2953 2536 enim
3003 2478 3371 2537 milleformis
3402 2485 3459 2536 et
3486 2481 3782 2538 tortuosis

2115 2569 2360 2624 ﬂexibus
2381 2568 2889 2625 innumerabiliter
2903 2569 3122 2625 sinuati
3139 2570 3427 2641 serpentis
3446 2586 3662 2642 genera
3675 2566 3783 2626 'as-

2114 2662 2174 2712 tu
2186 2657 2654 2725 tiarum,cautius
2667 2658 3092 2713 observandum
3107 2658 3335 2713 noveris
3353 2658 3777 2731 nullumquam

2113 2744 2317 2802 vitium
2342 2746 2667 2802 cenodoxize
2700 2746 3046 2818 pessimum.
3068 2746 3186 2803 Hoc
3209 2745 3367 2802 enim
3398 2746 3483 2803 ita
3502 2746 3779 2805 subtilis-

2113 2835 2263 2891 sime
2294 2835 2352 2889 in
2386 2840 2722 2891 sanctorum
2756 2835 2940 2890 utitur
2980 2834 3429 2908 expugnatione,
3463 2840 3528 2891 ut
3557 2835 3674 2892 nisi
3705 2853 3776 2893 se

2113 2925 2369 2979 caverint
2397 2922 2868 2995 vigilantissime,
2899 2928 2955 2979 et
2993 2922 3397 2980 latrocinantis
3426 2923 3614 2992 dolos,
3651 2942 3773 2981 non

2113 3012 2243 3067 dico
2275 3013 2332 3067 in
2366 3012 2704 3080 intentione,
2732 3013 2867 3069 etin
2893 3012 3232 3069 omnimodo
3253 3013 3499 3069 actionis
3528 3030 3776 3086 corpore

2113 3102 2351 3174 provide
2408 3101 2736 3157 curaverint
2788 3101 3242 3174 deprehendere,
3302 3101 3621 3174 improvise
3666 3119 3774 3161 eos

2114 3190 2467 3263 percutiens,
2493 3190 2752 3261 [subaudi
2780 3190 2948 3261 solet]
2990 3190 3227 3263 gravius
3255 3190 3384 3263 ipsa
3418 3190 3633 3248 virtute
3662 3193 3773 3248 de-

347 3280 489 3348 Quz’a
527 3294 708 3335 omnes
754 3280 852 3349 qui
891 3295 1017 3334 eum
1064 3259 1321 3345 viderint,
1362 3259 1562 3345 dicent,
1595 3280 1693 3335 ubi
1721 3259 1838 3336 est?
1864 3281 1997 3351 (Job.
2031 3259 2076 3328 (ἶ
2107 3259 2308 3350 jicere,
2329 3259 2509 3351 quam
2536 3278 2720 3335 soleat
2742 3278 2898 3336 vitiis
2918 3259 3316 3352 supplantare.
3339 3280 3504 3335 Tunc
3525 3280 3769 3338 demum

340 3385 531 3436 xxxvr,
554 3367 966 3436 25.)Videlicet
996 3368 1134 3439 quia
1186 3385 1290 3424 nec
1345 3367 1458 3435 hic,
1486 3368 1581 3423 ubi
1617 3370 2007 3426 communiter

342 3474 475 3513 cum
518 3454 740 3513 caeteris
789 3457 935 3511 bene
989 3456 1197 3521 valere,
1231 3472 1337 3513 nec
1387 3455 1505 3510 illic
1554 3456 1867 3527 invenitur,
1904 3458 2003 3513 ubi

337 3545 703 3602 transcensis
734 3545 867 3601 aliis
917 3544 1301 3619 singulariter
1330 3544 1490 3600 visus
1538 3551 1627 3601 est
1673 3547 2000 3604 festinasse.

336 3634 688 3707 Multiplices
734 3633 888 3690 inter
918 3634 1042 3690 haec
1090 3634 1454 3707 subtilesque
1486 3633 1734 3690 nimium
1787 3635 2002 3692 diaboli

336 3724 585 3791 insidias
615 3722 884 3777 convenit
937 3722 1316 3789 considerari,
1351 3722 1629 3778 invidiam
1665 3725 1792 3795 ejus
1824 3726 2005 3781 maxi-

344 3828 524 3877 mam,
559 3810 827 3879 hancque
858 3808 1037 3864 veluti
1089 3810 1320 3881 proprie
1361 3809 1479 3865 illis
1509 3810 1827 3880 intendere,
1857 3829 2006 3884 quos

347 3900 419 3954 ad
452 3896 799 3952 sublimiora
826 3895 1038 3950 viderit
1078 3897 1372 3952 festinare.
1395 3903 1465 3952 Se
1491 3898 1647 3952 enim
1673 3899 1875 3955 videns
1906 3901 2005 3957 de-

350 3987 584 4059 lapsum
618 3984 688 4038 ad
721 3983 860 4051 ima,
885 3982 1039 4038 dolet
1069 3983 1465 4051 indicibiliter,
1488 3985 1721 4055 quando
1749 3986 2006 4058 aliquem

354 4072 520 4133 evehi
549 4071 880 4129 considerat
905 4072 975 4126 ad
1008 4087 1241 4143 supera.
1268 4072 1480 4127 Tribus
1512 4074 1727 4146 quippe
1758 4076 2009 4132 obsidio-

354 4180 499 4222 num
528 4161 841 4236 generibus
867 4160 1077 4216 horum
1099 4176 1583 4233 unumquemque
1605 4163 1867 4235 quotidie
1889 4182 2006 4222 non

353 4258 546 4311 cessat
573 4251 807 4318 vallare,
835 4250 893 4305 in
933 4248 1101 4304 initio
1150 4247 1377 4305 scilicet
1428 4248 1790 4319 intentionis,
1821 4252 1879 4308 in
1913 4254 2005 4310 iti-

353 4359 491 4400 nere
521 4341 788 4408 actionis,
823 4339 883 4394 in
918 4339 1035 4395 ﬁne
1062 4338 1610 4394 consummationis.

417 4434 510 4486 22.
530 4430 610 4484 De
630 4428 725 4485 his
746 4428 934 4482 tribus
956 4426 1005 4481 si
1035 4444 1136 4498 per
1166 4424 1401 4499 singula
1430 4425 1660 4498 plenius
1681 4430 1847 4502 cupis
1868 4432 2004 4489 edo-

350 4518 487 4583 ceri,
512 4516 693 4571 habes
723 4531 790 4571 ea
821 4514 1327 4570 sufﬁcientissime
1359 4514 1417 4569 in
1452 4515 1770 4574 Moralibus
1789 4521 2004 4594 Grego-

2112 3368 2373 3440 linguam
2404 3368 2593 3440 ipsam
2620 3372 2781 3423 tuam
2815 3368 3275 3440 prudentissime
3305 3367 3611 3441 restringe.
3639 3369 3771 3426 Haec

2113 3458 2291 3523 enim,
2316 3463 2462 3514 teste
2493 3456 2839 3529 Augustino,
2875 3457 2933 3512 in
2966 3461 3195 3514 tantum
3229 3456 3437 3526 facilis,
3464 3461 3523 3513 et
3550 3456 3771 3527 labilis,

2112 3552 2171 3604 et
2202 3548 2273 3603 ad
2305 3547 2694 3617 dejiciendum
2727 3564 2795 3602 ex
2825 3563 2955 3603 arce
2984 3546 3247 3602 animum
3281 3552 3371 3603 est
3410 3545 3685 3618 proclivis
3715 3553 3777 3604 et

2114 3636 2519 3703 efficabilis,ut
2551 3652 2700 3707 sazpe
2732 3636 3050 3708 contingat,
3075 3639 3139 3691 ut
3160 3635 3316 3707 quod
3342 3651 3510 3691 mens
3540 3653 3659 3691 non
3680 3652 3776 3693 eo.

2114 3725 2281 3798 gitat,
2312 3724 2439 3796 ipsa
2468 3723 2743 3795 loquendi
2795 3723 3070 3779 facilitate
3117 3722 3399 3778 incurrat.
3426 3724 3494 3778 Et
3523 3740 3596 3779 ne
3649 3722 3774 3783 leve

2116 3818 2387 3869 autumes
2408 3812 2465 3867 in
2494 3813 2667 3867 verbo
2694 3812 2809 3867 labi
2839 3828 3011 3884 saepe,
3033 3812 3192 3880 audi,
3215 3811 3469 3868 Jacobus
3490 3813 3631 3883 quid
3663 3812 3774 3869 tibi

2115 3903 2270 3958 dicat
2300 3900 2601 3974 apostolus
2632 3901 2921 3974 praecipue
2946 3916 2959 3955 :
2984 3900 3043 3955 Si
3071 3902 3196 3973 quis
3236 3917 3294 3956 se
3335 3909 3495 3973 putat
3540 3902 3771 3971 religio-

2113 4008 2237 4047 sum
2265 4007 2373 4048 esse
2404 4006 2515 4046 non
2564 3993 2851 4061 re/renans
2880 3991 3133 4059 tinguam
3160 4006 3340 4059 suam,
3372 3990 3466 4045 sed
3510 3990 3774 4048 seducens

2114 4096 2207 4135 cor
2231 4096 2412 4145 suum,
2446 4079 2609 4151 hujus
2646 4096 2788 4135 vana
2834 4087 2913 4134 est
2949 4080 3146 4149 religio
3177 4079 3308 4151 (Jac.
3344 4096 3382 4145 ι,
3412 4079 3533 4147 26).
3560 4080 3633 4135 Et
3663 4080 3770 4135 ali-

2114 4169 2169 4224 bi
2206 4188 2219 4226 :
2256 4170 2468 4240 Lingua
2500 4170 2820 4239 “inquietum
2868 4169 3101 4237 malum,
3128 4168 3294 4239 plena
3332 4183 3536 4223 veneno
3574 4162 3779 4225 morti:

2112 4261 2230 4330 fero
2258 4259 2393 4329 (Jac.
2422 4274 2509 4323 III,
2538 4260 2613 4326 8).
2650 4259 2908 4329 Itemque
2940 4274 2955 4312 :
2995 4257 3134 4313 Mors
3163 4265 3214 4313 et
3242 4259 3357 4313 vita
3406 4259 3466 4312 in
3508 4260 3772 4315 manibus

2113 4347 2325 4415 lingua:
2352 4350 2537 4416 (Prov.
2569 4363 2723 4414 xvui,
2753 4345 2865 4417 2|).
2901 4346 3276 4418 Rursumque
3308 4346 3391 4401 :In
3418 4346 3773 4418 multiloquio

2107 4440 2390 4507 peccatum
2434 4452 2545 4491 non
2582 4435 2754 4491 deerit
2786 4437 2969 4504 (Prov.
2997 4452 3053 4505 x,
3089 4435 3197 4507 19).
3235 4433 3597 4507 Pulchreque
3640 4436 3771 4508 qui-

2111 4525 2249 4580 dam
2294 4529 2628 4581 nostrorum
2678 4525 2908 4581 duobus
2957 4524 3250 4596 adjunctis
3282 4524 3428 4596 (381)
3462 4540 3476 4578 :
3509 4522 3773 4581 Nullate-

349 4604 617 4669 rii.Quod
645 4603 691 4658 si
716 4602 1115 4694 obstinato,ut
1135 4604 1897 4674 optamus,animo,dictum
1922 4628 2005 4668 re-
2029 4628 2079 4694 D
2114 4632 2246 4682 nus,
2276 4615 2375 4681 ait,
2401 4614 2534 4686 quis
2581 4613 2791 4669 salvari
2825 4614 3123 4686 putandus
3153 4618 3263 4681 est,
3297 4611 3559 4685 quandiu
3610 4612 3772 4670 inor-

349 4694 671 4750 miniscens
697 4707 710 4744 :
736 4691 844 4758 Qui
863 4690 1107 4746 observat
1126 4695 1328 4755 ventos,
1351 4709 1462 4746 non
1482 4695 1522 4747 1
1536 4694 1635 4749 86
1655 4698 1924 4763 seminat;
1951 4705 2002 4755 et

347 4784 445 4857 qui
470 4780 777 4837 considerat
806 4779 974 4835 nubes
1000 4796 1112 4834 non
1139 4782 1292 4834 metit
1323 4782 1514 4853 (Eccte.
1548 4800 1627 4850 x1,
1660 4786 1742 4855 1i);
1791 4786 1998 4859 hujus-

347 4871 504 4928 modi
529 4868 688 4925 adire
707 4867 999 4923 luctamen
1033 4867 1334 4923 interritus
1354 4870 1681 4937 desideras;
1706 4890 1842 4929 cave
1864 4881 1999 4932 ante

346 4960 565 5028 omnia,
590 4975 661 5014 ne
682 4956 821 5030 quid
845 4960 1163 5023 terrenum,
1184 4972 1254 5010 ne.
1275 4957 1415 5027 quid
1439 4957 1735 5025 saeculare,
1760 4979 1829 5017 ne
1856 4965 1995 5035 quid

345 5047 591 5104 bestiale
613 5047 670 5101 in
696 5052 796 5100 tuo
820 5045 1071 5100 resideat
1093 5046 1262 5100 corde
1288 5061 1301 5101 :
1326 5047 1505 5101 Bestia
1525 5049 1673 5102 enim
1692 5051 1745 5103 si
1762 5054 1999 5122 tetigerit

343 5140 604 5202 montem,
628 5134 969 5206 tapidabitur
987 5134 1189 5201 (Exod.
1208 5151 1322 5199 XIX,
1344 5135 1454 5202 12).
1480 5136 1616 5191 [nde
1640 5136 1747 5193 hoc
1769 5138 1826 5193 in
1851 5142 1997 5197 mari

344 5241 557 5299 magno
607 5227 665 5279 et
711 5223 987 5295 spatioso,
1021 5223 1080 5277 in
1113 5239 1227 5293 quo
1275 5227 1415 5278 sunt
1462 5224 1709 5296 reptilia,
1742 5244 1994 5299 quorum

414 5329 561 5400 (380)
584 5329 818 5403 Vulgati
868 5327 1024 5383 mala
1077 5329 1545 5401 interpunctione
1597 5336 1654 5386 et
1714 5336 1996 5394 mendosa

342 5403 586 5459 lectione
618 5401 910 5456 habebant
938 5417 1068 5455 eave
1113 5404 1376 5471 scriptum
1418 5410 1546 5457 ante
1590 5404 1776 5459 solem.
1811 5406 1995 5463 Inter-

344 5474 740 5548 punctionem,
765 5478 820 5527 et
849 5488 1065 5538 veram,
1108 5471 1165 5548 ni
1220 5471 1533 5548 credimus,
1566 5471 1871 5548 lectionem
1905 5497 1994 5536 re-

340 5542 666 5609 stituimus,
691 5560 869 5614 quam
904 5542 1244 5614 comprobat
1264 5542 1426 5598 locus
1445 5543 1578 5611 Job,
1602 5544 1694 5600 cui
1728 5546 1822 5603 hic
1852 5549 1996 5606 allu-

342 5618 519 5676 ditur.
578 5614 843 5691 Nunquid
894 5615 1114 5691 virere.
1139 5617 1307 5691 potest
1364 5615 1575 5691 seirpus
1631 5616 1836 5691 absque
1890 5623 1995 5680 hu-

337 5703 507 5753 more.
533 5729 545 5746 .
568 5727 583 5748 .
606 5729 621 5747 .
644 5728 657 5744 .
681 5683 972 5745 Humectus
1023 5683 1257 5758 videtur,
1302 5683 1599 5764 antequam
1646 5683 1833 5750 veniat
1886 5696 1993 5766 sat,

2110 4703 2328 4759 dinatis
2359 4703 2623 4757 moribus
2646 4701 2958 4770 adhaerere,
2983 4701 3360 4775 supervacuis
3388 4701 3581 4757 verbis
3612 4701 3769 4759 dele-

2109 4793 2272 4859 ctari,
2288 4790 2642 4847 turbulentis
2661 4790 3115 4863 cogitationibus
3134 4808 3247 4847 non
3264 4791 3435 4845 timet
3451 4791 3766 4849 devastari.

2109 4882 2223 4937 Deo
2255 4886 2449 4936 autem
2495 4880 2733 4952 gratias.
2769 4881 2910 4935 Ecce
2938 4880 3092 4935 enim
3125 4880 3319 4936 subito
3366 4883 3424 4934 et
3469 4877 3649 4934 veluti
3696 4897 3769 4936 ex

2108 4970 2423 5042 improviso
2455 4970 2595 5023 dum
2627 4968 2893 5023 cavenda:
2942 4968 3121 5024 istum
3153 4966 3527 5040 loquacitatis
3576 4968 3768 5039 gratia

2107 5059 2162 5114 in
2198 5058 2603 5113 testimonium
2628 5057 2810 5114 ascire
2832 5057 2977 5113 18⁵1
3016 5058 3237 5127 studui,
3260 5060 3450 5111 totum
3482 5071 3631 5128 pene
3662 5073 3763 5112 nes

2106 5149 2351 5220 gotium,
2386 5146 2542 5218 quod
2586 5146 2787 5201 multis
2833 5146 3142 5201 verborum
3193 5144 3639 5202 circuitionibus
3671 5144 3764 5201 vix

2106 5253 2278 5310 posse
2301 5240 2636 5309 putaveram
2661 5234 2937 5306 expediri.
2960 5235 3202 5291 confeci.
3218 5235 3321 5290 Vis
3342 5233 3499 5290 enim
3522 5230 3760 5299 salvari,

2103 5353 2153 5399 et
2181 5346 2234 5397 in
2267 5350 2388 5398 ortu
2415 5357 2512 5413 suo
2549 5356 2766 5413 germen
2795 5341 3123 5413 egredietur.
3157 5341 3399 5413 Scirpus
3446 5337 3759 5395 humectus

2105 5419 2193 5471 est
2212 5416 2428 5483 juncus
2460 5412 2763 5467 humidus.

2175 5487 2323 5557 (38t)
2354 5484 2570 5557 Duobus
2607 5484 2880 5557 adjunctis
2906 5483 3118 5557 inquit,
3151 5484 3291 5556 quia
3342 5497 3598 5557 sequens
3627 5497 3757 5557 sen-

2102 5558 2288 5630 tentia
2308 5553 2433 5630 non
2467 5553 2763 5630 solum’de
2787 5553 3048 5630 peccat—is
3077 5553 3312 5630 linguae,
3344 5553 3657 5630 sed__etiar_n
3689 5553 3755 5609 de

2102 5629 2234 5685 aliis
2260 5628 2492 5683 duobus
2520 5625 2676 5698 vitiis
2705 5623 3278 5698 agi't,qnimirum'de
3307 5624 3573 5681 moribus
3600 5623 3755 5682 inor-

2102 5699 2339 5769 dinatis,
2371 5702 2431 5758 et
2452 5698 2525 5757 de
2553 5696 2912 5757 turbulentis
2941 5697 3413 5774 cogitationibus.
