3936 6376
163 440 268 513 837

1070 436 1723 530 PRJELOQUIORUM
1764 454 1975 523 LIBRI
2019 455 2197 522 sex.
2227 490 2305 504 --
2345 454 2499 522 LIB.
2543 456 2644 524 v1.

3454 428 3600 526 338"

163 579 532 658 remunerari,
564 568 627 641 et.
651 581 962 644 coronari?
990 590 1141 646 Dum
1189 605 1357 647 caves
1401 588 1473 648 ab
1523 588 1800 664 operibus
1828 592 1886 662 Α
1913 587 2156 649 alterius
2186 589 2436 650 factione
2465 589 2624 650 hunc
2652 590 2885 652 vivendi
2916 590 3183 653 ordinem
3230 589 3450 653 imitari
3482 611 3572 654 co-

160 673 515 743 inordinatis,
550 691 722 750 parce
753 680 811 733 et
840 693 875 734 a
902 677 1095 735 verbis
1136 681 1537 754 supervacuis,
1572 681 1803 739 contine

159 768 207 821 te
234 768 285 821 et
313 782 347 821 a
368 763 824 839 cogitationibus
856 767 1202 836 immundis,
1240 787 1483 844 sequere
1513 770 1801 828 inoffenso

156 854 287 928 pede
317 855 511 928 cperis
543 871 743 911 vocem
784 856 1019 913 Domini
1050 860 1351 916 vocantis:
1385 862 1493 930 Qui
1518 863 1684 928 enim,
1721 860 1802 916 ait

155 944 286 1017 ipse,
316 943 436 1001 vult
474 952 596 1017 post
634 962 721 1003 me
748 948 955 1017 venire,
988 947 1215 1018 abneget
1243 950 1609 1022 semetipsum,
1641 950 1801 1006 tollat

151 1050 351 1090 crucem
394 1051 578 1106 suam,
610 1039 663 1091 et
708 1044 973 1108 sequatur
1018 1054 1105 1094 me
1146 1038 1297 1109 (Luc.
1349 1055 1426 1108 1x,
1459 1039 1570 1111 23).
1617 1038 1797 1112 Sequi

152 1123 419 1194 autem,id
454 1125 544 1179 est
571 1122 793 1180 imitari
823 1120 1118 1181 Christum
1157 1127 1416 1199 [subaudi
1441 1128 1574 1199 est],
1590 1128 1794 1184 eadem

150 1227 255 1284 qua
280 1211 405 1285 ipse
439 1213 637 1287 pergit
664 1214 761 1270 via
791 1208 1040 1288 ire'post
1068 1215 1264 1289 ipsum
1299 1235 1313 1273 :
1347 1218 1503 1290 quod
1555 1220 1645 1274 est
1674 1235 1793 1274 non

149 1301 357 1358 ambire
389 1307 643 1371 terrena,
677 1320 792 1359 non
826 1304 1048 1362 caduca
1088 1306 1296 1362 sectari
1325 1306 1510 1378 lucra,
1539 1304 1793 1364 honores

146 1389 427 1449 declinare
457 1391 1136 1463 inﬁmos;adversitatem
1162 1412 1259 1450 mu
1272 1396 1488 1469 ndique
1501 1400 1796 1470 contemp-

145 1483 259 1536 tum
292 1498 399 1557 pro
433 1498 633 1538 amore
663 1482 792 1556 ejus
822 1481 1073 1540 libenter
1101 1483 1639 1559 amplecti;cunctis
1660 1503 1793 1559 pro-

142 1568 319 1641 desse,
354 1571 533 1628 etiam
581 1571 738 1628 ultra
784 1572 959 1639 vires,
989 1572 1174 1643 velle;
1209 1573 1459 1646 injurias
1500 1573 1647 1630 nulli
1698 1574 1792 1630 in-

139 1658 299 1727 ferre,
347 1678 383 1717 a
430 1661 637 1735 quovis
683 1665 882 1718 autem
939 1660 1132 1718 illatas
1184 1662 1479 1734 patienter
1525 1662 1792 1731 sufferre,

136 1745 270 1823 ipsis
299 1766 541 1824 quoque
587 1750 998 1818 inferentibus,
1022 1750 1327 1819 beneficia,
1361 1750 1410 1806 si
1459 1753 1549 1807 est
1597 1752 1791 1820 unde;

135 1838 215 1894 sin
246 1837 424 1908 alias,
458 1838 720 1896 oratione
752 1837 960 1895 sedula
1005 1838 1122 1894 illis
1168 1831 1402 1895 veniam
1453 1838 1791 1913 postulare;

1913 686 2088 756 gatur
2120 680 2239 738 sive
2271 686 2448 751 certo,
2482 683 2602 741 sive
2632 684 2793 740 omni
2846 689 3110 759 tempore
3154 684 3286 742 vitae
3313 703 3326 755 ;
3352 687 3478 759 jam
3508 685 3569 744 in

1911 770 2335 845 posterioribus
2366 772 2450 827 illi
2484 790 2577 830 me
2608 775 2779 830 credo
2811 774 3307 833 satisfecisse.Hic
3328 777 3454 850 jam
3487 775 3572 833 nil

1910 859 2169 933 amplius
2200 862 2372 917 credo
2404 862 2623 919 residui
2658 863 2773 919 nisi
2803 863 2914 920 hoc
2946 865 3220 937 adjicere,
3248 870 3314 922 ut
3342 866 3392 922 si
3422 866 3570 923 forte

1908 948 1980 1004 ab
2012 947 2121 1004 hac
2153 950 2500 1007 necessitate
2530 968 2665 1007 cum
2709 952 2809 1008 Dei
2843 955 3033 1027 gratia
3078 954 3379 1028 contingat
3424 954 3567 1012 libe—

1908 1038 2045 1104 rari,
2078 1038 2241 1093 nullo
2273 1057 2530 1113 unquam
2564 1044 2826 1114 tempore
2870 1059 2939 1099 ex
2982 1045 3107 1099 toto
3154 1048 3456 1099 assuetum
3504 1044 3565 1100 in

1908 1127 2248 1199 pmnitentiu
2279 1128 2688 1202 praetermittat
2720 1147 2944 1188 morem
2965 1131 3325 1202 vivendi,sed
3356 1133 3563 1189 diebus

1905 1216 2159 1273 residuis
2189 1217 2467 1274 omnibus
2495 1219 2554 1274 in
2586 1220 2715 1291 ejus
2746 1224 2950 1292 pareat
2979 1221 3391 1294 actibus,quod
3424 1238 3560 1279 eum

1903 1305 2030 1361 suis
2060 1305 2307 1364 habenis
2333 1325 2367 1363 a
2397 1307 2716 1381 petulantis
2746 1310 3022 1366 vanitatis
3056 1311 3418 1368 anfractibus
3430 1313 3559 1384 jam

1902 1393 2041 1450 olim
2069 1396 2389 1453 coercuerit
2420 1397 2756 1454 misericors
2793 1398 3100 1457 Dominus.
3134 1401 3253 1457 Hoc
3302 1400 3453 1457 facto
3503 1404 3562 1458 et

1901 1483 2180 1540 meritum
2212 1486 2513 1558 acquirere
2543 1486 2739 1555 sibi,et
2766 1487 3090 1560 gratiarum
3121 1488 3408 1545 actionem
3434 1505 3560 1545 ma-

1901 1575 2107 1644 gistro,
2140 1577 2199 1628 et
2228 1574 2693 1631 satisfactionem
2726 1576 3057 1644 Domino,et
3086 1576 3321 1633 laudem
3349 1577 3561 1634 referre

1901 1659 2195 1716 videbitur
2222 1662 2358 1731 Deo,
2393 1662 2495 1735 qui
2529 1678 2660 1718 eum
2695 1663 2755 1718 in
2799 1665 3075 1736 praesenti
3121 1663 3452 1737 ﬂagellavit,
3488 1683 3561 1723 ne

1903 1747 1962 1803 in
2013 1752 2296 1806 aeternum
2347 1750 2653 1823 perderet;
2702 1751 3105 1825 temporaliter
3152 1754 3449 1822 erudiens,
3494 1759 3561 1811 ut

1903 1836 2242 1919 sempiterni
2292 1839 2457 1912 regni
2505 1839 2752 1914 dignum
2812 1841 3100 1897 haeredem
3151 1842 3555 1899 constitueret.

134 1943 520 2001 quoscunque
549 1927 702 1983 valet.
732 1943 932 1984 secum
964 1928 1036 1983 ad
1067 1942 1327 1984 amorem
1370 1927 1570 2003 patrias
1622 1927 1790 1985 ccele-
1818 1972 1867 2038 B
1901 1925 2063 1991 Quod
2096 1928 2145 1983 si
2177 1945 2346 1987 secus
2376 1929 2531 1985 hanc
2564 1930 2749 1986 nostri
2781 1930 3009 1987 consilii
3041 1931 3334 1988 declinare
3357 1932 3407 1989 ei
3439 1932 3560 2006 pla-

135 2016 223 2038 διε-
254 2016 476 2038 --ε,,,,,-
2110 2018 2257 2038 __,-__
2322 2016 2409 2038 m-
2455 2018 2587 2038 με,
2629 2022 2749 2038 ψ-.
3177 2025 3188 2038 .
3306 2036 3319 2038 -
3458 2020 3513 2038 ι.

133 2016 224 2072 stis
246 2016 501 2090 erigere.

190 2107 278 2163 23.
312 2106 425 2161 His
453 2105 561 2178 pia:
591 2103 913 2162 voluntatis
943 2106 1249 2162 conatibus
1290 2106 1339 2161 si
1389 2110 1444 2162 te
1474 2106 1534 2163 in
1580 2122 1785 2179 campo

133 2195 281 2269 prius
313 2193 650 2250 exercueris
682 2194 1058 2269 operationis,
1079 2195 1574 2265 invictum,fateor
1602 2195 1784 2253 athle-

134 2290 241 2341 tam
273 2282 617 2358 imperatori
644 2283 794 2354 (383)
824 2283 1528 2357 palaestritae,editioribus
1560 2288 1783 2359 specta-

133 2374 470 2447 toribusque
498 2372 740 2429 exhibes
773 2374 1021 2442 cunctis,
1056 2374 1376 2430 dummodo
1409 2378 1467 2431 et
1494 2375 1553 2431 in
1584 2375 1782 2443 bis,ut

134 2464 480 2536 quibusdam
515 2461 842 2517 miserrime
868 2462 1131 2536 contigit,
1153 2481 1267 2518 non
1298 2463 1690 2532 de’fatiscaris,
1723 2467 1782 2520 et

136 2570 352 2626 semper
381 2552 455 2609 ad
506 2551 735 2625 potiora
781 2550 1010 2620 nitaris,
1045 2552 1228 2608 donec
1260 2553 1410 2609 bono
1461 2553 1780 2609 certamine

135 2642 336 2715 Optime
365 2644 609 2707 certato,
646 2657 823 2696 cursu
858 2640 1103 2697 feliciter
1132 2643 1782 2711 consummato,{idein-

134 2731 338 2788 deﬁcue
405 2734 656 2799 servata,
717 2730 957 2803 perenni
1023 2731 1515 2787 remunerationis
1579 2732 1779 2789 bravio

133 2818 366 2894 gloriose
395 2819 624 2876 diteris.
659 2819 794 2875 Ideo
844 2824 1065 2892 autem,
1097 2825 1164 2875 ut
1210 2837 1361 2892 reor,
1404 2821 1533 2891 ipso
1581 2821 1778 2894 dispo-

133 2916 308 2979 nente,
339 2908 402 2966 in
450 2910 625 2982 cujus
657 2924 838 2964 manu
871 2926 1081 2966 sumus
1120 2913 1176 2966 et
1224 2926 1331 2966 nos
1375 2914 1433 2965 et
1476 2924 1779 2967 sermones

132 2998 320 3068 nostri,
351 2998 437 3056 ita
468 3000 530 3055 in
561 2998 805 3072 longum
839 2999 1125 3070 producta
1167 3003 1254 3055 est
1278 2999 1482 3067 oratio,
1516 3004 1580 3054 ut
1611 3016 1777 3055 mon-

132 3089 313 3146 stratis
340 3088 643 3145 minorum
675 3085 971 3144 actionum
1004 3087 1428 3160 qualitatumve
1460 3089 1778 3162 proprieta-

129 3177 289 3247 tibus,
323 3179 567 3235 tandem
609 3177 1010 3250 perveniretur
1041 3178 1113 3233 ad
1145 3195 1470 3241 summum,
1502 3194 1678 3250 quem
1709 3182 1772 3234 tu

132 3268 347 3341 aggredi
380 3266 640 3334 conaris,
674 3266 895 3343 apicem
925 3262 1510 3339 actuum;quatenus
1541 3267 1612 3322 ab
1636 3266 1774 3323 imis

1897 2018 2083 2074 cuerit
2110 2018 2287 2089 viam,
2320 2016 2416 2073 ille
2448 2018 2589 2091 quid
2622 2022 2756 2092 agat
2784 2019 3021 2076 viderit:
3044 2038 3150 2077 nos
3172 2025 3368 2077 tamen
3385 2020 3554 2079 valde

1894 2107 2235 2175 metuimus,
2271 2123 2342 2162 ne
2372 2105 2485 2163 sibi
2517 2106 2628 2162 hoc
2671 2106 2938 2164 divinum
2987 2109 3294 2166 conveniat
3338 2124 3567 2184 oppro-'

1891 2195 2110 2262 brium,
2147 2194 2285 2268 quia
2317 2212 2429 2250 non
2462 2200 2550 2251 est
2581 2196 2853 2253 inventus
2885 2196 2985 2269 qui
3016 2198 3231 2255 rediret
3280 2204 3337 2255 et
3384 2201 3552 2256 daret

1889 2282 2137 2357 gloriam
2174 2289 2186 2336 t
2218 2301 2283 2340 eo
2306 2286 2456 2357 (Luc.
2484 2302 2624 2353 xvn,
2655 2285 2775 2358 48);
2801 2289 2860 2342 et
2891 2287 3046 2358 quod
3076 2287 3267 2343 adhuc
3285 2289 3548 2361 gravius,

1890 2374 2197 2430 sententiae
2228 2372 2311 2429 illi
2358 2374 2686 2445 subjaceat,
2716 2392 2898 2447 quam
2950 2376 3105 2433 idem
3146 2377 3429 2434 Dominus
3478 2379 3551 2435 de

1890 2463 2199 2519 immundo
2249 2462 2457 2536 spiritu
2503 2467 2751 2518 exeunte
2802 2465 2954 2534 (Luc.
2988 2482 3066 2529 χι,
3096 2464 3212 2535 24),
3244 2467 3303 2520 et
3345 2470 3550 2521 octeno

1890 2552 2080 2625 capite
2112 2552 2392 2607 redeunte
2424 2550 2963 2609 monstravit.Unde
2995 2541 3301 2607 etcuidam
3323 2557 3550 2624 sanato,

1890 2641 2015 2697 ait:
2056 2640 2214 2711 Vade,
2239 2648 2287 2696 et
2316 2640 2556 2711 amplius
2605 2638 2728 2695 noli
2771 2656 3018 2711 peccare,
3058 2657 3127 2696 ne
3163 2640 3404 2697 deterius
3451 2644 3556 2699 tibi

1887 2730 2105 2804 aliquid
2129 2730 2410 2799 contingat
2442 2729 2619 2801 (Joan.
2655 2746 2780 2801 vm,
2810 2730 2920 2799 11).
2952 2730 3022 2785 Et
3051 2728 3196 2785 illud
3240 2731 3392 2803 quod
3425 2747 3547 2803 pro-

1888 2820 2066 2893 pheta
2094 2818 2361 2891 deplorat
2394 2836 2406 2874 :
2440 2820 2767 2874 Percussisti
2793 2835 2899 2887 eos,
2932 2819 3340 2893 inquiens,nee
3358 2820 3547 2878 dolue-

1886 2918 2052 2976 runt;
2079 2910 2349 2965 attrivisti
2389 2924 2495 2973 eos,
2528 2912 2578 2963 et
2628 2925 2738 2963 non
2788 2913 2916 2964 sunt
2966 2911 3172 2965 reversi
3197 2911 3326 2979 (Jer.
3380 2927 3435 2977 v,
3462 2911 3539 2982 3).

1886 2998 2388 3056 Considerandum
2436 2998 2613 3054 etiam
2661 2997 2798 3053 huic
2844 2997 3031 3067 video,
3065 2998 3207 3071 quia
3249 3000 3539 3072 quosdam

1885 3087 2058 3162 longa
2087 3087 2370 3161 azgritudo
2402 3088 2471 3143 ad
2513 3086 2692 3143 vitam
2724 3104 2876 3161 saepe
2920 3088 3217 3158 reformat,
3252 3105 3400 3161 quos
3433 3106 3542 3162 po-

1883 3182 2006 3235 stoa
2035 3177 2331 3234 levissima
2361 3176 2677 3249 cujuslibet
2710 3177 2790 3234 rei
2823 3176 3070 3245 occasio,
3103 3177 3246 3232 dum
3278 3195 3340 3234 se
3369 3179 3540 3251 quasi

1883 3268 2137 3340 quadam
2171 3266 2483 3322 securitate
2515 3265 2761 3322 resoluti
2792 3266 3086 3322 incautius
3116 3266 3477 3336 custodiunt,
3509 3285 3545 3324 a

132 3362 537 3430 praeceptorum
569 3355 799 3412 Domini
826 3354 1005 3411 veluti
1037 3372 1140 3428 per
1167 3354 1399 3412 scalam
1437 3360 1603 3412 caute
1651 3372 1770 3412 ces-
1799 3347 1842 3413 C
1880 3356 1997 3412 vita
2029 3355 2295 3411 funditus
2327 3354 2671 3427 exstinguit.
2705 3354 2824 3410 Hoc
2854 3370 2991 3427 ergo
3035 3370 3106 3409 ne
3155 3358 3212 3409 et
3258 3354 3372 3410 sibi
3405 3371 3543 3412 con-

131 3446 340 3521 simque
371 3446 713 3503 scandendo
763 3445 835 3501 ad
879 3444 1119 3500 elatiora
1151 3449 1476 3516 provectus,
1510 3444 1592 3500 nil
1645 3462 1768 3500 am-

131 3533 268 3606 plius
297 3539 473 3593 restet
501 3535 660 3608 quod
690 3534 957 3606 requiras
986 3533 1046 3589 in
1073 3533 1344 3606 imis;qui
1379 3550 1482 3606 per
1510 3532 1769 3589 inacces-

133 3623 341 3680 sibilem
370 3624 581 3681 multis
622 3622 850 3679 vivendi
881 3623 1144 3679 ordinem
1185 3622 1330 3697 ipsis
1376 3623 1502 3695 jam
1553 3622 1772 3677 haerere

130 3712 423 3772 moraberis
464 3712 745 3783 summis,
778 3712 901 3768 sive
945 3711 1121 3767 etiam
1154 3715 1219 3766 ut
1249 3711 1342 3782 (de
1374 3709 1771 3785 qualicunque

129 3802 329 3871 ordine,
375 3802 734 3870 conditione,
782 3799 1088 3875 dignitate,
1122 3799 1356 3867 affectu,
1392 3816 1555 3865 sexu,
1604 3803 1770 3854 {etate

129 3891 269 3947 adid
299 3891 639 3949 certaminis
665 3907 815 3963 opus
867 3889 1084 3946 millies
1132 3887 1505 3963 praedicabile.
1554 3904 1768 3944 manus

126 3977 356 4038 volueris
386 3983 551 4052 dare)
580 3979 716 4036 istic
765 3979 1030 4035 invenias
1081 3978 1375 4051 quomodo
1424 3981 1481 4033 te
1511 3977 1677 4051 prius
1708 3977 1765 4032 in

130 4068 231 4125 tuis
267 4070 579 4127 exercitare
611 4069 846 4137 debeas,
878 4072 945 4124 ut
990 4067 1072 4124 ita
1103 4067 1343 4123 demum
1394 4066 1466 4121 ad
1518 4083 1601 4134 ea,
1639 4083 1765 4139 quae

131 4155 265 4213 ultra
290 4163 344 4215 te
375 4157 697 4229 sunt,felici
718 4172 1033 4231 progressu
1048 4156 1507 4222 conscendas,ne
1529 4155 1765 4227 quando

132 4245 293 4304 missa
320 4247 500 4305 semel
536 4264 715 4303 manu
751 4245 810 4302 in
843 4250 1126 4313 aratrum,
1153 4244 1403 4315 alicujus
1435 4242 1765 4300 domesticae

134 4336 456 4405 provisionis
500 4338 746 4393 obtentu
798 4334 1000 4392 oculos
1035 4333 1380 4390 intentionis
1409 4333 1480 4389 ab
1513 4333 1765 4407 incocpto

135 4427 336 4497 cogaris
361 4430 701 4498 retorquere
732 4428 1076 4492 retrorsum,
1105 4426 1162 4479 et
1199 4427 1302 4478 aut
1346 4426 1678 4478 tortuosum
1711 4426 1769 4478 et

137 4509 378 4571 inutilem
410 4516 603 4571 facere
632 4512 887 4580 sulcum,
912 4518 1014 4568 aut
1045 4516 1319 4567 orantum
1351 4511 1658 4567 vulnerare
1677 4526 1767 4566 ve-

139 4598 290 4675 stigia
316 4604 512 4661 houm.
544 4602 711 4668 Quod
743 4602 793 4659 si
825 4602 1065 4675 aliquis,
1096 4606 1163 4657 ut
1183 4601 1310 4672 jam
1340 4600 1401 4655 in
1433 4599 1546 4656 alio
1577 4600 1771 4654 docui-

1860 3439 2071 3518 'tingat
2101 3446 2343 3511 metuat,
2359 3447 2416 3498 et
2444 3441 2622 3498 saluti
2652 3459 2772 3497 sua:
2796 3442 3010 3497 talium
3042 3442 3176 3513 quis
3203 3441 3541 3511 consilium,

1882 3533 2023 3588 dum
2075 3532 2237 3586 locus
2288 3535 2399 3597 est,
2445 3530 2640 3602 capiat
2687 3545 2778 3598 ne,
2822 3530 2963 3585 dum
3013 3546 3223 3585 rursus
3274 3528 3539 3601 voluerit,

1882 3637 1998 3676 non
2030 3619 2240 3675 valeat.

1950 3709 2040 3763 24.
2075 3707 2359 3763 Cmterum
2412 3707 2460 3762 si
2512 3706 2770 3780 aliquem
2823 3704 3065 3763 foi'sitan
3116 3709 3330 3775 movet,
3381 3708 3538 3781 quod

1880 3797 2175 3865 modernis
2209 3797 2268 3852 in
2301 3797 2410 3852 hac
2427 3796 3538 3873 prmfationedoctorumexemplis(383)

1878 3905 2039 3961 aeque
2071 3905 2217 3943 usus
2267 3886 2381 3942 sim
2432 3891 2496 3942 ut
2544 3887 2823 3959 antiquis,
2858 3891 2915 3944 et
2956 3891 3372 3945 concentonem
3421 3904 3538 3956 me,

1876 3976 1997 4033 sive
2024 3976 2300 4033 usitatius
2334 3975 2774 4051 compilatorem
2823 3976 2933 4033 hac
2958 3976 3028 4033 de
3064 3993 3242 4034 causa
3270 3976 3409 4034 velit
3450 3977 3536 4033 di-

1876 4065 2199 4140 cere,quasi
2229 4064 2327 4137 qui
2358 4064 2568 4121 alienis
2597 4065 2935 4137 sumptibus
2966 4065 3203 4138 propria
3221 4065 3394 4123 velim
3409 4082 3543 4122 con-

1876 4158 2140 4221 struere;
2194 4169 2435 4209 causam
2492 4170 2606 4208 non
2656 4152 2941 4208 immoror
2994 4154 3256 4209 reddere.
3302 4152 3543 4209 Dicente

1875 4243 2033 4300 enim
2067 4240 2383 4297 Psalmista
2416 4257 2428 4295 :
2462 4241 2709 4310 Domine,
2741 4242 2935 4308 rigans
2958 4245 3167 4296 montes
3199 4240 3265 4297 de
3291 4243 3539 4312 superio-

1876 4333 2030 4388 ribus
2057 4331 2174 4386 suis
2214 4328 2387 4401 (Psal.
2421 4345 2541 4396 rm,
2573 4327 2706 4400 i3);
2741 4332 3027 4400 quantum
3078 4327 3209 4401 ipso
3260 4327 3540 4400 irrigante

1877 4436 1982 4494 per
2004 4419 2164 4492 ipsos
2196 4417 2531 4474 aridita’em
2560 4415 2838 4490 ingenioli
2872 4415 2986 4471 mei
3021 4416 3190 4489 (384),
3222 4415 3324 4489 qui
3365 4419 3421 4472 et
3450 4415 3538 4489 ip-

1878 4526 2078 4565 sorum
2112 4506 2444 4581 superiores
2475 4521 2580 4579 per
2610 4521 2673 4561 se
2699 4504 2985 4578 irrigavit,
3018 4508 3074 4560 et
3099 4521 3202 4578 per
3232 4504 3376 4561 istos
3405 4504 3540 4562 illos

1878 4600 2049 4673 (385),
2084 4612 2303 4670 perque
2332 4593 2467 4650 illos
2499 4611 2607 4651 nos
2636 4594 2890 4650 nimium
2922 4593 3117 4650 adhuc
3146 4597 3399 4663 arentes,
3420 4611 3538 4651 non

141 4704 253 4747 mus
280 4691 955 4767 epilogo,invenitur,qui
979 4707 1094 4747 non
1120 4689 1214 4745 sui
1245 4687 1636 4762 sponte,188
1667 4686 1768 4744 sed
1802 4720 1848 4785 Β
1880 4686 2019 4761 quia
2047 4684 2300 4743 defuerit
2327 4684 2536 4753 imber,
2573 4683 2789 4757 (supple
2818 4684 2942 4756 sed]
2990 4683 3131 4757 quia
3182 4701 3299 4741 non
3348 4684 3540 4759 magis

200 4846 334 4987 {382)
353 4849 495 4906 Vide
522 4854 646 4906 not.
682 4849 771 4917 H,
803 4850 864 4905 in
896 4848 1207 4922 praemium
1239 4846 1373 4903 libri
1400 4846 1597 4919 primi.

219 4918 314 4973 383
362 4920 615 4978 Moderna
661 4921 945 4977 doctorum
989 4919 1241 4987 exempla
1288 4923 1597 4973 sanctorum

219 4918 334 4991 383)
362 4920 615 4978 Moderna
661 4918 945 4977 doctorum
989 4919 1241 4991 exempla
1288 4918 1629 4973 sanctorum
1671 4919 1772 4975 Pa-

146 4988 279 5069 trum
306 4988 644 5050 testimonia
674 4991 959 5069 appellat;
992 4988 1224 5069 antiqua
1252 5006 1386 5045 vero
1432 4996 1770 5069 sanctorum

146 5054 422 5120 Librorum
469 5054 872 5121 auctoritates.
904 5054 1094 5120 Simili
1123 5054 1303 5120 sensu
1335 5065 1540 5134 postea
1565 5061 1774 5118 moder-

147 5135 311 5209 Mﬂgt
324 5136 581 5209 antiquos
609 5136 898 5209 nominat.

225 5202 339 5290 §84)
367 5202 652 5290 constpue
678 5211 734 5289 et
764 5205 990 5290 explica
1033 5204 1118 5290 sic
1152 5221 1166 5259 :
1201 5206 1472 5290 quantum
1489 5204 1653 5290 potui
1681 5204 1775 5258 in-

149 5271 365 5341 telligere
398 5279 517 5353 ipso
545 5279 795 5335 Domino
827 5271 1096 5350 irrigante
1122 5271 1223 5348 per
1251 5276 1396 5346 ipsos
1412 5271 1510 5401 I(id
1540 5278 1630 5330 est
1656 5290 1775 5330 mo-

149 5341 338 5401 dernos.
369 5353 433 5401 ut.
460 5355 646 5401 vocat.
679 5350 942 5401 doctores.
975 5365 1080 5401 seu
1132 5350 1368 5401 sanctos
1456 5350 1632 5401 atres)
1661 5355 1775 5401 art-

149 5341 338 5417 dernos,
369 5341 433 5404 ut
460 5355 646 5415 vocat,
679 5341 955 5417 doctores;
975 5365 1080 5404 seu
1122 5341 1368 5403 'sanc'tos
1412 5341 1632 5414 Patres)
1661 5355 1776 5401 art-

151 5412 349 5492 ditutem
379 5412 651 5490 ingenioli
678 5424 808 5489 mei,
842 5412 938 5492 qui
965 5424 1018 5477 et
1045 5436 1158 5492 per
1172 5435 1228 5474 se
1258 5412 1779 5492 irrigavitsuperioj

152 5500 223 5574 res
248 5488 591 5574 ipsorumt(i_d
623 5498 714 5574 est
744 5488 1057 5574 sacrorum
1081 5489 1386 5574 Librorum
1438 5488 1777 5574 scriptores)

152 5563 457 5637 ﬁtperistos
486 5561 569 5636 (id
615 5567 705 5637 est
733 5563 1051 5637 scriptores
1094 5561 1316 5637 sacros)
1348 5561 1607 5637 irrigavit
1655 5561 1780 5637 illos

154 5626 227 5710 (id
246 5636 329 5687 est
375 5626 608 5710 sanctos
637 5626 882 5704 Patres),
924 5638 975 5690 et
1000 5649 1100 5710 per
1130 5633 1257 5710 illos
1286 5626 1550 5710 irrigavit
1580 5646 1676 5687 nos
1696 5632 1781 5710 ni:

157 5701 305 5779 mium
330 5705 749 5779 adhueiarentes
769 5726 792 5772 ;
820 5701 931 5764 non
979 5701 1115 5779 quia
1159 5701 1412 5776 defuerit
1445 5704 1640 5779 imber,
1668 5701 1784 5779 sed

161 5774 268 5840 quia
292 5790 381 5834 nos
420 5778 684 5838 metentes
726 5774 1273 5851 complui'pulvereo
1320 5774 1574 5847 squalore
1619 5776 1783 5833 vitio-

1878 4864 2025 4913 rum,
2057 4862 2223 4919 quam
2261 4845 2855 4919 pluvz'a‘voluntaria,
2890 4861 3057 4918 quam
3098 4847 3214 4918 ipse
3254 4844 3409 4919 Deus
3453 4861 3540 4903 se-

1878 4916 2122 4991 gregavit
2161 4916 2480 4974 haereditati
2506 4931 2647 4976 suae.
2675 4916 2987 4991 obteximus
3027 4916 3130 4974 nos
3170 4916 3404 4991 quodam
3435 4924 3542 4991 teg-

1880 4989 2031 5047 mine
2062 4990 2419 5061 iniquitatum
2450 5005 2468 5041 :
2496 4996 2785 5058 quantum,
2837 4990 3084 5061 inquam,
3124 4989 3282 5060 potui
3330 4989 3537 5061 intelli-

1881 5079 2025 5143 gere,
2070 5059 2250 5143 visum
2296 5067 2374 5116 est
2419 5075 2744 5143 congruum,
2785 5059 3306 5143 nos'iudiﬁ'ereuter
3345 5059 3541 5143 debere

1883 5131 1973 5190 uti
2000 5132 2267 5204 exemplis
2294 5146 2482 5186 eorum
2518 5131 2981 5204 (modernorum)
3013 5131 3179 5187 sicuti
3205 5140 3257 5187 et
3284 5133 3540 5204 antiquo-

1883 5223 2011 5261 rum
2041 5223 2059 5258 :
2085 5202 2375 5268 siquidem,
2409 5206 2517 5257 etc.

1958 5276 2106 5347 (385)
2135 5273 2371 5347 Vulgati
2398 5289 2497 5347 per
2531 5273 2657 5347 illos
2702 5275 2852 5347 istos.
2886 5273 3187 5330 Sententia
3220 5276 3538 5347 contextus

1886 5344 2058 5421 erigit
2085 5344 2183 5418 per
2212 5344 2341 5423 istos
2372 5345 2496 5423 illos
2510 5363 2543 5423 ί(
2688 5344 2844 5423 enim
2876 5350 3028 5423 sunt
3041 5346 3366 5423 superiores,
3390 5358 3541 5423 quos

1888 5412 2039 5475 Deus
2073 5412 2177 5491 per
2201 5433 2274 5491 se
2288 5414 2585 5491 irrigavit,
2607 5416 2665 5470 id
2716 5421 2804 5471 est
2856 5412 3191 5491 scriptores
3216 5414 3366 5471 sacri
3391 5412 3539 5491 {illi

1889 5486 2091 5547 autem
2115 5486 2527 5560 intelliguntur
2553 5487 2820 5560 doctores
2851 5486 3059 5560 sancti,
3094 5487 3196 5558 qui
3234 5486 3537 5560 perscri-

1887 5567 2087 5635 ptores
2117 5554 2565 5635 saerosjirrigati
2603 5558 3000 5635 fuerunt.Post
3032 5554 3215 5630 pauca
3234 5554 3542 5635 legebatur

1887 5623 2001 5690 nisi
2027 5634 2183 5705 quia,
2235 5629 2334 5686 ubi
2383 5623 2495 5687 non
2542 5630 2673 5701 quia
2701 5630 2966 5702 exigente
2995 5623 3175 5685 sensu
3213 5623 3546 5683 emendavi-

1890 5722 2047 5763 mus.
