3936 6400
136 425 243 499 841

1072 434 1726 516 ΡΒιΕΙιΟΟυῙΟῙὶΠΜ
1767 430 1983 503 LIBRI
2027 435 2199 504 SEX.
2232 469 2313 488 -
2340 437 2496 506 LIB.
2541 436 2643 505 Vl.

3454 432 3573 504 3&2

132 570 403 631 tenebras
421 569 663 631 redeam
689 587 824 633 eum
847 571 1150 634 dedecore.
1170 575 1477 651 Captanda
1493 591 1632 650 ergo
1649 573 1797 631 mihi
1827 574 1885 645 Α
1914 591 2067 650 aegro
2099 575 2247 649 (396)
2278 574 2746 646 sitconscientia,
2762 588 2869 634 nee
2899 573 3051 633 male
3064 575 3577 650 quassatachorda

136 675 338 719 censeo
370 664 650 736 quaedam
702 665 967 738 ejusdem
1027 665 1176 722 lucis
1235 665 1589 722 antevicinia
1626 664 1796 737 (393),

136 751 347 823 quibus
380 753 675 826 paulatim
708 756 1095 825 assuefactus,
1129 760 1188 812 et
1209 755 1800 829 quantulumcunque

135 840 314 897 oculis
345 858 559 900 eorum
592 862 704 900 usu
756 844 1169 918 expulveratis,
1221 846 1575 917 quandoque
1623 843 1682 898 in
1715 860 1800 899 re-

135 945 414 1002 percussa
444 932 574 989 acie
604 932 800 1006 ipsum
832 933 1057 990 valeam
1088 933 1332 989 luminis
1355 934 1587 989 radium
1613 933 1801 987 inten-

133 1019 278 1086 dere,
313 1019 644 1094 ipsumque
673 1021 974 1079 inhianter
1002 1023 1439 1096 concupiscere;
1482 1026 1539 1078 et
1569 1022 1798 1094 quoties

134 1122 253 1164 sese
281 1108 640 1182 dignabitur
669 1111 954 1184 ingerere,
1009 1111 1193 1168 libero
1243 1116 1479 1185 aspectu
1536 1127 1793 1180 cernere,

132 1202 481 1271 cretumque
508 1199 636 1256 sine
687 1201 803 1256 fine
840 1200 1067 1258 valeam
1120 1216 1341 1256 amare.
1392 1200 1554 1265 Quod
1605 1204 1795 1255 totum

131 1291 191 1340 ut
212 1288 363 1343 191
404 1304 640 1344 merear
668 1290 936 1362 adipisci,
961 1289 1152 1346 visum
1186 1294 1276 1345 est
1297 1289 1658 1345 mihicorum
1677 1305 1796 1343 me-

129 1373 393 1433 dicorum
430 1378 737 1434 assuefieri
748 1378 1032 1447 excubiis,
1048 1378 1149 1450 qui
1166 1378 1507 1434 modernius
1531 1378 1791 1450 quidem,

128 1465 222 1520 sed
252 1470 464 1523 tamen
494 1468 773 1540 apertius,
809 1484 988 1541 super
1007 1468 1115 1524 hoc
1138 1467 1529 1540 disputantes,
1561 1467 1644 1523 ita
1675 1484 1794 1522 suae

128 1552 264 1610 artis
291 1555 674 1612 condiderint
701 1557 953 1623 libellos,
988 1561 1053 1613 ut
1081 1556 1140 1611 in
1184 1557 1462 1613 omnibus
1492 1559 1552 1611 et
1599 1555 1795 1610 imita-

126 1644 687 1717 renturtnagistros,
712 1645 1146 1702 etinstrucrent
1169 1644 1521 1716 discipulos;
1546 1642 1799 1715 qualiter

126 1730 346 1788 scilicet
376 1732 486 1789 lux
505 1734 635 1806 ipsa
645 1734 982 1807 quaerenda,
1000 1732 1375 1800 invenienda,
1392 1735 1664 1795 tenenda,
1685 1747 1801 1786 cer-

127 1820 334 1889 nenda,
371 1822 659 1892 amanda,
692 1838 811 1895 quo
825 1820 1066 1893 collyrio
1099 1820 1251 1876 oculi
1273 1820 1660 1892 inunguendi,
1685 1834 1799 1891 quo

126 1909 269 1965 bono
283 1927 366 1965 an
383 1910 566 1966 noxio
579 1910 818 1983 pulvere
830 1908 1247 1983 expulverandi
1258 1952 1271 1977 ,
1291 1925 1410 1982 qua
1426 1907 1799 1964 observantia

127 1998 460 2064 nutriendi,
492 2013 610 2071 qua
638 1998 870 2055 cautela
913 1999 1034 2054 sint
1079 1997 1480 2054 conservandi.
1537 1998 1797 2063 Quorum

126 2085 396 2143 omnium
433 2103 534 2143 me
579 2088 945 2160 perspiciens
990 2087 1486 2153 indoctissimum,
1536 2091 1799 2141 attamen

122 2175 234 2245 jam
251 2173 402 2232 olim
418 2175 695 2246 ejusdem
722 2174 871 2231 lucis
885 2180 1209 2232 amatorem
1223 2176 1514 2241 effectum,
1531 2172 1795 2230 libellum

129 2279 192 2320 ex
216 2263 467 2321 illorum
499 2263 676 2320 dictis
707 2264 822 2321 mei
853 2280 1035 2320 causa
1080 2265 1331 2320 condere
1386 2262 1541 2329 volui
1588 2262 1794 2331 istum,

131 2350 186 2409 in
209 2369 328 2426 quo
357 2350 516 2408 nihil
548 2367 583 2407 a
614 2350 1481 2424 memeaindustriaprolatum,
1509 2351 1571 2406 in
1589 2367 1791 2406 eorum

133 2439 583 2497 medicinalibus
614 2440 920 2496 inventum
952 2457 1326 2513 congererem
1380 2439 1793 2497 medicaminis

133 2528 477 2603 plurimum,
508 2545 617 2585 nee
645 2533 908 2585 taxarem
947 2530 1209 2603 priorum
1266 2528 1415 2585 ullos
1443 2545 1547 2601 per
1594 2545 1689 2585 me
1720 2526 1791 2583 li-

135 2618 360 2675 brorum
388 2619 545 2691 (s9h)
578 2617 929 2691 angiportus
960 2617 1232 2688 lustrare,
1265 2618 1321 2673 in
1349 2618 1569 2691 quibus
1589 2616 1698 2674 etsi
1716 2618 1789 2673 ad

137 2706 342 2779 aliquid
376 2707 571 2763 facilis
602 2707 906 2777 introitus,
937 2724 1042 2780 per
1071 2706 1243 2780 plura
1272 2706 1534 2763 difﬁcilis
1576 2706 1788 2775 exitus;

136 2792 228 2852 sed
248 2796 378 2853 illos
400 2812 510 2869 per
538 2795 740 2853 omnia
771 2812 1068 2869 sequerer,
1114 2811 1439 2868 eorumque
1483 2796 1790 2869 gressibus

137 2885 324 2941 tritum
356 2884 566 2942 callem
600 2886 969 2957 aggrederer,
1003 2885 1104 2957 qui
1124 2883 1463 2957 multigenis
1486 2884 1791 2940 scrutiniis

140 2974 343 3030 eisdem
374 2974 613 3030 diutina
640 2974 1108 3047 frequentatione
1140 2974 1482 3047 peragratis,
1510 2974 1635 3043 jam
1656 2973 1790 3027 abs-

139 3078 240 3137 que
266 3063 520 3137 alicujus
570 3061 929 3119 adminiculo
952 3063 1235 3129 ductoris,
1267 3062 1391 3119 solo
1440 3063 1661 3119 scilicet
1687 3060 1789 3134 qui

141 3168 228 3210 eos
254 3153 673 3221 circumduxit,
706 3151 1055 3219 introduxit,
1087 3155 1144 3208 et
1173 3151 1568 3224 praeterﬂuxit,
1612 3150 1788 3208 ibatis

140 3238 345 3300 lumine
390 3246 715 3316 praeeunte,
766 3240 1081 3297 comitante
1140 3244 1198 3297 et
1252 3246 1552 3313 sequente,
1602 3239 1785 3296 libero

142 3345 298 3387 cursu
328 3331 647 3388 valuerunt
673 3330 962 3388 incedere.

200 3421 286 3476 ω.
317 3421 415 3495 Egi
446 3425 654 3477 autem
683 3419 813 3485 hoc,
845 3436 962 3475 non
1013 3424 1079 3475 ut
1110 3419 1218 3475 hac
1271 3423 1393 3476 arte
1446 3418 1779 3475 doctrinam

145 3510 386 3566 conferre
415 3524 839 3584 praesumerem
890 3508 1090 3575 alicui,
1146 3508 1248 3564 sed
1282 3525 1354 3564 ne
1399 3525 1608 3564 rursus
1658 3507 1780 3563 hac

146 3597 328 3655 eadem
357 3598 663 3668 meditata,
695 3601 762 3653 ut
800 3598 929 3669 jam
983 3597 1259 3664 fecerant,
1308 3597 1784 3669 subterfugerent

149 3686 275 3742 mihi
304 3686 842 3760 (395).Nccmirum
870 3685 920 3742 si
939 3686 1590 3758 paueaeongeri,pauca
1603 3685 1783 3741 etiam

149 3772 413 3833 valuerint
441 3774 762 3842 recordari,
790 3776 1094 3833 recordata
1123 3776 1299 3831 etiam
1357 3791 1471 3830 non
1504 3774 1648 3830 adeo
1697 3772 1785 3828 di-

153 3868 286 3921 serte
309 3865 449 3923 satis
478 3864 963 3936 decussatimque
1010 3863 1275 3937 proferri,
1327 3879 1465 3919 eum
1495 3867 1553 3920 et
1598 3864 1787 3918 abun-

154 3952 341 4011 danter
365 3959 485 4012 tam
516 3970 699 4029 parvo
729 3953 1029 4011 sufficiant
1051 3952 1233 4027 operi,
1266 3951 1461 4009 desint
1484 3952 1662 4007 etiam
1685 3950 1787 4023 qui

158 4039 406 4099 solatium
437 4044 633 4100 ferant
659 4040 815 4106 libri,
847 4041 1045 4099 absint
1072 4047 1131 4099 et
1157 4040 1559 4113 colloquentes
1589 4039 1787 4111 amici,

160 4130 482 4189 obnubilans
508 4132 693 4189 etiam
724 4131 916 4205 ipsam
947 4131 1164 4188 mentis
1199 4130 1385 4186 aciem
1417 4128 1572 4185 adsit
1625 4129 1790 4185 labor

161 4214 458 4292 infortunii,
488 4220 843 4279 memoriam
863 4237 998 4285 vero
1022 4237 1238 4277 maeror
1257 4218 1632 4288 hebetaverit;
1652 4236 1788 4275 eum

164 4307 406 4379 equidem
434 4315 490 4368 et
538 4311 672 4383 ipsa
719 4310 1125 4366 obmutescere
1174 4308 1361 4365 soleat
1412 4308 1707 4375 facundia,
1739 4307 1789 4363 si

225 4413 371 4543 (393))
387 4417 734 4501 Antevicinia
764 4417 901 4471 lucis
929 4419 1072 4471 sunt
1101 4416 1370 4488 quaedam
1403 4413 1553 4471 lucis
1600 4414 1788 4484 initia,

225 4501 277 4540 ue
304 4503 334 4542 a
396 4488 565 4543 Italis
592 4486 965 4543 anrellantur
995 4488 1264 4543 barlume.

170 4498 277 4561 quis
304 4486 371 4561 ab
394 4488 565 4561 ltalis
592 4486 965 4561 appellantur
995 4486 1264 4544 barlume.

228 4556 360 4634 (39a)
391 4556 726 4634 Legendiﬁn
757 4560 1003 4634 videtur,
1035 4575 1135 4615 nec
1159 4559 1680 4634 cessaremluslrare
1696 4573 1796 4630 per

175 4639 246 4681 me
269 4629 395 4704 ullos
423 4629 749 4704 angiportm
782 4633 1050 4704 librorum
1066 4630 1348 4704 priorum,
1382 4629 1435 4683 id
1462 4633 1552 4704 est
1577 4629 1792 4702 prisco-

1907 666 2054 722 bene
2082 670 2251 722 sonet
2280 666 2339 721 in
2370 666 2619 725 cithara.
2652 666 2897 723 Advorte
2941 665 3143 740 igitur,
3202 666 3403 735 lector,
3439 668 3577 740 quis

1909 771 2002 811 me
2033 755 2105 811 ad
2137 755 2247 812 hoe
2276 755 2583 828 impulerit
2634 772 2835 829 angor,
2890 773 3017 828 quae
3064 753 3390 823 calamitas,
3446 752 3575 829 quae

1907 844 2227 900 necessitas
2260 845 2367 901 has
2410 845 2555 901 mihi
2611 845 2905 901 scribendi
2957 846 3376 901 monstraverit
3424 846 3573 902 vias.

1907 933 2104 991 Prima
2133 934 2372 1005 quidem
2418 934 2506 1006 (ut
2561 934 3002 1007 recapitulando
3060 934 3252 989 dicam
3314 934 3574 1008 planius)

1907 1039 2088 1095 causa
2120 1023 2269 1093 (397)
2299 1022 2610 1078 oblivionis
2629 1024 2969 1090 fuitmetus,
3003 1039 3119 1095 quo
3145 1028 3212 1079 ut
3240 1027 3431 1080 totum
3449 1041 3578 1080 evo-

1906 1128 2064 1166 mam
2096 1112 2258 1167 virus
2283 1112 2611 1184 grassantis
2635 1112 2865 1178 veneni,
2902 1111 3094 1178 timui,
3130 1128 3203 1166 ne.
3250 1112 3405 1168 sicut
3445 1113 3574 1183 jam

1905 1200 2238 1273 omnigenis
2265 1202 2419 1258 192
2450 1200 2724 1257 vitiorum
2750 1202 3063 1257 ruderibus
3081 1218 3425 1274 oppressus.
3452 1219 3575 1257 ma-

1903 1288 2217 1362 lorumque
2245 1290 2503 1345 tenebris
2532 1290 2803 1359 vallatus,
2838 1308 2903 1345 ac
2945 1291 3149 1345 multis
3193 1290 3569 1347 saecularium

1904 1396 2179 1434 curarum
2214 1379 2405 1435 noxiis
2436 1378 2845 1452 interpellatus
2864 1379 3246 1450 clamoribus,
3269 1379 3569 1436 oblivisce-

1904 1485 1998 1523 rer
2028 1484 2095 1524 ea
2127 1468 2385 1540 penitus,
2418 1469 2559 1523 dum
2585 1484 2677 1523 me
2709 1468 2933 1541 aliquid
2966 1486 3035 1525 ex
3064 1468 3159 1523 bis
3191 1471 3564 1525 retractando

1903 1556 2366 1628 recolerepotius
2382 1573 2444 1612 se
2464 1556 2811 1612 multimodo
2851 1557 2965 1612 sim
3001 1557 3567 1628 gavisus.Secunda,

1905 1648 1994 1709 ut,
2026 1645 2167 1717 quia
2197 1645 2284 1716 (ut
2312 1645 2454 1715 dixi)
2488 1646 2704 1700 desunt
2731 1645 2888 1713 libri,
2924 1646 3138 1701 desunt
3177 1650 3235 1701 et
3284 1647 3571 1702 confabu-

1906 1732 2097 1788 lantes
2123 1731 2286 1799 socii,
2323 1733 2486 1789 adest
2518 1733 2760 1788 tristitia
2789 1734 3154 1799 cxcrueians,
3184 1751 3399 1791 mceror
3444 1736 3571 1810 ipse

1909 1821 2179 1877 animum
2202 1821 2603 1877 indesinenter
2618 1822 3317 1891 corrodens,haberemin
3343 1825 3448 1881 boe
3471 1825 3573 1881 ali-

1910 1910 2066 1982 quod
2101 1907 2400 1977 solatium,
2436 1915 2631 1967 uterer
2650 1927 2717 1966 eo
2749 1912 2917 1983 quasi
2937 1913 3190 1985 quodam
3204 1913 3571 1988 colloquentc

1910 1999 2120 2064 amico,
2150 1999 2435 2055 refoverer
2454 2017 2521 2056 eo
2541 2001 2795 2072 quodam
2810 2000 2986 2057 veluti
3003 2001 3179 2058 socio.
3195 2003 3309 2058 Nec
3323 2009 3567 2075 questus

1908 2088 2258 2159 sum,juxta
2289 2088 2604 2154 comicum,
2659 2093 2893 2162 egomet
2922 2088 3067 2145 mihi
3116 2091 3382 2147 dicendo:
3433 2095 3567 2163 Quis

1906 2177 2055 2249 leget
2083 2176 2227 2231 hac?
2256 2193 2349 2232 me
2378 2175 2675 2245 lectorem,
2709 2194 2803 2233 me
2833 2179 3024 2251 operis
3043 2178 3415 2238 solummodo
3434 2183 3566 2254 (etsi

1903 2282 2017 2321 non
2050 2265 2323 2337 alterum)
2356 2265 2530 2322 istius
2561 2266 2921 2339 perspiciens
2941 2273 3284 2337 amatorem,
3305 2273 3565 2343 quando-

1903 2352 2141 2425 quidem
2173 2352 2304 2409 aliis
2335 2353 2594 2425 [subaudi
2623 2354 2813 2425 libris]
2846 2354 3142 2427 indigens,
3200 2356 3309 2412 hoc
3353 2357 3561 2414 saltem

1901 2442 2077 2498 solari
2111 2458 2282 2513 posse
2313 2459 2447 2498 eum
2481 2442 2579 2515 qui
2614 2441 2760 2498 mihi
2790 2441 2981 2498 inerat
3022 2443 3281 2500 viderem
3331 2445 3563 2517 legendi

1901 2547 2160 2586 amorem
2194 2531 2366 2602 (398).
2400 2530 2506 2594 Qui
2539 2529 2665 2585 vult
2692 2530 2890 2603 itaque
2922 2530 3096 2603 legat,
3134 2532 3237 2604 qui
3282 2533 3410 2588 vult
3459 2550 3560 2589 nes

1901 2618 2106 2691 gligat:
2140 2635 2233 2673 me
2266 2636 2403 2673 nam
2450 2618 2835 2691 impulsorem
2889 2635 3063 2675 nemo
3110 2621 3286 2677 dicat.
3340 2622 3410 2677 Et
3457 2622 3560 2693 qui

1901 2706 1990 2781 [f.,
2028 2707 2185 2780 quia]
2213 2707 2285 2763 ad
2315 2707 2425 2763 hoe
2453 2707 2877 2780 tempuspaulo
2891 2710 3193 2765 vacantius
3212 2727 3387 2783 quam
3401 2710 3558 2767 volui

1901 2796 2110 2867 reperi,
2144 2786 2204 2850 in
2236 2796 2677 2868 praefationibus
2710 2798 2856 2869 (399)
2891 2797 3130 2870 quidem
3162 2817 3255 2856 me
3295 2817 3441 2872 pene
3467 2807 3560 2857 to-

1898 2888 2026 2941 tum
2058 2885 2313 2957 depinxi,
2343 2885 2760 2952 conditionem,
2793 2902 2999 2959 genus.
3035 2904 3268 2957 nomen,
3294 2892 3555 2948 officium

1900 2975 2309 3031 commissum.
2345 2975 2662 3041 fortunam,
2699 2974 2750 3031 si
2781 2974 2893 3031 dici
2924 2977 3155 3042 audeat,
3186 2978 3398 3050 ipsam,
3422 2998 3558 3053 sup-

1899 3064 2091 3137 plicia,
2126 3068 2403 3118 tortorem
2432 3062 2630 3136 ipsum
2665 3063 3024 3136 quibusdam
3054 3064 3291 3122 indiciis
3322 3068 3554 3141 scripti-

1897 3160 2030 3210 tans
2059 3169 2279 3220 meum,
2313 3156 2370 3208 et
2400 3152 2556 3224 quod
2610 3151 2692 3206 illi
2726 3157 2980 3220 maneat,
3040 3154 3154 3209 nisi
3216 3156 3551 3228 resipuerit,

1896 3242 2276 3315 supplicium,
2335 3258 2404 3296 ex
2429 3258 2567 3313 quo,
2624 3257 2786 3313 rogo,
2852 3246 3006 3296 Deus
3064 3241 3271 3298 liberet
3328 3245 3547 3315 ipsum.

1804 3317 1848 3385 C
1888 3332 2034 3389 Hinc
2062 3332 2277 3387 iterum
2309 3330 2449 3401 quid
2497 3330 2817 3403 gerendum
2870 3346 2976 3384 nec
3024 3333 3281 3402 gestum,
3313 3338 3547 3404 gestum

1888 3421 2064 3477 fuerit
2091 3436 2198 3475 nec
2249 3418 2594 3492 gerendum:
2629 3433 2758 3489 quae
2808 3433 2943 3471 cum
2985 3418 3186 3472 omnia
3234 3419 3402 3489 quasi
3433 3421 3546 3475 sub

1890 3508 2157 3583 personis
2187 3507 2459 3572 aliorum,
2493 3522 2565 3560 ne
2615 3502 2782 3560 facile
2826 3502 3060 3559 valeant
3104 3506 3411 3576 expiscari,
3462 3508 3546 3562 vi-

1891 3598 2141 3654 deantur
2170 3594 2415 3666 prolata,
2436 3592 2793 3648 mibitamen
2826 3590 2911 3647 ita
2926 3597 3065 3648 sunt
3091 3598 3308 3665 aptata,
3333 3599 3547 3652 utmox

1895 3687 2037 3742 ﬁant
2066 3688 2286 3755 aperta,
2310 3698 2444 3736 eum
2461 3680 2763 3736 obtutibus
2781 3680 2995 3736 fuerint
3010 3685 3381 3752 praesentata:
3396 3701 3551 3756 quaa-

1895 3791 2009 3847 que
2041 3772 2314 3828 universa
2344 3776 2466 3826 tam
2497 3774 2667 3825 caute
2696 3768 2956 3825 invenire
2970 3772 3181 3842 poterit
3200 3774 3551 3843 exsecuta,si

1895 3863 1989 3919 cui
2012 3862 2274 3918 studiose
2304 3859 2506 3915 eadem
2531 3857 2770 3914 libuerit
2800 3858 3033 3927 rimarc,
3054 3860 3224 3917 uthis
3249 3863 3556 3935 propalan-

1895 3954 1988 4010 dis
2020 3951 2213 4026 putari
2244 3950 2432 4023 possit
2462 3948 2755 4022 sagacitas
2785 3948 3085 4005 laborasse
3118 3957 3329 4007 nostrae
3362 3952 3554 4009 inten-

1895 4043 2073 4100 tionis
2106 4043 2165 4097 in
2197 4046 2317 4096 tam
2349 4038 2579 4113 prolixa
2606 4039 2755 4095 serie
2778 4039 3154 4111 praefationis.
3176 4043 3400 4114 Corpus
3419 4059 3558 4100 vero

1895 4138 2082 4189 totum
2099 4129 2292 4203 operis
2304 4129 2318 4182 i
2330 4134 2387 4184 ta
2403 4145 2529 4184 com
2540 4129 2763 4201 pegi,ut
2775 4129 2850 4182 ab
2862 4128 3123 4184 oratione
3137 4130 3207 4183 ad
3223 4129 3530 4187 lectionem
3542 4175 3558 4201 ,

1897 4239 1933 4279 a
1961 4221 2209 4277 lectione
2238 4217 2309 4273 ad
2356 4216 2682 4272 orationem
2733 4230 3052 4270 conversus
3105 4217 3275 4287 (400),
3323 4217 3555 4274 nullum

1898 4327 2006 4367 nec
2035 4307 2266 4364 athletae
2285 4322 2390 4361 nec
2408 4302 2739 4359 adversario
2757 4301 3101 4369 colludium,
3117 4301 3340 4358 nullam
3367 4304 3560 4360 indul-

1973 4417 2119 4487 (395)
2148 4414 2207 4469 ld
2240 4417 2347 4481 est,
2382 4427 2453 4465 ne
2485 4409 2956 4481 subterfugerent
2980 4406 3145 4474 mihi,
3180 4410 3389 4481 utjam
3422 4411 3558 4468 sub-

1902 4489 2284 4555 terfugerant.

1976 4551 2123 4628 (390)
2157 4556 2306 4612 Male
2336 4554 2395 4609 in
2424 4551 2675 4623 vulgatis
2705 4568 2851 4628 ergo.
2884 4551 3106 4628 Sensus
3139 4556 3246 4608 est:
3282 4554 3557 4628 facundia

1902 4622 2050 4687 solet
2080 4622 2502 4693 obmutescere,
2618 4622 2933 4697 quisaager
2949 4622 3040 4679 sui
3071 4639 3312 4696 compos
3343 4625 3421 4681 sit
3443 4626 3556 4682 Ra-

176 4710 285 4754 rum
313 4694 623 4785 librorum,
648 4720 764 4785 quo
796 4694 1244 4785 nominelibros
1274 4694 1340 4758 et
1361 4694 1685 4785 scripto-res.
1708 4718 1793 4783 sa-
1822 4694 1868 4757 D
1897 4702 2123 4785 theri‘us
2150 4705 2342 4754 autem
2378 4698 2449 4752 ob
2482 4694 2867 4785 calamitates,
2901 4711 3048 4766 quas
3089 4694 3443 4771 patiebatur,
3495 4716 3559 4756 se

177 4780 285 4855 eros
299 4775 560 4855 superius
590 4772 940 4855 designavit;
992 4772 1096 4855 bis
1133 4772 1309 4855 enim
1336 4772 1589 4855 maxime
1619 4772 1795 4855 libris

180 4844 492 4922 cqnveniunt
518 4844 852 4922 sequentia:
885 4848 958 4922 In_
977 4847 1177 4922 quiens
1205 4845 1314 4922 etsi
1348 4845 1419 4899 ad
1446 4844 1672 4922 alipuid
1707 4845 1793 4922 [q-

180 4910 578 4992 inlfoitus,
605 4910 709 4990 per
731 4918 901 4989 plura
924 4910 1173 4992 difﬁcilis
1200 4917 1407 4972 exitus:
1438 4931 1505 4992 ac
1527 4910 1796 4988 'proinde

184 4979 337 5039 addit:
364 4985 460 5043 Sed
488 4979 619 5045 illos
640 4979 898 5059 (sanctos
926 4979 1146 5057 Patres)
1174 5004 1276 5058 per
1303 4988 1493 5059 omnia
1522 4979 1794 5059 sZ'querer,

184 5062 440 5131 αφ’-ψηφιεῖ
465 5057 744 5128 gressibus
790 5063 985 5117 tritum
1027 5057 1225 5115 callem
1282 5057 1645 5131 aggrederer;
1704 5059 1800 5130 qui

184 5122 613 5215 fﬂqﬂpriseis,
629 5148 732 5189 seu
751 5132 1189 5215 Scripturarum
1215 5122 1561 5215 angiportis)
1577 5122 1799 5213 diutina

186 5192 581 5276 Ῑζειιυειίίᾳζίοηε
599 5192 943 5276 peragratis,
979 5192 1328 5276 multigenis”
1347 5192 1653 5276 scrutiniis,
1676 5203 1802 5276 jam

188 5264 358 5350 gbsque
384 5273 490 5329 ullo
516 5264 859 5350 αιιίηίηίὲιιιρ
909 5264 1169 5350 ductoris".
1224 5272 1381 5350 δοιομ
1415 5312 1428 5327 -
1564 5314 1577 5328 -
1621 5264 1796 5350 Ῑοῖιέίε

192 5330 370 5416 ζυηίίηθ
390 5330 687 5415 praeeunte,
714 5348 1028 5412 comitante,
1062 5349 1113 5400 el
1136 5330 1393 5416 sequente
1410 5330 1701 5399 valuerunt
1718 5345 1800 5397 in-

190 5405 346 5491 ςεάειζε
367 5405 517 5472 cursu
541 5405 733 5491 libero.
760 5417 985 5473 Insistit
1014 5405 1301 5491 allegoriae
1330 5416 1653 5491 labyrinlhi,
1682 5431 1798 5491 quo

192 5486 394 5562 Ilomi'ne
407 5501 599 5562 sacras
611 5490 735 5546 Scri
746 5493 845 5562 ptu
855 5506 949 5544 ras
965 5488 1035 5543 ad
1043 5494 1098 5543 te
1111 5486 1495 5562 appellaverat
1509 5503 1522 5542 :
1536 5486 1803 5562 Labyrin-

315 5550 711 5632 Scjriplurarum
738 5550 920 5617 adhuc
937 5550 1383 5632 perinoééressilg
1388 5559 1426 5612 il
1434 5560 1479 5613 is
1495 5550 1672 5613 mihi:
1689 5561 1804 5632 liu-

189 5612 272 5705 j-us
297 5612 476 5705 autem
1354 5612 1647 5705 ﬂesuosas
1657 5612 1801 5697 vias,

196 5698 408 5772 ‘lﬁlrgm
435 5698 620 5772 facilis
653 5698 1019 5772 introitusfel
1055 5700 1315 5757 difficilis
1330 5705 1419 5757 est
1436 5699 1646 5768 exitus,
1668 5718 1802 5755 sau~

201 5762 287 5819 etis
312 5763 559 5832 Patribus
587 5762 948 5833 ductoribus
962 5772 1074 5833 sibi
1104 5772 1444 5831 lustrandas
1476 5762 1806 5846 proposuit.

1902 4773 2080 4829 veluti
2116 4787 2336 4841 aegrum
2369 4769 2619 4841 praffert.

1976 4844 2125 4916 (397)
2157 4837 2347 4897 Prima
2371 4837 2603 4916 scilicet
2630 4854 2817 4916 causa,
2851 4854 2957 4893 cur
2984 4837 3093 4895 hoc
3126 4856 3275 4916 ορρε
3304 4840 3559 4916 εονίρεθ,

1904 4910 2004 4986 rit,
2037 4916 2146 4970 fuit
2176 4919 2372 4969 metus
2403 4910 2733 4979 oblivionis,
2760 4915 2825 4965 ut
2855 4927 2925 4965 ex
2953 4910 3337 4982 sequentibus
3364 4910 3561 4983 palam

1907 4990 2024 5044 fiet.
3052 5032 3068 5041 _

1980 5060 2129 5130 (3“8)
2162 5057 2220 5113 Id
2255 5059 2368 5112 est:
2398 5055 2505 5130 Nec
2525 5060 2751 5130 questus,
2768 5069 2911 5130 sum.
2945 5096 2957 5108 .
2999 5094 3060 5130 ,η
3099 5096 3111 5109 .
3126 5054 3465 5126 perspiciens
3480 5072 3564 5112 me

1910 5124 2184 5186 lectorem.
2217 5144 2304 5182 me
2332 5124 2807 5251 solummodo
2835 5140 2946 5180 non
2974 5124 3566 5193 alterumIamalorem

1910 5204 2088 5251 oneris
2116 5202 2300 5251 istius:
2344 5196 2659 5251 ouandouui
2831 5196 3085 5251 indigens
3132 5198 3264 5251 aliis
3321 5199 3566 5251 (scilicet

1908 5204 2088 5272 aperis
2116 5202 2300 5272 istius:
2344 5196 2782 5272 quandoquidem
2831 5196 3095 5272 indigens
3132 5198 3264 5272 aliis
3321 5199 3567 5269 (scilicet

1907 5269 2086 5345 libris)
2132 5269 2603 5345 viderentsallem
2657 5269 2755 5345 hoc
2808 5269 3186 5345 op_ei'e_solari
3234 5286 3386 5345 posse
3439 5286 3568 5325 eum

1907 5339 2147 5401 umorem
2176 5342 2409 5411 legendi.
2444 5342 2549 5413 qui
2571 5342 2751 5413 inerat
2780 5340 2939 5413 mihi.
2974 5339 3112 5395 Post
3142 5339 3427 5396 nonnulla
3459 5356 3564 5412 pro

1910 5417 2194 5473 vacantius
2230 5410 2506 5468 mendose
2538 5412 2596 5466 in
2628 5410 2880 5484 vulgatis
2905 5415 3034 5484 erat
3062 5414 3365 5484 vacantius.

1982 5488 2131 5557 (399)
2164 5485 2522 5557 Prwfalioues
2549 5486 2716 5538 vocat
2735 5481 2870 5538 tum
2904 5481 3019 5551 hic,
3052 5486 3178 5538 tum
3211 5481 3347 5538 alibi
3393 5481 3566 5536 hosce

1911 5554 2368 5632 praeloquiorum
2400 5554 2602 5632 libros.

1985 5623 2133 5699 (400)
2162 5626 2311 5683 Male
2341 5626 2400 5699 in
2456 5623 2717 5699 vulgatis
2764 5638 3102 5699 conversum.
3156 5623 3340 5699 Voces
3398 5633 3568 5690 ροισι-ο

1913 5694 2181 5757 orationis
2228 5703 2285 5755 et
2338 5694 2589 5753 lectionis
2647 5694 2925 5767 peculiari
2954 5700 3012 5750 et
3059 5694 3341 5767 inusitato
3392 5703 3569 5767 sensu

1915 5771 2145 5844 accipit.
2181 5770 2436 5840 Utraque
2466 5757 2796 5825 enim-voce
2844 5765 2951 5821 hos
3004 5763 3456 5837 prmloquiorum
3501 5757 3571 5811 li-
