3936 6420
311 403 434 491 sis

1287 401 1665 499 RATHERII
1706 398 1949 465 EPISG.
1994 397 2289 464 VERON.
2333 398 2507 463 OPP.
2549 397 2753 464 PARS
2794 396 2846 463 Ῑ.

3622 391 3771 456 3M

312 514 490 599 serim
512 556 929 615 pausam,eum
943 538 1163 597 orando
1178 539 1287 596 iste
1301 542 1543 612 pugnet,
1563 536 1960 609 illeexpugne-
1990 534 2046 603 Α
2074 532 2207 591 leat.
2240 533 2436 590 Potest
2463 538 2585 602 tua,
2633 532 2729 592 cui
2760 528 2961 590 omnia
3001 527 3081 589 ad
3111 530 3325 588 nutum
3384 528 3766 602 suppetunt,

312 632 431 698 tur;
456 631 701 703 legendo
720 630 827 686 iste
844 630 1157 698 animetur,
1177 629 1275 685 ille
1294 630 1645 701 increpetur;
1666 626 1724 681 in
1739 642 1856 681 uno
1874 624 1970 681 isti

313 720 560 776 virtutes
592 726 944 784 accrescant,
976 719 1062 774 illi
1093 719 1243 774 vires
1274 717 1569 784 deﬁciant;
1590 715 1647 770 in
1681 713 1971 770 alteroisti

320 809 633 865 consilium
665 809 853 876 detur,
888 808 970 863 illi
1004 825 1180 880 pavor
1209 807 1512 862 inferatur.
1560 805 1661 860 llis
1723 819 1860 875 ergo
1892 802 1974 858 ita

321 914 384 954 se
413 897 784 963 habentibus,
816 897 1045 952 videtur
1077 896 1313 968 quidem
1347 893 1624 966 prologus
1650 909 1797 964 pene
1817 895 1975 947 totus

322 1004 451 1043 esse
480 1003 667 1054 meus,
700 986 760 1041 in
787 1003 903 1058 quo
934 990 991 1042 et
1039 1003 1107 1041 ex
1139 1002 1265 1040 meo
1316 984 1506 1057 plura,
1559 982 1693 1037 licet
1739 982 1811 1037 ab
1845 980 1975 1036 aliis

320 1077 476 1132 I93
506 1074 802 1149 explorata
831 1076 979 1145 (401)
1012 1091 1227 1147 ponere
1258 1090 1392 1129 sum
1429 1088 1631 1128 ausus.
1679 1070 1975 1143 Agonisti-

321 1182 427 1221 ous
452 1181 584 1221 vero
611 1165 736 1237 ipse
764 1164 1096 1220 communis
1127 1163 1395 1218 omnium
1424 1159 1729 1217 luctamini
1765 1174 1977 1214 manus

324 1254 617 1321 dantium,
648 1254 803 1310 unde
833 1253 913 1308 nil
944 1253 1026 1307 ibi
1054 1256 1265 1325 praeter
1294 1250 1715 1307 connexionem
1765 1246 1976 1319 ipsam,

326 1347 403 1410 et,
439 1347 505 1397 ut
534 1343 616 1398 ita
644 1341 870 1414 loquar,
900 1342 1085 1397 nodos
1108 1341 1509 1397 membrorum
1542 1336 1802 1393 invenies
1829 1351 1982 1390 meo-

327 1448 483 1499 rum;
514 1431 614 1486 sed
648 1430 940 1486 orationes
989 1429 1227 1501 quidem
1269 1446 1303 1483 a
1348 1426 1555 1483 multis
1604 1423 1978 1496 compositas,

327 1518 597 1592 quamvis
629 1522 685 1574 et
714 1537 746 1574 a
777 1519 941 1574 mein
968 1518 1113 1590 ipsis
1136 1516 1321 1572 initiis
1339 1515 1567 1588 aliquas
1588 1512 1982 1585 interpositas,

326 1624 474 1680 quas
506 1606 735 1679 negotio
767 1607 1036 1679 praesenti
1060 1605 1321 1678 judicavi
1354 1620 1662 1675 congruas,
1707 1601 1984 1656 lectiones

324 1714 460 1752 vero
493 1714 562 1752 ex
593 1700 934 1752 sanctorum
968 1695 1135 1750 libris
1167 1697 1490 1765 excerptas.
1549 1690 1849 1757 Quomodo
1882 1706 1984 1744 au-

326 1788 444 1842 tem
477 1786 607 1858 ipsa
636 1785 918 1857 prazi‘atio,
980 1785 1123 1839 dum
1155 1781 1412 1855 expediri
1462 1796 1591 1836 eam
1642 1778 1983 1836 succinctis-

328 1874 478 1931 sime
506 1873 811 1938 voluerim,
841 1878 963 1928 tam
1007 1873 1249 1943 longum
1298 1870 1611 1925 verborum
1662 1866 1985 1923 obtinuerit

326 1967 602 2032 tractum,
636 1963 851 2034 partim
884 1962 1076 2017 adhuc
1106 1966 1163 2015 et
1194 1959 1341 2015 mihi
1365 1962 1563 2014 manet
1590 1958 1980 2030 incognitum;

330 2055 618 2124 quantum
650 2055 844 2106 autem
879 2054 970 2105 est
1017 2053 1379 2122 perceptum,
1435 2046 1622 2104 altum
1682 2049 1745 2118 [f.
1779 2045 1985 2118 alium]

333 2141 565 2197 dicendi
595 2143 821 2211 spectat
850 2138 1068 2194 locum:
1102 2137 1395 2209 siquidem
1448 2135 1641 2190 adhuc
1673 2138 1762 2189 est
1800 2134 1986 2189 ambi-

329 2245 516 2302 guum
546 2228 713 2300 ([102),
748 2243 925 2299 quem
956 2226 1111 2281 Deus
1128 2222 1266 2279 velit
1288 2228 1351 2278 ut
1368 2240 1546 2279 causa
1572 2226 1774 2294 vergat
1793 2221 1851 2277 in
1870 2222 1987 2276 exi-

330 2322 481 2372 tum.
515 2317 625 2371 Sed
653 2315 957 2387 rogointcr
980 2312 1557 2383 hazc,benigneJcsu,
1582 2310 1985 2379 veniam,dum

334 2404 702 2462 incessanter
731 2409 784 2459 te
812 2420 926 2459 non
958 2402 1265 2475 ignorante
1295 2399 1574 2456 contraho
1607 2417 1838 2456 noxam.
1878 2397 1992 2454 Cur

337 2495 494 2551 enim
525 2494 637 2550 ista
669 2492 1073 2566 praamiserim,
1107 2491 1308 2546 videor
1339 2489 1483 2545 mihi
1512 2507 1580 2545 ex
1610 2494 1773 2561 parte
1818 2488 1987 2556 scire;

338 2589 543 2640 utrum
576 2588 771 2639 autem
803 2584 910 2637 rite
942 2579 1347 2654 prazmiserim,
1381 2596 1514 2634 cum
1547 2583 1604 2634 et
1633 2578 1691 2633 in
1722 2577 1992 2650 pluribus

336 2672 435 2728 vix
461 2672 687 2728 valeam
718 2670 1233 2743 comprehendere,
1270 2668 1327 2723 in
1362 2667 1663 2723 nonnullis
1713 2667 1994 2722 confiteor

340 2778 434 2817 me
466 2760 599 2833 poni
610 2766 701 2815 tus
718 2760 964 2815 nescire.
982 2758 1109 2813 Rite
1121 2762 1208 2813 est
1226 2762 1420 2812 autem
1434 2774 1606 2812 omne
1627 2756 1782 2829 quod
1804 2755 1995 2811 humi-

337 2848 473 2904 liter
499 2848 790 2920 prolatum
825 2865 939 2904 non
970 2847 1240 2902 dissonat
1271 2846 1342 2901 ab
1375 2844 1735 2913 omnimoda,
1769 2862 1896 2917 quae
1928 2848 1991 2900 tu

340 2955 425 3003 es,
457 2938 717 2992 veritate.
752 2937 811 2991 Si
870 2936 1009 3008 quid
1043 2951 1179 3007 ergo
1244 2934 1350 2991 rite
1380 2938 1468 2990 cst
1521 2933 1763 3000 dictum,
1826 2932 1992 3001 mihi,

348 3024 614 3092 Domine,
649 3040 787 3095 rogo
820 3027 883 3079 ut
910 3021 1193 3095 proficiat:
1223 3022 1272 3076 si
1322 3020 1460 3093 quid
1494 3038 1635 3077 sane
1683 3022 1992 3089 absonum,

345 3118 449 3169 tua
477 3130 673 3186 quaso
705 3111 1309 3184 clementiaignoscat,
1326 3115 1543 3182 tuaque
1559 3111 1840 3183 majestas
1857 3127 1997 3165 con-

346 3203 535 3270 cedat,
569 3205 635 3257 ut
659 3201 845 3256 hmcce
877 3200 1092 3273 aliquis
1124 3198 1335 3255 melius
1358 3216 1536 3271 quam
1567 3216 1673 3273 ego
1703 3200 1894 3255 adhuc
1916 3200 1999 3254 in-

342 3290 613 3363 telligens
631 3290 901 3362 corrigat,
937 3306 1108 3344 nemo
1139 3305 1272 3345 vero
1302 3292 1659 3361 corrumpat,
1695 3306 1864 3344 nemo
1894 3288 1995 3344 de-
2025 3274 2068 3341 C

340 3450 478 3506 bros
508 3448 621 3505 ista
662 3448 894 3504 videtur
925 3449 1193 3515 innuere,
1224 3452 1290 3502 ut
1319 3448 1584 3503 orationis
1644 3450 1879 3503 nomine
1927 3466 1994 3504 ea

343 3522 470 3593 loca
501 3521 807 3593 signiticet,
841 3537 969 3592 quas
1001 3520 1125 3592 ipse
1155 3538 1224 3576 ex
1256 3519 1464 3575 alienis
1496 3520 1819 3593 sententiis
1856 3520 1994 3575 hinc

340 3592 475 3647 inde
507 3592 793 3663 excerptis
824 3593 1140 3657 contexuit;
1175 3593 1423 3647 lectionis
1474 3609 1608 3647 vero
1662 3592 1903 3647 nomine
1936 3596 1995 3647 et

340 3664 657 3747 prolixiora
680 3668 923 3747 Pal-rum
957 3664 1311 3747 testimonia,
1347 3680 1474 3735 qum
1505 3663 1747 3747 totidem
1798 3663 1993 3719 verbis

339 3735 608 3817 inseruit.
642 3736 974 3817 ‘Lectionem
1001 3735 1254 3815 quidem
1306 3739 1651 3817 usurpatam
1702 3752 1805 3817 pro
1854 3760 1992 3817 περι-

342 3817 485 3875 ιωπῇ
540 3809 739 3875 textu,
782 3804 1150 3875 allegatione,
1199 3804 1566 3869 auctoritate,
1628 3804 1989 3871 testimonio,

344 3874 599 3931 sectione
630 3874 1020 3944 undecunque
1050 3876 1342 3945 decerpta,
1369 3892 1496 3945 quae
1529 3876 1990 3943 adducebantur,

343 3953 401 4002 et
431 3945 826 4000 recitabantur
856 3944 912 3997 in
938 3945 1202 4015 judiciis,
1229 3944 1512 4015 scriptis,
1546 3950 1601 4001 et
1631 3945 1687 3999 in
1743 3945 1996 4001 Ecclesia

345 4014 1258 4098 quoque,JacobusGothofredus
1283 4014 1995 4098 plu’ribusexempli'spro-

342 4085 442 4143 bat
470 4085 528 4141 in
561 4086 980 4143 commentario
1010 4086 1083 4141 ad
1116 4085 1301 4156 legem
1321 4085 1550 4140 unicam
1569 4085 1785 4142 codicis
1811 4085 1993 4143 Theo-

343 4158 570 4214 dosiani
601 4159 674 4213 De
716 4159 986 4229 responsis
1031 4158 1381 4230 prudentum,
1444 4158 1867 4230 conﬁrmatque
1916 4159 1989 4214 ad

339 4230 531 4304 legem
562 4246 775 4304 nonam
795 4230 879 4304 lle
906 4228 1254 4304 inﬁrmandis
1274 4229 1369 4304 liis
1396 4243 1522 4299 qua:
1562 4232 1663 4284 sub
1709 4228 1984 4304 tyrannis.

341 4298 620 4383 Eamdem
652 4298 1143 4383 signiﬁcationem
1180 4304 1243 4383 ut
1270 4298 1413 4353 huic
1451 4298 1987 4383 quoquenlfta'therii

337 4374 520 4447 textui
548 4371 957 4447 7_applicemus_
995 4371 1245 4447 suadent
1300 4371 1622 4447 sequentia:
1681 4374 1772 4428 Nil
1795 4374 1873 4429 ibi
1904 4373 1987 4445 (in

340 4444 449 4500 boc
477 4442 699 4500 scilicet
720 4460 891 4515 opere
926 4442 1404 4515 Przeloqniorum)
1440 4448 1653 4515 Praeter
1691 4442 1984 4500 connexio-

336 4532 465 4570 ncm
494 4518 690 4585 ipsum,
726 4511 796 4578 et,
831 4522 890 4568 ut
920 4516 998 4585 ita
1029 4511 1241 4582 loquar,
1290 4511 1456 4567 nodos
1498 4514 1859 4571 membrorum
1892 4519 1985 4572 in-

337 4584 521 4640 venies
547 4601 814 4647 meorum,-
844 4584 937 4638 sel
983 4586 1254 4638 orationes
1293 4585 1511 4653 quidem
1542 4602 1575 4639 a
1604 4588 1791 4641 multis
1844 4604 1985 4642 com-

2081 624 2362 694 majestas
2386 621 3121 696 efﬁcere(quandoquidem
3152 620 3308 678 194
3326 618 3486 675 idem
3515 621 3615 673 est
3640 616 3772 673 tibi

2080 710 2227 767 velle
2260 713 2416 783 quod
2448 729 2638 784 agere,
2665 727 2835 784 posse
2864 711 3020 784 quod
3060 710 3214 781 esse)
3261 712 3329 765 ut
3357 706 3483 764 haec
3532 705 3773 762 eadem

2082 799 2254 856 alicui
2286 801 2585 873 contingat
2614 801 2912 873 prodesse,
2948 799 3048 872 qui
3072 815 3176 873 pro
3205 812 3301 854 me
3329 795 3689 853 miserrimo
3711 798 3778 852 te

2081 889 2220 945 velit
2250 907 2505 960 exorare,
2539 906 2715 962 quem
2746 895 2809 945 tu
2840 888 3108 962 piissime
3135 886 3396 960 digneris
3440 883 3776 952 exaudire,

2085 978 2255 1050 eique
2285 979 2470 1034 vicem
2501 994 2606 1050 pro
2630 978 2909 1035 beneﬁcio
2941 975 3174 1033 referre.
3205 977 3414 1032 Amen.

2086 1138 2186 1193 Hic
2201 1137 2514 1210 ponendum
2559 1136 2702 1211 quod
2738 1136 3307 1211 promisimuslltoa).
3361 1134 3510 1193 beati
3559 1134 3772 1208 Augu-

2478 1209 2614 1266 stini
2632 1209 2696 1266 de
2726 1209 2972 1267 utilitate
2998 1209 3340 1282 vigiliarum.

2162 1370 2346 1442 Igitur
2375 1370 2514 1443 quia
2544 1376 2767 1443 quanta
2797 1370 2875 1427 sit
2904 1371 3133 1428 utilitas
3154 1369 3512 1445 vigiliarum,
3535 1372 3600 1426 et
3627 1368 3777 1427 istis

2092 1462 2150 1514 et
2182 1459 2382 1515 multis
2416 1459 2667 1523 aliorum
2698 1461 3029 1527 doctorum,
3067 1461 3310 1533 insuper
3337 1463 3395 1516 et
3426 1458 3778 1515 multidicis
3864 1484 3869 1487 ·

2094 1553 2306 1603 sanctae
2340 1549 2578 1621 Scripta:
2619 1550 2900 1605 docemur
2941 1548 3318 1614 testimoniis,
3363 1548 3779 1605 admonemus

2093 1636 2522 1709 olympionicen
2580 1639 2733 1707 (4011)
2784 1642 3077 1703 nostrum,
3127 1642 3194 1693 ut
3227 1637 3367 1710 quia
3422 1636 3780 1710 singulares

2094 1725 2388 1792 excubias,
2424 1726 2638 1798 quibus
2686 1732 2882 1783 castra
2930 1743 3172 1782 suarum
3214 1726 3503 1782 virtutum
3555 1732 3780 1781 contra

2098 1814 2450 1886 multiplices
2465 1816 2593 1885 ejus
2606 1816 2849 1871 insidias
2865 1814 3421 1888 pervigilantissime
3436 1814 3775 1881 custodiat,

2013 1905 2061 1969 B
2091 1919 2155 1958 se
2184 1903 2405 1957 noverit
2425 1905 2663 1975 aggredi
2680 1905 2910 1960 debere.
2931 1903 3248 1961 Prmveniat
3277 1902 3477 1975 itaque
3502 1901 3775 1959 aliorum

2093 1990 2323 2063 vigilias
2354 1992 2549 2047 studio
2571 1993 2826 2048 adeundi
2859 1992 3305 2061 certaminis,ne
3336 2006 3404 2047 eo
3425 1990 3779 2048 dormiente

2097 2078 2455 2152 improvisus
2504 2081 2687 2137 irruat
2735 2080 2941 2143 hostis,
2986 2097 3052 2137 eo
3085 2080 3307 2137 scilicet
3352 2079 3578 2150 saevior,
3644 2096 3777 2152 quo

2098 2169 2323 2241 pridem
2352 2169 2543 2225 victus
2572 2170 2972 2226 verecundior.
3006 2168 3113 2225 Ubi
3144 2169 3343 2241 itaque
3372 2168 3575 2225 oculos
3618 2186 3777 2242 ape-

2097 2257 2299 2321 ruerit,
2357 2275 2564 2314 nemor
2621 2258 3031 2331 praecipientis:
3105 2259 3343 2329 Incipite
3404 2258 3641 2314 Domino
3707 2259 3778 2313 in

2098 2350 2435 2418 confessione
2464 2348 2635 2414 (Psal.
2667 2364 2851 2413 cxnvr,
2892 2350 2969 2414 7i;
3023 2345 3407 2403 reminiscens
3452 2345 3633 2401 etiam
3671 2346 3778 2401 be-

2101 2437 2443 2491 neﬁciorum
2470 2438 2601 2507 ejus
2630 2435 3135 2501 inumerabilium,
3187 2434 3297 2490 hoc
3343 2433 3501 2490 illico
3553 2440 3780 2490 contra

2100 2524 2406 2580 inimicum
2431 2525 2763 2599 intorqueat
2791 2524 2997 2589 telum,
3030 2523 3187 2596 quod
3219 2527 3277 2579 et
3324 2522 3440 2580 sibi
3489 2522 3568 2578 sit
3596 2524 3776 2580 omni

2102 2613 2302 2686 clypeo
2333 2615 2522 2670 tutius
2549 2612 3015 2669 defensaculum.
3708 2616 3713 2620 ’

2102 2747 2341 2819 Explirit
2397 2748 2535 2803 libcr
2580 2755 2766 2803 sextus
2813 2746 3251 2819 Prwloquiorum
3297 2745 3575 2819 Ratheriig
3602 2748 3771 2803 Vero-

2172 2817 2629 2944 nenszshquidem
2690 2819 2942 2875 Ecclesiw
3002 2817 3255 2891 episcopi,
3289 2817 3381 2873 sed
3438 2817 3774 2875 Laubiensis

2173 2907 2369 2946 monac
2408 2907 2448 2946 ι.

2177 3024 2283 3090 Qui
2310 3024 2555 3096 coepisse
2584 3022 2800 3079 librum
2833 3022 3098 3090 dederas,
3133 3021 3301 3079 linire
3324 3021 3578 3092 dedisti,‘

2248 3112 2684 3187 Cunctipotens,
2717 3111 2938 3169 famulo
2965 3112 3160 3169 dando
3193 3115 3401 3184 rogata
3431 3115 3561 3168 tuo.

2178 3202 2341 3258 Hunc
2372 3219 2477 3275 ego
2508 3200 2820 3259 Ratberius
2850 3217 2955 3273 pro
2985 3204 3040 3256 te
3073 3201 3215 3273 quia
3242 3201 3393 3257 ferre
3424 3198 3717 3259 laborem.

2248 3290 2508 3363 Suscepi,
2540 3291 2755 3363 probra
2784 3289 2965 3359 dilue,
2990 3289 3220 3346 Christe
3251 3305 3402 3346 mea.
3490 3308 3495 3317 ’

2103 3470 2207 3525 pro
2238 3453 2449 3525 cmplico
2480 3468 2514 3505 a
2544 3450 2816 3508 Ratherio
2843 3453 3171 3525 usurpatur
3201 3447 3451 3523 epistola
3481 3452 3766 3521 secunda,

2103 3524 2169 3580 ut
2197 3524 2420 3595 patebit
2448 3539 2518 3578 ex
2549 3528 2670 3578 not.
2894 3593 2931 3595 __
2979 3524 3009 3595 _'
3274 3594 3279 3595 γ
3460 3594 3465 3595 7
3630 3594 3633 3595 ν
3738 3535 3745 3539 η

2171 3593 2322 3720 ἕῐιο2)
2355 3595 2499 3650 Cum
2529 3595 2849 3662 ambiguum
2876 3593 3038 3661 dicit,
3071 3609 3230 3674 qacm
3258 3594 3320 3648 in
3372 3594 3588 3649 exitum
3616 3594 3762 3651 om

2194 3669 2322 3720 αλιι
2349 3682 2516 3720 causa
2539 3673 2744 3720 veroat:
2764 3681 2944 3719 cauam
2967 3681 3203 3720 nomine
3233 3680 3401 3720 suam
3432 3681 3758 3720 aerumnam

2104 3664 2322 3733 velit,ut
2349 3682 2516 3720 causa
2539 3673 2744 3734 vergat;
2764 3681 2944 3719 causa:
2967 3664 3203 3720 nomine
3233 3680 3401 3720 suam
3432 3681 3758 3721 aerumnam

2104 3743 2161 3793 et
2192 3753 2482 3817 carcerem
2502 3736 2760 3792 indicare
2776 3736 3026 3817 videtur;
3048 3736 3266 3817 quippe
3295 3737 3452 3817 quod
3476 3753 3614 3792 cum
3637 3737 3758 3803 haec

2104 3809 2404 3876 scriberet,
2440 3825 2557 3863 suaa
2588 3824 2777 3863 causa;
2807 3808 3028 3880 exitum
3062 3806 3375 3879 ignoraret.
3401 3806 3567 3863 Hunc
3586 3825 3756 3880 porro

2104 3897 2343 3934 sensum
2376 3896 2506 3951 esse
2536 3884 2836 3951 putamus.
2869 3879 3754 3951 Qua‘ntumgautemperoe’ptum

2102 3956 2211 4015 est,
2244 3967 2350 4006 cur
2379 3950 2439 4005 hi
2472 3948 2605 4006 libri
2638 3955 2758 4005 tam
2790 3949 3005 4021 prolixi
3038 3949 3294 4021 fuerint,
3327 3948 3510 4005 alium
3558 3948 3754 4021 locum

2102 4026 2343 4093 spectat,
2378 4021 2556 4093 idest
2608 4019 2924 4093 exspectat,
2986 4036 3122 4076 cum
3173 4019 3395 4093 scilicet
3443 4020 3755 4093 Ratherius

2100 4090 2328 4165 carcere
2360 4092 2610 4159 solutus,
2642 4090 2882 4148 liberius
2904 4108 3081 4148 suum
3112 4090 3428 4147 consilium
3466 4091 3753 4165 explicare

2141 4164 2332 4219 otcrit.

2098 4180 2514 4305 ΡΟἶὲὣῗἨυοο
2547 4239 2771 4290 textum
2802 4234 2860 4288 in
2911 4232 3227 4305 Augustini
3276 4231 3451 4289 editis
3500 4232 3750 4305 reperire

2098 4303 2213 4361 non
2246 4303 2429 4369 licuit.
2466 4306 2606 4361 Esse
2637 4313 2833 4361 tamen
2863 4322 2933 4360 ex
2961 4303 3158 4376 aliquo
3183 4319 3453 4376 sermone
3485 4303 3746 4376 ejusdem

2096 4377 2154 4432 S.
2189 4377 2466 4445 doctoris,
2487 4376 2585 4448 qui
2605 4377 2990 4447 desideratur,
3009 4374 3218 4432 suadet
3234 4374 3402 4448 lectio
3420 4374 3545 4448 psal
3563 4390 3747 4442 cxcvr,

2094 4466 2242 4504 vers.
2273 4452 2328 4504 7:
2387 4447 2615 4520 Incipite
2672 4449 2905 4520 Domino,
2957 4449 3019 4520 in
3074 4447 3437 4518 confessione,
3471 4462 3617 4520 qua
3653 4451 3750 4520 ter

2095 4519 2249 4592 apud
2282 4516 2555 4575 eumdem
2586 4519 2819 4590 legitur,
2855 4518 3135 4592 nimirum
3174 4516 3347 4573 tract.
3375 4520 3433 4592 li,
3468 4516 3528 4572 in
3577 4516 3745 4590 epist.

2092 4589 2358 4653 Joannis.
2392 4609 2448 4645 n.
2482 4593 2535 4657 3,
2570 4589 2745 4645 scrin.
2782 4590 2912 4655 1,in
2930 4608 3018 4661 ps.
3049 4606 3243 4662 cur,n.
3271 4589 3743 4662 li.etinpscxt.w,

337 4657 565 4743 positas...
591 4640 842 4726 quamvis
871 4662 920 4708 el
947 4670 1112 4743 aume
1142 4657 1201 4709 in
1233 4640 1366 4743 ipsis
1410 4658 1592 4743 initiis
1641 4640 1984 4739 .aliquasin-
2020 4640 2063 4705 Π
3485 4640 3746 4734 τυᾞῖιῖᾧέ

343 4726 650 4808 impositas,
672 4742 806 4796 quas
844 4727 1057 4793 negotio
1094 4727 1359 4808 praesenti
1395 4726 1650 4808 judican
1699 4726 1990 4808 congruas;

344 4798 601 4853 lectiones
651 4812 779 4870 vero
806 4811 877 4851 ατ
913 4805 1242 4870 sanetormii
1270 4798 1427 4852 libris
1481 4808 1778 4870 excerptas.
1802 4798 1990 4857 'Certe

338 4885 473 4925 vero
505 4885 639 4924 cum
672 4885 733 4923 se
764 4867 824 4921 in
856 4883 1083 4940 carcere
1114 4868 1279 4923 libris
1310 4886 1504 4925 carere
1536 4867 1708 4940 paulo
1740 4876 1873 4926 ante
1904 4877 1986 4926 te-

341 4945 528 4996 status
553 4940 937 5015 sit,_lectione.s
969 4939 1063 4994 hic
1106 4940 1338 5013 proprio
1370 4945 1426 5015 et
1476 4939 1711 5014 vulgato
1759 4942 1987 5015 legendi

340 5028 516 5067 sensu
552 5012 818 5083 accipere
848 5026 1218 5083 nequaquam
1253 5012 1461 5083 potuit.

413 5082 562 5154 (401)
595 5081 915 5153 Explorato,
943 5081 1017 5137 id
1043 5081 1132 5138 est
1188 5081 1492 5155 explicata.
1541 5083 1780 5153 Exploro
1827 5085 1986 5141 enim

2099 4738 2199 4789 tur
2228 4733 2483 4805 enarrat}
2514 4734 2573 4789 in
2607 4749 2705 4805 ps.
2734 4750 2903 4805 vau,
2938 4750 2996 4787 ιι.
3019 4733 3110 4788 21.

2172 4805 2320 4875 (4Οἰι)
2354 4804 2500 4861 Male
2533 4800 2872 4876 in‘vulgatis
2920 4802 3406 4876 olympliionicam.
3465 4800 3747 4876 Olympio-

2097 4873 2245 4956 nices
2274 4873 2478 4956 autem
2504 4875 2600 4956 ille
2622 4873 2840 4956 dictus,
2870 4873 2984 4956 qni
3003 4873 3405 4956 in‘olympiaco
3435 4873 3746 4954 pertainine

2096 4947 2507 5019 victorevasit.
2536 4947 2639 5003 Hic
2670 4952 2866 5002 autem
2888 4944 2967 5019 de
2993 4963 3060 5004 eo
3090 4944 3326 5012 dicitur,
3350 4944 3454 5018 qui
3483 4960 3619 5003 cum
3649 4961 3747 5019 spe

2096 5001 2350 5075 victoria:
2381 5001 2761 5092 pugnaturus
2792 5001 2927 5074 est.‘
