3936 6382
123 412 246 480 849

1423 416 1526 480 DE
1572 413 1763 483 VITA
1801 409 1868 482 S.
1912 412 2295 485 URSMARI.

3447 419 3570 488 380

125 551 182 606 et
208 547 420 609 decem
467 545 942 611 hebdomadibus
990 549 1215 626 absque
1271 545 1552 610 alimonia
1588 549 1796 609 vixerit
1822 551 1878 620 Α
1903 546 3562 630 Namlicetnoveritprosalutehumanigeneristristum

125 641 320 714 panis,
347 643 424 698 ob
455 642 867 716 aegritudinem
894 642 1178 715 corporis.
1212 640 1390 698 Cibus
1419 657 1576 709 vero,
1617 656 1794 714 quem

125 729 407 786 sumebat
436 731 584 804 ipse,
619 736 740 788 tam
791 731 987 788 tenuis
1017 734 1075 787 et
1121 731 1391 786 modicus
1439 735 1582 797 erat,
1632 734 1698 786 ut
1727 745 1794 784 eo

122 819 446 876 sustentari
481 820 688 877 saltem
712 821 907 893 quiret
922 819 1230 877 hominum
1249 836 1441 886 nemo,
1477 820 1589 875 nisi
1617 819 1794 874 mira-

121 907 272 977 culo,
308 913 380 966 ut
408 913 469 966 et
496 909 643 982 ipse,
676 909 894 966 divino.
915 909 1132 967 Omnes
1154 913 1374 976 autem,
1395 908 1493 981 qui
1527 925 1659 964 eum
1676 924 1794 963 cer-

119 997 343 1054 nebant
375 1001 482 1053 aut
509 998 828 1053 audiebant
851 997 1210 1070 loquentem,
1247 997 1617 1054 mirabantur
1635 996 1790 1069 quod

117 1089 235 1141 tam
269 1086 562 1143 robustus
593 1091 748 1142 esset
783 1091 840 1142 et
886 1085 1187 1160 eloquens,
1236 1087 1459 1158 absque
1514 1086 1792 1142 alimonia

120 1174 291 1247 panis
317 1175 547 1233 vivens.
569 1177 735 1249 Aqua
761 1193 895 1232 vero
907 1177 1173 1248 ejuserat
1191 1180 1382 1248 potus,
1406 1180 1463 1230 et
1479 1174 1790 1248 aliquoties

121 1265 328 1330 sicera,
353 1269 685 1336 quatamen
701 1263 1009 1337 paululum
1025 1281 1272 1337 raroque
1287 1265 1580 1332 utebatur;
1600 1264 1791 1319 victus

120 1349 277 1409 illius
310 1351 367 1408 is
401 1357 547 1420 erat,
581 1369 755 1426 quem
788 1353 1012 1425 absque
1041 1353 1233 1409 ofﬁcio
1263 1353 1529 1408 dentium
1558 1369 1791 1409 sumere

119 1439 374 1497 valebat.
407 1442 597 1498 Tanta
627 1458 860 1514 quoque
881 1443 1011 1512 ejus
1041 1445 1164 1498 erat
1193 1441 1476 1514 patientia
1505 1441 1566 1497 in
1588 1441 1794 1512 hujus-

118 1529 276 1584 modi
294 1533 482 1602 atque
493 1529 626 1585 aliis
636 1528 1140 1593 tribulationibus,
1157 1534 1224 1585 ut
1252 1535 1452 1602 posset
1464 1529 1792 1602 comparari

126 1618 437 1691 patientiae
467 1619 580 1676 Job
609 1618 960 1687 beatissimi,
1001 1619 1100 1691 qui
1156 1635 1269 1674 non
1319 1619 1576 1691 peccavit
1619 1618 1796 1674 labiis

121 1706 270 1774 suis,
305 1724 422 1764 nec
477 1707 728 1764 stultum
757 1707 897 1779 quid
951 1713 1155 1762 contra
1203 1707 1392 1763 Deum
1437 1706 1671 1762 locutus
1702 1711 1794 1762 est

124 1795 238 1868 (Job
268 1814 312 1862 ι,
348 1796 470 1868 22).
505 1796 763 1852 Laudem
789 1813 820 1850 e
846 1799 1048 1852 contra
1077 1795 1313 1850 Domini
1344 1795 1569 1866 jugiter
1596 1795 1795 1850 conci-

121 1886 327 1952 nebat,
358 1889 542 1957 atque
575 1885 902 1940 secundum
923 1883 1270 1955 Prophetam
1293 1884 1670 1940 benedicebat
1691 1883 1796 1939 Do-

122 1975 364 2031 minum
398 1973 461 2028 in
493 1972 653 2029 omni
686 1977 970 2045 tempore,
1003 1971 1134 2028 laus
1164 1973 1294 2044 ejus
1326 1989 1560 2045 semper
1607 1973 1665 2027 in
1701 1989 1798 2028 ore

123 2063 316 2136 ipsius
350 2061 674 2117 resonabat
721 2061 890 2133 (Psal.
943 2077 1140 2128 xxvm,
1194 2062 1270 2133 2).
1320 2061 1615 2132 Conjicere
1663 2078 1798 2117 vero

125 2167 459 2224 possumus
483 2150 861 2205 veraeissime
891 2151 1044 2222 quod
1077 2150 1296 2206 viriste
1327 2151 1402 2205 do
1431 2149 1532 2206 illo
1565 2149 1798 2206 vivebat

128 2257 273 2314 pane
301 2239 414 2312 qui
448 2239 520 2294 de
552 2238 697 2293 caelo
721 2256 824 2310 pro
848 2243 1046 2294 nostra
1070 2239 1373 2294 descendit
1389 2238 1596 2294 salute.
1623 2239 1792 2306 Nam,

131 2329 281 2386 sicut
311 2328 545 2385 fuimus
577 2327 821 2399 praefati,
857 2327 940 2382 ita
971 2327 1257 2382 facundus
1289 2331 1415 2383 erat
1444 2328 1595 2383 dono
1621 2328 1793 2400 spiri-

133 2418 296 2486 tuali,
330 2421 400 2473 ut
431 2415 602 2489 quasi
623 2416 753 2472 fons
767 2416 1084 2483 fluens,aut
1101 2415 1621 2472 ﬂuviusinundans
1642 2416 1796 2472 vide-

134 2511 310 2564 retur.
345 2508 727 2577 Quzecunque
756 2521 892 2560 vero
924 2503 1279 2578 praedicabat
1325 2522 1446 2575 ore,
1495 2506 1798 2561 astruobat

137 2596 380 2665 actione,
412 2593 702 2652 validiora
730 2611 860 2650 esse
891 2595 1083 2650 sciens
1107 2593 1372 2667 exempla
1388 2610 1566 2670 quam
1596 2593 1793 2662 verba,

143 2689 196 2740 et
219 2683 354 2757 plus
385 2699 564 2758 opere
595 2684 802 2740 docere
829 2699 1006 2755 quam
1037 2699 1194 2740 voce.

204 2868 258 2924 6.
289 2865 491 2938 Operae
522 2864 779 2937 pretium
810 2881 946 2920 vero
979 2863 1100 2920 fore
1121 2863 1461 2936 judicojam
1492 2879 1649 2919 nunc
1673 2879 1800 2936 pro-

143 2955 299 3027 sequi
321 2952 474 3028 stylo
505 2969 689 3026 quam
721 2953 927 3008 efficax
955 2953 1080 3009 viro
1101 2957 1305 3008 sancto
1324 2952 1710 3008 ineratvirtus
1723 2951 1796 3006 ad

143 3043 480 3115 etfugandos
511 3041 704 3098 hostis
735 3041 963 3113 antiqui
997 3041 1294 3097 incursus.
1331 3042 1468 3096 Erat
1497 3041 1796 3113 quoddam

146 3131 590 3197 monasterium,
623 3130 777 3204 quod
791 3130 1010 3186 dicitur
1026 3129 1800 3202 Melbodium(40b),duode-

147 3219 250 3276 cim
265 3221 446 3278 ferme
463 3218 736 3277 millibus
753 3219 1058 3276 aLaubaco
1071 3236 1190 3274 suae
1206 3217 1555 3292 provisionis
1568 3219 1796 3275 distans

1902 641 2152 709 venisse,
2174 641 2442 698 nesciens
2455 646 2652 700 tamen
2667 643 2930 700 ordinem
2947 643 3312 702 liberationis
3327 651 3561 714 nostrae,

1903 729 2118 786 illusus
2147 736 2239 787 est
2269 736 2456 788 morte
2515 733 2836 802 dominica,
2895 735 3064 807 quasi
3095 735 3220 792 avis
3269 735 3559 809 decipula.

1903 819 2153 877 Ostensa
2181 838 2442 893 namque
2474 822 2832 879 mortalitate
2861 841 3040 896 quam
3089 823 3187 880 ille
3217 823 3564 882 interimere

1903 910 2218 981 appetebat
2243 910 2460 978 carnis,
2490 912 2834 968 abscondito
2866 917 3074 986 captus
3094 917 3186 969 est
3214 913 3388 970 hamo
3419 914 3565 970 divi-

1903 998 2129 1072 nitatis.
2161 999 2448 1056 Caeterum
2482 999 2531 1056 si
2563 1001 2969 1058 indubitanter
3006 1003 3183 1059 sciret
3230 1001 3386 1060 hunc
3431 1019 3562 1061 esse

1902 1087 2200 1144 Christum
2235 1088 2445 1144 Filium
2477 1089 2579 1146 Dei
2598 1090 3089 1161 vivi,agnovisset
3108 1093 3312 1148 mortis
3334 1093 3568 1164 legibus

1901 1194 2274 1250 nequaquam
2306 1195 2479 1249 posse
2511 1179 2716 1235 teneri.
2750 1179 2810 1236 Si
2841 1185 3187 1252 agnosceret
3226 1198 3398 1254 posse
3445 1199 3562 1239 non

1902 1267 2072 1333 mori,
2106 1283 2221 1322 non
2256 1267 2412 1323 hunc
2444 1269 2718 1324 suaderet
2742 1268 3025 1342 cruciﬁgi.
3051 1269 3177 1326 Non
3209 1270 3366 1327 enim
3391 1271 3562 1326 intel-

1900 1353 2040 1411 lexit
2068 1355 2341 1412 humanae
2373 1356 2722 1430 perditionis
2748 1358 3184 1415 audacissimus
3216 1359 3372 1415 lanio
3404 1361 3564 1433 quod

1901 1461 2010 1500 suo
2037 1445 2424 1501 frustraretur
2448 1446 2695 1518 imperio
2726 1447 2783 1502 in
2817 1446 3176 1503 Salvatorem
3208 1450 3417 1504 mundi
3456 1466 3563 1505 sse-

1899 1533 2692 1606 viendo.1gnoravitantiqua
2703 1535 2930 1590 malitia
2941 1536 3198 1606 quiajus
3220 1536 3572 1608 perditionis

1901 1621 2179 1677 humana:
2205 1639 2323 1678 non
2353 1622 2710 1690 admitteret,
2734 1622 2784 1677 si
2812 1639 2874 1679 se
2897 1638 2932 1677 a
2951 1622 3363 1696 Redemptoris
3383 1625 3571 1684 homi-

1905 1727 2051 1765 num
2081 1709 2369 1780 sanguine
2399 1709 2808 1766 continuisset.
2849 1710 3016 1766 Unde
3043 1713 3102 1765 et
3135 1711 3472 1783 Apostolus:
3506 1714 3568 1770 Si

1904 1799 2070 1854 hunc.
2103 1797 2314 1870 inquit,
2345 1799 2622 1870 principes
2648 1799 2839 1854 saeculi
2853 1801 3245 1869 cognovissent,
3277 1817 3569 1874 nunquam

1906 1889 2199 1942 Dominum
2229 1886 2426 1943 Gloria:
2441 1887 2848 1957 cruciﬁzisseni
2867 1888 2916 1959 (I
2931 1887 3050 1944 Cor.
3072 1905 3134 1957 η,
3167 1889 3243 1961 8).
3270 1889 3567 1964 Principes

1908 1993 2044 2032 vero
2067 1992 2213 2048 quos
2243 1976 2454 2030 dixerit
2469 1974 2687 2043 saeculi,
2702 1993 2771 2032 ex
2801 1975 2916 2032 alia
2934 1977 3063 2047 ejus
3079 1979 3371 2034 sententia
3388 1981 3569 2052 conji-

1908 2081 2038 2120 cere
2086 2081 2426 2137 possumus,
2476 2081 2594 2135 qu-a
2622 2064 2722 2119 ait:
2771 2066 2892 2122 Non
2919 2073 2999 2121 est
3043 2068 3203 2122 nobis
3248 2068 3564 2134 colluctatio

1905 2155 2163 2210 adversus
2187 2171 2412 2210 carnem
2441 2161 2493 2208 et
2517 2155 2868 2222 sanguinem,
2891 2154 2984 2209 sed
3005 2155 3264 2212 adversus
3287 2159 3565 2231 principes

1904 2252 1957 2299 ct
1976 2251 2281 2314 potestates,
2316 2243 2575 2299 adversus
2602 2243 2802 2298 mundi
2831 2252 3064 2301 rectores
3093 2247 3444 2303 tenebrarum
3469 2249 3567 2304 ha-

1903 2349 2046 2397 rum,
2079 2336 2273 2388 contra
2295 2332 2577 2403 spiritalia
2600 2334 2864 2404 nequitiae
2898 2335 2957 2388 in
2985 2335 3294 2391 caelestibus
3344 2336 3561 2408 (Ephes.

1901 2437 1980 2487 νι,
2051 2421 2162 2493 12).
2234 2421 2365 2492 Ipse
2421 2437 2654 2492 quoque
2729 2421 3050 2478 Dominus:
3109 2423 3394 2496 Princeps,
3453 2425 3571 2492 ait,

1904 2511 2070 2583 hujus
2093 2509 2291 2565 mundi
2340 2510 2510 2575 venit,
2558 2525 2618 2564 ec
2670 2511 2727 2564 in
2759 2526 2848 2564 me
2875 2525 2988 2564 non
3043 2511 3205 2567 habet
3259 2513 3566 2584 quidquam

1905 2602 2090 2673 (Joan.
2123 2616 2238 2667 xxv,
2269 2599 2382 2670 30).
2418 2596 2695 2662 Quamvis
2725 2601 2783 2653 et
2811 2597 2882 2653 de
2901 2598 3127 2654 Herode
3148 2603 3208 2654 et
3235 2599 3421 2656 Pilato
3446 2619 3563 2658 non

1906 2688 2330 2760 incongruente
2375 2685 2564 2758 possit
2608 2685 2794 2758 accipi
2843 2687 3171 2744 secandum
3229 2687 3373 2745 illud
3407 2691 3566 2762 quod

1907 2776 2230 2833 Psalmistae
2288 2791 2427 2830 voce
2473 2773 2707 2830 dicitur:
2767 2775 3072 2833 Astiterunt
3124 2793 3278 2847 reges
3321 2783 3489 2836 terra:
3515 2788 3570 2838 et

1904 2867 2181 2939 principes
2203 2872 2572 2921 convenerunt
2595 2866 2657 2919 in
2687 2864 3170 2932 unum,-adversus
3200 2867 3497 2924 Dominum
3514 2877 3568 2926 et

1905 2955 2164 3012 adversus
2191 2955 2467 3010 Christum
2497 2955 2614 3025 ejus
2636 2955 2784 3022 (Psat
2835 2971 2892 3022 η,
2915 2955 2992 3027 2).
3017 2956 3126 3011 Sed
3157 2955 3241 3011 illi
3270 2957 3566 3031 principes

1906 3044 2234 3117 specialiter
2262 3043 2440 3098 unius
2469 3042 2691 3115 populi,
2725 3060 2842 3099 non
2861 3044 3155 3116 principes
3175 3045 3370 3102 saeculi
3393 3061 3567 3120 gene-

1905 3134 2108 3190 raliter
2137 3132 2583 3206 appellatisunt.
2599 3133 2742 3188 Cum
2759 3149 2896 3206 ergo
2926 3134 3375 3192 veracissimam
3399 3134 3566 3192 sitTu

1906 3239 1962 3279 es
1991 3223 2246 3279 Christus
2271 3223 2448 3277 Filius
2477 3222 2575 3277 Dei
2602 3222 2719 3276 vivi
2737 3222 2946 3293 (Matth.
2969 3239 3082 3290 xvr,
3107 3223 3565 3294 t6),testimonio

147 3309 416 3380 cmnobio,
449 3310 510 3364 in
544 3325 660 3382 quo
707 3313 833 3364 erat
879 3307 1418 3364 sanctimonialium
1463 3310 1638 3364 turba
1676 3325 1790 3365 non
1823 3296 1867 3364 (ἶ
1902 3312 2058 3370 beati
2076 3311 2253 3370 Petri.
2277 3309 3146 3367 mendacissimumest:Soimus
3160 3313 3565 3383 quiasisFitius

147 3399 383 3456 modica:
408 3414 664 3472 quarum
697 3414 876 3452 unam
927 3396 1172 3468 spiritus
1212 3397 1426 3452 invasit
1473 3397 1792 3470 malignus,

150 3487 425 3561 ccepitque
455 3502 589 3544 eam
619 3486 997 3543 vehementer
1045 3484 1319 3542 laniando
1366 3503 1572 3542 vexare
1621 3487 1793 3557 (MO),

149 3580 310 3648 atque
337 3593 440 3649 per
486 3593 556 3634 os
611 3576 660 3647 ej
673 3593 742 3630 us
774 3575 1084 3632 immunda
1106 3579 1166 3631 et
1183 3576 1383 3647 turpia
1413 3574 1595 3646 loqui.
1623 3575 1798 3630 Porro

148 3660 258 3720 illic
283 3665 684 3724 inhabitantes
714 3664 956 3737 grandis
988 3664 1195 3721 horror
1219 3664 1798 3736 invasit,nimiusque

151 3767 313 3822 pavor
338 3755 515 3812 etiam
546 3754 720 3810 corda
744 3753 1070 3810 vicinorum
1121 3752 1455 3825 perterruit.
1507 3753 1798 3809 Tenentes

153 3847 332 3899 autem
361 3861 490 3900 eam
529 3859 761 3900 sorores
801 3842 1073 3899 dicebant
1118 3842 1194 3896 ad
1240 3841 1565 3897 daemonem
1611 3842 1796 3897 inore-

153 3931 348 4000 pando:
385 3934 692 3999 Quomodo
723 3931 968 3988 introire
998 3948 1184 3988 ausus
1209 3948 1274 3988 es
1312 3929 1596 3986 famulam
1645 3929 1797 3986 Dei?

155 4017 215 4072 Et
240 4020 673 4095 subjungebant
700 4021 983 4078 dicentes:
1012 4020 1421 4093 Impurissime
1438 4019 1688 4087 daemon,
1705 4021 1795 4076 exi

157 4106 220 4161 ab
239 4125 320 4165 ea.
351 4111 578 4175 Quibus
607 4109 705 4166 ille
737 4110 1121 4183 respondens,
1155 4109 1403 4165 dicebat:
1436 4110 1561 4164 Non
1593 4126 1792 4166 exeam

157 4194 480 4271 priusquam
513 4199 832 4256 Ursmarus
853 4198 1166 4272 episcopus
1195 4198 1412 4258 veniat.
1445 4202 1503 4254 et
1533 4199 1659 4271 ipse
1699 4216 1794 4256 me

159 4283 294 4342 exire
320 4287 650 4362 compellat.
703 4289 866 4345 Hanc
921 4292 1119 4344 autem
1169 4288 1324 4344 που
1364 4288 1791 4344 confessionem

159 4388 508 4449 nequaquam
543 4378 595 4435 ei
627 4378 982 4435 ascribimus
1004 4377 1104 4449 qui
1123 4376 1194 4434 ab
1215 4375 1383 4433 initio
1400 4377 1651 4432 mendax
1663 4377 1792 4443 fuit,

163 4461 289 4519 etin
313 4467 550 4525 veritate
611 4485 727 4524 non
772 4467 937 4524 stetit
987 4468 1167 4540 (Joan.
1227 4482 1346 4530 vm,
1380 4468 1492 4539 Ιι4);
1549 4467 1651 4524 sed
1691 4466 1792 4524 Dei

162 4545 382 4624 imperio
411 4561 675 4631 cogente,
728 4572 864 4612 vera
901 4572 1036 4612 eum
1089 4556 1343 4610 fatemur
1387 4554 1625 4621 dixisse,
1675 4573 1790 4612 non

1905 3402 2023 3468 Dei,
2057 3398 2394 3456 testimonio
2427 3397 2669 3452 diaboli.
2705 3399 2774 3452 Et
2821 3397 2975 3452 sicut
3021 3398 3231 3454 Petrus
3278 3400 3428 3472 (hii)
3459 3400 3561 3458 ait:

1907 3491 2058 3562 Quia
2085 3504 2212 3544 caro
2259 3495 2310 3542 et
2339 3486 2569 3553 sanguis
2613 3501 2726 3539 non
2784 3485 3048 3540 revelavit
3085 3487 3210 3552 tibi,
3253 3487 3347 3543 sed
3397 3489 3568 3544 Pater

1904 3594 2078 3644 meus,
2113 3577 2211 3649 qui
2257 3576 2318 3629 in
2344 3575 2494 3629 caelis
2542 3580 2620 3628 est
2646 3573 2831 3644 (Ibid.,
2865 3573 2977 3644 17);
3029 3573 3112 3629 ita
3153 3579 3211 3631 et
3261 3575 3562 3634 diabolum

1906 3665 2195 3722 calliditas
2225 3663 2455 3718 astutias
2486 3667 2545 3718 et
2573 3661 2872 3719 subtilitas
2906 3666 3126 3718 naturas
3158 3662 3268 3720 hoc
3297 3665 3562 3723 confiteri

1905 3771 2021 3811 non
2054 3753 2210 3818 fecit,
2234 3753 2336 3808 sed
2366 3751 2452 3807 vis
2483 3755 2660 3823 atque
2691 3755 2951 3824 potestas
2979 3753 3130 3823 ejus,
3165 3753 3304 3826 quid
3331 3755 3405 3811 ad
3425 3771 3560 3813 eum

1906 3841 2329 3898 destruendum
2360 3839 2433 3895 de
2459 3839 2618 3894 cmlis
2649 3839 2904 3896 advenit.
2936 3839 3007 3898 Ut
3027 3858 3159 3898 vero
3199 3840 3399 3900 divina
3439 3843 3560 3902 illic

1903 3931 1962 3988 in
1994 3931 2234 3987 homine
2255 3929 2468 3986 latente
2498 3928 2810 4002 praesentia
2840 3935 3030 3987 tortus
3056 3931 3395 3989 mentiendo
3424 3951 3584 3992 vera.

1903 4022 2048 4078 dixit
2079 4020 2316 4086 dubius,
2350 4019 2433 4076 ita
2477 4018 2572 4074 hic
2625 4019 2925 4076 dominica
2972 4020 3029 4076 in
3064 4020 3233 4077 beato
3282 4021 3560 4079 Ursmaro

1902 4114 2177 4183 operante
2209 4106 2489 4180 potentia,
2519 4123 2725 4164 verum
2755 4107 2899 4163 dixit
2929 4107 3168 4166 invitus:
3202 4109 3261 4165 in
3309 4115 3561 4183 utroque

1899 4215 2038 4255 vero
2065 4215 2178 4254 non
2192 4212 2300 4252 suo
2312 4199 2443 4250 voto
2471 4211 2635 4259 usus,
2650 4195 2752 4251 sed
2759 4195 3028 4266 jubentis
3040 4195 3286 4267 imperio
3298 4204 3558 4256 coactus.

1899 4287 2098 4344 Altera
2126 4284 2306 4358 igitur
2337 4281 2430 4338 die
2458 4281 2768 4337 ordinante
2799 4281 2900 4338 Dei
2941 4281 3327 4353 providentia,
3375 4285 3564 4342 adfuit

1901 4377 2110 4432 beatus
2168 4373 2485 4431 Ursmarus
2532 4370 2866 4442 episcopus.
2913 4370 3179 4444 Cumque
3227 4370 3477 4428 relatum
3507 4374 3558 4430 ei

1902 4464 2114 4521 fuisset
2141 4462 2212 4520 de
2239 4477 2308 4517 ea
2337 4477 2466 4533 quae
2492 4476 2526 4514 a
2556 4457 2786 4515 diabolo
2813 4458 3128 4516 vexabatur
3148 4460 3362 4532 puella,
3376 4463 3565 4535 jussit

1902 4553 2056 4609 illico
2088 4551 2197 4607 sibi
2231 4547 2493 4605 exhiberi
2523 4564 2676 4604 eam.
2710 4548 2873 4614 Quod
2908 4565 3043 4606 cum
3075 4549 3297 4606 factum
3329 4551 3558 4621 fuisset,

166 4645 368 4733 Sponte,
399 4645 554 4703 sicut
577 4645 638 4702 in
670 4645 1000 4719 Evangelio:
1029 4645 1262 4711 Scimus,
1288 4643 1454 4702 aiunt
1475 4645 1792 4713 daemones,
1822 4667 1872 4733 Ι)
1902 4642 2000 4733 ille
2027 4658 2143 4697 non
2176 4639 2247 4696 de
2277 4637 2561 4733 sua,nsed
2594 4637 2666 4693 de
2719 4636 2945 4733 Domini
2992 4655 3358 4733 praesumens
3406 4641 3554 4700 201

167 4729 286 4796 quod
310 4734 382 4787 sis
411 4735 586 4792 Filius
614 4735 711 4790 Det
741 4734 927 4807 (Marc.
961 4751 1045 4801 ιιι,
1082 4734 1189 4805 12).
1223 4734 1386 4800 Quod
1418 4734 1620 4806 utique
1657 4751 1792 4790 cum

169 4822 302 4873 esset
313 4824 775 4892 veracissimum,
794 4827 1005 4895 praeter
1029 4821 1143 4878 alia
1168 4822 1623 4879 innumerabilia
1637 4823 1794 4880 beati

170 4899 298 4961 Petri
327 4913 511 4981 prodit
560 4912 989 4981 testimonium,
1040 4911 1249 4967 iisdem
1297 4912 1490 4968 verbis
1544 4912 1794 4968 Domino

171 4985 514 5072 interroganti
535 5001 803 5076 gloriosa:
823 5000 1136 5074 prmbentis
1155 4999 1540 5056 confessionis
1562 5017 1799 5074 respon-

174 5093 284 5137 sum
309 5085 502 5156 (Matth.
535 5109 592 5160 χ,
624 5091 734 5161 10);
768 5095 968 5146 tamen
1001 5089 1257 5162 quadam
1291 5089 1381 5145 sui
1414 5093 1576 5161 parte
1624 5107 1795 5146 men-

176 5165 512 5236 dacissimum
539 5181 850 5236 mentitam
868 5195 996 5236 esse
1009 5177 1148 5233 mali
1156 5177 1498 5246 tiam,testis
1510 5183 1598 5235 est
1615 5178 1798 5234 domi-

176 5255 287 5314 nica
311 5267 513 5340 passio,
547 5270 622 5326 ab
645 5267 847 5341 impiis
876 5267 1160 5324 instinctu
1203 5270 1436 5339 patrata
1479 5265 1790 5345 diabolico.

199 5431 209 5443 ,
236 5363 366 5441 (δο9)
395 5373 770 5441 Melbodium,
794 5391 895 5431 seu
926 5371 1287 5430 Malbodium
1311 5371 1536 5429 celebre
1567 5373 1790 5430 monia-

178 5429 300 5492 liu'm
321 5429 880 5518 ρὲξτίόδῖιὶάὶξίὲώέό
910 5446 1204 5518 Maubeuge
1233 5444 1292 5498 in
1338 5444 1664 5518 Hannonia,
1720 5445 1794 5518 de

181 5519 277 5574 Quo
302 5513 420 5572 vide
447 5513 829 5576 Mabilonium
860 5519 919 5574 in
954 5513 1156 5572 Vitam
1174 5520 1390 5572 sanctae
1428 5515 1794 5590 Aldegundis

180 5580 360 5638 saeculo
387 5592 636 5647 secundo
657 5591 794 5648 0rd.
831 5588 1070 5649 Bened.,
1103 5587 1176 5643 ad
1202 5604 1296 5642 an.
1328 5588 1455 5649 68h.

387 5604 636 5647 secundo
657 5604 794 5648 Ul‘d.
831 5604 1070 5654 Uen80.,
1103 5604 1176 5643 δα
1202 5604 1296 5642 an.
1328 5604 1455 5649 οδιι.

187 5648 372 5770 ευεδὲιῖὶ
399 5648 1253 5770 ἓῖξβξαῖξεξεξίέξηξῖίὲηξξείὲ
1300 5657 1431 5770 3.1.1::
1466 5659 1791 5770 esse;

235 5736 262 5772 "
293 5723 388 5796 άίέν
419 5723 852 5808 ςυωβεῐετῖεοο
882 5723 1267 5806 signavimus,
1300 5723 1435 5789 cum
1466 5729 1525 5789 in
1557 5723 1796 5806 vulgata

1902 4731 2138 4797 virtute,
2172 4732 2406 4800 accepto
2419 4725 2768 4799 libro,caapit
2778 4725 2969 4801 legere
2980 4727 3372 4786 exorcismum
3385 4748 3565 4804 super

1903 4823 2078 4894 caput
2107 4819 2256 4890 ejus;
2289 4815 2502 4872 dehinc
2531 4816 2836 4872 benedicto
2867 4816 2994 4874 oleo
3027 4835 3200 4874 nares
3243 4817 3562 4893 oculosque

1902 4914 1960 4966 et
1988 4925 2054 4965 os
2083 4908 2213 4979 ejus
2243 4904 2452 4972 linivit,
2470 4910 2527 4960 et
2542 4903 3196 4976 protinusimmundum
3215 4907 3288 4965 ab
3309 4923 3378 4964 ea
3393 4909 3564 4982 spiri-

1902 5002 2031 5054 tum
2053 4983 2292 5070 fugavit.
2325 4994 2596 5050 Liberata
2619 4998 2816 5049 tamen
2851 4994 3063 5066 puella,
3098 5013 3276 5068 pavor
3297 4996 3561 5069 quidam,

1905 5087 2004 5160 qui
2035 5083 2347 5160 praesentia
2376 5082 2593 5139 diaboli
2624 5082 2951 5140 seminatus
2970 5084 3179 5151 fuerat,
3212 5085 3406 5142 adhuc
3435 5104 3565 5161 pec-

1903 5176 2132 5232 toribus
2161 5173 2486 5229 vicinorum
2509 5172 2794 5229 ineraLAt
2813 5172 2901 5229 vir
2912 5173 3144 5230 Domini
3161 5175 3562 5249 praccpitsibi

1902 5279 2117 5338 aquam
2148 5279 2281 5318 cum
2315 5261 2436 5317 sale
2465 5260 2714 5326 deferri;
2749 5262 2967 5334 quibus
2999 5262 3345 5324 benedictis.
3377 5263 3564 5336 jussit

1900 5371 2154 5429 Ausonis
2213 5368 2348 5423 Vita
2396 5367 2621 5443 desint,
2677 5368 2994 5443 Ratherius
3051 5369 3140 5443 vel
3195 5387 3265 5429 ex
3314 5368 3562 5443 pleniori

1901 5443 2156 5500 Ausonis
2185 5438 2449 5512 exemplo
2495 5440 2794 5507 derivavit,
2847 5440 2934 5498 vel
2982 5440 3178 5513 potius
3208 5457 3239 5497 e
3271 5438 3379 5498 suo
3406 5456 3562 5514 penu

1903 5516 2245 5659 ωᾶιιῗὸοβίς
2262 5580 2507 5659 scilicet,
2544 5583 2619 5659 Tu
2647 5597 2703 5638 es
2754 5581 3000 5659 glcristus
3043 5583 3386 5659 FiliusLDei
3408 5580 3523 5636 vivi
3538 5595 3568 5659 ;.

1905 5653 2047 5732 quia
2076 5653 2162 5732 uti
2191 5653 2459 5732 Christus
2516 5653 2704 5732 eidem
2755 5654 2922 5732 Petro
2969 5653 3294 5725 respondit,
3347 5653 3483 5710 Caro
3511 5653 3566 5704 ei

1904 5723 2138 5801 sanguis
2168 5743 2282 5785 non
2311 5723 2570 5781 reuelauit
2598 5725 2721 5792 tibi,
2755 5730 2868 5783 etc.
