3936 6380
345 431 462 498 3M

1267 426 1647 493 RATHERII
1689 426 1936 491 EPISC.
1981 423 2272 489 VERON.
2319 424 2496 490 OPP.
2544 426 2743 491 PARS
2788 425 2837 490 l.

3645 415 3776 491 3:52

342 566 540 643 spargi
571 584 675 641 per
703 554 913 623 cuncta
938 562 1418 622 monasteriiloca
1445 561 1801 620 etsieomnis
1815 577 1996 634 pavor
2022 563 2077 629 Α
2107 559 2360 617 Obsecro
2393 565 2457 617 ut
2515 559 2730 635 rogetis
2778 559 2948 617 illum
3000 555 3072 618 ad
3123 577 3218 618 me
3264 559 3482 620 venire:
3534 559 3772 620 conﬁdo

345 677 480 716 cum
511 662 748 715 auctore
777 672 884 713 suo
914 653 1198 711 abscessit
1226 657 1460 709 Satana.

411 752 466 804 7.
495 747 622 806 Alio
649 763 881 819 quoque
910 749 1168 816 tempore
1200 744 1375 798 ducta
1407 745 1495 798 est
1527 741 1597 796 ad
1631 757 1765 796 eum
1802 739 1998 813 puella

342 839 612 911 quaedam
627 834 942 902 secularis,
960 833 1131 905 plena
1145 831 1455 896 dzemonio,
1486 847 1664 902 quam
1690 828 1996 902 jussitsibi

341 927 401 984 in
433 926 753 983 oratorium
784 922 1014 979 deferri.
1046 922 1168 986 Quo
1201 921 1372 987 facto,
1399 920 1672 992 prmcepit
1709 935 1838 973 eam
1871 917 1994 972 vin-

341 1017 489 1074 culis
540 1015 755 1088 quibus
814 1012 1217 1084 stringebatur
1274 1009 1517 1064 absolvi:
1577 1013 1636 1063 et
1681 1011 1816 1080 post
1871 1007 1994 1062 haec

341 1104 516 1178 cmpit
542 1104 645 1161 Dei
677 1102 995 1176 potentiam
1023 1116 1200 1173 super
1247 1102 1422 1170 caput
1467 1097 1654 1170 ipsius
1703 1096 1990 1164 invocare,

340 1195 656 1267 ipsumque
687 1193 1012 1247 damonem
1044 1193 1109 1244 ut
1139 1205 1173 1244 a
1203 1187 1488 1260 plasmate
1507 1186 1605 1241 Dei
1624 1185 1735 1240 vivi
1771 1185 1995 1240 recede-

341 1287 428 1339 ret
455 1282 778 1355 increpare.
811 1278 1102 1335 Mirumin
1135 1278 1375 1332 modum
1390 1275 1576 1330 hostis
1597 1274 1692 1330 ille
1711 1274 1990 1344 antiquus

342 1371 511 1443 csa-pit
540 1369 818 1426 continuo
851 1367 1072 1423 anxiari
1107 1370 1163 1420 et
1194 1366 1460 1428 fremere,
1503 1364 1878 1434 diversasque
1924 1378 1990 1415 ac

339 1460 499 1516 diras
528 1467 698 1515 voces
730 1457 1016 1513 emittere.
1047 1457 1296 1510 Sanctus
1315 1468 1448 1508 vero
1474 1451 1788 1507 Ursmarus
1811 1449 1994 1522 jussit

339 1564 464 1606 eam
498 1552 662 1604 extra
715 1544 1037 1602 oratorium
1098 1542 1272 1609 trahi,
1332 1543 1575 1614 ipseque
1623 1541 1991 1610 subsequens

338 1636 626 1710 percussit
653 1651 783 1690 eam
818 1634 1008 1689 tribus
1029 1631 1255 1687 vicibus
1287 1629 1495 1684 baculo
1526 1645 1700 1700 quem
1724 1628 1992 1700 gestabat

337 1725 630 1782 manibus.
665 1725 815 1780 Tum
849 1721 1090 1794 spiritus
1123 1735 1374 1791 nequam
1407 1717 1636 1773 exiitab
1668 1733 1734 1772 ea
1762 1722 1880 1770 tam
1901 1733 1990 1771 cc-

335 1814 550 1884 leriter,
585 1831 650 1870 ac
681 1813 730 1869 si
785 1812 908 1884 ipse
966 1810 1175 1865 fuisset
1229 1823 1566 1880 percussus.
1627 1808 1811 1872 Quam
1856 1821 1989 1859 mox

335 1905 543 1961 beatus
561 1901 833 1977 pontifex
863 1898 1241 1955 sanissimam
1271 1895 1522 1951 oratorio
1558 1894 1831 1960 reddidit,
1857 1911 1985 1965 per-

337 2007 683 2066 ungensque
709 1990 834 2045 oleo
871 1988 1194 2054 benedicto,
1225 1985 1466 2040 liberam
1499 1985 1658 2039 abire
1695 1982 1982 2055 permisit.

408 2086 462 2137 8.
494 2081 759 2137 Habebat
788 2082 1028 2134 sanctus
1060 2074 1316 2148 pontifex
1348 2079 1577 2145 neptem
1612 2073 1804 2141 injam
1833 2071 1985 2125 dicto

339 2168 696 2228 monasterio
726 2165 1131 2232 Melbodiensi,
1161 2179 1338 2235 quam
1365 2161 1488 2234 ipse
1513 2161 1809 2234 parvulam
1833 2177 1986 2215 com-

338 2259 716 2317 mendaverat
732 2251 1271 2325 sanctzeAldcgundi
1284 2251 1437 2316 .Quzn
1454 2255 1761 2322 postquam
1781 2249 1988 2303 fuisset

335 2348 558 2414 adulta,
590 2351 716 2403 orta
744 2349 834 2402 est
863 2344 1126 2416 quaedam
1160 2341 1215 2396 in
1258 2341 1388 2411 ejus
1419 2339 1566 2394 collo
1613 2355 1763 2394 szeva
1809 2336 1984 2392 nimis

336 2437 670 2502 inﬁrmitas;
699 2451 826 2507 qua:
857 2433 1110 2506 gutteria
1141 2431 1288 2501 ([112)
1314 2429 1532 2483 dicitur
1561 2443 1828 2482 sermone
1859 2425 1986 2481 Gal-

334 2527 464 2583 lico.
510 2525 864 2582 Astruenbat
919 2537 1051 2576 vero
1109 2518 1339 2585 medici,
1375 2519 1528 2590 quod
1575 2515 1746 2571 aliter
1792 2515 1982 2569 curari

333 2616 622 2689 nequiret,
656 2613 770 2669 nisi
802 2627 976 2667 carne
1004 2609 1191 2666 incisa
1210 2624 1345 2664 cum
1369 2606 1583 2662 uncino
1611 2605 1794 2660 ferreo
1830 2604 1983 2659 foras

335 2706 577 2762 morbus
606 2703 956 2759 traheretur.
982 2700 1099 2755 Hoc
1130 2701 1325 2754 autem
1363 2695 1478 2751 illis
1506 2696 1694 2750 facere
1726 2694 1983 2765 cogitan-

333 2794 514 2858 tibus,
538 2791 800 2863 contigit,
825 2787 1200 2862 supervenire
1214 2790 1484 2841 sanctum
1507 2783 1739 2838 Domini
1753 2783 1985 2854 pontiﬁ-

333 2897 482 2938 cem:
516 2880 615 2952 qui
650 2877 928 2934 accersito
960 2877 1032 2931 ad
1061 2893 1124 2931 se
1156 2873 1382 2929 medico
1433 2871 1811 2944 interrogavit
1845 2887 1979 2926 eum

333 2971 554 3026 dicens:
589 2968 690 3023 Dic
722 2965 866 3021 mihi
906 2969 1180 3020 utrumne
1228 2961 1419 3018 valeas
1473 2977 1680 3018 sanare
1727 2977 1877 3016 eam.
1912 2962 1984 3014 At

331 3058 430 3114 ille
455 3057 556 3112 ait:
589 3056 845 3127 Nequeo,
879 3053 990 3110 nisi
1015 3069 1148 3108 eum
1167 3052 1382 3107 uncino
1412 3051 1596 3105 ferreo
1609 3048 1983 3104 carneincisa

334 3146 608 3202 morbum
643 3145 796 3200 foras
827 3141 1080 3198 traham.
1115 3140 1370 3196 Audiens
1392 3143 1586 3193 autem
1607 3137 1695 3192 vir
1715 3138 1814 3192 Dei
1848 3137 1977 3201 hoc,

332 3233 594 3292 omnimo
626 3233 811 3288 facere
845 3229 1208 3304 prohibebat,
1229 3227 1366 3301 quia
1397 3226 1608 3299 oppido
1627 3242 1752 3282 eam
1782 3225 1982 3298 dilige-

2105 649 2258 706 enim
2295 651 2351 706 in
2379 655 2512 718 Deo,
2548 667 2641 706 me
2687 649 3063 706 revalituram
3107 652 3478 724 quantocius,
3530 651 3580 707 si
3627 669 3772 709 eum

2103 739 2300 795 videre
2333 755 2622 795 meruero.
2657 739 2819 803 Quod
2854 756 2988 794 cum
3020 740 3188 795 beato
3217 739 3340 795 viro
3373 740 3583 796 luisset
3623 741 3773 796 iuti-

2105 835 2352 896 matum,
2388 829 2609 902 absque
2641 845 2804 884 mora
2855 829 2926 884 ad
2978 827 3142 886 illam
3193 828 3460 885 accessit:
3508 846 3771 903 cumque

2103 917 2355 973 intuitus
2386 935 2514 972 eam
2547 917 2775 984 fuisset,
2809 917 3031 973 elevata
3072 935 3249 973 manu
3282 918 3518 990 signum
3569 920 3769 976 crucis

2103 1023 2281 1078 super
2309 1010 2584 1079 mgrotam
2617 1007 2774 1076 fecit,
2807 1012 2863 1061 et
2892 1005 3046 1061 illioo
3098 1007 3297 1078 fugata
3345 1007 3502 1062 febre
3552 1008 3775 1064 mulier

2104 1094 2418 1164 convaluit,
2489 1095 2791 1167 vitamque
2866 1095 2975 1150 sibi
3036 1113 3069 1150 a
3119 1096 3235 1151 Deo
3294 1113 3398 1167 per
3467 1097 3770 1153 interven-

2101 1188 2228 1240 tum
2263 1184 2450 1240 sancti
2485 1184 2588 1239 viri
2611 1183 2898 1240 redditam
2918 1184 3243 1258 saepissime
3264 1185 3465 1242 multis
3487 1185 3618 1258 ipsa
3636 1203 3774 1242 nar-

2104 1272 2270 1328 ravit.

2178 1363 2263 1417 10.
2299 1363 2434 1417 Post
2465 1362 2585 1418 hmc
2617 1363 2814 1434 itaque
2843 1362 3192 1419 venerabilis
3225 1363 3482 1436 pontifex
3513 1380 3765 1420 cernens

2102 1451 2387 1523 paulatim
2423 1451 2532 1506 sibi
2563 1451 2714 1506 vires
2747 1452 3008 1524 corporis
3057 1451 3266 1522 minui,
3316 1469 3552 1524 suaeque
3600 1453 3762 1510 diem

2101 1539 2422 1596 vocationis
2454 1539 2781 1607 imminere,
2812 1557 3011 1596 curam
3046 1542 3220 1613 cmpit
3253 1559 3366 1597 non
3391 1558 3630 1614 parvam
3666 1559 3763 1614 ge-

2101 1646 2248 1694 rere,
2273 1645 2344 1684 ne
2402 1645 2540 1700 grex
2570 1629 2680 1683 sibi
2741 1629 3096 1685 commissus
3145 1629 3578 1702 relinqueretur
3627 1631 3760 1688 sine

2098 1722 2350 1788 pastore.
2386 1718 2569 1781 Tunc,
2605 1723 2898 1773 annuente
2952 1720 3082 1785 Deo,
3135 1719 3474 1791 optantibus
3526 1721 3760 1775 cunctis

2099 1807 2156 1861 S.
2192 1806 2467 1861 Erminus
2497 1805 2736 1879 eligitur
2760 1807 2844 1862 vir
2878 1807 3035 1862 omni
3069 1808 3328 1864 bonitate
3361 1809 3641 1880 repletus,
3671 1813 3759 1864 at-

2099 1913 2211 1967 que
2239 1895 2522 1967 magistro
2556 1896 2820 1952 moribus
2867 1897 3290 1968 aquuandus;
3342 1897 3570 1954 cunctis
3619 1915 3758 1956 vero

2100 1983 2271 2040 istius
2285 1984 2564 2056 temporis
2578 1984 2918 2040 hominibus
2933 1985 3107 2041 tacito
3135 1986 3550 2058 przeferendus.
3567 1987 3755 2052 Quem

2099 2072 2390 2144 benignus
2419 2073 2586 2126 Pater
2616 2073 2876 2128 utﬁlium
2901 2073 3312 2129 charissimum
3341 2075 3756 2131 monuitama-

2099 2161 2313 2227 biliter,
2347 2167 2638 2232 quatenus
2669 2178 2904 2234 gregem
2939 2162 3049 2217 sibi
3083 2164 3467 2219 commissum
3499 2164 3753 2221 sollicite

2099 2255 2378 2322 pasceret,
2414 2249 2675 2305 moribus
2704 2256 2758 2306 et
2789 2251 2979 2306 verbis
3011 2268 3209 2308 secum
3233 2253 3303 2307 ad
3325 2252 3542 2308 mthera
3563 2257 3770 2310 trans-'

2098 2340 2246 2393 ferre
2278 2343 2582 2411 satageret.
2601 2340 2759 2402 Quod
2787 2340 2906 2412 ipse
2925 2342 3753 2415 agendumsuscepitquidem

2097 2429 2358 2490 moleste,
2394 2429 2492 2482 sed
2529 2433 2639 2482 Deo
2671 2434 3037 2500 cooperante,
3070 2435 3306 2485 strenue
3355 2433 3610 2504 peregit:
3668 2433 3752 2487 in-

2094 2516 2322 2571 choavit
2353 2515 2673 2583 humiliter,
2703 2519 2801 2571 sed
2838 2518 3222 2589 perseveravit
3254 2519 3518 2575 ﬁdeliter.
3553 2520 3754 2576 Bonus

2095 2605 2276 2677 igitur
2305 2604 2499 2678 gregis
2531 2605 2746 2661 Christi
2783 2611 2982 2678 pastor
3014 2607 3348 2676 Ursmarus,
3402 2608 3673 2666 moribus
3702 2616 3757 2666 et

2094 2694 2266 2750 annis
2299 2700 2586 2761 maturus,
2621 2695 2802 2767 digna
2823 2700 3207 2768 suscepturus
3241 2697 3590 2754 meritorum
3616 2717 3754 2771 pra:-

2094 2783 2232 2852 mia,
2267 2783 2526 2838 cmlestia
2557 2783 2838 2838 invitatur
2868 2785 2938 2839 ad
2965 2802 3160 2856 regna.
3194 2786 3299 2850 Qui
3323 2786 3602 2858 precibus
3625 2789 3758 2844 cha-

2093 2871 2465 2928 rissimorum
2481 2889 2629 2944 quos
2645 2872 2938 2928 inChristo
2954 2874 3244 2929 nutrierat
3272 2874 3552 2942 ﬁliorum,
3576 2894 3753 2933 suum

2094 2959 2248 3017 fideli
2281 2960 2533 3016 Creatori
2571 2962 2992 3018 commendans
3022 2962 3316 3036 spiritum,
3337 2963 3483 3037 ipsis
3502 2982 3758 3038 presen-

2092 3051 2253 3106 tibus
2285 3050 2587 3106 exsultans
2617 3050 2676 3106 in
2735 3051 3003 3120 Domino,
3058 3052 3253 3110 carnis
3305 3055 3746 3126 quartodecimo

2092 3138 2381 3194 Kalendas
2413 3139 2548 3194 Maii
2582 3157 2675 3194 an.
2707 3141 2814 3195 713
2845 3140 3090 3196 solvitur
3115 3142 3432 3214 ergastulo,
3478 3143 3744 3200 victurus

2091 3228 2147 3283 in
2182 3227 2394 3284 sazcula
2423 3245 2557 3284 cum
2593 3228 3208 3302 Christo.Angelorum
3229 3237 3461 3287 evectus
3487 3233 3750 3290 ministe-

329 3325 451 3392 bat,
483 3328 540 3380 et
569 3302 964 3396 periculosum
997 3317 1104 3375 hoc
1122 3317 1428 3374 valdeesse
1452 3316 1740 3372 cernebat.
1764 3315 1978 3370 Verum
2012 3302 2054 3368 C
2095 3316 2200 3384 rio,
2234 3317 2449 3373 caelesti
2477 3317 2726 3374 infertur
2756 3318 3047 3391 paradiso,
3084 3320 3181 3374 ubi
3206 3320 3334 3376 sine
3357 3322 3469 3377 ﬁne
3503 3323 3750 3394 patriar-

327 3415 636 3486 imponens
668 3427 909 3466 manum
941 3408 1156 3480 smpius
1186 3406 1280 3462 die
1311 3404 1411 3462 illa
1433 3422 1610 3478 super
1640 3405 1835 3477 ipsum
1858 3404 1980 3460 vul-

327 3500 484 3556 neris
512 3499 728 3565 locum,
783 3498 1033 3554 dicebat:
1064 3495 1228 3568 Vide,
1279 3494 1422 3562 ﬁlia,
1475 3511 1546 3550 ne
1577 3493 1821 3567 patiaris
1871 3493 1978 3550 tibi

325 3590 545 3646 ferrum
603 3587 846 3660 imponi;
899 3587 1072 3642 credo
1121 3585 1278 3642 enim
1332 3584 1389 3638 in
1452 3583 1681 3638 Domini
1743 3583 1974 3656 pietate,

326 3678 464 3750 quia
493 3678 618 3749 ipse
646 3681 703 3732 te
735 3677 1009 3731 liberabit
1038 3676 1109 3731 ab
1140 3674 1249 3731 hac
1282 3674 1642 3730 inﬁrmitate.
1681 3673 1857 3728 Nocte
1889 3691 1977 3729 ve-

324 3784 390 3822 ro
420 3766 625 3821 eadem
656 3765 745 3819 vir
787 3769 1026 3818 sanctus
1085 3763 1416 3818 uberrimas
1475 3779 1677 3834 preces
1722 3762 1873 3816 fudit
1903 3763 1975 3817 ad

326 3853 644 3909 Dominum
676 3851 747 3905 ob
802 3852 930 3921 ejus
986 3849 1257 3906 salutem.
1319 3851 1671 3905 Lucescente
1712 3866 1846 3905 vero
1885 3851 1979 3905 die

325 3943 528 4008 altera,
587 3958 621 3996 a
680 3944 863 3994 strato
922 3955 1126 4010 sospes
1185 3938 1437 3994 surrexit
1508 3937 1720 4010 puella,
1782 3939 1976 3994 intan-

326 4035 454 4086 tum
485 4032 550 4084 ut
579 4044 683 4084 nec
711 4026 1023 4102 vestigium
1056 4025 1416 4080 inﬁrmitatis
1445 4028 1768 4080 remaneret
1798 4024 1855 4079 in
1886 4043 1975 4082 ea.

394 4119 449 4173 9.
481 4116 694 4174 Ecdem
727 4133 959 4189 quoque
985 4120 1246 4186 tempore
1277 4111 1394 4168 alia
1409 4112 1797 4185 {egrotaintra
1817 4113 1866 4183 ej
1879 4131 1974 4169 us-

323 4208 454 4262 dem
485 4207 638 4264 ὀἳ
670 4205 1014 4261 monasterii
1047 4206 1215 4275 septa
1235 4202 1471 4273 jacebat
1500 4206 1617 4256 tam
1650 4201 1976 4256 validolan-

322 4313 502 4370 guore
530 4297 1081 4362 obsessa,utomnes
1113 4291 1211 4364 qui
1228 4307 1355 4346 eam
1371 4289 1660 4358 videbant,
1695 4291 1766 4346 de
1787 4290 1974 4348 salute

322 4386 451 4456 ejus
481 4395 724 4458 prorSus
755 4385 1154 4456 desperarent.
1188 4381 1323 4446 Quae
1353 4395 1487 4435 cum
1519 4380 1782 4436 audisset
1824 4381 1972 4436 tanti

321 4474 428 4530 viri
456 4475 800 4539 adventum,
830 4472 1005 4543 ccepit
1036 4470 1271 4536 virtute,
1318 4485 1434 4542 qua
1482 4473 1708 4541 poterat
1758 4470 1970 4526 dicere:

2092 3407 2336 3462 charum
2365 3407 2581 3462 fruitur
2612 3407 2742 3474 ﬁde,
2761 3407 3175 3480 prophetarum
3191 3427 3313 3481 spe,
3339 3409 3744 3483 apostolorum

2090 3512 2394 3563 consessu,
2423 3499 2747 3568 martyrum
2776 3495 3040 3569 collegio,
3073 3497 3477 3555 confessorum
3530 3517 3601 3556 ac
3633 3501 3743 3556 vir-

2087 3584 2292 3656 ginum
2352 3584 2752 3650 contubernio,
2813 3589 3276 3659 cunctorumque
3349 3587 3758 3662 ccelicolarum.

2087 3672 2412 3728 oblectatur
2442 3673 2679 3746 perenni
2733 3674 3008 3747 tripudio.
3063 3675 3284 3748 Corpus
3337 3694 3473 3734 vero
3524 3677 3743 3735 illiusa

2087 3761 2394 3834 discipulis
2427 3761 2700 3835 religioso
2715 3763 3108 3836 compositum
3123 3766 3334 3832 ofﬁcio,
3355 3765 3515 3822 cultu
3545 3774 3635 3824 est
3651 3769 3746 3824 ho-

2089 3852 2329 3906 norifico
2361 3851 2740 3907 tumulatum.
2774 3852 2835 3908 In
2882 3853 3187 3910 cacumine
3237 3854 3452 3928 quippe
3501 3857 3740 3922 montis,

2088 3939 2256 4009 cujus
2288 3940 2586 3995 radicibus
2609 3941 2735 4011 jam
2768 3945 3128 3997 exstructum
3171 3943 3398 4015 adjacet
3447 3951 3742 4001 monaste-

2088 4028 2263 4092 rium,
2297 4029 2615 4084 oratorium
2649 4033 2737 4085 est
2761 4030 2818 4084 in
2840 4029 3059 4086 honore
3077 4036 3286 4087 sanctae
3307 4032 3402 4088 Dei
3433 4033 3743 4090 Genitricis

2087 4120 2508 4183 constructum,
2555 4116 2612 4172 in
2647 4136 2764 4190 quo
2818 4119 3218 4190 deposuerunt
3272 4121 3427 4177 beati
3483 4123 3742 4196 corporis

2085 4205 2448 4260 thesaurum:
2486 4205 2582 4261 ubi
2620 4206 2816 4263 divina
2847 4208 3032 4280 pietas
3065 4209 3427 4266 demonstrat
3455 4212 3736 4283 quotidie,

2085 4295 2255 4364 cujus
2287 4293 2479 4348 meriti
2512 4294 2629 4349 illic
2662 4295 2991 4352 habeantur
3021 4297 3278 4370 reliquiae
3305 4300 3378 4354 ad
3412 4298 3649 4358 laudem
3686 4304 3742 4356 et

2083 4382 2331 4455 gloriam
2365 4383 2690 4456 majestatis
2711 4402 2850 4452 suae,
2869 4387 3040 4458 cujus
3064 4385 3270 4457 honor,
3303 4388 3483 4445 decus
3508 4394 3567 4446 et
3589 4393 3742 4464 pote-

2086 4475 2208 4528 stas
2238 4477 2543 4544 permanet
2575 4473 2699 4530 sine
2730 4475 2863 4530 ﬁne.
2895 4477 3100 4534 Amen.

394 4676 541 4750 (412)
566 4676 991 4758 .Gutterina,__seu,
1026 4678 1090 4758 ut
1121 4673 1218 4732 alii
1266 4691 1398 4731 cum
1427 4675 1660 4732 Ansone
1699 4675 1985 4745 scribunt,
2021 4677 2320 4745 Grutterz’a,
2355 4679 2596 4737 morbus
2627 4681 2908 4753 gutturis,
2937 4683 3008 4738 de
3059 4699 3174 4755 quo
3204 4682 3334 4740 vide
3363 4683 3648 4758 Cangium
3683 4683 3738 4742 in

324 4746 640 4814 Glossario,
672 4765 725 4813 v,
757 4747 1001 4803 Gutteria
1028 4750 1083 4802 2.
