3896 6374
288 383 417 463 26³1

1214 396 1594 463 aerumna
1634 395 1887 461 EPISC.
1929 374 2219 458 vanos.
2266 390 2441 458 OPP.
2483 392 2687 458 PARS
2729 390 2781 457 Ι.

3590 364 3715 456 368

292 517 521 607 septimi
556 533 779 590 mensis
805 533 953 604 (455)
974 533 1116 590 feria
1141 533 1332 591 fuerat
1357 533 1681 606 expetitus;
1707 538 1943 587 rursum
1977 532 2027 598 Α
2060 530 2267 585 fuisset
2298 528 2576 601 expulsus
2603 546 2616 595 ;
2653 523 3086 600 Moguntieeque
3113 520 3478 599 benignitate
3514 525 3713 582 archi-

289 622 554 696 sequenti
586 622 888 679 Dominica
917 622 988 678 ab
1018 623 1245 687 eodem,
1279 622 1388 677 hoc
1418 626 1525 689 est,
1572 618 1941 676 Leodieensis

287 710 557 769 Ecclesiae
590 711 804 784 populo
834 711 1073 778 electus,
1097 715 1322 783 septem
1352 728 1387 767 a
1416 710 1774 782 coepiscopis
1805 708 1941 779 (duo

202 852 207 853 ,
287 816 536 873 quorum
552 801 783 856 fuerant
799 799 1259 872 archipraasules,
1273 799 1459 855 czeteri
1474 798 1775 871 praesules)
1795 814 1942 869 prae-

287 888 468 945 libato
498 888 721 945 scilicet
751 889 1020 945 Brunone
1061 890 1228 958 (456),
1280 889 1594 958 Rodberto,
1654 886 1939 954 Baldrico,

288 978 638 1043 Hildibaldo,
671 978 1000 1050 Druogone,
1035 977 1406 1050 Berengario,
1440 981 1615 1049 atque
1646 975 1941 1039 Folberto,

289 1067 657 1123 conniventia
686 1067 1052 1123 decretorum
1070 1068 1242 1135 (457),
1256 1083 1546 1122 consensu
1561 1070 1737 1137 atque
1757 1080 1946 1119 exem-

290 1155 405 1229 plis
432 1154 879 1221 nonnullorum,
911 1155 1197 1227 quibuset
1226 1154 1284 1209 id
1308 1153 1650 1226 contigerat,
1680 1152 1947 1224 antiquo-

292 1261 446 1311 rum,
479 1260 713 1301 summo
741 1243 941 1312 totius,
977 1260 1104 1315 quae
1136 1243 1356 1309 aderat,
1374 1243 1589 1307 favore,
1615 1241 1945 1296 destinatus

291 1333 503 1397 eidem,
538 1336 713 1403 atque
764 1330 1103 1388 solemniter
1150 1329 1579 1385 inthronizatus
1635 1327 1941 1384 Ecclesiae:

293 1436 545 1491 cumque
576 1423 778 1491 postea
810 1420 1043 1491 ingenio
1070 1420 1192 1488 jam
1223 1419 1322 1474 fati
1357 1418 1604 1474 Baldriei
1635 1417 1807 1486 (458),
1840 1433 1946 1488 pa—

290 1514 584 1578 tratuque,
617 1507 717 1579 qui
747 1524 881 1563 eum
916 1524 1094 1579 super
1118 1508 1430 1562 ambonem
1478 1506 1733 1561 ecclesiae
1781 1505 1944 1559 Colo-

290 1596 513 1653 niensis
535 1596 820 1667 spectanti
842 1599 1050 1651 cuncto
1076 1594 1390 1666 specialius
1410 1594 1838 1651 collaudaverat
1854 1608 1949 1665 po-

290 1685 449 1758 pulo,
483 1684 758 1739 Rodberti
792 1684 1162 1740 Trevirorum
1213 1682 1655 1755 archiepiscopi,
1709 1684 1861 1739 219
1893 1682 1946 1736 vi

291 1772 524 1846 publica
554 1772 836 1827 comitum
857 1772 1135 1842 Regeneri
1152 1776 1329 1843 atque
1344 1770 1647 1827 Ruodvolti
1668 1773 1837 1839 (459).
1855 1787 1949 1825 ne-

292 1880 398 1935 pos
431 1862 713 1932 ipsorum,
748 1861 845 1932 qui
881 1865 937 1915 et
967 1860 1123 1915 illius
1155 1861 1351 1916 fratris
1372 1861 1675 1915 exstiterat
1698 1859 1947 1914 Baldrici

296 1951 458 2024 (talia
487 1954 553 2005 ut
585 1949 727 2020 quid
760 1950 1111 2021 contigerint
1141 1965 1213 2004 ne
1244 1948 1479 2004 difﬁcile
1503 1949 1578 2005 sit
1606 1948 1950 2019 conjectari)

297 2040 566 2110 ejusdem
598 2037 856 2092 nominis
889 2052 1032 2110 puer
1063 2037 1304 2109 quidam
1336 2041 1400 2090 ut
1449 2036 1872 2103 institueretur;
1896 2041 1954 2091 et

302 2133 367 2184 ut
398 2145 500 2200 per
528 2125 727 2182 omnia
744 2125 1019 2181 materies
1042 2142 1426 2196 personarum
1451 2124 1804 2196 acceptionis
1826 2126 1843 2193 i
1847 2141 1951 2179 ms.

302 2214 658 2287 acceptione]
693 2218 906 2286 pateat,
940 2212 1200 2285 neglecta
1227 2214 1541 2268 timiditate
1558 2213 1685 2284 jam
1712 2213 1850 2267 dicti
1872 2227 1956 2267 rs-

301 2306 393 2379 gis
423 2302 707 2378 germani,
741 2319 814 2357 ne
845 2302 1064 2358 scilicet
1086 2303 1211 2373 jam
1246 2302 1346 2357 fati
1381 2302 1621 2357 comites
1651 2319 1684 2356 a
1713 2317 1845 2374 rege
1881 2301 1951 2356 ad

299 2393 656 2459 Conradum,
688 2390 790 2463 qui
821 2394 959 2446 tunc
982 2386 1127 2451 (460)
1157 2395 1359 2445 contra
1381 2389 1577 2462 ipsum
1609 2390 1836 2461 agebat,
1861 2390 1953 2445 de-

300 2484 558 2549 ﬁcerent,
593 2480 824 2551 sibique
856 2497 991 2535 cum
1040 2496 1107 2535 eo
1149 2478 1632 2548 inimicarentur;
1672 2478 1759 2534 vel
1820 2479 1955 2551 (quo

298 2572 493 2629 verius
526 2569 716 2643 ipsius
745 2573 1018 2625 asserunt
1048 2568 1403 2640 defensores)
1444 2568 1769 2624 resistendo
1818 2567 1958 2639 quia

300 2659 531 2717 nullum
562 2657 777 2713 habere
808 2658 996 2729 potuit
1020 2658 1177 2712 idem
1226 2657 1722 2729 archiepiscopus,
1769 2660 1834 2710 ut
1862 2655 1956 2710 in-

300 2749 586 2812 hiaverat,
600 2762 669 2801 ex
682 2744 1280 2819 episcOpiamieis,vel
1294 2745 1583 2801 militibus
1602 2745 1671 2800 ad
1671 2745 1953 2816 jutorem,

378 2863 606 2931 (.i55)Cu
616 2859 988 2915 mRatherius
1003 2860 1071 2914 ad
1089 2859 1497 2915 Leodicensem
1516 2860 1713 2915 sedem
1732 2874 1957 2931 promo-

303 2930 404 2990 tus
434 2932 609 2986 fuerit
639 2948 791 2985 anno
820 2932 947 2996 953,
978 2931 1087 2985 hoc
1112 2948 1265 2984 anno
1294 2933 1437 3000 feria
1468 2938 1666 3001 quarta
1704 2930 1958 3001 solemnis

299 3005 509 3078 jejunii
535 3003 741 3078 mensis
768 3003 1010 3078 septimi,
1042 3017 1176 3078 qua_
1192 3002 1447 3078 primum
1473 3000 1691 3078 electus
1724 3000 1851 3068 fuit,
1869 3000 1960 3078 in-

309 3071 451 3131 ei’dit
479 3074 539 3127 in
571 3073 723 3127 diem
755 3071 1112 3144 Septembris
1144 3071 1206 3128 SI
1237 3073 1489 3144 Matthaei
1510 3074 1743 3137 festum,
1768 3089 1834 3126 ac
1860 3071 1959 3144 Do-

305 3148 515 3202 minica
545 3160 790 3227 sequens,
826 3142 942 3269 qua
973 3144 1177 3198 iterata
1209 3144 1335 3214 ejus
1361 3143 1565 3200 electio
1588 3154 1831 3210 (rursum
1859 3142 1961 3196 eteo

307 3228 443 3269 etas.
467 3218 675 3269 inamt‘,
705 3223 758 3269 vt
782 3232 843 3269 so
872 3214 1528 3269 emniorinthronizatio
1543 3215 1830 3269 celebrata
1846 3219 1956 3269 est.

307 3228 443 3284 ctus,
467 3214 675 3286 inquit)
705 3223 758 3269 vt
782 3214 1099 3270 solemnior
1116 3214 1528 3269 inthronizatio
1543 3215 1830 3269 celebrata
1846 3219 1956 3286 est,

307 3260 574 3344 fuit’diee
603 3260 674 3340 25’
702 3288 966 3357 ejusdem
1000 3286 1239 3357 mensis.
1275 3286 1491 3357 Duplex
1520 3286 1722 3341 electio
1753 3260 1959 3357 distin:
1988 3260 2032 3329 C

350 3360 527 3424 uitur,
551 3355 1127 3429 altera'Aquisgrani.
1147 3355 1395 3413 Colonia:
1422 3358 1624 3426 altera,
1646 3363 1711 3413 ut
1744 3357 1802 3410 in
1824 3355 1955 3410 Vita

350 3378 527 3424 uitur,
551 3378 730 3413 altera
755 3378 1122 3429 AQUngranl.

307 3378 498 3486 gusius
529 3428 947 3501 explicavimus
978 3432 1018 3501 §_
1045 3431 1122 3501 t0.

376 3502 523 3573 (456)
555 3497 745 3573 Βῆυῃο
763 3500 885 3573 fuit
905 3498 1381 3573 archiepiscopus
1402 3498 1784 3573 Coloniensis,
1810 3497 1959 3573 Rod-

302 3571 508 3652 bertus
523 3571 1391 3652 arc-hiepiscop'usfl‘revi‘rensis,
1408 3571 1543 3625 Bald
1555 3571 1707 3652 riciis
1731 3572 1956 3652 episeo-

302 3662 413 3716 pus
446 3641 1267 3716 Ultrajectinus,Hil_debaldus
1295 3642 1605 3716 episcopus
1637 3644 1957 3716 Transrhe-

305 3712 526 3781 nensis,
561 3712 786 3784 Druogo
817 3712 1307 3784 Osnabrugensis,

306 3784 528 3848 nensis,
562 3782 862 3837 Folbertus
892 3782 1344 3839 Cameracensis.

380 3854 528 3928 (1157)
560 3853 711 3928 Nam
745 3852 1005 3928 Raiherii
1029 3854 1153 3923 jam
1180 3852 1534 3928 Veronensis
1553 3854 1955 3928 episcOpipm-

308 3922 487 3980 motio
514 3922 589 3978 ad
605 3923 700 3978 sed
712 3939 801 3977 em
822 3923 969 3977 Leod
981 3922 1232 3978 icensem
1254 3923 1321 3975 ad
1331 3922 1852 3982 versaretursaeris
1868 3944 1957 3984 ca-

305 3996 562 4051 nonibus
592 3998 766 4068 atque
791 3993 1044 4068 decretis
1075 3992 1441 4068 pontiﬁcum,
1476 3995 1692 4064 quibus
1730 3998 1953 4068 episco-

306 4083 515 4139 porum
535 4064 952 4139 tranSlationes
966 4064 1743 4139 interdicuntur,_expensum
1770 4064 1953 4125 fuitin

303 4135 711 4210 episcoporum
744 4136 1008 4203 concilio,
1024 4135 1209 4210 quiad
1228 4135 1720 4210 ejuselectionem
1741 4156 1951 4196 conve-

302 4204 529 4266 nerant.
562 4209 776 4265 Omnes
794 4213 991 4263 autem
1025 4204 1176 4281 hanc
1193 4204 1533 4263 electionem
1558 4218 1955 4281 appronarunt

298 4281 761 4354 legitimamtum
775 4279 1125 4354 connivenlia
1138 4277 1952 4354 decretorumquze'episcopos

299 4347 505 4408 cxvuna
540 4353 673 4407 sede
700 4352 902 4422 pulsos
932 4350 1003 4422 ad
1038 4347 1213 4403 aliam
1246 4347 1567 4422 promoveri
1584 4347 1754 4421 pos—se
1774 4347 1953 4409 tradi-

300 4426 528 4491 derunt,
563 4429 689 4476 tum
704 4420 1026 4492 praesertim
1042 4420 1307 4495 exemplis
1328 4420 1741 4495 nonnullorum,
1756 4426 1952 4495 quibus

296 4500 346 4550 et
378 4495 433 4551 id
462 4496 783 4559 contigerat,
816 4494 1202 4562 antiquorum:
1236 4492 1307 4546 de
1339 4492 1556 4562 quibus
1585 4494 1715 4550 vide
1730 4492 1954 4553 Conclu-

297 4567 506 4619 sionem
525 4564 940 4617 deliberativam
972 4578 1216 4616 numero
1244 4562 1471 4618 ultimo.

1387 3713 1728 3785 erengarius
1749 3713 1885 3769 Vird
1895 3731 1958 3769 u-

2052 618 2305 690 episropi
2346 617 2685 675 Willilielmi
2719 614 2822 670 lilii
2855 614 3009 687 regis
3042 611 3601 670 muniﬁcentissima
3625 631 3716 671 co-

2051 707 2387 779 piosissime
2418 706 2745 774 frueretur;
2779 704 2916 759 data
2958 702 3059 759 otii
3107 701 3415 758 occasione
3465 704 3717 775 curavit,

2050 812 2177 867 quae
2208 796 2361 851 circa
2392 811 2524 850 eum
2540 798 2668 851 acta
2684 793 2935 860 fuerant,
2965 790 3025 847 in
3048 790 3230 847 libros
3263 791 3544 865 digerere,
3569 808 3717 864 qua-

2048 884 2186 939 litas
2216 884 2523 939 elaborans
2554 898 2626 938 ne
2655 881 2744 938 vel
2777 880 3028 937 curiosis
3049 877 3255 936 lateret
3289 880 3381 935 sui
3408 878 3716 952 temporis.

2050 972 2262 1044 Utique
2293 972 2401 1028 hoc
2424 972 2727 1027 audientes
2744 971 2861 1026 duo
2880 968 2965 1025 illi
2982 969 3110 1040 ejus
3126 968 3441 1042 specialius
3462 969 3716 1037 inimici,

2052 1061 2380 1117 Rodbertus
2394 1057 3065 1124 videlicetetBaldricus,
3088 1057 3359 1114 dixerunt
3370 1074 3507 1113 eum
3529 1057 3719 1130 phre—

2053 1149 2313 1205 neticum
2345 1166 2493 1205 esse.

2124 1238 2177 1292 2.
2214 1237 2526 1309 Amplexus
2558 1236 2655 1293 ille
2686 1251 2819 1292 cum
2852 1235 3112 1292 convicio
3131 1248 3533 1304 reaccensum,
3565 1234 3724 1308 sopi-

2044 1329 2154 1382 tus
2186 1326 2418 1398 quijam
2434 1326 2644 1392 fuerat,
2672 1324 2966 1381 scribendi
2980 1324 3179 1397 aliqua
3193 1340 3398 1380 rursus
3420 1323 3721 1392 ardorem,

2055 1419 2421 1487 praesentem,
2456 1431 2631 1486 quem
2662 1413 2893 1468 cunctis
2921 1416 3288 1485 proponeret,
3309 1412 3558 1469 condere
3579 1429 3723 1469 conv

2055 1507 2146 1558 tra
2175 1520 2275 1558 eos
2306 1503 2621 1558 maturavit
2650 1502 2851 1557 statim
2882 1501 3169 1564 libellum,
3203 1502 3371 1573 Cujus
3418 1506 3724 1559 summam

2056 1590 2331 1664 appellat,
2367 1607 2566 1647 eorum
2578 1592 2749 1662 juxta
2763 1590 3137 1658 sententiam,
3155 1589 3518 1658 Phrenesim,
3541 1607 3727 1664 seque

2058 1681 2253 1754 ipsum
2286 1680 2714 1752 phreneticum,
2749 1680 2849 1751 qui
2876 1678 3156 1735 inusitato
3179 1679 3382 1752 utique
3412 1682 3555 1735 tunc
3572 1683 3724 1736 tem-

2058 1768 2214 1841 poris
2248 1784 2427 1835 more,
2462 1786 2577 1824 non
2612 1769 2683 1823 ad
2703 1785 2982 1823 nummos
3004 1766 3106 1823 tali
3135 1767 3194 1824 in
3212 1767 3578 1836 discrimine,
3600 1785 3727 1823 non

2058 1858 2128 1913 ad
2161 1874 2346 1924 arma,
2382 1861 2447 1912 ut
2478 1858 2739 1929 quidam,
2762 1874 2876 1912 non
2892 1858 2962 1912 ad
2991 1857 3216 1929 copiam
3240 1857 3591 1925 amicorum,
3618 1858 3725 1913 sed

2061 1947 2132 2002 ad
2164 1945 2366 2016 libros,
2400 1945 2469 2001 ad
2492 1946 2768 2013 armaria,
2785 1949 2859 2001 ad
2875 1946 3199 2018 priscorum
3218 1945 3727 2020 confugeritjudi-

2062 2036 2171 2113 eia.
2202 2034 2499 2089 lnvehitur
2530 2038 2721 2089 autem
2743 2033 3025 2107 prommio
3054 2034 3243 2089 inisto
3268 2035 3326 2089 in
3356 2032 3726 2091 Rodbertum

2064 2122 2337 2195 amplius,
2372 2122 2428 2177 in
2463 2122 2799 2178 Baldricum
2834 2122 3202 2191 mordacius;
3256 2124 3413 2179 unde
3447 2123 3511 2178 in
3551 2124 3729 2180 initio

2064 2212 2261 2268 statim
2294 2228 2407 2284 prie
2440 2228 2501 2267 se
2526 2212 2695 2282 quasi
2735 2216 3141 2280 contemnens,
3192 2210 3521 2267 immunem
3576 2211 3732 2269 dicit

2063 2316 2197 2356 eum
2230 2318 2263 2355 a
2293 2299 2598 2373 phrenesis
2631 2299 2789 2367 vitio,
2823 2317 2925 2371 per
2954 2300 3106 2371 quod
3132 2298 3378 2372 intelligi
3411 2299 3535 2357 vult
3566 2289 3729 2358 220

2062 2388 2380 2455 insaniam,
2412 2405 2590 2461 quam
2622 2388 2859 2461 purgari
2889 2388 3082 2446 cicuta
3100 2392 3327 2445 vetusta
3351 2389 3567 2445 fecerat
3586 2406 3729 2463 poe-

2064 2478 2177 2534 tica
2203 2478 2465 2548 (ΗοειΑτη
2497 2476 2535 2533 1.
2571 2495 2630 2545 n,
2655 2494 2745 2550 ep.
2774 2480 2903 2548 2,v.
2935 2478 3025 2540 35)
3049 2477 3525 2550 Consigniferum
3549 2479 3727 2548 (461).

2065 2582 2297 2639 quoque
2329 2566 2585 2638 appellat
2613 2566 2671 2621 in
2701 2566 2792 2621 sui
2826 2565 3215 2622 debellatione
3249 2565 3562 2635 Rodberto,
3599 2567 3729 2622 acie

2065 2655 2333 2728 quamvis
2373 2655 2617 2722 diversa,
2679 2655 2736 2709 id
2767 2658 2853 2710 est
2901 2672 3016 2710 non
3064 2671 3132 2711 ea
3177 2653 3414 2727 quidem
3465 2654 3730 2722 dicendi,

2066 2761 2246 2816 quam
2278 2743 2375 2799 ille
2391 2743 2719 2811 allectabat,
2742 2742 2970 2815 peritia,
2998 2744 3218 2815 majore
3234 2759 3370 2799 vero
3392 2742 3734 2815 decipiendi

2068 2860 2267 2914 Contra
2297 2862 2477 2930 ipsum
2532 2876 2730 2929 regem,
2767 2864 2817 2913 et
2864 2859 2973 2913 sibi
3031 2860 3458 2914 inimicarentur
3508 2875 3640 2913 cum
3664 2875 3731 2915 eo

2069 2931 2335 2995 Conrado,
2368 2931 2470 2995 vel,
2504 2932 2644 3001 quod
2673 2932 2855 2986 verius
2884 2930 3191 3000 defensores
3223 2931 3401 3001 ipsius
3443 2935 3727 2996 asserunt,

2066 3005 2198 3084 quia
2228 3002 2380 3084 idem
2399 3001 2834 3084 arcliiepiscopus
2855 3001 3053 3084 _Bruno
3084 3017 3195 3056 non
3223 3002 3731 3084 potuit‘haberewt

2068 3072 2400 3135 inhiaverat,
2436 3074 2677 3143 aliquem
2708 3072 3011 3143 adiutorem
3041 3074 3312 3128 examicis
3331 3072 3413 3127 vel
3443 3073 3731 3129 militibus

2067 3145 2305 3215 episcopi
2362 3144 2617 3199 ltatherii
2676 3144 2996 3209 resistendo,
3057 3160 3158 3198 seu
3192 3144 3263 3198 ad
3321 3143 3728 3199 resistendum

2067 3232 2210 3281 cum,
2246 3217 2507 3286 inquam,
2539 3215 2633 3269 his
2664 3215 2734 3269 de
2760 3215 2955 3270 causis
2980 3215 3237 3285 expulsus
3272 3216 3482 3285 fuisset,
3533 3223 3587 3271 et
3616 3216 3727 3270 Mo-

2064 3288 2274 3355 guntiw
2304 3287 2673 3357 copiosissime
2682 3288 2960 3355 frueretur
2981 3286 3315 3357 benignitate
3325 3286 3732 3357 muniﬁcentis-

2064 3360 2205 3411 sima
2231 3358 2629 3429 archiepiscopi
2665 3358 2986 3412 Willihelmi
3031 3356 3143 3429 ﬁlii
3172 3358 3363 3429 regis;
3410 3356 3543 3412 data
3568 3373 3729 3413 occa-

2064 3432 2204 3484 sioee
2222 3430 2322 3483 otii
2349 3427 2575 3483 curavit
2591 3427 2836 3498 digerere
2865 3430 2925 3483 in
2973 3428 3140 3483 libros
3186 3427 3304 3498 qua:
3331 3431 3455 3482 acta
3496 3429 3732 3497 fuerant

2064 3503 2209 3554 circa
2238 3516 2382 3566 eum,
2415 3500 2703 3555 elaborans
2730 3515 2798 3554 ne
2827 3499 3067 3571 qualitas
3095 3500 3186 3553 sui
3214 3499 3470 3571 temporis
3523 3499 3729 3555 lateret

2064 3572 2150 3625 vel
2178 3572 2438 3625 curiosos.
2478 3572 2667 3641 Utique
2695 3569 2977 3625 audientes
3008 3571 3106 3624 hoc
3136 3569 3561 3641 (quodscilicet
3584 3571 3732 3626 talia

2065 3642 2376 3713 Moguntize
2432 3641 2733 3711 scriberet)
2788 3642 2894 3698 duo
2950 3642 3042 3697 illi
3088 3642 3206 3712 ejus
3250 3642 3549 3713 specialius
3607 3644 3726 3699 ini-

2063 3715 2215 3775 mici,
2247 3718 2356 3767 etc.

2137 3784 2289 3865 (ᾅδω
2319 3780 2779 3865 HicRegenerus
2804 3778 3151 3865 Hainoensis
3166 3797 3364 3839 comes
3387 3786 3727 3865 praepoiens

2064 3854 2209 3919 erat,
2243 3860 2300 3909 et
2328 3855 2399 3909 ob
2423 3854 2788 3926 tyrannidem
2819 3871 2974 3910 anno
2989 3855 3096 3909 957
3123 3857 3320 3925 (quem
3342 3854 3566 3926 notavit
3582 3854 3724 3911 Fro-

2063 3926 2341 4008 doardus)
2368 3925 2600 4008 ab’ipso
2623 3926 2891 4008 Brunone
2904 3925 3339 4008 archiepiscopo
3361 3925 3721 4008 Coloniensi,

2062 4000 2120 4051 et
2154 3996 2544 4051 Lethariensis
2564 3996 2725 4068 regni
2758 3997 2905 4051 duce
2928 3996 3314 4068 proscriptus,
3338 4012 3404 4051 ac
3436 4002 3725 4068 perpetuo

2063 4068 2265 4139 exsilio
2296 4068 2611 4123 damnatus
2635 4067 2677 4122 e
2707 4067 2988 4123 Fulcuino
3005 4067 3258 4139 traditur
3272 4084 3400 4139 cap.
3418 4069 3510 4123 26.
3538 4067 3597 4122 ls
3616 4084 3728 4123 au-

2061 4143 2181 4194 tem
2215 4138 2547 4207 Regenerus
2578 4139 2824 4194 Baldrici
2858 4137 3397 4209 avunculusipsum
3423 4140 3485 4193 in
3512 4140 3724 4209 episco-

2057 4214 2195 4280 patu
2224 4209 2569 4282 adipiscendo
2606 4212 2915 4282 plurimum
2964 4211 3113 4282 juvit
3170 4208 3373 4265 eodem
3433 4208 3725 4282 Fulcuino

2060 4286 2225 4362 teste.
2259 4281 2648 4362 [inedi/eitum
2669 4282 2820 4362 item
2853 4281 3145 4362 comitem,
3178 4282 3347 4362 cujus
3375 4297 3543 4362 nepos
3566 4281 3724 4362 pari-

2059 4356 2149 4475 ςθῖ
2178 4356 2306 4475 (arat.
2316 4352 2470 4406 idem
2491 4351 2812 4419 Baldricus,
2829 4352 3092 4425 potentia
3107 4351 3359 4408 valuisse
3372 4351 3722 4409 ex'hoc’loco

2061 4440 2120 4475 In
2151 4440 2180 4475 θ
2235 4439 2469 4475 immus.

2061 4422 2469 4493 intelligimus.

2130 4496 2279 4566 (460)
2306 4493 2595 4566 Particula
2613 4499 2743 4566 tunc
2755 4495 3063 4549 manifeste
3076 4493 3364 4565 designat,
3379 4494 3605 4566 conrad
3616 4511 3720 4550 um

2058 4563 2206 4631 tunc,
2239 4581 2372 4620 cum
2408 4565 2715 4620 Ratherius
2746 4582 2775 4621 e
2808 4566 3145 4621 Leodicensi
3179 4563 3314 4622 sede
3345 4563 3554 4635 pulsus
3581 4565 3720 4633 fuit,

368 4636 517 4708 (74,58)
538 4632 786 4708 AE_x_pliea
816 4633 1199 4708 sic._Cumque
1222 4638 1407 4708 postea
1439 4636 1661 4708 ingenio
1689 4637 1812 4707 jam
1839 4640 1950 4708 fati
1979 4625 2026 4690 Ι)
2057 4636 2161 4700 die,
2194 4625 2261 4691 ut
2290 4636 2442 4691 intra
2471 4636 2747 4691 scribitur
2778 4654 2835 4691 n.
2872 4637 2958 4699 16,
3006 4636 3184 4692 Comm
3242 4625 3480 4708 Domini,
3520 4636 3577 4708 id
3629 4625 3721 4692 est

295 4706 545 4780 Baldrifi
591 4703 986 4780 Ultrajectini,
1003 4708 1055 4760 et
1098 4703 1323 4780 patrata
1368 4706 1640 4780 Rodberti
1670 4703 1943 4780 archiepi-

293 4778 442 4848 δυο]δί
474 4777 835 4843 Trevirorum,
890 4777 986 4846 qui
1024 4776 1317 4845 specialius
1364 4792 1489 4832 eum
1538 4776 1947 4836 collaudaverat

293 4865 456 4918 super
484 4848 770 4919 umbonem
808 4847 1059 4901 Ecclesia:
1105 4847 1441 4919 Colmziensis
1496 4850 1696 4919 populo
1753 4855 1944 4909 cuneta

292 4920 580 4991 spectante,
604 4918 865 4991 expulsus
894 4919 1084 4991 fuisset
1116 4920 1171 4972 vi
1194 4918 1418 4988 publica
1465 4918 1727 4974 coniilum
1775 4924 1941 4991 Rege-

290 4980 416 5045 neri
433 4980 593 5060 atque
624 4980 925 5063 Ruodvolti,
956 4998 1015 5063 ut
1047 4980 1447 5063 institueretur,
1474 5007 1635 5058 nepos
1678 4980 1940 5063 ipsorum,

292 5064 390 5131 qui
419 5070 470 5116 et
496 5063 778 5116 exstiterat
799 5062 950 5128 ﬁlius
979 5062 1174 5130 fratris
1206 5060 1449 5115 Baldrici
1485 5065 1567 5125 (ut
1596 5078 1665 5115 ne
1695 5060 1945 5133 difficile

290 5135 361 5205 sit
379 5133 704 5205 eonjeclari,
720 5134 1012 5205 quiatalia
1038 5133 1388 5205 contigerint)
1403 5134 1785 5205 pueriquidam
1804 5152 1945 5205 ejus-

291 5203 413 5258 dem
435 5201 672 5257 nominis
689 5201 808 5272 (qui
826 5201 1511 5276 similiterappellabatur
1544 5201 1938 5276 Baldricus)et,

288 5277 348 5328 ut
376 5292 475 5345 per
504 5276 689 5329 omnia
716 5278 899 5343 pateat
928 5274 1183 5345 materies
1212 5274 1537 5345 acceptionis
1580 5274 1943 5344 personarum

290 5343 511 5408 (idest,
544 5349 609 5419 ut
642 5347 832 5419 pateat
861 5344 1058 5419 omnia
1087 5346 1216 5419 acta
1246 5343 1425 5419 fuisse
1460 5343 1791 5419 acceptione
1814 5365 1942 5419 per-

290 5416 589 5497 sonarum)
623 5415 902 5497 expulsus
925 5414 1159 5497 “fuisset
1206 5414 1793 5497 negleclahlimiditate
1814 5414 1943 5490 'jam

294 5488 429 5542 dicti
458 5483 715 5559 germani
739 5487 884 5559 regis
916 5485 998 5559 (id
1020 5490 1108 5541 est
1138 5483 1397 5559 neglecto
1443 5486 1712 5559 Brunone
1763 5483 1940 5546 fratre

288 5555 752 5631 germanoregis
778 5556 1031 5631 _0ttonis,
1051 5555 1148 5631 qui
1161 5556 1238 5631 ab
1254 5556 1475 5631 eodem
1494 5574 1626 5631 rege
1644 5558 1943 5631 Letharin-

285 5625 409 5702 gici
433 5628 595 5702 regni
628 5625 743 5683 dux
773 5625 1433 5702 fuerat__eonstitutus,et
1459 5625 1843 5702 hoc'neglccto
1868 5633 1941 5688 ob

284 5696 683 5758 timiditatem.
718 5698 857 5771 quia
888 5696 1111 5771 scilicet
1134 5696 1397 5771 timebat)
1430 5716 1498 5754 ne
1507 5700 1628 5771 jam
1656 5696 1765 5771 fati
1780 5706 1942 5759 comi-

288 5779 365 5839 tes
394 5772 682 5857 deﬁcerent
710 5764 752 5828 α’
773 5786 901 5851 rege
926 5769 995 5831 ad
1055 5764 1388 5843 Conradum,
1441 5764 1539 5851 qui
1576 5764 1705 5834 tunc
1750 5775 1944 5854 agebat

2057 4710 2124 4763 12
2156 4708 2371 4778 Aprilis
2398 4708 2533 4762 anni
2562 4708 2689 4774 955,
2723 4708 2879 4778 regis
2909 4708 3137 4763 Ottonis
3168 4708 3350 4762 fuisse
3380 4706 3715 4778 inimicum;

2057 4724 2124 4763 1z
2156 4724 2371 4778 Aprilis
2398 4725 2533 4762 anni
2562 4724 2689 4774 vos,
2723 4724 2752 4761 r
2829 4724 2879 4762 IS
2909 4724 3137 4763 Uttoms
3168 4724 3350 4762 misse
3380 4724 3715 4773 inimicum;

2056 4796 2197 4851 cum,
2222 4796 2354 4834 vero
2386 4778 2507 4833 hazc
2538 4724 3022 4851 scriptaeﬁierunt
3042 4778 3374 4851 Moguntiaz,
3403 4776 3461 4851 in
3482 4776 3721 4851 Ottonis

2054 4849 2300 4921 gratiam
2325 4851 2452 4919 jam
2487 4848 2728 4905 rediisse
2785 4849 2954 4922 Redit
2983 4848 3167 4922 igitur
3211 4850 3267 4904 in
3302 4848 3554 4921 gratiam
3604 4848 3715 4922 ali-

2056 4920 2275 4993 quanto
2307 4925 2437 4992 post
2464 4921 2616 4993 diem
2651 4923 2716 4975 12
2738 4920 2975 4993 Aprilis,
3009 4920 3106 4976 sed
3141 4927 3275 4975 ante
3296 4936 3559 4993 mensem
3580 4921 3717 4993 AAu-

2054 4990 2323 5063 gustumi
2349 4991 2643 5062 siquidem
2674 4990 2805 5046 cum
2839 4992 3045 5047 Ottone
3086 4990 3713 5063 reconciliatustdum

2055 5061 2333 5118 adversus
2366 5067 2671 5131 Ilnngaros
2705 5080 2806 5134 pro
2838 5064 3041 5119 eodem
3075 5067 3380 5134 pugnaret,
3433 5061 3580 5134 obiit
3616 5062 3712 5134 die

2053 5135 2281 5188 decima
2310 5135 2555 5200 Augusti
2583 5131 2718 5187 anni
2741 5135 3027 5203 ejusdem.
3054 5131 3199 5189 Vide
3222 5131 3619 5189 Frodoardurn
3647 5133 3707 5187 in

2052 5205 2833 5277 Chronico,et.\'ecrologium
2866 5205 3152 5261 Fuldense
3171 5205 3325 5277 apud
3349 5204 3709 5259 Leibnitium

2055 5276 2260 5347 Script.
2296 5276 2541 5349 Bruns‘v.
2578 5276 2851 5349 tom.glll,
2886 5279 3175 5349 pag.__762.

2124 5343 2273 5428 (eiii)
2290 5346 2635 5428 'Baldricum
2653 5343 2994 5428 episcopum
3014 5345 3400 5428 Unitrajeetiad
3434 5343 3706 5428 Rhenum

2052 5412 2362 5490 intelligit:
2396 5418 2550 5472 unde
2581 5412 2826 5474 inferius
2858 5412 3023 5474 num.
3046 5418 3101 5485 9,
3132 5412 3405 5490 similiter
3434 5416 3515 5490 ait
3539 5433 3552 5471 :

2052 5499 2103 5546 et
2131 5486 2497 5559 coniignifero
2519 5491 2637 5543 acie
2666 5507 2831 5560 quam
2859 5491 2940 5545 vis
2982 5490 3195 5545 diversa
3245 5487 3527 5560 Baldrico.
3576 5486 3710 5544 Mox

2050 5577 2115 5634 ea
2146 5562 2363 5634 quidem
2392 5560 2628 5634 diremti,
2661 5559 2825 5634 quam
2863 5562 2969 5634 ille
3014 5560 3327 5634 aﬂ'eclabat,
3355 5630 3369 5634 Α
3379 5559 3583 5634 peritia
3614 5575 3703 5613 re—

2050 5628 2236 5705 fertur
2248 5632 2319 5688 ad
2335 5628 2694 5687 Rodbertum
2707 5628 3130 5705 Trevirensem,
3151 5647 3325 5705 quem
3338 5628 3409 5686 de
3426 5628 3703 5705 eloquen-

2050 5704 2133 5760 tia
2162 5704 2505 5783 decretasse‘
2548 5718 2684 5783 cum
2744 5702 3021 5763 Ratherio
3078 5700 3266 5762 disces
3295 5718 3366 5762 ex
3421 5718 3480 5760 ιι.
3516 5700 3605 5774 ﬂ,
3645 5701 3731 5783 in.

2051 5790 2227 5859 quem
2256 5772 2387 5832 vids
2413 5776 2532 5832 not.
2564 5773 2691 5834 397.
