  <div class='ocr_page' id='page_1' title='image "/cluster/home/n/w/nwhite01/storage/ocr_20150623/136-137/uc1.31175019686917/193.png"; bbox 0 0 3896 6372; ppageno 0'>
   <div class='ocr_carea' id='block_1_1' title="bbox 303 463 419 533">
    <p class='ocr_par' dir='ltr' id='par_1_1' title="bbox 303 463 419 533">
     <span class='ocr_line' id='line_1_1' title="bbox 303 463 419 533; baseline -0.017 -1"><span class='ocrx_word' id='word_1_1' title='bbox 303 463 419 533; x_wconf 72' lang='grc'>3⁸11</span> 
     </span>
    </p>
   </div>
   <div class='ocr_carea' id='block_1_2' title="bbox 1228 455 2795 530">
    <p class='ocr_par' dir='ltr' id='par_1_2' title="bbox 1228 455 2795 530">
     <span class='ocr_line' id='line_1_2' title="bbox 1228 455 2795 530; baseline -0.003 -2"><span class='ocrx_word' id='word_1_2' title='bbox 1228 460 1608 530; x_wconf 81' lang='lat' dir='ltr'>RATHERII</span> <span class='ocrx_word' id='word_1_3' title='bbox 1648 462 1898 529; x_wconf 85' lang='lat' dir='ltr'>EPISG.</span> <span class='ocrx_word' id='word_1_4' title='bbox 1938 458 2235 527; x_wconf 79' lang='lat' dir='ltr'>VEBON.</span> <span class='ocrx_word' id='word_1_5' title='bbox 2280 457 2457 526; x_wconf 86' lang='lat' dir='ltr'>OPP.</span> <span class='ocrx_word' id='word_1_6' title='bbox 2498 459 2703 525; x_wconf 78' lang='lat' dir='ltr'>PARS</span> <span class='ocrx_word' id='word_1_7' title='bbox 2744 455 2795 524; x_wconf 93' lang='grc' dir='ltr'>Ῑ.</span> 
     </span>
    </p>
   </div>
   <div class='ocr_carea' id='block_1_3' title="bbox 3591 424 3719 521">
    <p class='ocr_par' dir='ltr' id='par_1_3' title="bbox 3591 424 3719 521">
     <span class='ocr_line' id='line_1_3' title="bbox 3591 424 3719 521; baseline -0.031 -76"><span class='ocrx_word' id='word_1_8' title='bbox 3591 424 3701 521; x_wconf 48' lang='lat'>3;”.</span> 
     </span>
    </p>
   </div>
   <div class='ocr_carea' id='block_1_4' title="bbox 374 588 3697 675">
    <p class='ocr_par' dir='ltr' id='par_1_4' title="bbox 374 588 3697 675">
     <span class='ocr_line' id='line_1_4' title="bbox 374 588 3697 675; baseline -0.002 -16"><span class='ocrx_word' id='word_1_9' title='bbox 374 602 431 660; x_wconf 90' lang='lat'>5.</span> <span class='ocrx_word' id='word_1_10' title='bbox 465 599 652 674; x_wconf 80' lang='lat' dir='ltr'><strong>Major</strong></span> <span class='ocrx_word' id='word_1_11' title='bbox 681 602 953 657; x_wconf 61' lang='lat' dir='ltr'>caeterum</span> <span class='ocrx_word' id='word_1_12' title='bbox 985 600 1131 675; x_wconf 85' lang='grc'>(470)</span> <span class='ocrx_word' id='word_1_13' title='bbox 1163 600 1353 658; x_wconf 85' lang='lat' dir='ltr'>fuerat</span> <span class='ocrx_word' id='word_1_14' title='bbox 1388 601 1560 658; x_wconf 82' lang='lat' dir='ltr'>istius</span> <span class='ocrx_word' id='word_1_15' title='bbox 1590 601 1737 658; x_wconf 84' lang='lat' dir='ltr'>forte</span> <span class='ocrx_word' id='word_1_16' title='bbox 1765 597 1955 673; x_wconf 79' lang='lat' dir='ltr'>quali-</span> <span class='ocrx_word' id='word_1_17' title='bbox 1983 596 2041 666; x_wconf 79' lang='grc' dir='ltr'>Α</span> <span class='ocrx_word' id='word_1_18' title='bbox 2068 615 2216 655; x_wconf 70' lang='lat' dir='ltr'>caeco</span> <span class='ocrx_word' id='word_1_19' title='bbox 2238 597 2508 672; x_wconf 84' lang='lat' dir='ltr'>prohibet</span> <span class='ocrx_word' id='word_1_20' title='bbox 2524 595 2942 653; x_wconf 80' lang='lat' dir='ltr'>offendiculum</span> <span class='ocrx_word' id='word_1_21' title='bbox 2963 588 3284 668; x_wconf 86' lang='lat' dir='ltr'>quemlibet</span> <span class='ocrx_word' id='word_1_22' title='bbox 3302 608 3511 667; x_wconf 88' lang='lat' dir='ltr'>ponere</span> <span class='ocrx_word' id='word_1_23' title='bbox 3525 591 3697 666; x_wconf 77' lang='lat' dir='ltr'>(Levii.</span> 
     </span>
    </p>
   </div>
   <div class='ocr_carea' id='block_1_5' title="bbox 302 681 3701 764">
    <p class='ocr_par' dir='ltr' id='par_1_5' title="bbox 302 681 3701 764">
     <span class='ocr_line' id='line_1_5' title="bbox 302 681 3701 764; baseline -0.003 -15"><span class='ocrx_word' id='word_1_24' title='bbox 302 696 396 749; x_wconf 89' lang='lat' dir='ltr'>tas</span> <span class='ocrx_word' id='word_1_25' title='bbox 424 690 628 759; x_wconf 86' lang='lat' dir='ltr'>libelli,</span> <span class='ocrx_word' id='word_1_26' title='bbox 655 691 956 764; x_wconf 71' lang='lat' dir='ltr'>praacisus,</span> <span class='ocrx_word' id='word_1_27' title='bbox 970 690 1097 761; x_wconf 91' lang='lat' dir='ltr'>jam</span> <span class='ocrx_word' id='word_1_28' title='bbox 1120 695 1357 762; x_wconf 90' lang='lat' dir='ltr'>peracta</span> <span class='ocrx_word' id='word_1_29' title='bbox 1384 691 1468 746; x_wconf 87' lang='lat' dir='ltr'>uti</span> <span class='ocrx_word' id='word_1_30' title='bbox 1495 689 1817 746; x_wconf 80' lang='lat' dir='ltr'>succiditur</span> <span class='ocrx_word' id='word_1_31' title='bbox 1837 688 1958 757; x_wconf 90' lang='lat' dir='ltr'>(Job</span> <span class='ocrx_word' id='word_1_32' title='bbox 2066 687 2623 760; x_wconf 66' lang='lat' dir='ltr'>xix,l-’s).0btutibus</span> <span class='ocrx_word' id='word_1_33' title='bbox 2645 702 2901 758; x_wconf 82' lang='lat' dir='ltr'>namque</span> <span class='ocrx_word' id='word_1_34' title='bbox 2919 683 3207 758; x_wconf 82' lang='lat' dir='ltr'>quidlibet</span> <span class='ocrx_word' id='word_1_35' title='bbox 3228 684 3554 756; x_wconf 84' lang='lat' dir='ltr'>subjectum</span> <span class='ocrx_word' id='word_1_36' title='bbox 3576 681 3701 739; x_wconf 80' lang='lat' dir='ltr'>inef-</span> 
     </span>
    </p>
   </div>
   <div class='ocr_carea' id='block_1_6' title="bbox 300 778 1962 851">
    <p class='ocr_par' dir='ltr' id='par_1_6' title="bbox 300 778 1962 851">
     <span class='ocr_line' id='line_1_6' title="bbox 300 778 1962 851; baseline -0.005 -12"><span class='ocrx_word' id='word_1_37' title='bbox 300 799 400 850; x_wconf 86' lang='lat' dir='ltr'>vn,</span> <span class='ocrx_word' id='word_1_38' title='bbox 421 783 479 850; x_wconf 88' lang='grc'>6)</span> <span class='ocrx_word' id='word_1_39' title='bbox 507 780 642 849; x_wconf 90' lang='lat' dir='ltr'>tela,</span> <span class='ocrx_word' id='word_1_40' title='bbox 669 780 728 834; x_wconf 92' lang='lat' dir='ltr'>ni</span> <span class='ocrx_word' id='word_1_41' title='bbox 761 780 1129 850; x_wconf 88' lang='lat' dir='ltr'>fuisset,jam</span> <span class='ocrx_word' id='word_1_42' title='bbox 1161 780 1264 836; x_wconf 89' lang='lat' dir='ltr'>fati</span> <span class='ocrx_word' id='word_1_43' title='bbox 1310 780 1511 835; x_wconf 83' lang='lat' dir='ltr'>statim</span> <span class='ocrx_word' id='word_1_44' title='bbox 1544 783 1608 835; x_wconf 92' lang='lat' dir='ltr'>ut</span> <span class='ocrx_word' id='word_1_45' title='bbox 1636 778 1962 851; x_wconf 88' lang='lat' dir='ltr'>comperuit</span> 
     </span>
    </p>
   </div>
   <div class='ocr_carea' id='block_1_7' title="bbox 302 867 1961 940">
    <p class='ocr_par' dir='ltr' id='par_1_7' title="bbox 302 867 1961 940">
     <span class='ocr_line' id='line_1_7' title="bbox 302 867 1961 940; baseline -0.003 -14"><span class='ocrx_word' id='word_1_46' title='bbox 302 869 532 926; x_wconf 90' lang='lat' dir='ltr'>obitum</span> <span class='ocrx_word' id='word_1_47' title='bbox 565 868 860 935; x_wconf 83' lang='lat' dir='ltr'>Rodberti,</span> <span class='ocrx_word' id='word_1_48' title='bbox 894 884 1070 940; x_wconf 90' lang='lat' dir='ltr'>quem</span> <span class='ocrx_word' id='word_1_49' title='bbox 1116 872 1313 923; x_wconf 90' lang='lat' dir='ltr'>tamen</span> <span class='ocrx_word' id='word_1_50' title='bbox 1342 867 1526 923; x_wconf 88' lang='lat' dir='ltr'>falsus</span> <span class='ocrx_word' id='word_1_51' title='bbox 1578 885 1782 924; x_wconf 88' lang='lat' dir='ltr'>rumor</span> <span class='ocrx_word' id='word_1_52' title='bbox 1826 871 1961 923; x_wconf 85' lang='lat' dir='ltr'>ante</span> 
     </span>
    </p>
   </div>
   <div class='ocr_carea' id='block_1_8' title="bbox 305 956 1960 1032">
    <p class='ocr_par' dir='ltr' id='par_1_8' title="bbox 305 956 1960 1032">
     <span class='ocr_line' id='line_1_8' title="bbox 305 956 1960 1032; baseline -0.002 -19"><span class='ocrx_word' id='word_1_53' title='bbox 305 957 655 1032; x_wconf 68' lang='lat' dir='ltr'>praetulerat.</span> <span class='ocrx_word' id='word_1_54' title='bbox 681 957 845 1022; x_wconf 87' lang='lat' dir='ltr'>Quod</span> <span class='ocrx_word' id='word_1_55' title='bbox 883 961 939 1013; x_wconf 89' lang='lat' dir='ltr'>et</span> <span class='ocrx_word' id='word_1_56' title='bbox 968 956 1078 1013; x_wconf 91' lang='lat' dir='ltr'>iste</span> <span class='ocrx_word' id='word_1_57' title='bbox 1108 956 1276 1012; x_wconf 92' lang='lat' dir='ltr'>initio</span> <span class='ocrx_word' id='word_1_58' title='bbox 1306 956 1573 1029; x_wconf 89' lang='lat' dir='ltr'>prooemii</span> <span class='ocrx_word' id='word_1_59' title='bbox 1617 957 1761 1012; x_wconf 81' lang='lat' dir='ltr'>satis</span> <span class='ocrx_word' id='word_1_60' title='bbox 1805 972 1960 1011; x_wconf 88' lang='lat' dir='ltr'>mor-</span> 
     </span>
    </p>
   </div>
   <div class='ocr_carea' id='block_1_9' title="bbox 310 1044 1965 1118">
    <p class='ocr_par' dir='ltr' id='par_1_9' title="bbox 310 1044 1965 1118">
     <span class='ocr_line' id='line_1_9' title="bbox 310 1044 1965 1118; baseline -0.002 -15"><span class='ocrx_word' id='word_1_61' title='bbox 310 1045 527 1103; x_wconf 88' lang='lat' dir='ltr'>daciler</span> <span class='ocrx_word' id='word_1_62' title='bbox 553 1045 762 1117; x_wconf 81' lang='lat' dir='ltr'>tangit,</span> <span class='ocrx_word' id='word_1_63' title='bbox 795 1048 854 1099; x_wconf 90' lang='lat' dir='ltr'>et</span> <span class='ocrx_word' id='word_1_64' title='bbox 890 1044 951 1099; x_wconf 89' lang='lat' dir='ltr'>in</span> <span class='ocrx_word' id='word_1_65' title='bbox 990 1045 1106 1100; x_wconf 84' lang='lat' dir='ltr'>ﬁne</span> <span class='ocrx_word' id='word_1_66' title='bbox 1137 1046 1395 1118; x_wconf 84' lang='lat' dir='ltr'>apertius</span> <span class='ocrx_word' id='word_1_67' title='bbox 1441 1044 1653 1117; x_wconf 87' lang='lat' dir='ltr'>prodit.</span> <span class='ocrx_word' id='word_1_68' title='bbox 1687 1044 1965 1117; x_wconf 83' lang='lat' dir='ltr'>Exempla</span> 
     </span>
    </p>
   </div>
   <div class='ocr_carea' id='block_1_10' title="bbox 309 1133 1963 1207">
    <p class='ocr_par' dir='ltr' id='par_1_10' title="bbox 309 1133 1963 1207">
     <span class='ocr_line' id='line_1_10' title="bbox 309 1133 1963 1207; baseline -0.002 -15"><span class='ocrx_word' id='word_1_69' title='bbox 309 1150 443 1192; x_wconf 85' lang='lat' dir='ltr'>vero</span> <span class='ocrx_word' id='word_1_70' title='bbox 469 1135 540 1191; x_wconf 90' lang='lat' dir='ltr'>de</span> <span class='ocrx_word' id='word_1_71' title='bbox 557 1133 769 1201; x_wconf 92' lang='lat' dir='ltr'>Tullio,</span> <span class='ocrx_word' id='word_1_72' title='bbox 788 1134 1045 1202; x_wconf 91' lang='lat' dir='ltr'>Marone,</span> <span class='ocrx_word' id='word_1_73' title='bbox 1069 1134 1325 1202; x_wconf 89' lang='lat' dir='ltr'>Horatio,</span> <span class='ocrx_word' id='word_1_74' title='bbox 1345 1134 1590 1191; x_wconf 87' lang='lat' dir='ltr'>diversis</span> <span class='ocrx_word' id='word_1_75' title='bbox 1621 1138 1797 1207; x_wconf 90' lang='lat' dir='ltr'>atque</span> <span class='ocrx_word' id='word_1_76' title='bbox 1827 1150 1963 1207; x_wconf 91' lang='lat' dir='ltr'>poe-</span> 
     </span>
    </p>
   </div>
   <div class='ocr_carea' id='block_1_11' title="bbox 309 1220 1968 1296">
    <p class='ocr_par' dir='ltr' id='par_1_11' title="bbox 309 1220 1968 1296">
     <span class='ocr_line' id='line_1_11' title="bbox 309 1220 1968 1296; baseline -0.002 -17"><span class='ocrx_word' id='word_1_77' title='bbox 309 1223 391 1279; x_wconf 85' lang='lat' dir='ltr'>tis</span> <span class='ocrx_word' id='word_1_78' title='bbox 421 1239 489 1280; x_wconf 91' lang='lat' dir='ltr'>ea</span> <span class='ocrx_word' id='word_1_79' title='bbox 516 1223 706 1296; x_wconf 89' lang='lat' dir='ltr'>magis</span> <span class='ocrx_word' id='word_1_80' title='bbox 735 1239 843 1278; x_wconf 91' lang='lat' dir='ltr'>suo</span> <span class='ocrx_word' id='word_1_81' title='bbox 873 1222 1033 1295; x_wconf 88' lang='lat' dir='ltr'>operi</span> <span class='ocrx_word' id='word_1_82' title='bbox 1064 1223 1385 1278; x_wconf 83' lang='lat' dir='ltr'>necessitas</span> <span class='ocrx_word' id='word_1_83' title='bbox 1416 1239 1550 1279; x_wconf 91' lang='lat' dir='ltr'>eum</span> <span class='ocrx_word' id='word_1_84' title='bbox 1572 1222 1855 1296; x_wconf 89' lang='lat' dir='ltr'>compulit</span> <span class='ocrx_word' id='word_1_85' title='bbox 1881 1220 1968 1275; x_wconf 88' lang='lat' dir='ltr'>in-</span> 
     </span>
    </p>
   </div>
   <div class='ocr_carea' id='block_1_12' title="bbox 313 1310 1965 1384">
    <p class='ocr_par' dir='ltr' id='par_1_12' title="bbox 313 1310 1965 1384">
     <span class='ocr_line' id='line_1_12' title="bbox 313 1310 1965 1384; baseline -0.002 -16"><span class='ocrx_word' id='word_1_86' title='bbox 313 1312 644 1384; x_wconf 91' lang='lat' dir='ltr'>dere,quod</span> <span class='ocrx_word' id='word_1_87' title='bbox 674 1310 941 1367; x_wconf 88' lang='lat' dir='ltr'>hodierni</span> <span class='ocrx_word' id='word_1_88' title='bbox 975 1311 1142 1384; x_wconf 88' lang='lat' dir='ltr'>(proh</span> <span class='ocrx_word' id='word_1_89' title='bbox 1186 1312 1407 1383; x_wconf 83' lang='lat' dir='ltr'>nefas!)</span> <span class='ocrx_word' id='word_1_90' title='bbox 1428 1312 1709 1384; x_wconf 89' lang='lat' dir='ltr'>temporis</span> <span class='ocrx_word' id='word_1_91' title='bbox 1740 1326 1965 1377; x_wconf 89' lang='lat' dir='ltr'>omnes,</span> 
     </span>
    </p>
   </div>
   <div class='ocr_carea' id='block_1_13' title="bbox 315 1399 1967 1473">
    <p class='ocr_par' dir='ltr' id='par_1_13' title="bbox 315 1399 1967 1473">
     <span class='ocr_line' id='line_1_13' title="bbox 315 1399 1967 1473; baseline -0.001 -17"><span class='ocrx_word' id='word_1_92' title='bbox 315 1404 383 1456; x_wconf 85' lang='lat' dir='ltr'>ut</span> <span class='ocrx_word' id='word_1_93' title='bbox 412 1403 469 1456; x_wconf 89' lang='lat' dir='ltr'>et</span> <span class='ocrx_word' id='word_1_94' title='bbox 498 1400 643 1472; x_wconf 92' lang='lat' dir='ltr'>ipse,</span> <span class='ocrx_word' id='word_1_95' title='bbox 668 1402 846 1471; x_wconf 89' lang='lat' dir='ltr'>magis</span> <span class='ocrx_word' id='word_1_96' title='bbox 876 1399 1128 1472; x_wconf 88' lang='lat' dir='ltr'>siliquis,</span> <span class='ocrx_word' id='word_1_97' title='bbox 1151 1399 1477 1455; x_wconf 86' lang='lat' dir='ltr'>lutosarum</span> <span class='ocrx_word' id='word_1_98' title='bbox 1510 1404 1650 1456; x_wconf 91' lang='lat' dir='ltr'>sunt</span> <span class='ocrx_word' id='word_1_99' title='bbox 1678 1417 1804 1473; x_wconf 70' lang='lat' dir='ltr'>quae</span> <span class='ocrx_word' id='word_1_100' title='bbox 1836 1416 1967 1472; x_wconf 91' lang='lat' dir='ltr'>pas-</span> 
     </span>
    </p>
   </div>
   <div class='ocr_carea' id='block_1_14' title="bbox 315 1488 1968 1561">
    <p class='ocr_par' dir='ltr' id='par_1_14' title="bbox 315 1488 1968 1561">
     <span class='ocr_line' id='line_1_14' title="bbox 315 1488 1968 1561; baseline -0.002 -15"><span class='ocrx_word' id='word_1_101' title='bbox 315 1505 425 1546; x_wconf 89' lang='lat' dir='ltr'>cua</span> <span class='ocrx_word' id='word_1_102' title='bbox 478 1504 678 1556; x_wconf 88' lang='lat' dir='ltr'>suum,</span> <span class='ocrx_word' id='word_1_103' title='bbox 730 1505 908 1561; x_wconf 90' lang='lat' dir='ltr'>quam</span> <span class='ocrx_word' id='word_1_104' title='bbox 965 1488 1187 1545; x_wconf 89' lang='lat' dir='ltr'>conviis</span> <span class='ocrx_word' id='word_1_105' title='bbox 1244 1488 1627 1558; x_wconf 86' lang='lat' dir='ltr'>delectantur,</span> <span class='ocrx_word' id='word_1_106' title='bbox 1672 1489 1793 1545; x_wconf 86' lang='lat' dir='ltr'>vita</span> <span class='ocrx_word' id='word_1_107' title='bbox 1842 1506 1968 1561; x_wconf 79' lang='lat' dir='ltr'>quae</span> 
     </span>
    </p>
   </div>
   <div class='ocr_carea' id='block_1_15' title="bbox 313 1576 1969 1652">
    <p class='ocr_par' dir='ltr' id='par_1_15' title="bbox 313 1576 1969 1652">
     <span class='ocr_line' id='line_1_15' title="bbox 313 1576 1969 1652; baseline -0.001 -16"><span class='ocrx_word' id='word_1_108' title='bbox 313 1582 454 1636; x_wconf 90' lang='lat' dir='ltr'>sunt</span> <span class='ocrx_word' id='word_1_109' title='bbox 479 1577 740 1636; x_wconf 87' lang='lat' dir='ltr'>felicium</span> <span class='ocrx_word' id='word_1_110' title='bbox 771 1578 1127 1635; x_wconf 87' lang='lat' dir='ltr'>animarum.</span> <span class='ocrx_word' id='word_1_111' title='bbox 1158 1577 1231 1635; x_wconf 89' lang='lat' dir='ltr'>Ut</span> <span class='ocrx_word' id='word_1_112' title='bbox 1260 1578 1647 1650; x_wconf 83' lang='lat' dir='ltr'>frequentiam</span> <span class='ocrx_word' id='word_1_113' title='bbox 1678 1576 1858 1652; x_wconf 86' lang='lat' dir='ltr'>igitur</span> <span class='ocrx_word' id='word_1_114' title='bbox 1884 1578 1969 1635; x_wconf 91' lang='lat' dir='ltr'>eis</span> 
     </span>
    </p>
   </div>
   <div class='ocr_carea' id='block_1_16' title="bbox 310 1666 1971 1741">
    <p class='ocr_par' dir='ltr' id='par_1_16' title="bbox 310 1666 1971 1741">
     <span class='ocr_line' id='line_1_16' title="bbox 310 1666 1971 1741; baseline 0.001 -18"><span class='ocrx_word' id='word_1_115' title='bbox 310 1667 571 1740; x_wconf 76' lang='lat' dir='ltr'>[subaudi</span> <span class='ocrx_word' id='word_1_116' title='bbox 614 1666 852 1741; x_wconf 85' lang='lat' dir='ltr'>libellis]</span> <span class='ocrx_word' id='word_1_117' title='bbox 898 1666 1227 1740; x_wconf 89' lang='lat' dir='ltr'>acquireret</span> <span class='ocrx_word' id='word_1_118' title='bbox 1255 1668 1423 1741; x_wconf 85' lang='grc'>(471).</span> <span class='ocrx_word' id='word_1_119' title='bbox 1457 1668 1599 1725; x_wconf 90' lang='lat' dir='ltr'>talia</span> <span class='ocrx_word' id='word_1_120' title='bbox 1649 1668 1971 1725; x_wconf 88' lang='lat' dir='ltr'>inseruisse</span> 
     </span>
    </p>
   </div>
   <div class='ocr_carea' id='block_1_17' title="bbox 310 1756 1967 1831">
    <p class='ocr_par' dir='ltr' id='par_1_17' title="bbox 310 1756 1967 1831">
     <span class='ocr_line' id='line_1_17' title="bbox 310 1756 1967 1831; baseline 0 -18"><span class='ocrx_word' id='word_1_121' title='bbox 310 1757 612 1831; x_wconf 87' lang='lat' dir='ltr'>probatur,</span> <span class='ocrx_word' id='word_1_122' title='bbox 648 1756 955 1824; x_wconf 91' lang='lat' dir='ltr'>lectorum,</span> <span class='ocrx_word' id='word_1_123' title='bbox 979 1756 1119 1830; x_wconf 90' lang='lat' dir='ltr'>quia</span> <span class='ocrx_word' id='word_1_124' title='bbox 1147 1772 1253 1813; x_wconf 92' lang='lat' dir='ltr'>nec</span> <span class='ocrx_word' id='word_1_125' title='bbox 1283 1756 1535 1814; x_wconf 92' lang='lat' dir='ltr'>summis</span> <span class='ocrx_word' id='word_1_126' title='bbox 1568 1762 1806 1815; x_wconf 87' lang='lat' dir='ltr'>noverat</span> <span class='ocrx_word' id='word_1_127' title='bbox 1834 1760 1967 1815; x_wconf 90' lang='lat' dir='ltr'>atti-</span> 
     </span>
    </p>
   </div>
   <div class='ocr_carea' id='block_1_18' title="bbox 310 1845 1971 1920">
    <p class='ocr_par' dir='ltr' id='par_1_18' title="bbox 310 1845 1971 1920">
     <span class='ocr_line' id='line_1_18' title="bbox 310 1845 1971 1920; baseline 0.001 -19"><span class='ocrx_word' id='word_1_128' title='bbox 310 1846 470 1919; x_wconf 89' lang='lat' dir='ltr'>gisse</span> <span class='ocrx_word' id='word_1_129' title='bbox 520 1845 704 1903; x_wconf 88' lang='lat' dir='ltr'>labris</span> <span class='ocrx_word' id='word_1_130' title='bbox 763 1862 1123 1919; x_wconf 90' lang='lat' dir='ltr'>quemquam</span> <span class='ocrx_word' id='word_1_131' title='bbox 1155 1846 1247 1902; x_wconf 91' lang='lat' dir='ltr'>sui</span> <span class='ocrx_word' id='word_1_132' title='bbox 1280 1845 1566 1903; x_wconf 91' lang='lat' dir='ltr'>similium</span> <span class='ocrx_word' id='word_1_133' title='bbox 1626 1848 1971 1920; x_wconf 91' lang='lat' dir='ltr'>hujusmodi</span> 
     </span>
    </p>
   </div>
   <div class='ocr_carea' id='block_1_19' title="bbox 2070 772 3698 847">
    <p class='ocr_par' dir='ltr' id='par_1_19' title="bbox 2070 772 3698 847">
     <span class='ocr_line' id='line_1_19' title="bbox 2070 772 3698 847; baseline -0.004 -13"><span class='ocrx_word' id='word_1_134' title='bbox 2070 780 2219 835; x_wconf 84' lang='lat' dir='ltr'>ficax</span> <span class='ocrx_word' id='word_1_135' title='bbox 2259 793 2511 845; x_wconf 87' lang='lat' dir='ltr'>cernere,</span> <span class='ocrx_word' id='word_1_136' title='bbox 2543 774 2738 832; x_wconf 91' lang='lat' dir='ltr'>nescio</span> <span class='ocrx_word' id='word_1_137' title='bbox 2795 792 2869 830; x_wconf 89' lang='lat' dir='ltr'>an</span> <span class='ocrx_word' id='word_1_138' title='bbox 2928 772 3121 847; x_wconf 89' lang='lat' dir='ltr'>putari</span> <span class='ocrx_word' id='word_1_139' title='bbox 3150 789 3368 829; x_wconf 64' lang='lat' dir='ltr'>cmcum</span> <span class='ocrx_word' id='word_1_140' title='bbox 3426 788 3537 829; x_wconf 89' lang='lat' dir='ltr'>non</span> <span class='ocrx_word' id='word_1_141' title='bbox 3564 787 3698 828; x_wconf 90' lang='lat' dir='ltr'>esse.</span> 
     </span>
    </p>
   </div>
   <div class='ocr_carea' id='block_1_20' title="bbox 2070 860 3702 939">
    <p class='ocr_par' dir='ltr' id='par_1_20' title="bbox 2070 860 3702 939">
     <span class='ocr_line' id='line_1_20' title="bbox 2070 860 3702 939; baseline -0.006 -15"><span class='ocrx_word' id='word_1_142' title='bbox 2070 868 2232 934; x_wconf 90' lang='lat' dir='ltr'>Quod</span> <span class='ocrx_word' id='word_1_143' title='bbox 2249 865 2590 939; x_wconf 91' lang='lat' dir='ltr'>Apostolum</span> <span class='ocrx_word' id='word_1_144' title='bbox 2613 881 2748 921; x_wconf 90' lang='lat' dir='ltr'>cum</span> <span class='ocrx_word' id='word_1_145' title='bbox 2783 866 3011 920; x_wconf 90' lang='lat' dir='ltr'>constet</span> <span class='ocrx_word' id='word_1_146' title='bbox 3039 860 3244 919; x_wconf 88' lang='lat' dir='ltr'>sedulo</span> <span class='ocrx_word' id='word_1_147' title='bbox 3273 860 3512 930; x_wconf 87' lang='lat' dir='ltr'>cavisse,</span> <span class='ocrx_word' id='word_1_148' title='bbox 3535 860 3702 934; x_wconf 89' lang='lat' dir='ltr'>(dum)</span> 
     </span>
    </p>
   </div>
   <div class='ocr_carea' id='block_1_21' title="bbox 2072 950 3701 1026">
    <p class='ocr_par' dir='ltr' id='par_1_21' title="bbox 2072 950 3701 1026">
     <span class='ocr_line' id='line_1_21' title="bbox 2072 950 3701 1026; baseline -0.005 -13"><span class='ocrx_word' id='word_1_149' title='bbox 2072 957 2369 1014; x_wconf 90' lang='lat' dir='ltr'>neminem</span> <span class='ocrx_word' id='word_1_150' title='bbox 2401 955 2473 1011; x_wconf 91' lang='lat' dir='ltr'>de</span> <span class='ocrx_word' id='word_1_151' title='bbox 2518 971 2581 1010; x_wconf 88' lang='lat' dir='ltr'>se</span> <span class='ocrx_word' id='word_1_152' title='bbox 2622 953 2755 1026; x_wconf 87' lang='lat' dir='ltr'>plus</span> <span class='ocrx_word' id='word_1_153' title='bbox 2787 951 3011 1025; x_wconf 90' lang='lat' dir='ltr'>aliquid</span> <span class='ocrx_word' id='word_1_154' title='bbox 3055 952 3352 1009; x_wconf 86' lang='lat' dir='ltr'>desiderat</span> <span class='ocrx_word' id='word_1_155' title='bbox 3379 950 3701 1017; x_wconf 68' lang='lat' dir='ltr'>aestimasse,</span> 
     </span>
    </p>
   </div>
   <div class='ocr_carea' id='block_1_22' title="bbox 2074 1037 3701 1119">
    <p class='ocr_par' dir='ltr' id='par_1_22' title="bbox 2074 1037 3701 1119">
     <span class='ocr_line' id='line_1_22' title="bbox 2074 1037 3701 1119; baseline -0.004 -18"><span class='ocrx_word' id='word_1_156' title='bbox 2074 1063 2252 1119; x_wconf 88' lang='lat' dir='ltr'>quam</span> <span class='ocrx_word' id='word_1_157' title='bbox 2284 1045 2438 1117; x_wconf 71' lang='lat' dir='ltr'>qund</span> <span class='ocrx_word' id='word_1_158' title='bbox 2470 1043 2530 1099; x_wconf 92' lang='lat' dir='ltr'>in</span> <span class='ocrx_word' id='word_1_159' title='bbox 2562 1060 2628 1099; x_wconf 94' lang='lat' dir='ltr'>eo</span> <span class='ocrx_word' id='word_1_160' title='bbox 2658 1042 2972 1109; x_wconf 88' lang='lat' dir='ltr'>videret,et</span> <span class='ocrx_word' id='word_1_161' title='bbox 3002 1040 3075 1097; x_wconf 89' lang='lat' dir='ltr'>ab</span> <span class='ocrx_word' id='word_1_162' title='bbox 3108 1040 3236 1113; x_wconf 90' lang='lat' dir='ltr'>ipso</span> <span class='ocrx_word' id='word_1_163' title='bbox 3266 1039 3495 1096; x_wconf 86' lang='lat' dir='ltr'>audiret</span> <span class='ocrx_word' id='word_1_164' title='bbox 3512 1038 3581 1109; x_wconf 90' lang='grc' dir='ltr'>(ιι</span> <span class='ocrx_word' id='word_1_165' title='bbox 3595 1037 3701 1095; x_wconf 84' lang='lat' dir='ltr'>Cor.</span> 
     </span>
    </p>
   </div>
   <div class='ocr_carea' id='block_1_23' title="bbox 2074 1127 3702 1207">
    <p class='ocr_par' dir='ltr' id='par_1_23' title="bbox 2074 1127 3702 1207">
     <span class='ocr_line' id='line_1_23' title="bbox 2074 1127 3702 1207; baseline -0.005 -16"><span class='ocrx_word' id='word_1_166' title='bbox 2074 1152 2178 1203; x_wconf 86' lang='lat' dir='ltr'>x11,</span> <span class='ocrx_word' id='word_1_167' title='bbox 2198 1136 2277 1207; x_wconf 86' lang='lat'>6);</span> <span class='ocrx_word' id='word_1_168' title='bbox 2302 1134 2518 1201; x_wconf 89' lang='lat' dir='ltr'>horret,</span> <span class='ocrx_word' id='word_1_169' title='bbox 2544 1130 2994 1205; x_wconf 90' lang='lat' dir='ltr'>deceptissimus</span> <span class='ocrx_word' id='word_1_170' title='bbox 3016 1130 3066 1187; x_wconf 88' lang='lat' dir='ltr'>si</span> <span class='ocrx_word' id='word_1_171' title='bbox 3088 1128 3278 1204; x_wconf 88' lang='lat' dir='ltr'>quivis</span> <span class='ocrx_word' id='word_1_172' title='bbox 3303 1127 3553 1202; x_wconf 87' lang='lat' dir='ltr'>peritum</span> <span class='ocrx_word' id='word_1_173' title='bbox 3572 1144 3702 1196; x_wconf 89' lang='lat' dir='ltr'>sese,</span> 
     </span>
    </p>
   </div>
   <div class='ocr_carea' id='block_1_24' title="bbox 2077 1216 3704 1293">
    <p class='ocr_par' dir='ltr' id='par_1_24' title="bbox 2077 1216 3704 1293">
     <span class='ocr_line' id='line_1_24' title="bbox 2077 1216 3704 1293; baseline -0.005 -13"><span class='ocrx_word' id='word_1_174' title='bbox 2077 1228 2179 1280; x_wconf 90' lang='lat' dir='ltr'>aut</span> <span class='ocrx_word' id='word_1_175' title='bbox 2204 1222 2481 1291; x_wconf 90' lang='lat' dir='ltr'>nobilem,</span> <span class='ocrx_word' id='word_1_176' title='bbox 2506 1225 2606 1277; x_wconf 90' lang='lat' dir='ltr'>aut</span> <span class='ocrx_word' id='word_1_177' title='bbox 2630 1220 2810 1293; x_wconf 91' lang='lat' dir='ltr'>(quod</span> <span class='ocrx_word' id='word_1_178' title='bbox 2843 1219 3028 1275; x_wconf 83' lang='lat' dir='ltr'>multo</span> <span class='ocrx_word' id='word_1_179' title='bbox 3056 1218 3322 1291; x_wconf 88' lang='lat' dir='ltr'>iniquius</span> <span class='ocrx_word' id='word_1_180' title='bbox 3351 1216 3459 1289; x_wconf 92' lang='lat' dir='ltr'>est)</span> <span class='ocrx_word' id='word_1_181' title='bbox 3472 1217 3704 1289; x_wconf 88' lang='lat' dir='ltr'>justum,</span> 
     </span>
    </p>
   </div>
   <div class='ocr_carea' id='block_1_25' title="bbox 2077 1305 3710 1384">
    <p class='ocr_par' dir='ltr' id='par_1_25' title="bbox 2077 1305 3710 1384">
     <span class='ocr_line' id='line_1_25' title="bbox 2077 1305 3710 1384; baseline -0.006 -15"><span class='ocrx_word' id='word_1_182' title='bbox 2077 1329 2190 1369; x_wconf 92' lang='lat' dir='ltr'>non</span> <span class='ocrx_word' id='word_1_183' title='bbox 2231 1311 2508 1377; x_wconf 87' lang='lat' dir='ltr'>existens,</span> <span class='ocrx_word' id='word_1_184' title='bbox 2558 1308 2793 1383; x_wconf 89' lang='lat' dir='ltr'>scriptis</span> <span class='ocrx_word' id='word_1_185' title='bbox 2823 1307 3281 1384; x_wconf 53' lang='lat' dir='ltr'>principumque:</span> <span class='ocrx_word' id='word_1_186' title='bbox 3338 1305 3541 1378; x_wconf 90' lang='lat' dir='ltr'>utique</span> <span class='ocrx_word' id='word_1_187' title='bbox 3590 1308 3710 1377; x_wconf 86' lang='lat' dir='ltr'>post</span> 
     </span>
    </p>
   </div>
   <div class='ocr_carea' id='block_1_26' title="bbox 2077 1393 3709 1471">
    <p class='ocr_par' dir='ltr' id='par_1_26' title="bbox 2077 1393 3709 1471">
     <span class='ocr_line' id='line_1_26' title="bbox 2077 1393 3709 1471; baseline -0.005 -13"><span class='ocrx_word' id='word_1_188' title='bbox 2077 1405 2328 1459; x_wconf 89' lang='lat' dir='ltr'>mortem</span> <span class='ocrx_word' id='word_1_189' title='bbox 2359 1416 2425 1457; x_wconf 93' lang='lat' dir='ltr'>eo</span> <span class='ocrx_word' id='word_1_190' title='bbox 2476 1399 2683 1457; x_wconf 89' lang='lat' dir='ltr'>silente</span> <span class='ocrx_word' id='word_1_191' title='bbox 2726 1398 3066 1471; x_wconf 89' lang='lat' dir='ltr'>loquantur,</span> <span class='ocrx_word' id='word_1_192' title='bbox 3093 1395 3331 1453; x_wconf 91' lang='lat' dir='ltr'>mentiri</span> <span class='ocrx_word' id='word_1_193' title='bbox 3361 1399 3423 1452; x_wconf 91' lang='lat' dir='ltr'>et</span> <span class='ocrx_word' id='word_1_194' title='bbox 3467 1393 3604 1452; x_wconf 89' lang='lat' dir='ltr'>alios</span> <span class='ocrx_word' id='word_1_195' title='bbox 3633 1393 3709 1449; x_wconf 86' lang='lat' dir='ltr'>fa-</span> 
     </span>
    </p>
   </div>
   <div class='ocr_carea' id='block_1_27' title="bbox 2077 1476 3735 1561">
    <p class='ocr_par' dir='ltr' id='par_1_27' title="bbox 2077 1476 3735 1561">
     <span class='ocr_line' id='line_1_27' title="bbox 2077 1476 3735 1561; baseline -0.006 -13"><span class='ocrx_word' id='word_1_196' title='bbox 2077 1492 2261 1559; x_wconf 88' lang='lat' dir='ltr'>ciens,</span> <span class='ocrx_word' id='word_1_197' title='bbox 2284 1493 2527 1557; x_wconf 90' lang='lat' dir='ltr'>astruat,</span> <span class='ocrx_word' id='word_1_198' title='bbox 2554 1504 2734 1561; x_wconf 90' lang='lat' dir='ltr'>seque</span> <span class='ocrx_word' id='word_1_199' title='bbox 2760 1485 3177 1544; x_wconf 80' lang='lat' dir='ltr'>offendiculum</span> <span class='ocrx_word' id='word_1_200' title='bbox 3206 1483 3536 1559; x_wconf 86' lang='lat' dir='ltr'>ignorantia</span> <span class='ocrx_word' id='word_1_201' title='bbox 3560 1476 3735 1539; x_wconf 46' lang='lat' dir='ltr'>caecis&quot;</span> 
     </span>
    </p>
   </div>
   <div class='ocr_carea' id='block_1_28' title="bbox 2077 1573 3713 1653">
    <p class='ocr_par' dir='ltr' id='par_1_28' title="bbox 2077 1573 3713 1653">
     <span class='ocr_line' id='line_1_28' title="bbox 2077 1573 3713 1653; baseline -0.006 -16"><span class='ocrx_word' id='word_1_202' title='bbox 2077 1580 2253 1637; x_wconf 86' lang='lat' dir='ltr'>faciat</span> <span class='ocrx_word' id='word_1_203' title='bbox 2274 1579 2472 1653; x_wconf 90' lang='lat' dir='ltr'>ipsum</span> <span class='ocrx_word' id='word_1_204' title='bbox 2504 1578 2842 1646; x_wconf 92' lang='lat' dir='ltr'>obscurum,</span> <span class='ocrx_word' id='word_1_205' title='bbox 2857 1592 2992 1633; x_wconf 91' lang='lat' dir='ltr'>cum</span> <span class='ocrx_word' id='word_1_206' title='bbox 3020 1573 3207 1631; x_wconf 90' lang='lat' dir='ltr'>multo</span> <span class='ocrx_word' id='word_1_207' title='bbox 3229 1573 3457 1631; x_wconf 89' lang='lat' dir='ltr'>felicius</span> <span class='ocrx_word' id='word_1_208' title='bbox 3475 1573 3632 1641; x_wconf 85' lang='lat' dir='ltr'>foret,</span> <span class='ocrx_word' id='word_1_209' title='bbox 3654 1573 3713 1628; x_wconf 85' lang='lat' dir='ltr'>ut</span> 
     </span>
    </p>
   </div>
   <div class='ocr_carea' id='block_1_29' title="bbox 2079 1660 3711 1739">
    <p class='ocr_par' dir='ltr' id='par_1_29' title="bbox 2079 1660 3711 1739">
     <span class='ocr_line' id='line_1_29' title="bbox 2079 1660 3711 1739; baseline -0.006 -12"><span class='ocrx_word' id='word_1_210' title='bbox 2079 1675 2307 1739; x_wconf 90' lang='lat' dir='ltr'>natum,</span> <span class='ocrx_word' id='word_1_211' title='bbox 2331 1670 2415 1725; x_wconf 91' lang='lat' dir='ltr'>ita</span> <span class='ocrx_word' id='word_1_212' title='bbox 2443 1667 2686 1725; x_wconf 88' lang='lat' dir='ltr'>latuisse</span> <span class='ocrx_word' id='word_1_213' title='bbox 2716 1666 3079 1734; x_wconf 86' lang='lat' dir='ltr'>defunctum,</span> <span class='ocrx_word' id='word_1_214' title='bbox 3103 1680 3282 1737; x_wconf 90' lang='lat' dir='ltr'>quam</span> <span class='ocrx_word' id='word_1_215' title='bbox 3314 1662 3446 1720; x_wconf 89' lang='lat' dir='ltr'>falsi</span> <span class='ocrx_word' id='word_1_216' title='bbox 3479 1660 3711 1718; x_wconf 88' lang='lat' dir='ltr'>rumoris</span> 
     </span>
    </p>
   </div>
   <div class='ocr_carea' id='block_1_30' title="bbox 2078 1751 3712 1830">
    <p class='ocr_par' dir='ltr' id='par_1_30' title="bbox 2078 1751 3712 1830">
     <span class='ocr_line' id='line_1_30' title="bbox 2078 1751 3712 1830; baseline -0.006 -16"><span class='ocrx_word' id='word_1_217' title='bbox 2078 1758 2251 1815; x_wconf 90' lang='lat' dir='ltr'>laude</span> <span class='ocrx_word' id='word_1_218' title='bbox 2299 1757 2691 1830; x_wconf 90' lang='lat' dir='ltr'>perfunctum.</span> <span class='ocrx_word' id='word_1_219' title='bbox 2715 1757 2837 1821; x_wconf 91' lang='lat' dir='ltr'>Quo</span> <span class='ocrx_word' id='word_1_220' title='bbox 2868 1753 2955 1822; x_wconf 82' lang='lat' dir='ltr'>fit,</span> <span class='ocrx_word' id='word_1_221' title='bbox 2975 1757 3041 1809; x_wconf 91' lang='lat' dir='ltr'>ut</span> <span class='ocrx_word' id='word_1_222' title='bbox 3076 1751 3456 1810; x_wconf 88' lang='lat' dir='ltr'>simulatores</span> <span class='ocrx_word' id='word_1_223' title='bbox 3497 1764 3712 1824; x_wconf 87' lang='lat' dir='ltr'>peccare</span> 
     </span>
    </p>
   </div>
   <div class='ocr_carea' id='block_1_31' title="bbox 2081 1841 3711 1914">
    <p class='ocr_par' dir='ltr' id='par_1_31' title="bbox 2081 1841 3711 1914">
     <span class='ocr_line' id='line_1_31' title="bbox 2081 1841 3711 1914; baseline -0.006 -10"><span class='ocrx_word' id='word_1_224' title='bbox 2081 1865 2197 1904; x_wconf 92' lang='lat' dir='ltr'>non</span> <span class='ocrx_word' id='word_1_225' title='bbox 2229 1847 2501 1903; x_wconf 88' lang='lat' dir='ltr'>desinant</span> <span class='ocrx_word' id='word_1_226' title='bbox 2529 1845 2704 1901; x_wconf 89' lang='lat' dir='ltr'>etiam</span> <span class='ocrx_word' id='word_1_227' title='bbox 2735 1841 2972 1912; x_wconf 90' lang='lat' dir='ltr'>mortui,</span> <span class='ocrx_word' id='word_1_228' title='bbox 2991 1842 3135 1898; x_wconf 87' lang='lat' dir='ltr'>dum</span> <span class='ocrx_word' id='word_1_229' title='bbox 3166 1856 3293 1898; x_wconf 91' lang='lat' dir='ltr'>sese</span> <span class='ocrx_word' id='word_1_230' title='bbox 3324 1844 3461 1914; x_wconf 90' lang='lat' dir='ltr'>post</span> <span class='ocrx_word' id='word_1_231' title='bbox 3486 1843 3711 1896; x_wconf 88' lang='lat' dir='ltr'>mortem</span> 
     </span>
    </p>
   </div>
   <div class='ocr_carea' id='block_1_32' title="bbox 312 1924 3713 2030">
    <p class='ocr_par' dir='ltr' id='par_1_32' title="bbox 312 1924 3713 2030">
     <span class='ocr_line' id='line_1_32' title="bbox 312 1924 3713 2030; baseline -0.003 -39"><span class='ocrx_word' id='word_1_232' title='bbox 312 1935 590 2030; x_wconf 78' lang='lat' dir='ltr'>poculum</span> <span class='ocrx_word' id='word_1_233' title='bbox 604 1952 629 2030; x_wconf 42' lang='grc' dir='ltr'>ς.</span> <span class='ocrx_word' id='word_1_234' title='bbox 654 1934 824 2030; x_wconf 78' lang='lat' dir='ltr'>facile</span> <span class='ocrx_word' id='word_1_235' title='bbox 850 1932 1201 2005; x_wconf 85' lang='lat' dir='ltr'>investigata</span> <span class='ocrx_word' id='word_1_236' title='bbox 1229 1935 1350 1990; x_wconf 91' lang='lat' dir='ltr'>sive</span> <span class='ocrx_word' id='word_1_237' title='bbox 1370 1934 1511 2007; x_wconf 90' lang='lat' dir='ltr'>quia</span> <span class='ocrx_word' id='word_1_238' title='bbox 1541 1936 1654 1992; x_wconf 91' lang='lat' dir='ltr'>cito</span> <span class='ocrx_word' id='word_1_239' title='bbox 1682 1937 1972 1993; x_wconf 89' lang='lat' dir='ltr'>vilescunt</span> <span class='ocrx_word' id='word_1_240' title='bbox 1999 1964 2050 2030; x_wconf 83' lang='lat' dir='ltr'><strong>B</strong></span> <span class='ocrx_word' id='word_1_241' title='bbox 2081 1953 2314 2010; x_wconf 90' lang='lat' dir='ltr'>quoque</span> <span class='ocrx_word' id='word_1_242' title='bbox 2346 1934 2569 1991; x_wconf 90' lang='lat' dir='ltr'>faciunt</span> <span class='ocrx_word' id='word_1_243' title='bbox 2597 1932 2742 1989; x_wconf 88' lang='lat' dir='ltr'>falso</span> <span class='ocrx_word' id='word_1_244' title='bbox 2785 1931 3034 1989; x_wconf 90' lang='lat' dir='ltr'>laudari.</span> <span class='ocrx_word' id='word_1_245' title='bbox 3058 1929 3343 2030; x_wconf 45' lang='lat' dir='ltr'>Sufficiat.</span> <span class='ocrx_word' id='word_1_246' title='bbox 3363 1928 3545 2004; x_wconf 89' lang='lat' dir='ltr'>igitur</span> <span class='ocrx_word' id='word_1_247' title='bbox 3572 1924 3713 1984; x_wconf 86' lang='lat' dir='ltr'>istud</span> 
     </span>
    </p>
   </div>
   <div class='ocr_carea' id='block_1_33' title="bbox 316 2017 3717 2096">
    <p class='ocr_par' dir='ltr' id='par_1_33' title="bbox 316 2017 3717 2096">
     <span class='ocr_line' id='line_1_33' title="bbox 316 2017 3717 2096; baseline -0.003 -15"><span class='ocrx_word' id='word_1_248' title='bbox 316 2023 568 2081; x_wconf 56' lang='lat' dir='ltr'>caelestis</span> <span class='ocrx_word' id='word_1_249' title='bbox 597 2023 735 2079; x_wconf 89' lang='lat' dir='ltr'>doni</span> <span class='ocrx_word' id='word_1_250' title='bbox 764 2026 1101 2079; x_wconf 90' lang='lat' dir='ltr'>nectareum</span> <span class='ocrx_word' id='word_1_251' title='bbox 1132 2039 1424 2096; x_wconf 87' lang='lat' dir='ltr'>saporem,</span> <span class='ocrx_word' id='word_1_252' title='bbox 1446 2041 1737 2081; x_wconf 83' lang='lat' dir='ltr'>venenum</span> <span class='ocrx_word' id='word_1_253' title='bbox 1768 2026 1879 2081; x_wconf 90' lang='lat' dir='ltr'>hoc</span> <span class='ocrx_word' id='word_1_254' title='bbox 1912 2026 1973 2082; x_wconf 93' lang='lat' dir='ltr'>ni</span> <span class='ocrx_word' id='word_1_255' title='bbox 2000 2017 2048 2030; x_wconf 77' lang='grc'><strong>”</strong></span> <span class='ocrx_word' id='word_1_256' title='bbox 2080 2027 2153 2082; x_wconf 92' lang='lat' dir='ltr'>de</span> <span class='ocrx_word' id='word_1_257' title='bbox 2183 2025 2357 2081; x_wconf 91' lang='lat' dir='ltr'>istius</span> <span class='ocrx_word' id='word_1_258' title='bbox 2402 2021 2704 2096; x_wconf 90' lang='lat' dir='ltr'>scriptoris</span> <span class='ocrx_word' id='word_1_259' title='bbox 2764 2020 3010 2079; x_wconf 88' lang='lat' dir='ltr'>scientia</span> <span class='ocrx_word' id='word_1_260' title='bbox 3065 2036 3173 2076; x_wconf 91' lang='lat' dir='ltr'>nec</span> <span class='ocrx_word' id='word_1_261' title='bbox 3227 2017 3515 2076; x_wconf 87' lang='lat' dir='ltr'>invidiose</span> <span class='ocrx_word' id='word_1_262' title='bbox 3543 2018 3717 2074; x_wconf 89' lang='lat' dir='ltr'>detra-</span> 
     </span>
    </p>
   </div>
   <div class='ocr_carea' id='block_1_34' title="bbox 316 2110 1971 2186">
    <p class='ocr_par' dir='ltr' id='par_1_34' title="bbox 316 2110 1971 2186">
     <span class='ocr_line' id='line_1_34' title="bbox 316 2110 1971 2186; baseline 0.002 -18"><span class='ocrx_word' id='word_1_263' title='bbox 316 2115 662 2170; x_wconf 87' lang='lat' dir='ltr'>venenasset</span> <span class='ocrx_word' id='word_1_264' title='bbox 688 2110 1198 2183; x_wconf 88' lang='lat' dir='ltr'>liquorem.Quam</span> <span class='ocrx_word' id='word_1_265' title='bbox 1238 2111 1416 2184; x_wconf 91' lang='lat' dir='ltr'>igitur</span> <span class='ocrx_word' id='word_1_266' title='bbox 1446 2113 1791 2186; x_wconf 88' lang='lat' dir='ltr'>simplicitas</span> <span class='ocrx_word' id='word_1_267' title='bbox 1816 2131 1971 2185; x_wconf 90' lang='lat' dir='ltr'>vera,</span> 
     </span>
    </p>
   </div>
   <div class='ocr_carea' id='block_1_35' title="bbox 317 2199 1974 2275">
    <p class='ocr_par' dir='ltr' id='par_1_35' title="bbox 317 2199 1974 2275">
     <span class='ocr_line' id='line_1_35' title="bbox 317 2199 1974 2275; baseline 0.002 -18"><span class='ocrx_word' id='word_1_268' title='bbox 317 2200 749 2275; x_wconf 88' lang='lat' dir='ltr'>prudentiaque</span> <span class='ocrx_word' id='word_1_269' title='bbox 788 2199 1095 2273; x_wconf 88' lang='lat' dir='ltr'>displiceat</span> <span class='ocrx_word' id='word_1_270' title='bbox 1137 2215 1317 2267; x_wconf 89' lang='lat' dir='ltr'>mera,</span> <span class='ocrx_word' id='word_1_271' title='bbox 1349 2200 1602 2273; x_wconf 89' lang='lat' dir='ltr'>probant</span> <span class='ocrx_word' id='word_1_272' title='bbox 1631 2203 1974 2275; x_wconf 90' lang='lat' dir='ltr'>hujusmodi</span> 
     </span>
    </p>
   </div>
   <div class='ocr_carea' id='block_1_36' title="bbox 320 2288 1977 2363">
    <p class='ocr_par' dir='ltr' id='par_1_36' title="bbox 320 2288 1977 2363">
     <span class='ocr_line' id='line_1_36' title="bbox 320 2288 1977 2363; baseline 0.001 -16"><span class='ocrx_word' id='word_1_273' title='bbox 320 2291 617 2358; x_wconf 77' lang='lat' dir='ltr'>affectata;</span> <span class='ocrx_word' id='word_1_274' title='bbox 651 2289 795 2346; x_wconf 92' lang='lat' dir='ltr'>dum</span> <span class='ocrx_word' id='word_1_275' title='bbox 825 2289 958 2361; x_wconf 92' lang='lat' dir='ltr'>quis</span> <span class='ocrx_word' id='word_1_276' title='bbox 987 2288 1308 2361; x_wconf 88' lang='lat' dir='ltr'>sapientior</span> <span class='ocrx_word' id='word_1_277' title='bbox 1337 2294 1404 2345; x_wconf 91' lang='lat' dir='ltr'>ut</span> <span class='ocrx_word' id='word_1_278' title='bbox 1433 2296 1731 2363; x_wconf 89' lang='lat' dir='ltr'>appareat,</span> <span class='ocrx_word' id='word_1_279' title='bbox 1764 2310 1880 2349; x_wconf 88' lang='lat' dir='ltr'>non</span> <span class='ocrx_word' id='word_1_280' title='bbox 1911 2297 1977 2349; x_wconf 92' lang='lat' dir='ltr'>ut</span> 
     </span>
    </p>
   </div>
   <div class='ocr_carea' id='block_1_37' title="bbox 319 2377 1973 2453">
    <p class='ocr_par' dir='ltr' id='par_1_37' title="bbox 319 2377 1973 2453">
     <span class='ocr_line' id='line_1_37' title="bbox 319 2377 1973 2453; baseline 0.001 -16"><span class='ocrx_word' id='word_1_281' title='bbox 319 2380 420 2449; x_wconf 89' lang='lat' dir='ltr'>sit,</span> <span class='ocrx_word' id='word_1_282' title='bbox 440 2378 665 2436; x_wconf 60' lang='lat' dir='ltr'>caeteris</span> <span class='ocrx_word' id='word_1_283' title='bbox 684 2377 963 2447; x_wconf 89' lang='lat' dir='ltr'>elaborat,</span> <span class='ocrx_word' id='word_1_284' title='bbox 983 2378 1337 2434; x_wconf 89' lang='lat' dir='ltr'>interserens</span> <span class='ocrx_word' id='word_1_285' title='bbox 1359 2378 1504 2448; x_wconf 92' lang='lat' dir='ltr'>suis,</span> <span class='ocrx_word' id='word_1_286' title='bbox 1524 2384 1589 2435; x_wconf 93' lang='lat' dir='ltr'>ut</span> <span class='ocrx_word' id='word_1_287' title='bbox 1608 2380 1739 2449; x_wconf 86' lang='lat' dir='ltr'>iste,</span> <span class='ocrx_word' id='word_1_288' title='bbox 1762 2380 1973 2453; x_wconf 90' lang='lat' dir='ltr'>aliena,</span> 
     </span>
    </p>
   </div>
   <div class='ocr_carea' id='block_1_38' title="bbox 316 2464 1975 2542">
    <p class='ocr_par' dir='ltr' id='par_1_38' title="bbox 316 2464 1975 2542">
     <span class='ocr_line' id='line_1_38' title="bbox 316 2464 1975 2542; baseline 0.001 -18"><span class='ocrx_word' id='word_1_289' title='bbox 316 2466 532 2542; x_wconf 86' lang='lat' dir='ltr'>legisse</span> <span class='ocrx_word' id='word_1_290' title='bbox 562 2470 792 2523; x_wconf 88' lang='lat' dir='ltr'>tantum</span> <span class='ocrx_word' id='word_1_291' title='bbox 817 2481 945 2522; x_wconf 89' lang='lat' dir='ltr'>sese</span> <span class='ocrx_word' id='word_1_292' title='bbox 993 2464 1265 2539; x_wconf 90' lang='lat' dir='ltr'>pluribus</span> <span class='ocrx_word' id='word_1_293' title='bbox 1295 2483 1412 2539; x_wconf 92' lang='lat' dir='ltr'>quo</span> <span class='ocrx_word' id='word_1_294' title='bbox 1442 2470 1793 2540; x_wconf 85' lang='lat' dir='ltr'>persuadeat</span> <span class='ocrx_word' id='word_1_295' title='bbox 1823 2470 1975 2526; x_wconf 89' lang='lat' dir='ltr'>mul-</span> 
     </span>
    </p>
   </div>
   <div class='ocr_carea' id='block_1_39' title="bbox 319 2554 1974 2631">
    <p class='ocr_par' dir='ltr' id='par_1_39' title="bbox 319 2554 1974 2631">
     <span class='ocr_line' id='line_1_39' title="bbox 319 2554 1974 2631; baseline 0.002 -18"><span class='ocrx_word' id='word_1_296' title='bbox 319 2561 408 2628; x_wconf 88' lang='lat' dir='ltr'>ta;</span> <span class='ocrx_word' id='word_1_297' title='bbox 440 2555 733 2629; x_wconf 89' lang='lat' dir='ltr'>pannulos</span> <span class='ocrx_word' id='word_1_298' title='bbox 763 2571 900 2611; x_wconf 90' lang='lat' dir='ltr'>cum</span> <span class='ocrx_word' id='word_1_299' title='bbox 930 2555 1128 2628; x_wconf 90' lang='lat' dir='ltr'>potius</span> <span class='ocrx_word' id='word_1_300' title='bbox 1149 2554 1259 2611; x_wconf 93' lang='lat' dir='ltr'>hoc</span> <span class='ocrx_word' id='word_1_301' title='bbox 1289 2555 1366 2612; x_wconf 90' lang='lat' dir='ltr'>sit</span> <span class='ocrx_word' id='word_1_302' title='bbox 1386 2556 1612 2615; x_wconf 87' lang='lat' dir='ltr'>artibus</span> <span class='ocrx_word' id='word_1_303' title='bbox 1632 2558 1974 2631; x_wconf 85' lang='lat' dir='ltr'>detraxisse,</span> 
     </span>
    </p>
   </div>
   <div class='ocr_carea' id='block_1_40' title="bbox 318 2643 1974 2719">
    <p class='ocr_par' dir='ltr' id='par_1_40' title="bbox 318 2643 1974 2719">
     <span class='ocr_line' id='line_1_40' title="bbox 318 2643 1974 2719; baseline 0.002 -17"><span class='ocrx_word' id='word_1_304' title='bbox 318 2662 435 2703; x_wconf 89' lang='lat' dir='ltr'>non</span> <span class='ocrx_word' id='word_1_305' title='bbox 464 2644 626 2719; x_wconf 85' lang='lat' dir='ltr'>ipsas</span> <span class='ocrx_word' id='word_1_306' title='bbox 670 2647 824 2701; x_wconf 91' lang='lat' dir='ltr'>artes</span> <span class='ocrx_word' id='word_1_307' title='bbox 865 2643 1106 2713; x_wconf 90' lang='lat' dir='ltr'>habere,</span> <span class='ocrx_word' id='word_1_308' title='bbox 1127 2648 1399 2717; x_wconf 89' lang='lat' dir='ltr'>appetere</span> <span class='ocrx_word' id='word_1_309' title='bbox 1433 2645 1702 2718; x_wconf 88' lang='lat' dir='ltr'>gloriam,</span> <span class='ocrx_word' id='word_1_310' title='bbox 1738 2665 1853 2704; x_wconf 91' lang='lat' dir='ltr'>non</span> <span class='ocrx_word' id='word_1_311' title='bbox 1886 2666 1974 2705; x_wconf 89' lang='lat' dir='ltr'>se-</span> 
     </span>
    </p>
   </div>
   <div class='ocr_carea' id='block_1_41' title="bbox 318 2733 1978 2808">
    <p class='ocr_par' dir='ltr' id='par_1_41' title="bbox 318 2733 1978 2808">
     <span class='ocr_line' id='line_1_41' title="bbox 318 2733 1978 2808; baseline 0.002 -18"><span class='ocrx_word' id='word_1_312' title='bbox 318 2734 420 2806; x_wconf 89' lang='lat' dir='ltr'>qui</span> <span class='ocrx_word' id='word_1_313' title='bbox 450 2735 765 2805; x_wconf 84' lang='lat' dir='ltr'>majorum.</span> <span class='ocrx_word' id='word_1_314' title='bbox 792 2733 832 2789; x_wconf 92' lang='lat'><em>0</em></span> <span class='ocrx_word' id='word_1_315' title='bbox 860 2734 1166 2789; x_wconf 76' lang='lat' dir='ltr'>imitatores</span> <span class='ocrx_word' id='word_1_316' title='bbox 1212 2749 1452 2803; x_wconf 88' lang='lat' dir='ltr'>servum,</span> <span class='ocrx_word' id='word_1_317' title='bbox 1475 2736 1557 2791; x_wconf 89' lang='lat' dir='ltr'>ait</span> <span class='ocrx_word' id='word_1_318' title='bbox 1599 2737 1839 2808; x_wconf 89' lang='lat' dir='ltr'>quidem</span> <span class='ocrx_word' id='word_1_319' title='bbox 1873 2754 1978 2794; x_wconf 92' lang='lat' dir='ltr'>nec</span> 
     </span>
    </p>
   </div>
   <div class='ocr_carea' id='block_1_42' title="bbox 316 2819 1977 2895">
    <p class='ocr_par' dir='ltr' id='par_1_42' title="bbox 316 2819 1977 2895">
     <span class='ocr_line' id='line_1_42' title="bbox 316 2819 1977 2895; baseline 0.002 -17"><span class='ocrx_word' id='word_1_320' title='bbox 316 2821 632 2889; x_wconf 86' lang='lat' dir='ltr'>mentiens,</span> <span class='ocrx_word' id='word_1_321' title='bbox 672 2837 836 2894; x_wconf 88' lang='lat' dir='ltr'>pecus</span> <span class='ocrx_word' id='word_1_322' title='bbox 880 2821 1119 2893; x_wconf 68' lang='lat' dir='ltr'>(Hom&#39;r.</span> <span class='ocrx_word' id='word_1_323' title='bbox 1152 2819 1189 2878; x_wconf 93' lang='lat' dir='ltr'>l.</span> <span class='ocrx_word' id='word_1_324' title='bbox 1226 2839 1267 2888; x_wconf 85' lang='lat'>1,</span> <span class='ocrx_word' id='word_1_325' title='bbox 1299 2839 1392 2893; x_wconf 93' lang='lat' dir='ltr'>ep.</span> <span class='ocrx_word' id='word_1_326' title='bbox 1425 2822 1513 2890; x_wconf 90' lang='grc'>19,</span> <span class='ocrx_word' id='word_1_327' title='bbox 1536 2841 1685 2881; x_wconf 90' lang='lat' dir='ltr'>vers.</span> <span class='ocrx_word' id='word_1_328' title='bbox 1719 2827 1828 2895; x_wconf 88' lang='grc'>19),</span> <span class='ocrx_word' id='word_1_329' title='bbox 1852 2842 1977 2882; x_wconf 89' lang='lat' dir='ltr'>car-</span> 
     </span>
    </p>
   </div>
   <div class='ocr_carea' id='block_1_43' title="bbox 320 2911 1980 2986">
    <p class='ocr_par' dir='ltr' id='par_1_43' title="bbox 320 2911 1980 2986">
     <span class='ocr_line' id='line_1_43' title="bbox 320 2911 1980 2986; baseline 0.003 -18"><span class='ocrx_word' id='word_1_330' title='bbox 320 2911 515 2986; x_wconf 90' lang='lat' dir='ltr'>psisse</span> <span class='ocrx_word' id='word_1_331' title='bbox 541 2927 690 2984; x_wconf 90' lang='lat' dir='ltr'>quos</span> <span class='ocrx_word' id='word_1_332' title='bbox 746 2913 947 2966; x_wconf 90' lang='lat' dir='ltr'>noster</span> <span class='ocrx_word' id='word_1_333' title='bbox 1002 2926 1107 2965; x_wconf 88' lang='lat' dir='ltr'>nec</span> <span class='ocrx_word' id='word_1_334' title='bbox 1139 2911 1340 2966; x_wconf 90' lang='lat' dir='ltr'>omisit</span> <span class='ocrx_word' id='word_1_335' title='bbox 1385 2912 1637 2969; x_wconf 87' lang='lat' dir='ltr'>Beotius.</span> <span class='ocrx_word' id='word_1_336' title='bbox 1672 2915 1825 2972; x_wconf 72' lang='lat'><strong>228</strong></span> <span class='ocrx_word' id='word_1_337' title='bbox 1857 2916 1980 2973; x_wconf 92' lang='lat' dir='ltr'>Sibi</span> 
     </span>
    </p>
   </div>
   <div class='ocr_carea' id='block_1_44' title="bbox 317 2997 1982 3074">
    <p class='ocr_par' dir='ltr' id='par_1_44' title="bbox 317 2997 1982 3074">
     <span class='ocr_line' id='line_1_44' title="bbox 317 2997 1982 3074; baseline 0.002 -17"><span class='ocrx_word' id='word_1_338' title='bbox 317 3000 502 3074; x_wconf 89' lang='lat' dir='ltr'>igitur</span> <span class='ocrx_word' id='word_1_339' title='bbox 530 2998 679 3073; x_wconf 87' lang='grc'>(472)</span> <span class='ocrx_word' id='word_1_340' title='bbox 712 2997 978 3065; x_wconf 87' lang='lat' dir='ltr'>inutiles,</span> <span class='ocrx_word' id='word_1_341' title='bbox 1006 2999 1271 3071; x_wconf 88' lang='lat' dir='ltr'>pernoxii</span> <span class='ocrx_word' id='word_1_342' title='bbox 1303 3016 1433 3056; x_wconf 91' lang='lat' dir='ltr'>mea</span> <span class='ocrx_word' id='word_1_343' title='bbox 1459 3001 1520 3057; x_wconf 90' lang='lat' dir='ltr'>in</span> <span class='ocrx_word' id='word_1_344' title='bbox 1551 3000 1660 3058; x_wconf 92' lang='lat' dir='ltr'>hoc</span> <span class='ocrx_word' id='word_1_345' title='bbox 1691 3006 1982 3062; x_wconf 87' lang='lat' dir='ltr'>sententia</span> 
     </span>
    </p>
   </div>
   <div class='ocr_carea' id='block_1_45' title="bbox 322 3086 1980 3161">
    <p class='ocr_par' dir='ltr' id='par_1_45' title="bbox 322 3086 1980 3161">
     <span class='ocr_line' id='line_1_45' title="bbox 322 3086 1980 3161; baseline 0.003 -15"><span class='ocrx_word' id='word_1_346' title='bbox 322 3087 742 3161; x_wconf 90' lang='lat' dir='ltr'>omnibus,qui</span> <span class='ocrx_word' id='word_1_347' title='bbox 765 3087 1037 3161; x_wconf 90' lang='lat' dir='ltr'>deceptos</span> <span class='ocrx_word' id='word_1_348' title='bbox 1068 3086 1119 3144; x_wconf 92' lang='lat' dir='ltr'>si</span> <span class='ocrx_word' id='word_1_349' title='bbox 1150 3104 1296 3160; x_wconf 93' lang='lat' dir='ltr'>quos</span> <span class='ocrx_word' id='word_1_350' title='bbox 1327 3089 1707 3159; x_wconf 89' lang='lat' dir='ltr'>reddiderint,</span> <span class='ocrx_word' id='word_1_351' title='bbox 1732 3093 1980 3151; x_wconf 79' lang='lat' dir='ltr'>aliorum</span> 
     </span>
    </p>
   </div>
   <div class='ocr_carea' id='block_1_46' title="bbox 325 3176 1980 3250">
    <p class='ocr_par' dir='ltr' id='par_1_46' title="bbox 325 3176 1980 3250">
     <span class='ocr_line' id='line_1_46' title="bbox 325 3176 1980 3250; baseline 0.003 -16"><span class='ocrx_word' id='word_1_352' title='bbox 325 3177 594 3234; x_wconf 82' lang='lat' dir='ltr'>efﬁciunt</span> <span class='ocrx_word' id='word_1_353' title='bbox 617 3178 983 3249; x_wconf 90' lang='lat' dir='ltr'>deceptores;</span> <span class='ocrx_word' id='word_1_354' title='bbox 1007 3176 1108 3248; x_wconf 93' lang='lat' dir='ltr'>qui</span> <span class='ocrx_word' id='word_1_355' title='bbox 1134 3176 1356 3233; x_wconf 87' lang='lat' dir='ltr'>scilicet</span> <span class='ocrx_word' id='word_1_356' title='bbox 1383 3179 1702 3250; x_wconf 89' lang='lat' dir='ltr'>particulas</span> <span class='ocrx_word' id='word_1_357' title='bbox 1727 3182 1980 3239; x_wconf 61' lang='lat' dir='ltr'>scientia;</span> 
     </span>
    </p>
   </div>
   <div class='ocr_carea' id='block_1_47' title="bbox 329 3265 1979 3340">
    <p class='ocr_par' dir='ltr' id='par_1_47' title="bbox 329 3265 1979 3340">
     <span class='ocr_line' id='line_1_47' title="bbox 329 3265 1979 3340; baseline 0.003 -16"><span class='ocrx_word' id='word_1_358' title='bbox 329 3266 557 3340; x_wconf 91' lang='lat' dir='ltr'>aliquas</span> <span class='ocrx_word' id='word_1_359' title='bbox 588 3283 797 3323; x_wconf 71' lang='lat' dir='ltr'>meae...</span> <span class='ocrx_word' id='word_1_360' title='bbox 822 3265 1021 3321; x_wconf 90' lang='lat' dir='ltr'>minus</span> <span class='ocrx_word' id='word_1_361' title='bbox 1052 3265 1294 3338; x_wconf 89' lang='lat' dir='ltr'>proinde</span> <span class='ocrx_word' id='word_1_362' title='bbox 1314 3269 1771 3337; x_wconf 88' lang='lat' dir='ltr'>considerantes,</span> <span class='ocrx_word' id='word_1_363' title='bbox 1796 3277 1979 3329; x_wconf 90' lang='lat' dir='ltr'>totam</span> 
     </span>
    </p>
   </div>
   <div class='ocr_carea' id='block_1_48' title="bbox 2081 2104 3717 2183">
    <p class='ocr_par' dir='ltr' id='par_1_48' title="bbox 2081 2104 3717 2183">
     <span class='ocr_line' id='line_1_48' title="bbox 2081 2104 3717 2183; baseline -0.006 -13"><span class='ocrx_word' id='word_1_364' title='bbox 2081 2119 2265 2180; x_wconf 92' lang='lat' dir='ltr'>ctum,</span> <span class='ocrx_word' id='word_1_365' title='bbox 2292 2128 2398 2168; x_wconf 90' lang='lat' dir='ltr'>nec</span> <span class='ocrx_word' id='word_1_366' title='bbox 2449 2112 2728 2168; x_wconf 89' lang='lat' dir='ltr'>mendose</span> <span class='ocrx_word' id='word_1_367' title='bbox 2758 2109 3254 2183; x_wconf 88' lang='lat' dir='ltr'>superadjectum,</span> <span class='ocrx_word' id='word_1_368' title='bbox 3276 2108 3409 2181; x_wconf 89' lang='lat' dir='ltr'>ejus</span> <span class='ocrx_word' id='word_1_369' title='bbox 3457 2107 3607 2180; x_wconf 91' lang='lat' dir='ltr'>quod</span> <span class='ocrx_word' id='word_1_370' title='bbox 3648 2104 3717 2161; x_wconf 84' lang='lat' dir='ltr'>sit</span> 
     </span>
    </p>
   </div>
   <div class='ocr_carea' id='block_1_49' title="bbox 2082 2197 3622 2273">
    <p class='ocr_par' dir='ltr' id='par_1_49' title="bbox 2082 2197 3622 2273">
     <span class='ocr_line' id='line_1_49' title="bbox 2082 2197 3622 2273; baseline -0.006 -13"><span class='ocrx_word' id='word_1_371' title='bbox 2082 2202 2267 2260; x_wconf 82' lang='lat' dir='ltr'>totius</span> <span class='ocrx_word' id='word_1_372' title='bbox 2297 2201 2597 2273; x_wconf 90' lang='lat' dir='ltr'>qualitatis</span> <span class='ocrx_word' id='word_1_373' title='bbox 2627 2203 2804 2272; x_wconf 91' lang='lat' dir='ltr'>atque</span> <span class='ocrx_word' id='word_1_374' title='bbox 2831 2197 3160 2255; x_wconf 91' lang='lat' dir='ltr'>conanimis</span> <span class='ocrx_word' id='word_1_375' title='bbox 3189 2200 3622 2271; x_wconf 89' lang='lat' dir='ltr'>argumentum.</span> 
     </span>
    </p>
   </div>
   <div class='ocr_carea' id='block_1_50' title="bbox 2461 2289 3381 2347">
    <p class='ocr_par' dir='ltr' id='par_1_50' title="bbox 2461 2289 3381 2347">
     <span class='ocr_line' id='line_1_50' title="bbox 2461 2289 3381 2347; baseline -0.005 -1"><span class='ocrx_word' id='word_1_376' title='bbox 2461 2292 2808 2347; x_wconf 86' lang='lat' dir='ltr'>Breviarium</span> <span class='ocrx_word' id='word_1_377' title='bbox 2838 2289 3104 2345; x_wconf 88' lang='lat' dir='ltr'>librorum</span> <span class='ocrx_word' id='word_1_378' title='bbox 3135 2302 3381 2343; x_wconf 89' lang='lat' dir='ltr'>suorum.</span> 
     </span>
    </p>
   </div>
   <div class='ocr_carea' id='block_1_51' title="bbox 2154 2371 3719 2453">
    <p class='ocr_par' dir='ltr' id='par_1_51' title="bbox 2154 2371 3719 2453">
     <span class='ocr_line' id='line_1_51' title="bbox 2154 2371 3719 2453; baseline -0.004 -18"><span class='ocrx_word' id='word_1_379' title='bbox 2154 2381 2208 2437; x_wconf 88' lang='lat'>6.</span> <span class='ocrx_word' id='word_1_380' title='bbox 2243 2381 2332 2437; x_wconf 90' lang='lat' dir='ltr'>Sit</span> <span class='ocrx_word' id='word_1_381' title='bbox 2375 2377 2556 2453; x_wconf 91' lang='lat' dir='ltr'>igitur</span> <span class='ocrx_word' id='word_1_382' title='bbox 2585 2378 2754 2452; x_wconf 89' lang='grc'>(473),</span> <span class='ocrx_word' id='word_1_383' title='bbox 2788 2381 2855 2434; x_wconf 89' lang='lat' dir='ltr'>ut</span> <span class='ocrx_word' id='word_1_384' title='bbox 2900 2375 3268 2450; x_wconf 88' lang='lat' dir='ltr'>capitulatim</span> <span class='ocrx_word' id='word_1_385' title='bbox 3317 2371 3719 2449; x_wconf 86' lang='lat' dir='ltr'>epusculorum</span> 
     </span>
    </p>
   </div>
   <div class='ocr_carea' id='block_1_52' title="bbox 2086 2463 3719 2538">
    <p class='ocr_par' dir='ltr' id='par_1_52' title="bbox 2086 2463 3719 2538">
     <span class='ocr_line' id='line_1_52' title="bbox 2086 2463 3719 2538; baseline -0.006 -12"><span class='ocrx_word' id='word_1_386' title='bbox 2086 2470 2407 2526; x_wconf 89' lang='lat' dir='ltr'>retinemus</span> <span class='ocrx_word' id='word_1_387' title='bbox 2438 2468 2723 2535; x_wconf 89' lang='lat' dir='ltr'>ordinem,</span> <span class='ocrx_word' id='word_1_388' title='bbox 2756 2466 2867 2523; x_wconf 90' lang='lat' dir='ltr'>iste</span> <span class='ocrx_word' id='word_1_389' title='bbox 2902 2464 3134 2538; x_wconf 84' lang='lat' dir='ltr'>primus</span> <span class='ocrx_word' id='word_1_390' title='bbox 3162 2463 3300 2520; x_wconf 92' lang='lat' dir='ltr'>licet</span> <span class='ocrx_word' id='word_1_391' title='bbox 3341 2463 3599 2537; x_wconf 53' lang='lat' dir='ltr'>praefatio</span> <span class='ocrx_word' id='word_1_392' title='bbox 3626 2477 3719 2517; x_wconf 75' lang='lat' dir='ltr'>caa-</span> 
     </span>
    </p>
   </div>
   <div class='ocr_carea' id='block_1_53' title="bbox 2086 2546 3723 2630">
    <p class='ocr_par' dir='ltr' id='par_1_53' title="bbox 2086 2546 3723 2630">
     <span class='ocr_line' id='line_1_53' title="bbox 2086 2546 3723 2630; baseline -0.007 -15"><span class='ocrx_word' id='word_1_393' title='bbox 2086 2565 2365 2626; x_wconf 91' lang='lat' dir='ltr'>terorum,</span> <span class='ocrx_word' id='word_1_394' title='bbox 2392 2556 2690 2630; x_wconf 87' lang='lat' dir='ltr'>quantitas</span> <span class='ocrx_word' id='word_1_395' title='bbox 2715 2553 3012 2627; x_wconf 89' lang='lat' dir='ltr'>compellit</span> <span class='ocrx_word' id='word_1_396' title='bbox 3036 2557 3232 2610; x_wconf 89' lang='lat' dir='ltr'>tamen</span> <span class='ocrx_word' id='word_1_397' title='bbox 3257 2568 3394 2610; x_wconf 89' lang='lat' dir='ltr'>eum</span> <span class='ocrx_word' id='word_1_398' title='bbox 3421 2567 3551 2609; x_wconf 90' lang='lat' dir='ltr'>esse</span> <span class='ocrx_word' id='word_1_399' title='bbox 3572 2546 3723 2606; x_wconf 85' lang='lat' dir='ltr'>libel-</span> 
     </span>
    </p>
   </div>
   <div class='ocr_carea' id='block_1_54' title="bbox 2086 2644 2789 2703">
    <p class='ocr_par' dir='ltr' id='par_1_54' title="bbox 2086 2644 2789 2703">
     <span class='ocr_line' id='line_1_54' title="bbox 2086 2644 2789 2703; baseline -0.004 -1"><span class='ocrx_word' id='word_1_400' title='bbox 2086 2647 2232 2703; x_wconf 93' lang='lat' dir='ltr'>lum.</span> <span class='ocrx_word' id='word_1_401' title='bbox 2263 2644 2553 2702; x_wconf 88' lang='lat' dir='ltr'>Volumen</span> <span class='ocrx_word' id='word_1_402' title='bbox 2583 2661 2789 2702; x_wconf 90' lang='lat' dir='ltr'>unum.</span> 
     </span>
    </p>
   </div>
   <div class='ocr_carea' id='block_1_55' title="bbox 2158 2727 3729 2808">
    <p class='ocr_par' dir='ltr' id='par_1_55' title="bbox 2158 2727 3729 2808">
     <span class='ocr_line' id='line_1_55' title="bbox 2158 2727 3729 2808; baseline -0.005 -16"><span class='ocrx_word' id='word_1_403' title='bbox 2158 2736 2439 2808; x_wconf 88' lang='lat' dir='ltr'>Sequitur</span> <span class='ocrx_word' id='word_1_404' title='bbox 2468 2735 2569 2807; x_wconf 93' lang='lat' dir='ltr'>qui</span> <span class='ocrx_word' id='word_1_405' title='bbox 2599 2732 2877 2790; x_wconf 91' lang='lat' dir='ltr'>dictantis</span> <span class='ocrx_word' id='word_1_406' title='bbox 2907 2732 3169 2789; x_wconf 89' lang='lat' dir='ltr'>continet</span> <span class='ocrx_word' id='word_1_407' title='bbox 3195 2731 3434 2788; x_wconf 90' lang='lat' dir='ltr'>duabus</span> <span class='ocrx_word' id='word_1_408' title='bbox 3465 2747 3596 2788; x_wconf 90' lang='lat' dir='ltr'>cum</span> <span class='ocrx_word' id='word_1_409' title='bbox 3622 2727 3729 2801; x_wconf 85' lang='lat' dir='ltr'>spi-</span> 
     </span>
    </p>
   </div>
   <div class='ocr_carea' id='block_1_56' title="bbox 2087 2819 3725 2896">
    <p class='ocr_par' dir='ltr' id='par_1_56' title="bbox 2087 2819 3725 2896">
     <span class='ocr_line' id='line_1_56' title="bbox 2087 2819 3725 2896; baseline -0.007 -13"><span class='ocrx_word' id='word_1_410' title='bbox 2087 2824 2255 2883; x_wconf 88' lang='lat' dir='ltr'>stolis</span> <span class='ocrx_word' id='word_1_411' title='bbox 2285 2825 2440 2882; x_wconf 76' lang='lat'>224</span> <span class='ocrx_word' id='word_1_412' title='bbox 2469 2824 2668 2895; x_wconf 81' lang='lat' dir='ltr'>fidem,</span> <span class='ocrx_word' id='word_1_413' title='bbox 2689 2839 2943 2896; x_wconf 89' lang='lat' dir='ltr'>quarum</span> <span class='ocrx_word' id='word_1_414' title='bbox 2982 2838 3103 2878; x_wconf 88' lang='lat' dir='ltr'>una</span> <span class='ocrx_word' id='word_1_415' title='bbox 3142 2821 3472 2879; x_wconf 80' lang='lat' dir='ltr'>Romanam</span> <span class='ocrx_word' id='word_1_416' title='bbox 3500 2819 3725 2892; x_wconf 85' lang='lat' dir='ltr'>fatigare</span> 
     </span>
    </p>
   </div>
   <div class='ocr_carea' id='block_1_57' title="bbox 2088 2906 3729 2989">
    <p class='ocr_par' dir='ltr' id='par_1_57' title="bbox 2088 2906 3729 2989">
     <span class='ocr_line' id='line_1_57' title="bbox 2088 2906 3729 2989; baseline -0.005 -18"><span class='ocrx_word' id='word_1_417' title='bbox 2088 2912 2341 2989; x_wconf 92' lang='lat' dir='ltr'>querelis</span> <span class='ocrx_word' id='word_1_418' title='bbox 2372 2930 2489 2969; x_wconf 91' lang='lat' dir='ltr'>non</span> <span class='ocrx_word' id='word_1_419' title='bbox 2530 2911 2745 2968; x_wconf 91' lang='lat' dir='ltr'>desinit</span> <span class='ocrx_word' id='word_1_420' title='bbox 2789 2911 3011 2980; x_wconf 90' lang='lat' dir='ltr'>sedem,</span> <span class='ocrx_word' id='word_1_421' title='bbox 3035 2910 3521 2984; x_wconf 90' lang='lat' dir='ltr'>coepiscoporum</span> <span class='ocrx_word' id='word_1_422' title='bbox 3565 2906 3729 2964; x_wconf 83' lang='lat' dir='ltr'>altera</span> 
     </span>
    </p>
   </div>
   <div class='ocr_carea' id='block_1_58' title="bbox 2089 3002 2906 3078">
    <p class='ocr_par' dir='ltr' id='par_1_58' title="bbox 2089 3002 2906 3078">
     <span class='ocr_line' id='line_1_58' title="bbox 2089 3002 2906 3078; baseline -0.004 -18"><span class='ocrx_word' id='word_1_423' title='bbox 2089 3019 2345 3078; x_wconf 90' lang='lat' dir='ltr'>gregem.</span> <span class='ocrx_word' id='word_1_424' title='bbox 2376 3002 2665 3058; x_wconf 89' lang='lat' dir='ltr'>Volumen</span> <span class='ocrx_word' id='word_1_425' title='bbox 2699 3017 2906 3057; x_wconf 90' lang='lat' dir='ltr'>unum.</span> 
     </span>
    </p>
   </div>
   <div class='ocr_carea' id='block_1_59' title="bbox 2160 3083 3729 3165">
    <p class='ocr_par' dir='ltr' id='par_1_59' title="bbox 2160 3083 3729 3165">
     <span class='ocr_line' id='line_1_59' title="bbox 2160 3083 3729 3165; baseline -0.006 -16"><span class='ocrx_word' id='word_1_426' title='bbox 2160 3093 2392 3149; x_wconf 88' lang='lat' dir='ltr'>Tertius</span> <span class='ocrx_word' id='word_1_427' title='bbox 2424 3090 2855 3165; x_wconf 89' lang='lat' dir='ltr'>querimoniam</span> <span class='ocrx_word' id='word_1_428' title='bbox 2902 3090 3260 3164; x_wconf 88' lang='lat' dir='ltr'>quibusdam</span> <span class='ocrx_word' id='word_1_429' title='bbox 3292 3104 3433 3146; x_wconf 89' lang='lat' dir='ltr'>cum</span> <span class='ocrx_word' id='word_1_430' title='bbox 3480 3083 3729 3161; x_wconf 88' lang='lat' dir='ltr'>epistolis</span> 
     </span>
    </p>
   </div>
   <div class='ocr_carea' id='block_1_60' title="bbox 2088 3177 3279 3252">
    <p class='ocr_par' dir='ltr' id='par_1_60' title="bbox 2088 3177 3279 3252">
     <span class='ocr_line' id='line_1_60' title="bbox 2088 3177 3279 3252; baseline -0.003 -16"><span class='ocrx_word' id='word_1_431' title='bbox 2088 3179 2266 3236; x_wconf 89' lang='lat' dir='ltr'>habet</span> <span class='ocrx_word' id='word_1_432' title='bbox 2298 3179 2415 3252; x_wconf 89' lang='lat' dir='ltr'>regi</span> <span class='ocrx_word' id='word_1_433' title='bbox 2446 3177 2721 3235; x_wconf 89' lang='lat' dir='ltr'>delatam.</span> <span class='ocrx_word' id='word_1_434' title='bbox 2748 3177 3038 3237; x_wconf 88' lang='lat' dir='ltr'>Volumen</span> <span class='ocrx_word' id='word_1_435' title='bbox 3069 3194 3279 3234; x_wconf 90' lang='lat' dir='ltr'>unum.</span> 
     </span>
    </p>
   </div>
   <div class='ocr_carea' id='block_1_61' title="bbox 2162 3260 3732 3337">
    <p class='ocr_par' dir='ltr' id='par_1_61' title="bbox 2162 3260 3732 3337">
     <span class='ocr_line' id='line_1_61' title="bbox 2162 3260 3732 3337; baseline -0.004 -14"><span class='ocrx_word' id='word_1_436' title='bbox 2162 3270 2415 3333; x_wconf 90' lang='lat' dir='ltr'>Quartus</span> <span class='ocrx_word' id='word_1_437' title='bbox 2445 3267 2593 3323; x_wconf 91' lang='lat' dir='ltr'>duas</span> <span class='ocrx_word' id='word_1_438' title='bbox 2623 3267 2879 3323; x_wconf 85' lang='lat' dir='ltr'>continet</span> <span class='ocrx_word' id='word_1_439' title='bbox 2907 3270 3159 3337; x_wconf 89' lang='lat' dir='ltr'>tantum,</span> <span class='ocrx_word' id='word_1_440' title='bbox 3187 3265 3451 3323; x_wconf 89' lang='lat' dir='ltr'>Brunoni</span> <span class='ocrx_word' id='word_1_441' title='bbox 3481 3260 3732 3321; x_wconf 86' lang='lat' dir='ltr'>brevissi-</span> 
     </span>
    </p>
   </div>
   <div class='ocr_carea' id='block_1_62' title="bbox 331 3330 3729 3433">
    <p class='ocr_par' dir='ltr' id='par_1_62' title="bbox 331 3330 3729 3433">
     <span class='ocr_line' id='line_1_62' title="bbox 331 3330 3729 3433; baseline -0.002 -21"><span class='ocrx_word' id='word_1_442' title='bbox 331 3359 435 3412; x_wconf 90' lang='lat' dir='ltr'>aut</span> <span class='ocrx_word' id='word_1_443' title='bbox 464 3354 781 3411; x_wconf 83' lang='lat' dir='ltr'>maximam</span> <span class='ocrx_word' id='word_1_444' title='bbox 808 3353 968 3411; x_wconf 91' lang='lat' dir='ltr'>illius</span> <span class='ocrx_word' id='word_1_445' title='bbox 987 3372 1284 3411; x_wconf 88' lang='lat' dir='ltr'>summam</span> <span class='ocrx_word' id='word_1_446' title='bbox 1311 3357 1455 3429; x_wconf 91' lang='lat' dir='ltr'>ipsis</span> <span class='ocrx_word' id='word_1_447' title='bbox 1477 3363 1688 3431; x_wconf 90' lang='lat' dir='ltr'>putant</span> <span class='ocrx_word' id='word_1_448' title='bbox 1709 3362 1978 3433; x_wconf 87' lang='lat' dir='ltr'>cessisse,</span> <span class='ocrx_word' id='word_1_449' title='bbox 2010 3330 2055 3400; x_wconf 62' lang='grc' dir='ltr'>(ἶ</span> <span class='ocrx_word' id='word_1_450' title='bbox 2094 3373 2273 3425; x_wconf 90' lang='lat' dir='ltr'>mam,</span> <span class='ocrx_word' id='word_1_451' title='bbox 2308 3356 2599 3412; x_wconf 82' lang='lat' dir='ltr'>Rodberto</span> <span class='ocrx_word' id='word_1_452' title='bbox 2630 3356 2775 3412; x_wconf 90' lang='lat' dir='ltr'>satis</span> <span class='ocrx_word' id='word_1_453' title='bbox 2817 3355 3125 3430; x_wconf 85' lang='lat' dir='ltr'>prolixam,</span> <span class='ocrx_word' id='word_1_454' title='bbox 3151 3354 3436 3430; x_wconf 85' lang='lat' dir='ltr'>epistolas</span> <span class='ocrx_word' id='word_1_455' title='bbox 3478 3351 3729 3428; x_wconf 64' lang='lat' dir='ltr'>praesuli-</span> 
     </span>
    </p>
   </div>
   <div class='ocr_carea' id='block_1_63' title="bbox 329 3442 1988 3520">
    <p class='ocr_par' dir='ltr' id='par_1_63' title="bbox 329 3442 1988 3520">
     <span class='ocr_line' id='line_1_63' title="bbox 329 3442 1988 3520; baseline 0.005 -20"><span class='ocrx_word' id='word_1_456' title='bbox 329 3448 388 3500; x_wconf 91' lang='lat' dir='ltr'>et</span> <span class='ocrx_word' id='word_1_457' title='bbox 402 3444 548 3501; x_wconf 91' lang='lat' dir='ltr'>alios</span> <span class='ocrx_word' id='word_1_458' title='bbox 568 3443 937 3517; x_wconf 68' lang='lat' dir='ltr'>praedicando</span> <span class='ocrx_word' id='word_1_459' title='bbox 958 3442 1180 3500; x_wconf 90' lang='lat' dir='ltr'>faciunt</span> <span class='ocrx_word' id='word_1_460' title='bbox 1200 3450 1405 3517; x_wconf 87' lang='lat' dir='ltr'>putare</span> <span class='ocrx_word' id='word_1_461' title='bbox 1429 3463 1443 3503; x_wconf 89' lang='lat'><strong>:</strong></span> <span class='ocrx_word' id='word_1_462' title='bbox 1468 3448 1624 3520; x_wconf 90' lang='lat' dir='ltr'>quod</span> <span class='ocrx_word' id='word_1_463' title='bbox 1647 3448 1988 3509; x_wconf 89' lang='lat' dir='ltr'>interdictor</span> 
     </span>
    </p>
   </div>
   <div class='ocr_carea' id='block_1_64' title="bbox 330 3531 1986 3606">
    <p class='ocr_par' dir='ltr' id='par_1_64' title="bbox 330 3531 1986 3606">
     <span class='ocr_line' id='line_1_64' title="bbox 330 3531 1986 3606; baseline 0.005 -17"><span class='ocrx_word' id='word_1_464' title='bbox 330 3531 614 3589; x_wconf 90' lang='lat' dir='ltr'>nimirum</span> <span class='ocrx_word' id='word_1_465' title='bbox 644 3532 791 3589; x_wconf 91' lang='lat' dir='ltr'>mihi</span> <span class='ocrx_word' id='word_1_466' title='bbox 820 3531 1054 3589; x_wconf 90' lang='lat' dir='ltr'>videtur</span> <span class='ocrx_word' id='word_1_467' title='bbox 1073 3549 1307 3606; x_wconf 91' lang='lat' dir='ltr'>quoque</span> <span class='ocrx_word' id='word_1_468' title='bbox 1340 3533 1763 3603; x_wconf 90' lang='lat' dir='ltr'>innuere,dum</span> <span class='ocrx_word' id='word_1_469' title='bbox 1788 3554 1986 3597; x_wconf 91' lang='lat' dir='ltr'>coram</span> 
     </span>
    </p>
   </div>
   <div class='ocr_carea' id='block_1_65' title="bbox 328 3658 1988 3736">
    <p class='ocr_par' dir='ltr' id='par_1_65' title="bbox 328 3658 1988 3736">
     <span class='ocr_line' id='line_1_65' title="bbox 328 3658 1988 3736; baseline 0.005 -24"><span class='ocrx_word' id='word_1_470' title='bbox 328 3658 565 3736; x_wconf 81' lang='lat' dir='ltr'>imitari,</span> <span class='ocrx_word' id='word_1_471' title='bbox 595 3675 667 3736; x_wconf 74' lang='lat' dir='ltr'>ne</span> <span class='ocrx_word' id='word_1_472' title='bbox 694 3674 806 3713; x_wconf 91' lang='lat' dir='ltr'>non</span> <span class='ocrx_word' id='word_1_473' title='bbox 827 3659 1145 3736; x_wconf 75' lang='lat' dir='ltr'>immeritus</span> <span class='ocrx_word' id='word_1_474' title='bbox 1170 3660 1365 3736; x_wconf 81' lang='lat' dir='ltr'>audiat</span> <span class='ocrx_word' id='word_1_475' title='bbox 1406 3662 1777 3736; x_wconf 78' lang='lat' dir='ltr'>clamarisibi</span> <span class='ocrx_word' id='word_1_476' title='bbox 1804 3680 1837 3719; x_wconf 94' lang='lat' dir='ltr'>a</span> <span class='ocrx_word' id='word_1_477' title='bbox 1856 3681 1988 3736; x_wconf 88' lang='lat' dir='ltr'>pro-</span> 
     </span>
    </p>
   </div>
   <div class='ocr_carea' id='block_1_66' title="bbox 365 3728 1988 3801">
    <p class='ocr_par' dir='ltr' id='par_1_66' title="bbox 365 3728 1988 3801">
     <span class='ocr_line' id='line_1_66' title="bbox 365 3728 1988 3801; baseline 0.004 -17"><span class='ocrx_word' id='word_1_478' title='bbox 365 3730 492 3784; x_wconf 80' lang='lat' dir='ltr'>heta</span> <span class='ocrx_word' id='word_1_479' title='bbox 518 3746 540 3783; x_wconf 77' lang='lat'>.°</span> <span class='ocrx_word' id='word_1_480' title='bbox 552 3750 591 3801; x_wconf 88' lang='lat'>_«</span> <span class='ocrx_word' id='word_1_481' title='bbox 618 3733 717 3785; x_wconf 70' lang='lat' dir='ltr'>Vae</span> <span class='ocrx_word' id='word_1_482' title='bbox 740 3730 837 3801; x_wconf 85' lang='lat' dir='ltr'>qui</span> <span class='ocrx_word' id='word_1_483' title='bbox 861 3728 1045 3801; x_wconf 79' lang='lat' dir='ltr'>dicitis</span> <span class='ocrx_word' id='word_1_484' title='bbox 1068 3730 1280 3801; x_wconf 81' lang='lat' dir='ltr'>malum</span> <span class='ocrx_word' id='word_1_485' title='bbox 1312 3733 1530 3799; x_wconf 88' lang='lat' dir='ltr'>bonum,</span> <span class='ocrx_word' id='word_1_486' title='bbox 1557 3737 1607 3787; x_wconf 90' lang='lat' dir='ltr'>et</span> <span class='ocrx_word' id='word_1_487' title='bbox 1639 3728 1988 3791; x_wconf 46' lang='lat' dir='ltr'>bonum-ma-</span> 
     </span>
    </p>
   </div>
   <div class='ocr_carea' id='block_1_67' title="bbox 350 3798 1988 3875">
    <p class='ocr_par' dir='ltr' id='par_1_67' title="bbox 350 3798 1988 3875">
     <span class='ocr_line' id='line_1_67' title="bbox 350 3798 1988 3875; baseline 0.005 -23"><span class='ocrx_word' id='word_1_488' title='bbox 350 3815 466 3875; x_wconf 79' lang='lat' dir='ltr'>um.</span> <span class='ocrx_word' id='word_1_489' title='bbox 492 3798 765 3875; x_wconf 45' lang='lat' dir='ltr'>»_Rursus‘</span> <span class='ocrx_word' id='word_1_490' title='bbox 782 3798 952 3875; x_wconf 78' lang='lat' dir='ltr'>laudo</span> <span class='ocrx_word' id='word_1_491' title='bbox 975 3798 1115 3875; x_wconf 76' lang='lat' dir='ltr'>quod</span> <span class='ocrx_word' id='word_1_492' title='bbox 1142 3803 1311 3875; x_wconf 79' lang='lat' dir='ltr'>probe</span> <span class='ocrx_word' id='word_1_493' title='bbox 1337 3805 1466 3871; x_wconf 85' lang='lat' dir='ltr'>egit,</span> <span class='ocrx_word' id='word_1_494' title='bbox 1498 3798 1570 3858; x_wconf 85' lang='lat' dir='ltr'>ne</span> <span class='ocrx_word' id='word_1_495' title='bbox 1596 3806 1722 3875; x_wconf 84' lang='lat' dir='ltr'>quis</span> <span class='ocrx_word' id='word_1_496' title='bbox 1750 3821 1988 3862; x_wconf 84' lang='lat' dir='ltr'>momor-</span> 
     </span>
    </p>
   </div>
   <div class='ocr_carea' id='block_1_68' title="bbox 324 3816 1986 3945">
    <p class='ocr_par' dir='ltr' id='par_1_68' title="bbox 324 3816 1986 3945">
     <span class='ocr_line' id='line_1_68' title="bbox 328 3816 1986 3923; baseline 0.005 -69"><span class='ocrx_word' id='word_1_497' title='bbox 328 3816 466 3854; x_wconf 84' lang='lat' dir='ltr'>tum.</span> <span class='ocrx_word' id='word_1_498' title='bbox 492 3820 522 3848; x_wconf 86' lang='lat'><strong><em>»</em></strong></span> <span class='ocrx_word' id='word_1_499' title='bbox 544 3816 752 3853; x_wconf 66' lang='lat' dir='ltr'>“ursus</span> <span class='ocrx_word' id='word_1_500' title='bbox 782 3816 945 3853; x_wconf 85' lang='lat' dir='ltr'>tauao</span> <span class='ocrx_word' id='word_1_501' title='bbox 975 3816 1115 3869; x_wconf 87' lang='lat' dir='ltr'>quoa</span> <span class='ocrx_word' id='word_1_502' title='bbox 1140 3816 1309 3923; x_wconf 55' lang='lat' dir='ltr'>prone</span> <span class='ocrx_word' id='word_1_503' title='bbox 1337 3816 1466 3871; x_wconf 82' lang='lat' dir='ltr'>egit,</span> <span class='ocrx_word' id='word_1_504' title='bbox 1498 3820 1570 3858; x_wconf 86' lang='lat' dir='ltr'>ne</span> <span class='ocrx_word' id='word_1_505' title='bbox 1596 3820 1722 3875; x_wconf 70' lang='lat' dir='ltr'>quis</span> <span class='ocrx_word' id='word_1_506' title='bbox 1750 3821 1986 3862; x_wconf 87' lang='lat' dir='ltr'>momor-</span> 
     </span>
     <span class='ocr_line' id='line_1_69' title="bbox 324 3868 1986 3945; baseline 0.005 -21"><span class='ocrx_word' id='word_1_507' title='bbox 324 3869 471 3945; x_wconf 66' lang='lat' dir='ltr'>derit</span> <span class='ocrx_word' id='word_1_508' title='bbox 504 3868 680 3945; x_wconf 79' lang='lat' dir='ltr'>dente,</span> <span class='ocrx_word' id='word_1_509' title='bbox 712 3885 784 3924; x_wconf 86' lang='lat' dir='ltr'>ne</span> <span class='ocrx_word' id='word_1_510' title='bbox 830 3869 1019 3945; x_wconf 69' lang='lat' dir='ltr'>beatus</span> <span class='ocrx_word' id='word_1_511' title='bbox 1058 3873 1135 3945; x_wconf 84' lang='lat' dir='ltr'>_J_o</span> <span class='ocrx_word' id='word_1_512' title='bbox 1219 3872 1470 3928; x_wconf 87' lang='lat' dir='ltr'>videatur</span> <span class='ocrx_word' id='word_1_513' title='bbox 1523 3890 1793 3945; x_wconf 88' lang='lat' dir='ltr'>opponere</span> <span class='ocrx_word' id='word_1_514' title='bbox 1848 3878 1986 3933; x_wconf 86' lang='lat' dir='ltr'>illi:</span> 
     </span>
    </p>
   </div>
   <div class='ocr_carea' id='block_1_69' title="bbox 326 3939 1242 3995">
    <p class='ocr_par' dir='ltr' id='par_1_69' title="bbox 326 3939 1242 3995">
     <span class='ocr_line' id='line_1_70' title="bbox 326 3939 1242 3995; baseline -0.003 -4"><span class='ocrx_word' id='word_1_515' title='bbox 326 3961 356 3991; x_wconf 87' lang='lat'>«</span> <span class='ocrx_word' id='word_1_516' title='bbox 389 3939 697 3995; x_wconf 84' lang='lat' dir='ltr'>Parvulum</span> <span class='ocrx_word' id='word_1_517' title='bbox 725 3939 920 3995; x_wconf 86' lang='lat' dir='ltr'>occidit</span> <span class='ocrx_word' id='word_1_518' title='bbox 947 3939 1181 3994; x_wconf 83' lang='lat' dir='ltr'>invidia.</span> <span class='ocrx_word' id='word_1_519' title='bbox 1214 3962 1242 3989; x_wconf 84' lang='grc'><strong>››</strong></span> 
     </span>
    </p>
   </div>
   <div class='ocr_carea' id='block_1_70' title="bbox 401 4010 1987 4082">
    <p class='ocr_par' dir='ltr' id='par_1_70' title="bbox 401 4010 1987 4082">
     <span class='ocr_line' id='line_1_71' title="bbox 401 4010 1987 4082; baseline 0.005 -18"><span class='ocrx_word' id='word_1_520' title='bbox 401 4010 547 4081; x_wconf 88' lang='grc'>(470)</span> <span class='ocrx_word' id='word_1_521' title='bbox 579 4011 863 4066; x_wconf 86' lang='lat' dir='ltr'>Construe</span> <span class='ocrx_word' id='word_1_522' title='bbox 907 4028 920 4066; x_wconf 91' lang='lat'><strong>:</strong></span> <span class='ocrx_word' id='word_1_523' title='bbox 973 4011 1253 4067; x_wconf 66' lang='lat' dir='ltr'>Caeterum</span> <span class='ocrx_word' id='word_1_524' title='bbox 1304 4011 1545 4082; x_wconf 74' lang='lat' dir='ltr'>qualitas</span> <span class='ocrx_word' id='word_1_525' title='bbox 1598 4014 1778 4070; x_wconf 82' lang='lat' dir='ltr'>libelli</span> <span class='ocrx_word' id='word_1_526' title='bbox 1828 4018 1987 4073; x_wconf 79' lang='lat' dir='ltr'>istius</span> 
     </span>
    </p>
   </div>
   <div class='ocr_carea' id='block_1_71' title="bbox 324 4082 1986 4159">
    <p class='ocr_par' dir='ltr' id='par_1_71' title="bbox 324 4082 1986 4159">
     <span class='ocr_line' id='line_1_72' title="bbox 324 4082 1986 4159; baseline 0.004 -22"><span class='ocrx_word' id='word_1_527' title='bbox 324 4082 470 4154; x_wconf 86' lang='lat' dir='ltr'>forte</span> <span class='ocrx_word' id='word_1_528' title='bbox 494 4084 676 4159; x_wconf 83' lang='lat' dir='ltr'>fuerat</span> <span class='ocrx_word' id='word_1_529' title='bbox 704 4082 900 4159; x_wconf 74' lang='lat' dir='ltr'>major,</span> <span class='ocrx_word' id='word_1_530' title='bbox 931 4082 1045 4136; x_wconf 92' lang='lat' dir='ltr'>nisi</span> <span class='ocrx_word' id='word_1_531' title='bbox 1081 4084 1344 4159; x_wconf 70' lang='lat' dir='ltr'>praecisus</span> <span class='ocrx_word' id='word_1_532' title='bbox 1383 4084 1598 4159; x_wconf 76' lang='lat' dir='ltr'>fuisset,</span> <span class='ocrx_word' id='word_1_533' title='bbox 1630 4088 1715 4140; x_wconf 90' lang='lat' dir='ltr'>uti</span> <span class='ocrx_word' id='word_1_534' title='bbox 1742 4087 1851 4143; x_wconf 88' lang='lat' dir='ltr'>tela</span> <span class='ocrx_word' id='word_1_535' title='bbox 1864 4090 1986 4159; x_wconf 89' lang='lat' dir='ltr'>jam</span> 
     </span>
    </p>
   </div>
   <div class='ocr_carea' id='block_1_72' title="bbox 319 4153 1985 4227">
    <p class='ocr_par' dir='ltr' id='par_1_72' title="bbox 319 4153 1985 4227">
     <span class='ocr_line' id='line_1_73' title="bbox 319 4153 1985 4227; baseline 0.004 -20"><span class='ocrx_word' id='word_1_536' title='bbox 319 4153 544 4225; x_wconf 85' lang='lat' dir='ltr'>peracta</span> <span class='ocrx_word' id='word_1_537' title='bbox 571 4153 904 4227; x_wconf 85' lang='lat' dir='ltr'>succiditur;</span> <span class='ocrx_word' id='word_1_538' title='bbox 937 4155 1199 4227; x_wconf 61' lang='lat' dir='ltr'>pra’cisus</span> <span class='ocrx_word' id='word_1_539' title='bbox 1237 4155 1464 4227; x_wconf 78' lang='lat' dir='ltr'>fuisset,</span> <span class='ocrx_word' id='word_1_540' title='bbox 1503 4155 1766 4227; x_wconf 86' lang='lat' dir='ltr'>inquam,</span> <span class='ocrx_word' id='word_1_541' title='bbox 1797 4153 1985 4215; x_wconf 74' lang='lat' dir='ltr'>statim</span> 
     </span>
    </p>
   </div>
   <div class='ocr_carea' id='block_1_73' title="bbox 323 4224 1981 4308">
    <p class='ocr_par' dir='ltr' id='par_1_73' title="bbox 323 4224 1981 4308">
     <span class='ocr_line' id='line_1_74' title="bbox 323 4224 1981 4308; baseline 0.004 -29"><span class='ocrx_word' id='word_1_542' title='bbox 323 4224 387 4280; x_wconf 81' lang='lat' dir='ltr'>ut</span> <span class='ocrx_word' id='word_1_543' title='bbox 413 4226 713 4308; x_wconf 69' lang='lat' dir='ltr'>comperuit</span> <span class='ocrx_word' id='word_1_544' title='bbox 740 4224 951 4308; x_wconf 82' lang='lat' dir='ltr'>obitum</span> <span class='ocrx_word' id='word_1_545' title='bbox 991 4224 1247 4308; x_wconf 47' lang='lat' dir='ltr'>R‘odberti</span> <span class='ocrx_word' id='word_1_546' title='bbox 1265 4225 1390 4295; x_wconf 89' lang='lat' dir='ltr'>jam</span> <span class='ocrx_word' id='word_1_547' title='bbox 1414 4227 1522 4308; x_wconf 71' lang='lat' dir='ltr'>fati</span> <span class='ocrx_word' id='word_1_548' title='bbox 1542 4224 1677 4308; x_wconf 79' lang='lat' dir='ltr'>_(seu</span> <span class='ocrx_word' id='word_1_549' title='bbox 1700 4230 1828 4308; x_wconf 81' lang='lat' dir='ltr'>jam</span> <span class='ocrx_word' id='word_1_550' title='bbox 1862 4247 1981 4285; x_wconf 89' lang='lat' dir='ltr'>me-</span> 
     </span>
    </p>
   </div>
   <div class='ocr_carea' id='block_1_74' title="bbox 325 4295 1979 4372">
    <p class='ocr_par' dir='ltr' id='par_1_74' title="bbox 325 4295 1979 4372">
     <span class='ocr_line' id='line_1_75' title="bbox 325 4295 1979 4372; baseline 0.004 -21"><span class='ocrx_word' id='word_1_551' title='bbox 325 4295 559 4372; x_wconf 80' lang='lat' dir='ltr'>morati)</span> <span class='ocrx_word' id='word_1_552' title='bbox 575 4312 743 4372; x_wconf 75' lang='lat' dir='ltr'>quem</span> <span class='ocrx_word' id='word_1_553' title='bbox 772 4300 958 4372; x_wconf 74' lang='lat' dir='ltr'>tamen</span> <span class='ocrx_word' id='word_1_554' title='bbox 988 4295 1215 4372; x_wconf 91' lang='lat' dir='ltr'>obitum</span> <span class='ocrx_word' id='word_1_555' title='bbox 1256 4295 1448 4349; x_wconf 87' lang='lat' dir='ltr'>rumor</span> <span class='ocrx_word' id='word_1_556' title='bbox 1472 4295 1646 4372; x_wconf 81' lang='lat' dir='ltr'>falsus</span> <span class='ocrx_word' id='word_1_557' title='bbox 1680 4295 1807 4372; x_wconf 70' lang='lat' dir='ltr'>ante</span> <span class='ocrx_word' id='word_1_558' title='bbox 1830 4316 1979 4372; x_wconf 69' lang='lat' dir='ltr'>prae-</span> 
     </span>
    </p>
   </div>
   <div class='ocr_carea' id='block_1_75' title="bbox 326 4299 1981 4450">
    <p class='ocr_par' dir='ltr' id='par_1_75' title="bbox 326 4299 1981 4450">
     <span class='ocr_line' id='line_1_76' title="bbox 326 4299 1979 4423; baseline 0.004 -73"><span class='ocrx_word' id='word_1_559' title='bbox 326 4299 559 4366; x_wconf 87' lang='lat' dir='ltr'>morati)</span> <span class='ocrx_word' id='word_1_560' title='bbox 574 4312 743 4423; x_wconf 62' lang='lat' dir='ltr'>lquem</span> <span class='ocrx_word' id='word_1_561' title='bbox 772 4300 958 4378; x_wconf 78' lang='lat' dir='ltr'>tamen</span> <span class='ocrx_word' id='word_1_562' title='bbox 988 4299 1215 4350; x_wconf 91' lang='lat' dir='ltr'>obitum</span> <span class='ocrx_word' id='word_1_563' title='bbox 1256 4311 1448 4349; x_wconf 90' lang='lat' dir='ltr'>rumor</span> <span class='ocrx_word' id='word_1_564' title='bbox 1470 4299 1646 4422; x_wconf 57' lang='lat' dir='ltr'>{uisus</span> <span class='ocrx_word' id='word_1_565' title='bbox 1680 4299 1807 4356; x_wconf 89' lang='lat' dir='ltr'>ante</span> <span class='ocrx_word' id='word_1_566' title='bbox 1830 4316 1979 4372; x_wconf 69' lang='lat' dir='ltr'>prae-</span> 
     </span>
     <span class='ocr_line' id='line_1_77' title="bbox 326 4367 1981 4450; baseline 0.004 -28"><span class='ocrx_word' id='word_1_567' title='bbox 326 4367 572 4450; x_wconf 56' lang='lat' dir='ltr'>tulerat.n</span> <span class='ocrx_word' id='word_1_568' title='bbox 622 4384 722 4423; x_wconf 92' lang='lat' dir='ltr'>um</span> <span class='ocrx_word' id='word_1_569' title='bbox 750 4368 1318 4450; x_wconf 49' lang='lat' dir='ltr'>quidemnmontuum</span> <span class='ocrx_word' id='word_1_570' title='bbox 1348 4382 1465 4438; x_wconf 71' lang='lat' dir='ltr'>prae</span> <span class='ocrx_word' id='word_1_571' title='bbox 1492 4372 1579 4425; x_wconf 85' lang='lat' dir='ltr'>ert</span> <span class='ocrx_word' id='word_1_572' title='bbox 1624 4371 1797 4443; x_wconf 91' lang='lat' dir='ltr'>paulo</span> <span class='ocrx_word' id='word_1_573' title='bbox 1847 4378 1981 4429; x_wconf 85' lang='lat' dir='ltr'>ante</span> 
     </span>
    </p>
   </div>
   <div class='ocr_carea' id='block_1_76' title="bbox 324 4435 1217 4494">
    <p class='ocr_par' dir='ltr' id='par_1_76' title="bbox 324 4435 1217 4494">
     <span class='ocr_line' id='line_1_78' title="bbox 324 4435 1217 4494; baseline 0.001 -3"><span class='ocrx_word' id='word_1_574' title='bbox 324 4435 507 4494; x_wconf 90' lang='lat' dir='ltr'>libelli</span> <span class='ocrx_word' id='word_1_575' title='bbox 537 4438 715 4494; x_wconf 83' lang='lat' dir='ltr'>ﬁnem</span> <span class='ocrx_word' id='word_1_576' title='bbox 747 4435 913 4494; x_wconf 74' lang='lat' dir='ltr'>rium.</span> <span class='ocrx_word' id='word_1_577' title='bbox 948 4437 1016 4491; x_wconf 89' lang='grc'>19</span> <span class='ocrx_word' id='word_1_578' title='bbox 1045 4440 1103 4491; x_wconf 91' lang='lat' dir='ltr'>et</span> <span class='ocrx_word' id='word_1_579' title='bbox 1128 4438 1217 4492; x_wconf 89' lang='grc'>21.</span> 
     </span>
    </p>
   </div>
   <div class='ocr_carea' id='block_1_77' title="bbox 396 4507 1978 4582">
    <p class='ocr_par' dir='ltr' id='par_1_77' title="bbox 396 4507 1978 4582">
     <span class='ocr_line' id='line_1_79' title="bbox 396 4507 1978 4582; baseline 0.004 -19"><span class='ocrx_word' id='word_1_580' title='bbox 396 4508 543 4580; x_wconf 89' lang='grc'>(471)</span> <span class='ocrx_word' id='word_1_581' title='bbox 567 4507 808 4582; x_wconf 76' lang='lat' dir='ltr'>Explica</span> <span class='ocrx_word' id='word_1_582' title='bbox 858 4508 1102 4582; x_wconf 79' lang='lat' dir='ltr'>:___igitur</span> <span class='ocrx_word' id='word_1_583' title='bbox 1141 4507 1415 4582; x_wconf 85' lang='lat' dir='ltr'>probatur</span> <span class='ocrx_word' id='word_1_584' title='bbox 1469 4511 1765 4567; x_wconf 87' lang='lat' dir='ltr'>inseruisse</span> <span class='ocrx_word' id='word_1_585' title='bbox 1819 4514 1978 4582; x_wconf 88' lang='lat' dir='ltr'>talia,</span> 
     </span>
    </p>
   </div>
   <div class='ocr_carea' id='block_1_78' title="bbox 323 4576 1977 4661">
    <p class='ocr_par' dir='ltr' id='par_1_78' title="bbox 323 4576 1977 4661">
     <span class='ocr_line' id='line_1_80' title="bbox 323 4576 1977 4661; baseline 0.005 -29"><span class='ocrx_word' id='word_1_586' title='bbox 323 4581 387 4632; x_wconf 87' lang='lat' dir='ltr'>ut</span> <span class='ocrx_word' id='word_1_587' title='bbox 406 4576 720 4661; x_wconf 74' lang='lat' dir='ltr'>acquireret</span> <span class='ocrx_word' id='word_1_588' title='bbox 747 4580 823 4634; x_wconf 87' lang='lat' dir='ltr'>eis</span> <span class='ocrx_word' id='word_1_589' title='bbox 865 4576 1486 4661; x_wconf 33' lang='lat' dir='ltr'>libellisnfrequentiam</span> <span class='ocrx_word' id='word_1_590' title='bbox 1529 4582 1819 4661; x_wconf 77' lang='lat' dir='ltr'>lectorum;</span> <span class='ocrx_word' id='word_1_591' title='bbox 1850 4576 1977 4656; x_wconf 81' lang='lat' dir='ltr'>quia</span> 
     </span>
    </p>
   </div>
   <div class='ocr_carea' id='block_1_79' title="bbox 322 4649 1979 4725">
    <p class='ocr_par' dir='ltr' id='par_1_79' title="bbox 322 4649 1979 4725">
     <span class='ocr_line' id='line_1_81' title="bbox 322 4649 1979 4725; baseline 0.006 -23"><span class='ocrx_word' id='word_1_592' title='bbox 322 4651 553 4725; x_wconf 76' lang='lat' dir='ltr'>noverat</span> <span class='ocrx_word' id='word_1_593' title='bbox 584 4665 909 4725; x_wconf 79' lang='lat' dir='ltr'>quemquam</span> <span class='ocrx_word' id='word_1_594' title='bbox 952 4649 1228 4725; x_wconf 77' lang='lat' dir='ltr'>similium</span> <span class='ocrx_word' id='word_1_595' title='bbox 1250 4652 1355 4725; x_wconf 68' lang='lat' dir='ltr'>sui</span> <span class='ocrx_word' id='word_1_596' title='bbox 1400 4668 1501 4707; x_wconf 87' lang='lat' dir='ltr'>nec</span> <span class='ocrx_word' id='word_1_597' title='bbox 1546 4656 1796 4725; x_wconf 79' lang='lat' dir='ltr'>attigisse</span> <span class='ocrx_word' id='word_1_598' title='bbox 1822 4649 1979 4712; x_wconf 81' lang='lat' dir='ltr'>sum-</span> 
     </span>
    </p>
   </div>
   <div class='ocr_carea' id='block_1_80' title="bbox 2096 3444 2783 3502">
    <p class='ocr_par' dir='ltr' id='par_1_80' title="bbox 2096 3444 2783 3502">
     <span class='ocr_line' id='line_1_82' title="bbox 2096 3444 2783 3502; baseline -0.003 0"><span class='ocrx_word' id='word_1_599' title='bbox 2096 3447 2227 3502; x_wconf 91' lang='lat' dir='ltr'>bus.</span> <span class='ocrx_word' id='word_1_600' title='bbox 2258 3444 2546 3501; x_wconf 87' lang='lat' dir='ltr'>Volumen</span> <span class='ocrx_word' id='word_1_601' title='bbox 2575 3462 2783 3501; x_wconf 91' lang='lat' dir='ltr'>unum.</span> 
     </span>
    </p>
   </div>
   <div class='ocr_carea' id='block_1_81' title="bbox 2168 3532 3733 3607">
    <p class='ocr_par' dir='ltr' id='par_1_81' title="bbox 2168 3532 3733 3607">
     <span class='ocr_line' id='line_1_83' title="bbox 2168 3532 3733 3607; baseline -0.002 -18"><span class='ocrx_word' id='word_1_602' title='bbox 2168 3533 2420 3602; x_wconf 88' lang='lat' dir='ltr'>Quintus</span> <span class='ocrx_word' id='word_1_603' title='bbox 2450 3533 2879 3606; x_wconf 90' lang='lat' dir='ltr'>querimoniam</span> <span class='ocrx_word' id='word_1_604' title='bbox 2911 3533 3171 3591; x_wconf 88' lang='lat' dir='ltr'>Brunoni</span> <span class='ocrx_word' id='word_1_605' title='bbox 3210 3532 3549 3607; x_wconf 88' lang='lat' dir='ltr'>specialius,</span> <span class='ocrx_word' id='word_1_606' title='bbox 3574 3545 3733 3606; x_wconf 86' lang='lat' dir='ltr'>gene-</span> 
     </span>
    </p>
   </div>
   <div class='ocr_carea' id='block_1_82' title="bbox 2100 3660 3735 3809">
    <p class='ocr_par' dir='ltr' id='par_1_82' title="bbox 2100 3660 3735 3809">
     <span class='ocr_line' id='line_1_84' title="bbox 2100 3660 3735 3735; baseline -0.006 -16"><span class='ocrx_word' id='word_1_607' title='bbox 2100 3665 2247 3735; x_wconf 88' lang='lat' dir='ltr'>ipsas</span> <span class='ocrx_word' id='word_1_608' title='bbox 2276 3666 2440 3729; x_wconf 90' lang='lat' dir='ltr'>artes,</span> <span class='ocrx_word' id='word_1_609' title='bbox 2470 3662 2720 3731; x_wconf 88' lang='lat' dir='ltr'>appetere</span> <span class='ocrx_word' id='word_1_610' title='bbox 2772 3660 3009 3729; x_wconf 86' lang='lat' dir='ltr'>gloriam</span> <span class='ocrx_word' id='word_1_611' title='bbox 3053 3661 3347 3732; x_wconf 86' lang='lat' dir='ltr'>majorum,</span> <span class='ocrx_word' id='word_1_612' title='bbox 3409 3674 3524 3716; x_wconf 86' lang='lat' dir='ltr'>non</span> <span class='ocrx_word' id='word_1_613' title='bbox 3574 3660 3735 3728; x_wconf 82' lang='lat' dir='ltr'>sequi.</span> 
     </span>
     <span class='ocr_line' id='line_1_85' title="bbox 2104 3728 3735 3809; baseline -0.002 -25"><span class='ocrx_word' id='word_1_614' title='bbox 2104 3802 2118 3809; x_wconf 39' lang='lat'>-</span> <span class='ocrx_word' id='word_1_615' title='bbox 2170 3730 2318 3809; x_wconf 82' lang='grc'>(472)</span> <span class='ocrx_word' id='word_1_616' title='bbox 2349 3732 3137 3809; x_wconf 31' lang='grc' dir='ltr'>Οοῐιεξῐιιιφ.ςιιρίιωξιὶηυιίιεξ</span> <span class='ocrx_word' id='word_1_617' title='bbox 3163 3731 3290 3809; x_wconf 81' lang='lat' dir='ltr'>sibi,</span> <span class='ocrx_word' id='word_1_618' title='bbox 3317 3734 3371 3786; x_wconf 88' lang='lat' dir='ltr'>et</span> <span class='ocrx_word' id='word_1_619' title='bbox 3406 3728 3735 3809; x_wconf 38' lang='lat' dir='ltr'>pernonii&#39;in</span> 
     </span>
    </p>
   </div>
   <div class='ocr_carea' id='block_1_83' title="bbox 2097 3800 3738 3873">
    <p class='ocr_par' dir='ltr' id='par_1_83' title="bbox 2097 3800 3738 3873">
     <span class='ocr_line' id='line_1_86' title="bbox 2097 3800 3738 3873; baseline -0.004 -15"><span class='ocrx_word' id='word_1_620' title='bbox 2097 3800 2195 3858; x_wconf 85' lang='lat' dir='ltr'>hoc</span> <span class='ocrx_word' id='word_1_621' title='bbox 2225 3800 2369 3873; x_wconf 87' lang='lat' dir='ltr'>(mea</span> <span class='ocrx_word' id='word_1_622' title='bbox 2411 3801 2701 3873; x_wconf 81' lang='lat' dir='ltr'>sententia)</span> <span class='ocrx_word' id='word_1_623' title='bbox 2732 3800 3003 3871; x_wconf 84' lang='lat' dir='ltr'>omnibus,</span> <span class='ocrx_word' id='word_1_624' title='bbox 3030 3804 3127 3873; x_wconf 90' lang='lat' dir='ltr'>qui</span> <span class='ocrx_word' id='word_1_625' title='bbox 3164 3804 3216 3858; x_wconf 91' lang='lat' dir='ltr'>si</span> <span class='ocrx_word' id='word_1_626' title='bbox 3253 3817 3385 3873; x_wconf 88' lang='lat' dir='ltr'>quos</span> <span class='ocrx_word' id='word_1_627' title='bbox 3409 3800 3738 3873; x_wconf 70' lang='lat' dir='ltr'>reddiderint</span> 
     </span>
    </p>
   </div>
   <div class='ocr_carea' id='block_1_84' title="bbox 2096 3820 3741 3954">
    <p class='ocr_par' dir='ltr' id='par_1_84' title="bbox 2096 3820 3741 3954">
     <span class='ocr_line' id='line_1_87' title="bbox 2097 3820 3737 3873; baseline -0.004 -15"><span class='ocrx_word' id='word_1_628' title='bbox 2097 3820 2195 3858; x_wconf 85' lang='lat' dir='ltr'>noc</span> <span class='ocrx_word' id='word_1_629' title='bbox 2225 3820 2369 3873; x_wconf 60' lang='lat' dir='ltr'>(mea</span> <span class='ocrx_word' id='word_1_630' title='bbox 2411 3820 2680 3856; x_wconf 73' lang='lat' dir='ltr'>sententia</span> <span class='ocrx_word' id='word_1_631' title='bbox 2732 3820 3003 3871; x_wconf 78' lang='lat' dir='ltr'>omnibus,</span> <span class='ocrx_word' id='word_1_632' title='bbox 3065 3820 3125 3857; x_wconf 79' lang='lat' dir='ltr'>ui</span> <span class='ocrx_word' id='word_1_633' title='bbox 3164 3820 3214 3858; x_wconf 80' lang='lat' dir='ltr'>si</span> <span class='ocrx_word' id='word_1_634' title='bbox 3253 3820 3385 3873; x_wconf 88' lang='lat' dir='ltr'>quos</span> <span class='ocrx_word' id='word_1_635' title='bbox 3417 3820 3737 3857; x_wconf 76' lang='lat' dir='ltr'>reaazaerim</span> 
     </span>
     <span class='ocr_line' id='line_1_88' title="bbox 2096 3820 3741 3954; baseline -0.001 -27"><span class='ocrx_word' id='word_1_636' title='bbox 2096 3873 2356 3954; x_wconf 74' lang='lat' dir='ltr'>deceptos,</span> <span class='ocrx_word' id='word_1_637' title='bbox 2380 3820 3243 3954; x_wconf 44' lang='lat' dir='ltr'>efﬁciunttleceptoresulliorum,</span> <span class='ocrx_word' id='word_1_638' title='bbox 3273 3874 3369 3954; x_wconf 81' lang='lat' dir='ltr'>qui</span> <span class='ocrx_word' id='word_1_639' title='bbox 3402 3874 3610 3954; x_wconf 76' lang='lat' dir='ltr'>scilicet</span> 
     </span>
    </p>
   </div>
   <div class='ocr_carea' id='block_1_85' title="bbox 2094 3944 3741 4016">
    <p class='ocr_par' dir='ltr' id='par_1_85' title="bbox 2094 3944 3741 4016">
     <span class='ocr_line' id='line_1_89' title="bbox 2094 3944 3741 4016; baseline -0.001 -18"><span class='ocrx_word' id='word_1_640' title='bbox 2094 3961 2199 3999; x_wconf 89' lang='lat' dir='ltr'>nus</span> <span class='ocrx_word' id='word_1_641' title='bbox 2225 3944 2458 4015; x_wconf 83' lang='lat' dir='ltr'>proinde</span> <span class='ocrx_word' id='word_1_642' title='bbox 2484 3944 2886 4000; x_wconf 84' lang='lat' dir='ltr'>considerantes</span> <span class='ocrx_word' id='word_1_643' title='bbox 2928 3946 3146 4016; x_wconf 84' lang='lat' dir='ltr'>aliquas</span> <span class='ocrx_word' id='word_1_644' title='bbox 3170 3944 3480 4016; x_wconf 81' lang='lat' dir='ltr'>particulas</span> <span class='ocrx_word' id='word_1_645' title='bbox 3508 3944 3741 4016; x_wconf 65' lang='lat' dir='ltr'>scientia?</span> 
     </span>
    </p>
   </div>
   <div class='ocr_carea' id='block_1_86' title="bbox 2095 4013 3741 4087">
    <p class='ocr_par' dir='ltr' id='par_1_86' title="bbox 2095 4013 3741 4087">
     <span class='ocr_line' id='line_1_90' title="bbox 2095 4013 3741 4087; baseline -0.001 -18"><span class='ocrx_word' id='word_1_646' title='bbox 2095 4013 2255 4081; x_wconf 64' lang='lat' dir='ltr'>meae,</span> <span class='ocrx_word' id='word_1_647' title='bbox 2279 4018 2331 4087; x_wconf 87' lang='lat' dir='ltr'>et</span> <span class='ocrx_word' id='word_1_648' title='bbox 2354 4019 2552 4087; x_wconf 88' lang='lat' dir='ltr'>putant</span> <span class='ocrx_word' id='word_1_649' title='bbox 2601 4019 2789 4081; x_wconf 88' lang='lat' dir='ltr'>totam,</span> <span class='ocrx_word' id='word_1_650' title='bbox 2826 4025 2922 4072; x_wconf 89' lang='lat' dir='ltr'>ant</span> <span class='ocrx_word' id='word_1_651' title='bbox 2964 4013 3279 4087; x_wconf 13' lang='lat' dir='ltr'>mammam,</span> <span class='ocrx_word' id='word_1_652' title='bbox 3299 4031 3577 4087; x_wconf 85' lang='lat' dir='ltr'>summam</span> <span class='ocrx_word' id='word_1_653' title='bbox 3602 4013 3741 4087; x_wconf 79' lang='lat' dir='ltr'>illius</span> 
     </span>
    </p>
   </div>
   <div class='ocr_carea' id='block_1_87' title="bbox 2095 4084 3743 4159">
    <p class='ocr_par' dir='ltr' id='par_1_87' title="bbox 2095 4084 3743 4159">
     <span class='ocr_line' id='line_1_91' title="bbox 2095 4084 3743 4159; baseline -0.002 -19"><span class='ocrx_word' id='word_1_654' title='bbox 2095 4084 2369 4159; x_wconf 43' lang='lat' dir='ltr'>scientiae’</span> <span class='ocrx_word' id='word_1_655' title='bbox 2402 4088 2622 4141; x_wconf 84' lang='lat' dir='ltr'>cessisse</span> <span class='ocrx_word' id='word_1_656' title='bbox 2666 4087 2780 4159; x_wconf 85' lang='lat' dir='ltr'>sibi</span> <span class='ocrx_word' id='word_1_657' title='bbox 2830 4089 2986 4159; x_wconf 83' lang='lat' dir='ltr'>ipsis,</span> <span class='ocrx_word' id='word_1_658' title='bbox 3036 4092 3089 4143; x_wconf 89' lang='lat' dir='ltr'>et</span> <span class='ocrx_word' id='word_1_659' title='bbox 3132 4086 3484 4159; x_wconf 58' lang='lat' dir='ltr'>pradicando</span> <span class='ocrx_word' id='word_1_660' title='bbox 3541 4084 3743 4159; x_wconf 72' lang='lat' dir='ltr'>faciunt</span> 
     </span>
    </p>
   </div>
   <div class='ocr_carea' id='block_1_88' title="bbox 2093 4156 3743 4228">
    <p class='ocr_par' dir='ltr' id='par_1_88' title="bbox 2093 4156 3743 4228">
     <span class='ocr_line' id='line_1_92' title="bbox 2093 4156 3743 4228; baseline 0 -17"><span class='ocrx_word' id='word_1_661' title='bbox 2093 4157 2235 4212; x_wconf 88' lang='lat' dir='ltr'>alios</span> <span class='ocrx_word' id='word_1_662' title='bbox 2260 4160 2460 4228; x_wconf 85' lang='lat' dir='ltr'>putare</span> <span class='ocrx_word' id='word_1_663' title='bbox 2487 4175 2505 4211; x_wconf 88' lang='lat'><em>:</em></span> <span class='ocrx_word' id='word_1_664' title='bbox 2539 4157 2678 4227; x_wconf 88' lang='lat' dir='ltr'>quod</span> <span class='ocrx_word' id='word_1_665' title='bbox 2708 4156 2978 4213; x_wconf 79' lang='lat' dir='ltr'>nimirum</span> <span class='ocrx_word' id='word_1_666' title='bbox 3017 4156 3337 4214; x_wconf 73' lang='lat' dir='ltr'>interdictor</span> <span class='ocrx_word' id='word_1_667' title='bbox 3370 4157 3517 4213; x_wconf 87' lang='lat' dir='ltr'>mihi</span> <span class='ocrx_word' id='word_1_668' title='bbox 3544 4156 3743 4228; x_wconf 73' lang='lat' dir='ltr'>videtur</span> 
     </span>
    </p>
   </div>
   <div class='ocr_carea' id='block_1_89' title="bbox 2094 4226 3761 4301">
    <p class='ocr_par' dir='ltr' id='par_1_89' title="bbox 2094 4226 3761 4301">
     <span class='ocr_line' id='line_1_93' title="bbox 2094 4226 3761 4301; baseline -0.004 -18"><span class='ocrx_word' id='word_1_669' title='bbox 2094 4226 2592 4301; x_wconf 73' lang='lat' dir='ltr'>quoqueinnuere,</span> <span class='ocrx_word' id='word_1_670' title='bbox 2643 4229 2773 4283; x_wconf 84' lang='lat' dir='ltr'>dum</span> <span class='ocrx_word' id='word_1_671' title='bbox 2797 4229 3045 4301; x_wconf 83' lang='lat' dir='ltr'>prohibet</span> <span class='ocrx_word' id='word_1_672' title='bbox 3084 4229 3376 4300; x_wconf 80' lang='lat' dir='ltr'>quemlibet</span> <span class='ocrx_word' id='word_1_673' title='bbox 3418 4226 3761 4301; x_wconf 7' lang='lat' dir='ltr'>ponereggof-A,</span> 
     </span>
    </p>
   </div>
   <div class='ocr_carea' id='block_1_90' title="bbox 2090 4297 3743 4371">
    <p class='ocr_par' dir='ltr' id='par_1_90' title="bbox 2090 4297 3743 4371">
     <span class='ocr_line' id='line_1_94' title="bbox 2090 4297 3743 4371; baseline -0.001 -18"><span class='ocrx_word' id='word_1_674' title='bbox 2090 4297 2430 4369; x_wconf 83' lang='lat' dir='ltr'>fendiculum</span> <span class='ocrx_word' id='word_1_675' title='bbox 2458 4370 2461 4371; x_wconf 16' lang='grc' dir='ltr'><em>ν</em></span> <span class='ocrx_word' id='word_1_676' title='bbox 2486 4315 2671 4355; x_wconf 89' lang='lat' dir='ltr'>coram</span> <span class='ocrx_word' id='word_1_677' title='bbox 2719 4297 2873 4357; x_wconf 63' lang='lat' dir='ltr'>cse&#39;co.</span> <span class='ocrx_word' id='word_1_678' title='bbox 2905 4297 3155 4371; x_wconf 77' lang='lat' dir='ltr'>Namque</span> <span class='ocrx_word' id='word_1_679' title='bbox 3208 4297 3434 4356; x_wconf 79' lang='lat' dir='ltr'>cernere</span> <span class='ocrx_word' id='word_1_680' title='bbox 3490 4297 3743 4371; x_wconf 73' lang='lat' dir='ltr'>quidlibet</span> 
     </span>
    </p>
   </div>
   <div class='ocr_carea' id='block_1_91' title="bbox 2092 4367 3743 4442">
    <p class='ocr_par' dir='ltr' id='par_1_91' title="bbox 2092 4367 3743 4442">
     <span class='ocr_line' id='line_1_95' title="bbox 2092 4367 3743 4442; baseline -0.002 -17"><span class='ocrx_word' id='word_1_681' title='bbox 2092 4367 2354 4441; x_wconf 71' lang='lat' dir='ltr'>inefﬁcax</span> <span class='ocrx_word' id='word_1_682' title='bbox 2380 4370 2683 4441; x_wconf 87' lang='lat' dir='ltr'>subjectum</span> <span class='ocrx_word' id='word_1_683' title='bbox 2710 4371 3008 4439; x_wconf 87' lang='lat' dir='ltr'>obtutibus,</span> <span class='ocrx_word' id='word_1_684' title='bbox 3031 4367 3210 4427; x_wconf 76' lang='lat' dir='ltr'>nescio</span> <span class='ocrx_word' id='word_1_685' title='bbox 3247 4387 3322 4427; x_wconf 87' lang='lat' dir='ltr'>an</span> <span class='ocrx_word' id='word_1_686' title='bbox 3366 4367 3562 4442; x_wconf 70' lang='lat' dir='ltr'>putari</span> <span class='ocrx_word' id='word_1_687' title='bbox 3587 4367 3743 4442; x_wconf 78' lang='lat' dir='ltr'>possit</span> 
     </span>
    </p>
   </div>
   <div class='ocr_carea' id='block_1_92' title="bbox 2088 4438 3742 4513">
    <p class='ocr_par' dir='ltr' id='par_1_92' title="bbox 2088 4438 3742 4513">
     <span class='ocr_line' id='line_1_96' title="bbox 2088 4438 3742 4513; baseline -0.001 -18"><span class='ocrx_word' id='word_1_688' title='bbox 2088 4438 2340 4497; x_wconf 48' lang='lat' dir='ltr'>non&#39;esse</span> <span class='ocrx_word' id='word_1_689' title='bbox 2366 4438 2591 4513; x_wconf 63' lang='lat' dir='ltr'>arcum.</span> <span class='ocrx_word' id='word_1_690' title='bbox 2626 4442 2776 4510; x_wconf 83' lang='lat' dir='ltr'>Quod</span> <span class='ocrx_word' id='word_1_691' title='bbox 2813 4459 2937 4498; x_wconf 91' lang='lat' dir='ltr'>cum</span> <span class='ocrx_word' id='word_1_692' title='bbox 2978 4438 3183 4498; x_wconf 82' lang='lat' dir='ltr'>constet</span> <span class='ocrx_word' id='word_1_693' title='bbox 3223 4438 3543 4513; x_wconf 78' lang='lat' dir='ltr'>Apostolum</span> <span class='ocrx_word' id='word_1_694' title='bbox 3567 4438 3742 4513; x_wconf 70' lang='lat' dir='ltr'>sedulo</span> 
     </span>
    </p>
   </div>
   <div class='ocr_carea' id='block_1_93' title="bbox 2087 4508 3741 4578">
    <p class='ocr_par' dir='ltr' id='par_1_93' title="bbox 2087 4508 3741 4578">
     <span class='ocr_line' id='line_1_97' title="bbox 2087 4508 3741 4578; baseline -0.002 -12"><span class='ocrx_word' id='word_1_695' title='bbox 2087 4514 2311 4578; x_wconf 87' lang='lat' dir='ltr'>cavisse,</span> <span class='ocrx_word' id='word_1_696' title='bbox 2344 4512 2473 4567; x_wconf 87' lang='lat' dir='ltr'>dum</span> <span class='ocrx_word' id='word_1_697' title='bbox 2513 4508 2786 4569; x_wconf 84' lang='lat' dir='ltr'>desiderat</span> <span class='ocrx_word' id='word_1_698' title='bbox 2828 4515 3105 4569; x_wconf 86' lang='lat' dir='ltr'>neminem</span> <span class='ocrx_word' id='word_1_699' title='bbox 3138 4508 3539 4571; x_wconf 60' lang='lat' dir='ltr'>aestimasse&#39;de</span> <span class='ocrx_word' id='word_1_700' title='bbox 3563 4527 3618 4567; x_wconf 87' lang='lat' dir='ltr'>se</span> <span class='ocrx_word' id='word_1_701' title='bbox 3643 4508 3741 4564; x_wconf 88' lang='lat' dir='ltr'>ali-</span> 
     </span>
    </p>
   </div>
   <div class='ocr_carea' id='block_1_94' title="bbox 2088 4578 3743 4665">
    <p class='ocr_par' dir='ltr' id='par_1_94' title="bbox 2088 4578 3743 4665">
     <span class='ocr_line' id='line_1_98' title="bbox 2088 4578 3743 4665; baseline -0.002 -29"><span class='ocrx_word' id='word_1_702' title='bbox 2088 4582 2220 4665; x_wconf 87' lang='lat' dir='ltr'>quid</span> <span class='ocrx_word' id='word_1_703' title='bbox 2258 4584 2406 4665; x_wconf 74' lang='lat' dir='ltr'>plus,</span> <span class='ocrx_word' id='word_1_704' title='bbox 2440 4599 2619 4665; x_wconf 49' lang='lat' dir='ltr'>quam.</span> <span class='ocrx_word' id='word_1_705' title='bbox 2657 4585 2797 4665; x_wconf 85' lang='lat' dir='ltr'>quod</span> <span class='ocrx_word' id='word_1_706' title='bbox 2855 4583 3151 4665; x_wconf 29' lang='lat' dir='ltr'>videretlin</span> <span class='ocrx_word' id='word_1_707' title='bbox 3181 4600 3275 4665; x_wconf 84' lang='lat' dir='ltr'>e_o,_</span> <span class='ocrx_word' id='word_1_708' title='bbox 3300 4587 3381 4665; x_wconf 85' lang='lat' dir='ltr'>et_</span> <span class='ocrx_word' id='word_1_709' title='bbox 3408 4583 3633 4665; x_wconf 68' lang='lat' dir='ltr'>audiret</span> <span class='ocrx_word' id='word_1_710' title='bbox 3681 4578 3743 4634; x_wconf 90' lang='lat' dir='ltr'>ab</span> 
     </span>
    </p>
   </div>
   <div class='ocr_carea' id='block_1_95' title="bbox 2088 4650 3745 4727">
    <p class='ocr_par' dir='ltr' id='par_1_95' title="bbox 2088 4650 3745 4727">
     <span class='ocr_line' id='line_1_99' title="bbox 2088 4650 3745 4727; baseline -0.001 -20"><span class='ocrx_word' id='word_1_711' title='bbox 2088 4650 2463 4726; x_wconf 49' lang='lat' dir='ltr'>ipsofhorret‘</span> <span class='ocrx_word' id='word_1_712' title='bbox 2484 4650 2760 4726; x_wconf 75' lang='lat' dir='ltr'>(scriptor</span> <span class='ocrx_word' id='word_1_713' title='bbox 2801 4659 3022 4724; x_wconf 90' lang='lat' dir='ltr'>noster)</span> <span class='ocrx_word' id='word_1_714' title='bbox 3042 4657 3093 4710; x_wconf 88' lang='lat' dir='ltr'>si</span> <span class='ocrx_word' id='word_1_715' title='bbox 3120 4656 3300 4727; x_wconf 85' lang='lat' dir='ltr'>quivis</span> <span class='ocrx_word' id='word_1_716' title='bbox 3346 4653 3745 4727; x_wconf 72' lang='lat' dir='ltr'>deceptissimus</span> 
     </span>
    </p>
   </div>
   <div class='ocr_carea' id='block_1_96' title="bbox 320 4719 3744 4801">
    <p class='ocr_par' dir='ltr' id='par_1_96' title="bbox 320 4719 3744 4801">
     <span class='ocr_line' id='line_1_100' title="bbox 320 4719 3744 4801; baseline 0.001 -29"><span class='ocrx_word' id='word_1_717' title='bbox 320 4719 945 4801; x_wconf 30' lang='lat' dir='ltr'>mistabr‘iskpoculum</span> <span class='ocrx_word' id='word_1_718' title='bbox 975 4719 1306 4801; x_wconf 68' lang='lat' dir='ltr'>hujusmodi,</span> <span class='ocrx_word' id='word_1_719' title='bbox 1332 4725 1450 4801; x_wconf 71' lang='lat' dir='ltr'>sive</span> <span class='ocrx_word' id='word_1_720' title='bbox 1497 4719 1838 4801; x_wconf 58' lang='lat' dir='ltr'>quia&#39;facile</span> <span class='ocrx_word' id='word_1_721' title='bbox 1888 4729 1975 4781; x_wconf 87' lang='lat' dir='ltr'>in-</span> <span class='ocrx_word' id='word_1_722' title='bbox 2012 4736 2056 4801; x_wconf 82' lang='lat' dir='ltr'><strong>D</strong></span> <span class='ocrx_word' id='word_1_723' title='bbox 2087 4719 2299 4801; x_wconf 63' lang='grc' dir='ltr'><em>ἀδιαιαρ</em></span> <span class='ocrx_word' id='word_1_724' title='bbox 2340 4740 2457 4801; x_wconf 81' lang='lat' dir='ltr'>sese</span> <span class='ocrx_word' id='word_1_725' title='bbox 2477 4719 2740 4801; x_wconf 72' lang='lat' dir='ltr'>peritum,</span> <span class='ocrx_word' id='word_1_726' title='bbox 2793 4735 2891 4783; x_wconf 89' lang='lat' dir='ltr'>aut</span> <span class='ocrx_word' id='word_1_727' title='bbox 2928 4719 3189 4801; x_wconf 70' lang='lat' dir='ltr'>nobilem,</span> <span class='ocrx_word' id='word_1_728' title='bbox 3223 4728 3319 4801; x_wconf 73' lang='lat' dir='ltr'>aut</span> <span class='ocrx_word' id='word_1_729' title='bbox 3367 4719 3534 4797; x_wconf 80' lang='lat' dir='ltr'>(quod</span> <span class='ocrx_word' id='word_1_730' title='bbox 3580 4722 3744 4801; x_wconf 79' lang='lat' dir='ltr'>multo</span> 
     </span>
    </p>
   </div>
   <div class='ocr_carea' id='block_1_97' title="bbox 318 4791 1977 4869">
    <p class='ocr_par' dir='ltr' id='par_1_97' title="bbox 318 4791 1977 4869">
     <span class='ocr_line' id='line_1_101' title="bbox 318 4791 1977 4869; baseline 0.005 -25"><span class='ocrx_word' id='word_1_731' title='bbox 318 4791 585 4869; x_wconf 80' lang='lat' dir='ltr'>vestigata</span> <span class='ocrx_word' id='word_1_732' title='bbox 613 4791 721 4846; x_wconf 89' lang='lat' dir='ltr'>cito</span> <span class='ocrx_word' id='word_1_733' title='bbox 764 4791 1033 4869; x_wconf 74' lang='lat' dir='ltr'>vilescunt</span> <span class='ocrx_word' id='word_1_734' title='bbox 1049 4792 1143 4869; x_wconf 86' lang='lat' dir='ltr'>_(id</span> <span class='ocrx_word' id='word_1_735' title='bbox 1159 4797 1263 4869; x_wconf 77' lang='lat' dir='ltr'>est</span> <span class='ocrx_word' id='word_1_736' title='bbox 1291 4793 1465 4869; x_wconf 81' lang='lat' dir='ltr'>vilem</span> <span class='ocrx_word' id='word_1_737' title='bbox 1503 4791 1788 4869; x_wconf 70' lang='lat' dir='ltr'>reddunt)</span> <span class='ocrx_word' id='word_1_738' title='bbox 1820 4814 1977 4869; x_wconf 88' lang='lat' dir='ltr'>sapo-</span> 
     </span>
    </p>
   </div>
   <div class='ocr_carea' id='block_1_98' title="bbox 318 4862 1979 4939">
    <p class='ocr_par' dir='ltr' id='par_1_98' title="bbox 318 4862 1979 4939">
     <span class='ocr_line' id='line_1_102' title="bbox 318 4862 1979 4939; baseline 0.005 -23"><span class='ocrx_word' id='word_1_739' title='bbox 318 4877 436 4939; x_wconf 75' lang='lat' dir='ltr'>rem</span> <span class='ocrx_word' id='word_1_740' title='bbox 461 4866 780 4939; x_wconf 75' lang='lat' dir='ltr'>nectareum</span> <span class='ocrx_word' id='word_1_741' title='bbox 802 4862 935 4939; x_wconf 77' lang='lat' dir='ltr'>doni</span> <span class='ocrx_word' id='word_1_742' title='bbox 962 4863 1211 4939; x_wconf 75' lang='lat' dir='ltr'>caelestis,</span> <span class='ocrx_word' id='word_1_743' title='bbox 1245 4866 1308 4918; x_wconf 89' lang='lat' dir='ltr'>ni</span> <span class='ocrx_word' id='word_1_744' title='bbox 1327 4882 1604 4939; x_wconf 60' lang='lat' dir='ltr'>uenenum</span> <span class='ocrx_word' id='word_1_745' title='bbox 1634 4866 1734 4939; x_wconf 71' lang='lat' dir='ltr'>hac</span> <span class='ocrx_word' id='word_1_746' title='bbox 1758 4862 1979 4939; x_wconf 40' lang='lat' dir='ltr'>(exe-m-</span> 
     </span>
    </p>
   </div>
   <div class='ocr_carea' id='block_1_99' title="bbox 319 4931 1979 5009">
    <p class='ocr_par' dir='ltr' id='par_1_99' title="bbox 319 4931 1979 5009">
     <span class='ocr_line' id='line_1_103' title="bbox 319 4931 1979 5009; baseline 0.005 -23"><span class='ocrx_word' id='word_1_747' title='bbox 319 4931 550 5004; x_wconf 90' lang='lat' dir='ltr'>plorum</span> <span class='ocrx_word' id='word_1_748' title='bbox 582 4931 976 5009; x_wconf 68' lang='lat' dir='ltr'>saecularium)</span> <span class='ocrx_word' id='word_1_749' title='bbox 992 4943 1305 5009; x_wconf 78' lang='lat' dir='ltr'>venenasset</span> <span class='ocrx_word' id='word_1_750' title='bbox 1319 4937 1585 5009; x_wconf 81' lang='lat' dir='ltr'>liquorem</span> <span class='ocrx_word' id='word_1_751' title='bbox 1600 4955 1622 4999; x_wconf 84' lang='lat'><em>;</em></span> <span class='ocrx_word' id='word_1_752' title='bbox 1639 4931 1777 5009; x_wconf 81' lang='lat' dir='ltr'>quia</span> <span class='ocrx_word' id='word_1_753' title='bbox 1806 4939 1979 4995; x_wconf 90' lang='lat' dir='ltr'>nimi-</span> 
     </span>
    </p>
   </div>
   <div class='ocr_carea' id='block_1_100' title="bbox 315 5004 1974 5079">
    <p class='ocr_par' dir='ltr' id='par_1_100' title="bbox 315 5004 1974 5079">
     <span class='ocr_line' id='line_1_104' title="bbox 315 5004 1974 5079; baseline 0.006 -23"><span class='ocrx_word' id='word_1_754' title='bbox 315 5019 449 5079; x_wconf 80' lang='lat' dir='ltr'>rum</span> <span class='ocrx_word' id='word_1_755' title='bbox 483 5004 701 5079; x_wconf 83' lang='lat' dir='ltr'>scripta</span> <span class='ocrx_word' id='word_1_756' title='bbox 730 5005 1106 5079; x_wconf 75' lang='lat' dir='ltr'>quantumvis</span> <span class='ocrx_word' id='word_1_757' title='bbox 1139 5004 1397 5079; x_wconf 80' lang='lat' dir='ltr'>coelestia</span> <span class='ocrx_word' id='word_1_758' title='bbox 1426 5004 1833 5079; x_wconf 12' lang='lat' dir='ltr'>nouisapiunt,</span> <span class='ocrx_word' id='word_1_759' title='bbox 1862 5011 1974 5066; x_wconf 90' lang='lat' dir='ltr'>nisi</span> 
     </span>
    </p>
   </div>
   <div class='ocr_carea' id='block_1_101' title="bbox 317 5073 1971 5148">
    <p class='ocr_par' dir='ltr' id='par_1_101' title="bbox 317 5073 1971 5148">
     <span class='ocr_line' id='line_1_105' title="bbox 317 5073 1971 5148; baseline 0.005 -20"><span class='ocrx_word' id='word_1_760' title='bbox 317 5073 1021 5148; x_wconf 57' lang='lat' dir='ltr'>inspergantur&#39;profanis</span> <span class='ocrx_word' id='word_1_761' title='bbox 1053 5076 1353 5148; x_wconf 86' lang='lat' dir='ltr'>exemplis.</span> <span class='ocrx_word' id='word_1_762' title='bbox 1388 5079 1524 5133; x_wconf 90' lang='lat' dir='ltr'>Erat</span> <span class='ocrx_word' id='word_1_763' title='bbox 1551 5078 1610 5132; x_wconf 87' lang='lat' dir='ltr'>in</span> <span class='ocrx_word' id='word_1_764' title='bbox 1643 5073 1780 5145; x_wconf 69' lang='lat' dir='ltr'>ins.,</span> <span class='ocrx_word' id='word_1_765' title='bbox 1802 5073 1971 5136; x_wconf 86' lang='lat' dir='ltr'>terre-</span> 
     </span>
    </p>
   </div>
   <div class='ocr_carea' id='block_1_102' title="bbox 314 5145 1973 5219">
    <p class='ocr_par' dir='ltr' id='par_1_102' title="bbox 314 5145 1973 5219">
     <span class='ocr_line' id='line_1_106' title="bbox 314 5145 1973 5219; baseline 0.005 -20"><span class='ocrx_word' id='word_1_766' title='bbox 314 5161 450 5219; x_wconf 79' lang='lat' dir='ltr'>num</span> <span class='ocrx_word' id='word_1_767' title='bbox 477 5145 575 5219; x_wconf 80' lang='lat' dir='ltr'>hoc</span> <span class='ocrx_word' id='word_1_768' title='bbox 596 5145 979 5219; x_wconf 77' lang='lat' dir='ltr'>invenenasset</span> <span class='ocrx_word' id='word_1_769' title='bbox 1009 5145 1296 5217; x_wconf 78' lang='lat' dir='ltr'>liquorem,</span> <span class='ocrx_word' id='word_1_770' title='bbox 1326 5149 1529 5219; x_wconf 90' lang='lat' dir='ltr'>procul</span> <span class='ocrx_word' id='word_1_771' title='bbox 1578 5149 1756 5205; x_wconf 89' lang='lat' dir='ltr'>dubio</span> <span class='ocrx_word' id='word_1_772' title='bbox 1807 5168 1973 5207; x_wconf 88' lang='lat' dir='ltr'>men-</span> 
     </span>
    </p>
   </div>
   <div class='ocr_carea' id='block_1_103' title="bbox 314 5215 1973 5282">
    <p class='ocr_par' dir='ltr' id='par_1_103' title="bbox 314 5215 1973 5282">
     <span class='ocr_line' id='line_1_107' title="bbox 314 5215 1973 5282; baseline 0.005 -12"><span class='ocrx_word' id='word_1_773' title='bbox 314 5215 477 5282; x_wconf 88' lang='lat' dir='ltr'>dose,</span> <span class='ocrx_word' id='word_1_774' title='bbox 511 5215 612 5271; x_wconf 93' lang='lat' dir='ltr'>ubi</span> <span class='ocrx_word' id='word_1_775' title='bbox 641 5215 1084 5273; x_wconf 82' lang='lat' dir='ltr'>emendavimus</span> <span class='ocrx_word' id='word_1_776' title='bbox 1124 5215 1392 5274; x_wconf 74' lang='lat' dir='ltr'>venenum</span> <span class='ocrx_word' id='word_1_777' title='bbox 1420 5220 1518 5275; x_wconf 87' lang='lat' dir='ltr'>hoc</span> <span class='ocrx_word' id='word_1_778' title='bbox 1546 5222 1609 5274; x_wconf 88' lang='lat' dir='ltr'>ni</span> <span class='ocrx_word' id='word_1_779' title='bbox 1654 5228 1973 5279; x_wconf 86' lang='lat' dir='ltr'>venenasset</span> 
     </span>
    </p>
   </div>
   <div class='ocr_carea' id='block_1_104' title="bbox 316 5287 1971 5362">
    <p class='ocr_par' dir='ltr' id='par_1_104' title="bbox 316 5287 1971 5362">
     <span class='ocr_line' id='line_1_108' title="bbox 316 5287 1971 5362; baseline 0.004 -20"><span class='ocrx_word' id='word_1_780' title='bbox 316 5287 604 5362; x_wconf 77' lang='lat' dir='ltr'>liquorem.</span> <span class='ocrx_word' id='word_1_781' title='bbox 636 5288 953 5362; x_wconf 75' lang='lat' dir='ltr'>Sequentia</span> <span class='ocrx_word' id='word_1_782' title='bbox 982 5306 1174 5362; x_wconf 84' lang='lat' dir='ltr'>porro,</span> <span class='ocrx_word' id='word_1_783' title='bbox 1209 5289 1293 5345; x_wconf 91' lang='lat' dir='ltr'>sic</span> <span class='ocrx_word' id='word_1_784' title='bbox 1324 5294 1595 5362; x_wconf 74' lang='lat' dir='ltr'>construe</span> <span class='ocrx_word' id='word_1_785' title='bbox 1626 5308 1638 5345; x_wconf 91' lang='lat'>:</span> <span class='ocrx_word' id='word_1_786' title='bbox 1672 5294 1847 5362; x_wconf 87' lang='lat' dir='ltr'>Igitur</span> <span class='ocrx_word' id='word_1_787' title='bbox 1875 5295 1971 5349; x_wconf 86' lang='lat' dir='ltr'>hu-</span> 
     </span>
    </p>
   </div>
   <div class='ocr_carea' id='block_1_105' title="bbox 305 5358 1971 5436">
    <p class='ocr_par' dir='ltr' id='par_1_105' title="bbox 305 5358 1971 5436">
     <span class='ocr_line' id='line_1_109' title="bbox 305 5358 1971 5436; baseline 0.004 -24"><span class='ocrx_word' id='word_1_788' title='bbox 305 5358 553 5436; x_wconf 74' lang='lat' dir='ltr'>jusmodi</span> <span class='ocrx_word' id='word_1_789' title='bbox 582 5358 831 5430; x_wconf 76' lang='lat' dir='ltr'>affectata</span> <span class='ocrx_word' id='word_1_790' title='bbox 849 5358 1189 5436; x_wconf 44' lang='lat' dir='ltr'>(seu&#39;nimio</span> <span class='ocrx_word' id='word_1_791' title='bbox 1221 5360 1415 5436; x_wconf 84' lang='lat' dir='ltr'>studio</span> <span class='ocrx_word' id='word_1_792' title='bbox 1438 5358 1971 5436; x_wconf 54' lang='lat' dir='ltr'>quzesita&#39;exempla</span> 
     </span>
    </p>
   </div>
   <div class='ocr_carea' id='block_1_106' title="bbox 313 5429 1970 5505">
    <p class='ocr_par' dir='ltr' id='par_1_106' title="bbox 313 5429 1970 5505">
     <span class='ocr_line' id='line_1_110' title="bbox 313 5429 1970 5505; baseline 0.005 -22"><span class='ocrx_word' id='word_1_793' title='bbox 313 5429 715 5505; x_wconf 27' lang='lat' dir='ltr'>profanorum‘</span> <span class='ocrx_word' id='word_1_794' title='bbox 749 5429 1123 5502; x_wconf 87' lang='lat' dir='ltr'>scriptorum)</span> <span class='ocrx_word' id='word_1_795' title='bbox 1158 5432 1413 5505; x_wconf 79' lang='lat' dir='ltr'>probant,</span> <span class='ocrx_word' id='word_1_796' title='bbox 1455 5429 1633 5505; x_wconf 70' lang='lat' dir='ltr'>quam</span> <span class='ocrx_word' id='word_1_797' title='bbox 1688 5429 1970 5505; x_wconf 71' lang='lat' dir='ltr'>displiceat</span> 
     </span>
    </p>
   </div>
   <div class='ocr_carea' id='block_1_107' title="bbox 315 5449 1964 5574">
    <p class='ocr_par' dir='ltr' id='par_1_107' title="bbox 315 5449 1964 5574">
     <span class='ocr_line' id='line_1_111' title="bbox 315 5449 1964 5505; baseline 0.005 -22"><span class='ocrx_word' id='word_1_798' title='bbox 315 5449 695 5500; x_wconf 76' lang='lat' dir='ltr'>proxanorum</span> <span class='ocrx_word' id='word_1_799' title='bbox 749 5449 1123 5502; x_wconf 74' lang='lat' dir='ltr'>scriptorum)</span> <span class='ocrx_word' id='word_1_800' title='bbox 1158 5449 1413 5501; x_wconf 79' lang='lat' dir='ltr'>prooant,</span> <span class='ocrx_word' id='word_1_801' title='bbox 1504 5449 1633 5487; x_wconf 89' lang='lat' dir='ltr'>uam</span> <span class='ocrx_word' id='word_1_802' title='bbox 1688 5449 1964 5505; x_wconf 81' lang='lat' dir='ltr'>azsptzceat</span> 
     </span>
     <span class='ocr_line' id='line_1_112' title="bbox 315 5449 1964 5574; baseline 0.005 -21"><span class='ocrx_word' id='word_1_803' title='bbox 315 5515 447 5555; x_wconf 89' lang='lat' dir='ltr'>vera</span> <span class='ocrx_word' id='word_1_804' title='bbox 473 5500 817 5571; x_wconf 84' lang='lat' dir='ltr'>simplicitas,</span> <span class='ocrx_word' id='word_1_805' title='bbox 846 5506 897 5556; x_wconf 92' lang='lat' dir='ltr'>et</span> <span class='ocrx_word' id='word_1_806' title='bbox 943 5517 1096 5556; x_wconf 89' lang='lat' dir='ltr'>mera</span> <span class='ocrx_word' id='word_1_807' title='bbox 1117 5502 1430 5572; x_wconf 79' lang='lat' dir='ltr'>prudentia,</span> <span class='ocrx_word' id='word_1_808' title='bbox 1458 5449 1590 5557; x_wconf 57' lang='lat' dir='ltr'>dum</span> <span class='ocrx_word' id='word_1_809' title='bbox 1618 5507 1741 5574; x_wconf 88' lang='lat' dir='ltr'>quis</span> <span class='ocrx_word' id='word_1_810' title='bbox 1785 5506 1964 5561; x_wconf 85' lang='lat' dir='ltr'>elabo-</span> 
     </span>
    </p>
   </div>
   <div class='ocr_carea' id='block_1_108' title="bbox 312 5574 1965 5643">
    <p class='ocr_par' dir='ltr' id='par_1_108' title="bbox 312 5574 1965 5643">
     <span class='ocr_line' id='line_1_113' title="bbox 312 5574 1965 5643; baseline 0.004 -19"><span class='ocrx_word' id='word_1_811' title='bbox 312 5575 421 5636; x_wconf 88' lang='lat' dir='ltr'>rat,</span> <span class='ocrx_word' id='word_1_812' title='bbox 453 5574 515 5625; x_wconf 91' lang='lat' dir='ltr'>ut</span> <span class='ocrx_word' id='word_1_813' title='bbox 543 5580 824 5641; x_wconf 86' lang='lat' dir='ltr'>appareat,</span> <span class='ocrx_word' id='word_1_814' title='bbox 857 5588 967 5626; x_wconf 89' lang='lat' dir='ltr'>non</span> <span class='ocrx_word' id='word_1_815' title='bbox 1000 5581 1060 5627; x_wconf 90' lang='lat' dir='ltr'>ut</span> <span class='ocrx_word' id='word_1_816' title='bbox 1088 5575 1160 5627; x_wconf 87' lang='lat' dir='ltr'>sit</span> <span class='ocrx_word' id='word_1_817' title='bbox 1186 5574 1488 5643; x_wconf 82' lang='lat' dir='ltr'>sapientior</span> <span class='ocrx_word' id='word_1_818' title='bbox 1528 5578 1760 5641; x_wconf 66' lang='lat' dir='ltr'>caeteris,</span> <span class='ocrx_word' id='word_1_819' title='bbox 1796 5578 1965 5631; x_wconf 85' lang='lat' dir='ltr'>inter-</span> 
     </span>
    </p>
   </div>
   <div class='ocr_carea' id='block_1_109' title="bbox 308 5642 1963 5719">
    <p class='ocr_par' dir='ltr' id='par_1_109' title="bbox 308 5642 1963 5719">
     <span class='ocr_line' id='line_1_114' title="bbox 308 5642 1963 5719; baseline 0.005 -25"><span class='ocrx_word' id='word_1_820' title='bbox 308 5656 493 5719; x_wconf 78' lang='lat' dir='ltr'>serens</span> <span class='ocrx_word' id='word_1_821' title='bbox 521 5642 707 5719; x_wconf 76' lang='lat' dir='ltr'>aliena</span> <span class='ocrx_word' id='word_1_822' title='bbox 734 5645 867 5719; x_wconf 72' lang='lat' dir='ltr'>suis,</span> <span class='ocrx_word' id='word_1_823' title='bbox 898 5647 960 5697; x_wconf 90' lang='lat' dir='ltr'>ut</span> <span class='ocrx_word' id='word_1_824' title='bbox 989 5645 1090 5719; x_wconf 70' lang='lat' dir='ltr'>iste</span> <span class='ocrx_word' id='word_1_825' title='bbox 1114 5642 1427 5719; x_wconf 72' lang='lat' dir='ltr'>interserit,</span> <span class='ocrx_word' id='word_1_826' title='bbox 1462 5661 1565 5714; x_wconf 89' lang='lat' dir='ltr'>quo</span> <span class='ocrx_word' id='word_1_827' title='bbox 1597 5650 1813 5701; x_wconf 84' lang='lat' dir='ltr'>tantum</span> <span class='ocrx_word' id='word_1_828' title='bbox 1837 5664 1963 5719; x_wconf 87' lang='lat' dir='ltr'>per-</span> 
     </span>
    </p>
   </div>
   <div class='ocr_carea' id='block_1_110' title="bbox 306 5712 1966 5783">
    <p class='ocr_par' dir='ltr' id='par_1_110' title="bbox 306 5712 1966 5783">
     <span class='ocr_line' id='line_1_115' title="bbox 306 5712 1966 5783; baseline 0.004 -16"><span class='ocrx_word' id='word_1_829' title='bbox 306 5712 543 5767; x_wconf 77' lang='lat' dir='ltr'>suadent</span> <span class='ocrx_word' id='word_1_830' title='bbox 592 5713 847 5783; x_wconf 86' lang='lat' dir='ltr'>pluribus</span> <span class='ocrx_word' id='word_1_831' title='bbox 901 5730 1014 5769; x_wconf 88' lang='lat' dir='ltr'>sese</span> <span class='ocrx_word' id='word_1_832' title='bbox 1071 5715 1263 5783; x_wconf 77' lang='lat' dir='ltr'>legisse</span> <span class='ocrx_word' id='word_1_833' title='bbox 1306 5712 1485 5769; x_wconf 78' lang='lat' dir='ltr'>multa</span> <span class='ocrx_word' id='word_1_834' title='bbox 1512 5734 1531 5770; x_wconf 90' lang='lat'><strong><em>:</em></strong></span> <span class='ocrx_word' id='word_1_835' title='bbox 1560 5733 1685 5771; x_wconf 86' lang='lat' dir='ltr'>cum</span> <span class='ocrx_word' id='word_1_836' title='bbox 1740 5712 1850 5773; x_wconf 54' lang='lat' dir='ltr'>hoc&#39;</span> <span class='ocrx_word' id='word_1_837' title='bbox 1892 5721 1966 5775; x_wconf 88' lang='lat' dir='ltr'>sit</span> 
     </span>
    </p>
   </div>
   <div class='ocr_carea' id='block_1_111' title="bbox 306 5783 1965 5858">
    <p class='ocr_par' dir='ltr' id='par_1_111' title="bbox 306 5783 1965 5858">
     <span class='ocr_line' id='line_1_116' title="bbox 306 5783 1965 5858; baseline 0.007 -21"><span class='ocrx_word' id='word_1_838' title='bbox 306 5783 609 5841; x_wconf 71' lang='lat' dir='ltr'>detraxisse</span> <span class='ocrx_word' id='word_1_839' title='bbox 669 5786 847 5854; x_wconf 88' lang='lat' dir='ltr'>potius</span> <span class='ocrx_word' id='word_1_840' title='bbox 913 5786 1189 5858; x_wconf 84' lang='lat' dir='ltr'>pannulos</span> <span class='ocrx_word' id='word_1_841' title='bbox 1254 5786 1496 5855; x_wconf 85' lang='lat' dir='ltr'>artibus,</span> <span class='ocrx_word' id='word_1_842' title='bbox 1576 5805 1683 5847; x_wconf 88' lang='lat' dir='ltr'>non</span> <span class='ocrx_word' id='word_1_843' title='bbox 1766 5789 1965 5849; x_wconf 82' lang='lat' dir='ltr'>habere</span> 
     </span>
    </p>
   </div>
   <div class='ocr_carea' id='block_1_112' title="bbox 2088 4792 3743 4878">
    <p class='ocr_par' dir='ltr' id='par_1_112' title="bbox 2088 4792 3743 4878">
     <span class='ocr_line' id='line_1_117' title="bbox 2088 4792 3743 4878; baseline -0.002 -28"><span class='ocrx_word' id='word_1_844' title='bbox 2088 4800 2167 4851; x_wconf 88' lang='lat' dir='ltr'>est</span> <span class='ocrx_word' id='word_1_845' title='bbox 2198 4792 2738 4878; x_wconf 31' lang='lat' dir='ltr'>iniquius):justum,;</span> <span class='ocrx_word' id='word_1_846' title='bbox 2759 4814 2870 4878; x_wconf 80' lang='lat' dir='ltr'>non</span> <span class='ocrx_word' id='word_1_847' title='bbox 2913 4792 3177 4878; x_wconf 64' lang='lat' dir='ltr'>existens</span> <span class='ocrx_word' id='word_1_848' title='bbox 3203 4792 3627 4878; x_wconf 54' lang='lat' dir='ltr'>talis,&#39;as_t_ruat,</span> <span class='ocrx_word' id='word_1_849' title='bbox 3661 4792 3743 4878; x_wconf 54' lang='lat' dir='ltr'>in:</span> 
     </span>
    </p>
   </div>
   <div class='ocr_carea' id='block_1_113' title="bbox 2086 4863 3745 5019">
    <p class='ocr_par' dir='ltr' id='par_1_113' title="bbox 2086 4863 3745 5019">
     <span class='ocr_line' id='line_1_118' title="bbox 2089 4863 3745 4949; baseline -0.001 -28"><span class='ocrx_word' id='word_1_850' title='bbox 2089 4863 2307 4938; x_wconf 58' lang='lat' dir='ltr'>quam;</span> <span class='ocrx_word' id='word_1_851' title='bbox 2319 4863 2598 4938; x_wconf 67' lang='lat' dir='ltr'>praecipue</span> <span class='ocrx_word' id='word_1_852' title='bbox 2625 4863 2867 4949; x_wconf 82' lang='lat' dir='ltr'>scriptis,</span> <span class='ocrx_word' id='word_1_853' title='bbox 2902 4884 3027 4940; x_wconf 72' lang='lat' dir='ltr'>quae</span> <span class='ocrx_word' id='word_1_854' title='bbox 3073 4870 3262 4939; x_wconf 85' lang='lat' dir='ltr'>utique</span> <span class='ocrx_word' id='word_1_855' title='bbox 3301 4863 3362 4923; x_wconf 87' lang='lat' dir='ltr'>eo</span> <span class='ocrx_word' id='word_1_856' title='bbox 3408 4867 3607 4923; x_wconf 85' lang='lat' dir='ltr'>silente</span> <span class='ocrx_word' id='word_1_857' title='bbox 3627 4863 3745 4947; x_wconf 77' lang='lat' dir='ltr'>post</span> 
     </span>
     <span class='ocr_line' id='line_1_119' title="bbox 2086 4937 3741 5019; baseline -0.003 -26"><span class='ocrx_word' id='word_1_858' title='bbox 2086 4941 2320 5019; x_wconf 75' lang='lat' dir='ltr'>mortem</span> <span class='ocrx_word' id='word_1_859' title='bbox 2351 4938 2666 5019; x_wconf 81' lang='lat' dir='ltr'>loquantur,</span> <span class='ocrx_word' id='word_1_860' title='bbox 2697 4942 2909 5019; x_wconf 74' lang='lat' dir='ltr'>facter</span> <span class='ocrx_word' id='word_1_861' title='bbox 2949 4943 3008 5019; x_wconf 71' lang='lat' dir='ltr'>et</span> <span class='ocrx_word' id='word_1_862' title='bbox 3046 4940 3184 5019; x_wconf 77' lang='lat' dir='ltr'>alios</span> <span class='ocrx_word' id='word_1_863' title='bbox 3215 4939 3477 5019; x_wconf 72' lang='lat' dir='ltr'>mentiri;</span> <span class='ocrx_word' id='word_1_864' title='bbox 3509 4940 3564 4993; x_wconf 89' lang='lat' dir='ltr'>et</span> <span class='ocrx_word' id='word_1_865' title='bbox 3588 4952 3633 4990; x_wconf 75' lang='grc' dir='ltr'>δι</span> <span class='ocrx_word' id='word_1_866' title='bbox 3656 4937 3741 5019; x_wconf 73' lang='lat' dir='ltr'>fa-</span> 
     </span>
    </p>
   </div>
   <div class='ocr_carea' id='block_1_114' title="bbox 2081 5007 3738 5083">
    <p class='ocr_par' dir='ltr' id='par_1_114' title="bbox 2081 5007 3738 5083">
     <span class='ocr_line' id='line_1_120' title="bbox 2081 5007 3738 5083; baseline -0.001 -20"><span class='ocrx_word' id='word_1_867' title='bbox 2081 5010 2192 5064; x_wconf 81' lang='lat' dir='ltr'>ciat</span> <span class='ocrx_word' id='word_1_868' title='bbox 2214 5007 2456 5079; x_wconf 88' lang='lat' dir='ltr'>seipsum</span> <span class='ocrx_word' id='word_1_869' title='bbox 2484 5007 2774 5083; x_wconf 79' lang='lat' dir='ltr'>obscurum</span> <span class='ocrx_word' id='word_1_870' title='bbox 2807 5010 3194 5083; x_wconf 76' lang='lat' dir='ltr'>oﬂ‘endiculum</span> <span class='ocrx_word' id='word_1_871' title='bbox 3222 5012 3379 5065; x_wconf 66' lang='lat' dir='ltr'>caecis</span> <span class='ocrx_word' id='word_1_872' title='bbox 3408 5007 3738 5083; x_wconf 76' lang='lat' dir='ltr'>ignorantia,</span> 
     </span>
    </p>
   </div>
   <div class='ocr_carea' id='block_1_115' title="bbox 2080 5079 3739 5152">
    <p class='ocr_par' dir='ltr' id='par_1_115' title="bbox 2080 5079 3739 5152">
     <span class='ocr_line' id='line_1_121' title="bbox 2080 5079 3739 5152; baseline -0.002 -18"><span class='ocrx_word' id='word_1_873' title='bbox 2080 5095 2203 5134; x_wconf 88' lang='lat' dir='ltr'>cum</span> <span class='ocrx_word' id='word_1_874' title='bbox 2232 5082 2374 5149; x_wconf 80' lang='lat' dir='ltr'>foret</span> <span class='ocrx_word' id='word_1_875' title='bbox 2407 5081 2578 5135; x_wconf 87' lang='lat' dir='ltr'>multo</span> <span class='ocrx_word' id='word_1_876' title='bbox 2615 5079 2844 5152; x_wconf 84' lang='lat' dir='ltr'>felicius</span> <span class='ocrx_word' id='word_1_877' title='bbox 2856 5079 3083 5138; x_wconf 84' lang='lat' dir='ltr'>latuisse</span> <span class='ocrx_word' id='word_1_878' title='bbox 3112 5089 3171 5136; x_wconf 89' lang='lat' dir='ltr'>ut</span> <span class='ocrx_word' id='word_1_879' title='bbox 3194 5084 3406 5147; x_wconf 88' lang='lat' dir='ltr'>natum,</span> <span class='ocrx_word' id='word_1_880' title='bbox 3435 5079 3522 5135; x_wconf 82' lang='lat' dir='ltr'>ita</span> <span class='ocrx_word' id='word_1_881' title='bbox 3542 5079 3739 5152; x_wconf 69' lang='lat' dir='ltr'>defun-</span> 
     </span>
    </p>
   </div>
   <div class='ocr_carea' id='block_1_116' title="bbox 2081 5147 3741 5225">
    <p class='ocr_par' dir='ltr' id='par_1_116' title="bbox 2081 5147 3741 5225">
     <span class='ocr_line' id='line_1_122' title="bbox 2081 5147 3741 5225; baseline 0.002 -22"><span class='ocrx_word' id='word_1_882' title='bbox 2081 5147 2246 5225; x_wconf 80' lang='lat' dir='ltr'>ctum,</span> <span class='ocrx_word' id='word_1_883' title='bbox 2266 5167 2432 5225; x_wconf 76' lang='lat' dir='ltr'>quam</span> <span class='ocrx_word' id='word_1_884' title='bbox 2457 5147 2807 5225; x_wconf 77' lang='lat' dir='ltr'>perfunctum</span> <span class='ocrx_word' id='word_1_885' title='bbox 2836 5152 3000 5208; x_wconf 90' lang='lat' dir='ltr'>laude</span> <span class='ocrx_word' id='word_1_886' title='bbox 3044 5152 3179 5225; x_wconf 83' lang='lat' dir='ltr'>falsi</span> <span class='ocrx_word' id='word_1_887' title='bbox 3210 5153 3486 5225; x_wconf 63' lang='lat' dir='ltr'>rumoris.</span> <span class='ocrx_word' id='word_1_888' title='bbox 3523 5147 3633 5218; x_wconf 82' lang='lat' dir='ltr'>Quo</span> <span class='ocrx_word' id='word_1_889' title='bbox 3660 5147 3741 5217; x_wconf 68' lang='lat' dir='ltr'>ﬁt,</span> 
     </span>
    </p>
   </div>
   <div class='ocr_carea' id='block_1_117' title="bbox 2080 5221 3734 5282">
    <p class='ocr_par' dir='ltr' id='par_1_117' title="bbox 2080 5221 3734 5282">
     <span class='ocr_line' id='line_1_123' title="bbox 2080 5221 3734 5282; baseline 0.005 -8"><span class='ocrx_word' id='word_1_890' title='bbox 2080 5224 2141 5274; x_wconf 90' lang='lat' dir='ltr'>ut</span> <span class='ocrx_word' id='word_1_891' title='bbox 2170 5221 2519 5277; x_wconf 89' lang='lat' dir='ltr'>simulatores</span> <span class='ocrx_word' id='word_1_892' title='bbox 2547 5224 2718 5278; x_wconf 86' lang='lat' dir='ltr'>etiam</span> <span class='ocrx_word' id='word_1_893' title='bbox 2773 5226 2980 5279; x_wconf 87' lang='lat' dir='ltr'>mortui</span> <span class='ocrx_word' id='word_1_894' title='bbox 3019 5221 3133 5279; x_wconf 81' lang='lat' dir='ltr'>non</span> <span class='ocrx_word' id='word_1_895' title='bbox 3189 5223 3446 5279; x_wconf 84' lang='lat' dir='ltr'>desinant</span> <span class='ocrx_word' id='word_1_896' title='bbox 3504 5234 3734 5282; x_wconf 70' lang='lat' dir='ltr'>peccare.</span> 
     </span>
    </p>
   </div>
   <div class='ocr_carea' id='block_1_118' title="bbox 2079 5289 3735 5378">
    <p class='ocr_par' dir='ltr' id='par_1_118' title="bbox 2079 5289 3735 5378">
     <span class='ocr_line' id='line_1_124' title="bbox 2079 5289 3735 5378; baseline 0 0"><span class='ocrx_word' id='word_1_897' title='bbox 2079 5292 2215 5378; x_wconf 56' lang='lat' dir='ltr'>tua:</span> <span class='ocrx_word' id='word_1_898' title='bbox 2235 5296 2850 5378; x_wconf 51' lang='grc' dir='ltr'>ροξεηῖςνντεηταιεοαυε</span> <span class='ocrx_word' id='word_1_899' title='bbox 2873 5296 3093 5378; x_wconf 55' lang='lat' dir='ltr'>factitet</span> <span class='ocrx_word' id='word_1_900' title='bbox 3141 5309 3254 5378; x_wconf 68' lang='grc' dir='ltr'>δςεςε</span> <span class='ocrx_word' id='word_1_901' title='bbox 3307 5294 3450 5378; x_wconf 63' lang='lat' dir='ltr'>rem</span> 
     </span>
    </p>
   </div>
   <div class='ocr_carea' id='block_1_119' title="bbox 2079 5362 3738 5433">
    <p class='ocr_par' dir='ltr' id='par_1_119' title="bbox 2079 5362 3738 5433">
     <span class='ocr_line' id='line_1_125' title="bbox 2079 5362 3738 5433; baseline 0.001 -17"><span class='ocrx_word' id='word_1_902' title='bbox 2079 5362 2331 5433; x_wconf 83' lang='lat' dir='ltr'>Sufﬁciat</span> <span class='ocrx_word' id='word_1_903' title='bbox 2361 5365 2537 5433; x_wconf 88' lang='lat' dir='ltr'>igitur</span> <span class='ocrx_word' id='word_1_904' title='bbox 2565 5362 2712 5420; x_wconf 77' lang='lat' dir='ltr'>istud</span> <span class='ocrx_word' id='word_1_905' title='bbox 2733 5362 2832 5421; x_wconf 78' lang='lat' dir='ltr'>nec</span> <span class='ocrx_word' id='word_1_906' title='bbox 2860 5362 3127 5421; x_wconf 86' lang='lat' dir='ltr'>invidiose</span> <span class='ocrx_word' id='word_1_907' title='bbox 3155 5362 3459 5420; x_wconf 85' lang='lat' dir='ltr'>detractum</span> <span class='ocrx_word' id='word_1_908' title='bbox 3479 5363 3549 5420; x_wconf 88' lang='lat' dir='ltr'>de</span> <span class='ocrx_word' id='word_1_909' title='bbox 3567 5362 3738 5433; x_wconf 42' lang='lat' dir='ltr'>scient</span> 
     </span>
    </p>
   </div>
   <div class='ocr_carea' id='block_1_120' title="bbox 2077 5429 3739 5508">
    <p class='ocr_par' dir='ltr' id='par_1_120' title="bbox 2077 5429 3739 5508">
     <span class='ocr_line' id='line_1_126' title="bbox 2077 5429 3739 5508; baseline 0.003 -20"><span class='ocrx_word' id='word_1_910' title='bbox 2077 5429 2162 5508; x_wconf 80' lang='lat' dir='ltr'>tia</span> <span class='ocrx_word' id='word_1_911' title='bbox 2180 5429 2467 5505; x_wconf 75' lang='lat' dir='ltr'>scriptoris</span> <span class='ocrx_word' id='word_1_912' title='bbox 2499 5437 2675 5503; x_wconf 90' lang='lat' dir='ltr'>istius,</span> <span class='ocrx_word' id='word_1_913' title='bbox 2715 5453 2815 5492; x_wconf 89' lang='lat' dir='ltr'>nec</span> <span class='ocrx_word' id='word_1_914' title='bbox 2841 5437 3095 5493; x_wconf 87' lang='lat' dir='ltr'>mendose</span> <span class='ocrx_word' id='word_1_915' title='bbox 3120 5435 3583 5508; x_wconf 80' lang='lat' dir='ltr'>superadjectum,</span> <span class='ocrx_word' id='word_1_916' title='bbox 3606 5429 3739 5508; x_wconf 62' lang='lat' dir='ltr'>quod</span> 
     </span>
    </p>
   </div>
   <div class='ocr_carea' id='block_1_121' title="bbox 2073 5504 3737 5587">
    <p class='ocr_par' dir='ltr' id='par_1_121' title="bbox 2073 5504 3737 5587">
     <span class='ocr_line' id='line_1_127' title="bbox 2073 5504 3737 5587; baseline -0.002 -27"><span class='ocrx_word' id='word_1_917' title='bbox 2073 5506 2145 5587; x_wconf 68' lang='lat' dir='ltr'>sit</span> <span class='ocrx_word' id='word_1_918' title='bbox 2198 5508 2593 5574; x_wconf 86' lang='lat' dir='ltr'>argumentum</span> <span class='ocrx_word' id='word_1_919' title='bbox 2648 5509 2815 5563; x_wconf 88' lang='lat' dir='ltr'>totius</span> <span class='ocrx_word' id='word_1_920' title='bbox 2871 5504 3373 5580; x_wconf 54' lang='lat' dir='ltr'>qualitatis,&#39;atque</span> <span class='ocrx_word' id='word_1_921' title='bbox 3428 5504 3737 5562; x_wconf 83' lang='lat' dir='ltr'>conaminis</span> 
     </span>
    </p>
   </div>
   <div class='ocr_carea' id='block_1_122' title="bbox 2075 5592 3738 5731">
    <p class='ocr_par' dir='ltr' id='par_1_122' title="bbox 2075 5592 3738 5731">
     <span class='ocr_line' id='line_1_128' title="bbox 2075 5592 3738 5731; baseline -0.011 -13"><span class='ocrx_word' id='word_1_922' title='bbox 2075 5592 2291 5731; x_wconf 0' lang='lat'>61722.73)</span> <span class='ocrx_word' id='word_1_923' title='bbox 2321 5648 2525 5731; x_wconf 42' lang='grc' dir='ltr'>Ῑθίξζινι,</span> <span class='ocrx_word' id='word_1_924' title='bbox 2546 5652 2607 5731; x_wconf 76' lang='lat' dir='ltr'>ut</span> <span class='ocrx_word' id='word_1_925' title='bbox 2630 5651 2984 5731; x_wconf 75' lang='lat' dir='ltr'>capitulatim</span> <span class='ocrx_word' id='word_1_926' title='bbox 3009 5651 3319 5731; x_wconf 42' lang='lat' dir='ltr'>retinemus.</span> <span class='ocrx_word' id='word_1_927' title='bbox 3332 5646 3582 5731; x_wconf 78' lang='lat' dir='ltr'>ordinem</span> <span class='ocrx_word' id='word_1_928' title='bbox 3617 5661 3738 5717; x_wconf 63' lang='grc' dir='ltr'>οραρ</span> 
     </span>
    </p>
   </div>
   <div class='ocr_carea' id='block_1_123' title="bbox 2071 5718 3736 5794">
    <p class='ocr_par' dir='ltr' id='par_1_123' title="bbox 2071 5718 3736 5794">
     <span class='ocr_line' id='line_1_129' title="bbox 2071 5718 3736 5794; baseline 0.007 -23"><span class='ocrx_word' id='word_1_929' title='bbox 2071 5718 2367 5794; x_wconf 88' lang='lat' dir='ltr'>sculorum,</span> <span class='ocrx_word' id='word_1_930' title='bbox 2402 5719 2529 5794; x_wconf 76' lang='lat' dir='ltr'>licet</span> <span class='ocrx_word' id='word_1_931' title='bbox 2576 5722 2676 5777; x_wconf 88' lang='lat' dir='ltr'>iste</span> <span class='ocrx_word' id='word_1_932' title='bbox 2697 5718 2934 5794; x_wconf 78' lang='lat' dir='ltr'>primus</span> <span class='ocrx_word' id='word_1_933' title='bbox 2979 5724 3055 5777; x_wconf 88' lang='lat' dir='ltr'>sit</span> <span class='ocrx_word' id='word_1_934' title='bbox 3093 5721 3349 5794; x_wconf 71' lang='lat' dir='ltr'>praefatio</span> <span class='ocrx_word' id='word_1_935' title='bbox 3396 5721 3736 5783; x_wconf 64' lang='lat' dir='ltr'>caeterorum.</span> 
     </span>
    </p>
   </div>
   <div class='ocr_carea' id='block_1_124' title="bbox 2072 5791 3471 5865">
    <p class='ocr_par' dir='ltr' id='par_1_124' title="bbox 2072 5791 3471 5865">
     <span class='ocr_line' id='line_1_130' title="bbox 2072 5791 3471 5865; baseline 0.001 -20"><span class='ocrx_word' id='word_1_936' title='bbox 2072 5793 2254 5845; x_wconf 87' lang='lat' dir='ltr'>tamen</span> <span class='ocrx_word' id='word_1_937' title='bbox 2283 5791 2565 5861; x_wconf 82' lang='lat' dir='ltr'>quantitas</span> <span class='ocrx_word' id='word_1_938' title='bbox 2595 5791 2872 5865; x_wconf 83' lang='lat' dir='ltr'>compellit</span> <span class='ocrx_word' id='word_1_939' title='bbox 2900 5808 3027 5853; x_wconf 88' lang='lat' dir='ltr'>eum</span> <span class='ocrx_word' id='word_1_940' title='bbox 3054 5791 3165 5852; x_wconf 65' lang='lat' dir='ltr'>es&#39;se</span> <span class='ocrx_word' id='word_1_941' title='bbox 3196 5791 3471 5851; x_wconf 77' lang='lat' dir='ltr'>libellum.</span> 
     </span>
    </p>
   </div>
  </div>
