3896 6384
143 432 262 507 873

1621 438 2092 515 PBRENESIS.

3448 446 3567 515 3’74

143 575 429 637 uilitatem
458 574 599 637 licet
628 575 944 652 contineat,
971 578 1301 641 dedicatam
1332 580 1793 660 archiepiscopo.
1822 586 1880 655 Α
1911 583 1963 642 si
1994 582 2089 642 cui
2118 579 2354 643 videtur
2381 581 2766 660 epistolarum
2797 582 3131 661 congeriem
3170 583 3433 662 ipsarum
3467 602 3569 661 ap-

139 667 424 726 Volumen
457 686 667 727 unum.

115 766 123 775 '
206 757 417 815 Sextus
449 759 945 835 septimus,atque
974 765 1217 820 octavus
1242 762 1355 836 ipsi
1387 764 1507 821 sint
1537 764 1671 821 licet
1714 764 1800 819 in-

138 847 704 923 vasori(474)legati;
736 854 987 923 carpunt
1012 856 1211 908 tamen
1242 850 1618 910 multitmode
1651 852 1800 909 Rod-

136 934 277 992 horti
307 938 672 995 mordaciter
691 943 748 996 et
768 939 1021 997 breviter
1051 940 1275 997 factum
1307 941 1549 1015 majoris
1578 941 1797 999 Baldri-

138 1024 203 1083 ci.
234 1025 529 1084 Volumen
558 1044 771 1085 unum:

198 1114 405 1173 Nonus
437 1116 590 1190 (475)
616 1116 906 1175 satisfacit
955 1118 1312 1176 humilitatis
1349 1119 1459 1177 sub
1490 1118 1671 1194 pallio
1701 1120 1790 1177 in-

131 1204 382 1274 vectiva,
416 1205 565 1263 satis
596 1207 856 1265 Brunoni
884 1225 1213 1282 propensus
1242 1209 1494 1282 scriptor
1531 1209 1633 1282 qui
1664 1209 1790 1266 fue-

131 1296 520 1362 rat,sermone
549 1296 969 1369 conqueritans
1000 1295 1555 1371 lugubri.Volumen
1576 1315 1785 1356 unum.

194 1382 477 1442 Decimus
505 1385 994 1459 deceptissimum
1018 1386 1348 1462 alloquitur
1373 1404 1634 1463 gregem,
1666 1405 1789 1462 pce-

128 1470 384 1529 nitentize
417 1473 688 1532 indicens
716 1474 1002 1533 levamen.
1030 1475 1316 1534 Volumen
1349 1494 1558 1534 unum.

191 1560 559 1623 Undecimus
585 1563 887 1622 conclusio
914 1568 1007 1623 est
1042 1565 1423 1623 deliberativa
1449 1566 1621 1637 (476),
1652 1581 1788 1623 sen-

122 1651 322 1709 tentiis
355 1669 598 1728 magna,
631 1654 1005 1712 sermonibus
1035 1672 1233 1729 parva.
1254 1656 1545 1714 Volumen
1576 1673 1786 1713 unum.

183 1741 595 1801 Duodecimus
624 1748 717 1800 est
745 1742 1018 1817 dialogus
1047 1745 1361 1817 cujusdam
1410 1762 1515 1818 pro
1558 1745 1790 1820 negotio

118 1829 421 1901 factus,ab
453 1830 583 1906 ipso
612 1835 814 1889 tamen
844 1848 962 1889 non
992 1832 1229 1907 penitus
1249 1832 1790 1892 alienus.\’olumen

119 1934 331 1976 unum.
1454 1944 1457 1949 '

173 2011 235 2064 7.
270 2008 412 2066 Non
446 2007 569 2065 hac
598 2025 734 2066 vero
763 2010 894 2067 ideo
934 2013 1028 2068 est
1074 2010 1364 2068 ordinatio
1393 2015 1697 2085 compacta
1724 2010 1792 2068 li-

117 2097 558 2171 brorum,un
576 2097 732 2156 sicut
750 2098 809 2155 in
836 2098 1326 2174 historiographis
1348 2101 1784 2172 tractatoribus,

119 2185 804 2260 poetis,csterorumque
832 2187 1329 2261 compositoribus
1360 2205 1626 2263 operum,
1652 2206 1786 2248 oon-

122 2275 327 2333 tinuati
362 2276 433 2348 [Γ.
468 2275 881 2346 continuatim]
910 2276 1033 2335 sint
1060 2275 1159 2333 isti
1189 2276 1420 2347 etfectu,
1452 2282 1512 2335 et
1551 2278 1624 2335 ad
1648 2295 1781 2336 sen-

124 2381 250 2421 sum
279 2364 444 2424 225
467 2364 851 2438 praecedentis
869 2381 1065 2423 sermo
1086 2367 1439 2439 respondeat
1456 2367 1781 2441 sequentis,-

126 2454 220 2510 sed
251 2453 674 2528 unusquisque
696 2464 807 2527 per
834 2471 896 2512 se
927 2453 1163 2512 libellus
1190 2455 1363 2529 (477),
1395 2472 1513 2513 non
1552 2460 1779 2514 servato

125 2541 513 2617 componendi
541 2542 801 2601 existens
832 2543 1039 2601 ordine
1057 2561 1072 2613 ;
1091 2547 1454 2601 unatantum
1467 2544 1606 2618 quia
1623 2546 1697 2602 de
1718 2563 1780 2603 re

86 2706 99 2715 θ
127 2635 257 2689 sunt
300 2648 536 2701 omnes,
588 2631 820 2690 diversa
867 2633 971 2689 sed
1018 2633 1407 2702 continentes,
1447 2634 1778 2708 compositi,

128 2736 290 2779 suum
321 2720 585 2796 quisque
606 2719 843 2778 illorum
873 2725 964 2778 est
989 2720 1187 2778 locum
1209 2721 1453 2780 sortitus
1470 2740 1638 2796 ;quos
1661 2740 1779 2781 non

128 2809 480 2867 continuitas
512 2810 817 2879 orationis,
846 2811 949 2869 sed
977 2810 1277 2884 copulavit
1303 2812 1665 2870 continuitas
1686 2830 1780 2869 ra-

128 2896 315 2969 tionis,
345 2899 726 2957 tantumdem
775 2915 1010 2972 quoque
1058 2898 1258 2967 laturi,
1292 2900 1341 2957 si
1386 2900 1487 2974 qui
1526 2900 1777 2973 primus,

130 2992 273 3045 esset
300 2988 590 3056 ultimus;
622 2986 726 3060 qui
756 2992 1029 3061 quartus,
1058 2993 1215 3046 esset
1243 2994 1504 3047 octavus.
1527 2990 1690 3056 Quod
1721 2995 1780 3047 et

130 3073 546 3135 dissimilitudo
577 3077 866 3151 approbat
900 3094 1110 3136 eorum
1151 3078 1429 3148 maxima,
1462 3080 1619 3152 quod
1652 3078 1778 3153 qui-

130 3163 255 3222 dam
283 3166 511 3225 scilicet
534 3165 771 3224 illorum
802 3165 885 3223 nil
916 3165 1077 3223 aliud
1099 3166 1212 3224 nisi
1235 3168 1610 3243 congregatio
1636 3172 1779 3226 sunt

130 3251 502 3325 epistolarum
527 3273 541 3324 ;
576 3254 819 3328 quidam
849 3255 1293 3325 continuum,ut
1320 3257 1607 3330 opuscula
1635 3273 1777 3331 quo-

1910 673 2128 748 pellare
2156 674 2547 745 libellum,vel
2579 693 2757 734 unam
2790 678 3061 750 quamvis
3089 694 3294 735 earum
3324 677 3413 735 sui
3436 694 3571 750 pro-

1906 763 2131 821 lixitate
2163 764 2322 822 idem
2353 766 2680 824 obtinuisse
2704 766 3356 835 vocabulum;advertat
3377 767 3435 822 in
3459 767 3572 824 isto

1907 852 2147 927 quidem
2180 854 2652 912 Machabaaorum
2683 855 2902 912 librum
2936 856 3106 929 (478),
3141 873 3318 929 quem
3368 857 3574 912 dicunt

1906 942 2255 1013 secundum,
2288 942 2348 998 in
2381 943 2605 1000 caeteris
2632 943 3033 1017 apostolorum
3054 946 3210 1019 apud
3241 947 3571 1019 nos,Augu-

1904 1031 2066 1103 stini,
2101 1031 2462 1105 Hieronymi,
2495 1033 2780 1107 Gregorii,
2834 1032 3157 1090 multorum
3207 1038 3265 1090 et
3312 1033 3564 1090 aliorum

1901 1119 2246 1193 epistolares
2275 1120 2607 1179 consideret
2636 1121 3013 1195 libros;apud
3037 1122 3235 1179 saeculi
3268 1140 3402 1180 vero
3423 1123 3568 1179 scri-

1898 1212 2099 1283 ptores
2129 1208 2413 1281 Tullium,
2446 1212 2748 1280 Senecam,
2780 1210 3038 1267 Plinium
3088 1212 3286 1285 ipsum
3326 1229 3561 1284 quoque

1900 1338 1916 1354 .
1962 1339 1975 1353 .
2020 1339 2034 1352 .
2081 1339 2095 1353 .
2140 1341 2154 1355 .
2197 1298 2540 1371 epistolares
2562 1300 2899 1357 condidisse
2923 1304 2981 1357 et
3000 1301 3328 1375 appellasse
3350 1300 3559 1369 libros,

1898 1390 1954 1442 et
1977 1403 2216 1443 osorum
2238 1391 2306 1444 ut
2325 1386 2661 1446 latratibus.
2707 1430 2721 1444 .
2765 1430 2780 1444 .
2826 1431 2839 1445 .
2886 1430 2900 1444 .
2945 1432 2958 1445 .
3006 1431 3019 1445 .
3061 1394 3561 1463 contraponamus

1902 1516 1915 1531 .
1962 1517 1975 1530 .
2021 1516 2034 1531 .
2081 1518 2094 1533 .
2142 1517 2155 1531 .
2198 1477 2639 1552 satyrographis
2661 1478 2939 1535 omnibus
2957 1478 3384 1551 praferendum
3405 1478 3562 1534 Flac-

1897 1582 2034 1622 cum
2063 1565 2371 1623 Horatium
2392 1584 2406 1635 ;
2426 1565 2487 1622 in
2508 1565 2680 1623 libris
2701 1584 2957 1640 quoque,
2994 1567 3095 1639 qui
3126 1566 3565 1640 praetitulantur

1898 1669 1969 1710 ex
2015 1654 2220 1722 Ponto,
2252 1654 2547 1711 Nasonem
2596 1654 2872 1711 Ovidium
2919 1655 3238 1711 Potuerant
3287 1660 3561 1711 caeterum

1897 1741 2015 1798 dici
2044 1742 2165 1799 fore
2193 1743 2411 1812 (fuerat
2439 1742 2524 1799 uti
2558 1744 2871 1815 statutum)
2901 1744 3138 1816 viginti;
3169 1745 3271 1800 sed
3301 1743 3567 1817 aliquan-

1898 1830 2092 1887 tulum
2141 1831 2454 1903 cujusdam
2504 1836 2771 1905 respectu
2818 1832 3032 1889 curtati
3059 1832 3118 1888 in
3150 1833 3461 1889 duodecim
3508 1838 3566 1891 et

1898 1920 2200 1990 coarctati,
2243 1921 2326 1977 rei
2364 1924 2504 1978 sunt
2550 1920 2938 1978 aestimatione
2998 1922 3195 1990 unius,
3243 1921 3561 1980 locutionis

1898 2009 2177 2066 varietate
2206 2009 2513 2067 duodecim
2544 2008 2879 2083 appellandi
2901 2014 3076 2083 atque
3097 2011 3559 2068 tenendi.Prolo.

1895 2114 2008 2172 gus
2035 2099 2181 2172 (479)
2194 2114 2329 2156 vero
2357 2098 2468 2155 iste
2498 2098 2728 2172 primus
2760 2099 2873 2154 dici
2904 2103 2962 2155 et
2987 2098 3297 2156 efﬁcienda
3317 2100 3555 2168 meruit,

1893 2203 2030 2242 cum
2053 2185 2129 2244 sit
2149 2186 2576 2259 compositione
2606 2185 3255 2259 ultimus,aliorumque
3286 2187 3554 2262 instigati

1891 2274 2152 2333 convicio
2180 2279 2272 2333 est
2300 2276 2427 2349 ipse
2457 2275 2782 2349 responsio,
2815 2276 3234 2334 demonstrans
3272 2277 3333 2332 in
3384 2281 3554 2333 caete-

1890 2361 1995 2431 ris,
2049 2365 2206 2424 πθ
2262 2368 2553 2438 quantum
2606 2363 2833 2422 eluceat
2886 2364 3143 2421 auctoris
3210 2366 3555 2421 eorumdem

1888 2451 2225 2509 Phrenesis.

1963 2545 2016 2597 8.
2052 2543 2259 2599 Fertur
2287 2542 2460 2611 Nero,
2494 2557 2629 2597 cum
2678 2541 2739 2596 in
2785 2556 2921 2596 eum
2970 2538 3322 2614 generaliter
3360 2541 3556 2597 omnis

1890 2631 2288 2703 conspirasset
2318 2633 2580 2698 senatus,
2607 2630 2681 2686 ad
2711 2646 2921 2697 unum,
2953 2628 3066 2685 sibi
3098 2645 3275 2702 quem
3308 2630 3559 2702 putabat

1889 2719 2170 2786 amicum,
2204 2719 2577 2776 consulendaa
2626 2717 2840 2775 salutis
2886 2718 3077 2793 gratia
3125 2717 3393 2787 misisse;
3437 2735 3553 2791 quo

1887 2809 2086 2864 venire
2116 2807 2370 2875 nolente,
2403 2824 2611 2864 rursus
2641 2806 2714 2864 ad
2746 2806 3066 2880 quemdam
3094 2807 3361 2880 ejusdem
3405 2824 3550 2863 con-

1889 2897 2228 2970 spirationis
2259 2897 2373 2954 sibi
2404 2896 2983 2964 inimicissimum,ut
3011 2897 3254 2954 veniens
3283 2913 3419 2954 eum
3442 2913 3542 2954 ne-

1886 2989 2065 3054 caret,
2098 2985 2401 3051 direxisse,
2430 2985 2636 3042 nolens
2661 2986 2862 3060 utique
2892 2991 3195 3060 spectante
3233 2987 3378 3043 urbe
3407 2987 3541 3043 uni-

1884 3092 2073 3141 versa,
2107 3079 2349 3131 senatus
2379 3080 2446 3131 ut
2474 3075 3165 3149 sanxerat,ignominiose
3196 3077 3541 3150 perire;quo

1887 3164 2063 3221 etiam
2113 3167 2427 3221 cunctante
2456 3164 2643 3238 (Sum.
2679 3166 2742 3220 in
2769 3166 2998 3233 Nerone,
3049 3182 3109 3221 n.
3166 3166 3280 3237 47.)
3330 3183 3343 3222 :
3393 3166 3544 3222 Modo

1881 3269 1982 3310 nec
2011 3255 2254 3309 amicum
2281 3253 2470 3321 habeo,
2511 3269 2611 3309 nec
2648 3255 2961 3319 inimicum,
2993 3253 3231 3309 dixisse.
3263 3253 3547 3325 Congruit

132 3344 410 3413 rumdam,
441 3343 715 3402 obtinent
756 3348 1011 3415 statum;
1043 3344 1284 3419 quidam
1326 3345 1559 3404 illorum
1600 3364 1776 3405 sensu
1810 3335 1855 3403 C
1888 3342 2220 3416 exemplum
2254 3341 2375 3399 sive
2405 3341 2575 3410 mihi,
2608 3341 2732 3397 sive
2761 3341 2909 3397 meis
2958 3342 3101 3397 satis
3131 3339 3368 3397 libellis.
3399 3341 3549 3405 Quia

132 3435 290 3506 atque
321 3431 577 3492 materia
622 3434 1003 3491 continuante
1048 3434 1347 3491 dividuam
1393 3436 1665 3493 videatur
1693 3452 1782 3494 se-

134 3520 366 3579 ctionem
408 3522 665 3593 habere;
718 3521 961 3596 quidam
1000 3538 1137 3581 vero
1178 3540 1279 3581 sex
1326 3523 1617 3582 linearum
1677 3539 1782 3600 per

134 3612 438 3669 sententias
468 3612 610 3669 ideo
639 3616 731 3670 est
757 3608 1045 3670 divisione
1073 3612 1547 3686 discretus,qnod
1580 3618 1783 3670 auctor

135 3698 382 3770 ejusdem
415 3701 695 3759 versibus
717 3717 854 3758 eum
885 3701 1353 3774 disposuerat,ut
1379 3700 1441 3757 in
1472 3701 1781 3770 Martiano,

140 3786 423 3864 Fulgentio
473 3794 658 3864 atque
700 3788 899 3848 Boetio
952 3791 1232 3847 cernitur.
1262 3828 1281 3847 .
1320 3832 1334 3846 .
1371 3829 1386 3846 .
1423 3832 1438 3847 .
1470 3790 1674 3847 eadem
1713 3804 1784 3846 ex

139 3878 365 3937 materia
388 3879 652 3954 sumptis
681 3895 935 3955 pangere
962 3878 1295 3937 sententiis.
1324 3880 1614 3952 Iniurium
1634 3895 1776 3936 sane
1804 3870 1819 3875 ’

203 4011 905 4088 (474)_Invasorem__vocat
946 4011 1283 4088 Baldricum
1327 4013 1647 4088 juniorem,
1682 4014 1782 4088 qui

144 4079 247 4160 sibi
268 4079 436 4157 pulso
456 4086 519 4142 in
541 4085 959 4160 Leodicensem
977 4079 1785 4160 sedemfueratgsubrogatus:

146 4154 408 4230 majorem
434 4161 639 4230 autem
671 4155 1004 4230 Baldricum
1034 4156 1301 4230 nominat
1347 4154 1787 4230 ejuspat'ruum

146 4224 464 4353 ﬁmpum
496 4228 1078 4301 Ultrajectinum,qui
1108 4228 1313 4285 eodem
1335 4224 1573 4286 nomine
1593 4230 1788 4303 appel-

292 4316 379 4354 ιη’.

211 4368 348 4445 (475)
368 4370 708 4445 Legendum
737 4369 969 4445 videtur
995 4375 1171 4445 Nono,
1199 4371 1405 4444 sicque
1441 4375 1787 4429 construen-

150 4436 285 4516 dum
300 4436 678 4500 Nono'libello
704 4444 959 4515 scriptor,
990 4444 1091 4515 qui
1128 4436 1324 4516 fuerat
1359 4444 1496 4516 satis
1545 4460 1788 4516 propen-

151 4523 229 4588 sus
255 4512 1213 4588 Brunoni,conqueritons:sermone
1242 4515 1484 4587 lugubri,
1514 4512 1792 4588 satis/amt

152 4580 418 4658 invectiva:
443 4587 544 4658 sub
571 4580 757 4658 pallio?
780 4585 1142 4658 humilitatis.

214 4654 358 4738 (476)
378 4657 497 4738 Etsi
528 4654 714 4738 codex
743 4656 1093 4738 Laubiensis
1121 4673 1191 4738 ei:
1219 4655 1314 4738 his
1343 4657 1789 4738 duodecim‘vo-

155 4717 453 4802 luminibus
481 4728 597 4786 hoc
624 4727 687 4784 in
716 4728 1000 4802 prooemio
1046 4727 1323 4802 indicatis
1368 4728 1626 4801 primum
1658 4734 1785 4802 tan-

157 4794 579 4873 tumexhjbeat,
614 4816 682 4873 ac
716 4794 799 4856 'ex
845 4800 1104 4856 secundo
1152 4798 1340 4873 solam
1368 4794 1654 4873 "praeferat
1705 4800 1789 4855 di-

158 4866 597 4949 ctantisﬁdem;
649 4871 772 4949 nec
806 4875 1005 4949 tamen
1058 4866 1440 4949 undecimum
1487 4871 1786 4949 volumen,

159 4939 240 5010 cui
264 4939 462 4998 titulus
512 4939 802 5000 Conclusio
842 4942 1224 5010 deliberativa,
1256 4959 1325 4999 ex
1356 4942 1468 4999 alio
1497 4959 1611 4999 ms.
1647 4944 1792 5000 Lau-

160 5004 382 5088 dunensi
405 5004 1562 5088 vulgatumanteaprismisimus.ldcirco
1594 5020 1790 5088 autem

163 5078 212 5130 in
241 5078 603 5142 Laudunensi
633 5086 830 5142 codice
860 5078 1223 5157 descriptum
1257 5084 1641 5157 etinventum
1682 5085 1794 5141 fuit

164 5158 468 5231 apparatum
501 5173 537 5212 a
561 5158 811 5231 ceteris.
838 5156 984 5231 quia
1010 5154 1077 5212 in
1102 5173 1170 5213 eo
1197 5154 1456 5212 Ratherii
1489 5174 1795 5231 operaipo-

165 5175 468 5221 asperatum
501 5175 537 5212 a
561 5175 811 5217 caeteris.
843 5175 984 5231 quia
1010 5175 1071 5212 in
1102 5175 1170 5213 eo
1199 5175 1456 5212 natnern
1489 5175 1521 5212 ο
1566 5175 1666 5213 era
1696 5175 1791 5230 po-

165 5222 357 5302 stremo
384 5228 734 5302 Veronensis
757 5229 1132 5302 episcopatus
1175 5232 1441 5302 tempore
1486 5175 1563 5284 ag
1588 5230 1791 5302 eodem

164 5290 376 5371 yplgsta
397 5290 812 5371 continentur;
833 5290 977 5359 tunc
1004 5315 1139 5356 vero
1169 5298 1269 5356 ille
1298 5290 1408 5355 hoc
1439 5300 1793 5371 opusculum

166 5357 457 5453 Zer'on‘en'si
489 5370 762 5453 seditioni
776 5357 1002 5453 pariter
1030 5376 1439 5453 opportunum
1453 5357 1795 5453 _ratus,pau-

169 5434 247 5516 eis
261 5434 369 5516 pg};
398 5440 573 5516 finem
604 5434 1174 5516 additi-sseparati'm
1204 5441 1492 5516 repetivit.

228 5507 369 5579 (477)
394 5510 676 5570 Construe
703 5532 717 5571 :
751 5513 854 5587 Sed
882 5507 1505 5587 unusquisque'tibellus
1543 5512 1797 5569 existens

172 5587 664 5658 Persemservato
691 5585 884 5642 ordine
911 5584 1426 5658 componendaquia
1455 5600 1640 5641 omnes
1664 5592 1800 5658 sunt

172 5654 427 5729 compositi
453 5655 518 5711 de
540 5673 601 5713 re
630 5673 762 5725 una,
792 5658 885 5713 sed
913 5654 1254 5713 continentes
1300 5654 1540 5723 diversa,
1572 5657 1802 5729 quisque

175 5716 377 5779 ittorum
401 5733 479 5782 est
505 5729 731 5785 sortitus
749 5716 935 5785 locum
961 5745 1146 5784 suum.
1252 5772 1255 5775 ι

233 5789 463 5863 (478)1n
493 5797 608 5857 isto
635 5799 920 5859 nimirum
946 5798 1168 5869 libello,
1220 5797 1320 5873 qui
1359 5815 1540 5857 unam
1570 5802 1802 5857 tantum

1819 4704 1866 4769 D

1888 3432 2048 3488 enim
2078 3434 2332 3487 testante
2362 3429 2667 3502 Scriptura
2691 3430 2843 3499 (480)
2876 3445 2889 3484 :
2922 3429 3141 3485 Invidia
3188 3427 3428 3483 hominis
3476 3429 3547 3483 ad

1887 3521 2132 3575 amicum
2174 3523 2225 3575 et
2265 3519 2585 3590 proximum
2611 3517 2752 3579 sibi;
2783 3515 2951 3588 (Vere
2983 3533 2996 3573 :
3030 3533 3146 3572 non
3176 3516 3333 3572 enim
3365 3515 3545 3573 Indus

1891 3607 2192 3673 Britanno,
2242 3610 2346 3662 aut
2391 3609 2648 3662 Francus
2697 3604 2919 3661 invidet
2966 3604 3179 3661 Partho
3223 3604 3263 3677 :)
3296 3603 3547 3663 sublatis

1890 3694 2190 3766 omnibus,
2223 3693 2426 3768 scripti
2474 3694 2691 3768 quibus
2730 3694 2985 3764 fuerant,
3017 3710 3163 3767 pene
3184 3693 3413 3766 judicio
3445 3695 3548 3750 Dei

1892 3783 2201 3842 contrariis
2231 3785 2403 3857 (481),
2435 3784 2560 3841 sola
2607 3783 2866 3854 miseria,
2917 3800 3048 3857 quae
3102 3788 3262 3841 caret
3305 3784 3545 3840 invidia.

1893 3872 2142 3943 residet;
2174 3877 2232 3929 et
2260 3872 2460 3930 videas
2491 3888 2665 3946 saepe.
2709 3915 2724 3930 .
2770 3914 2783 3928 .
2830 3915 2843 3928 .
2889 3915 2902 3928 .
2948 3914 2963 3929 .
3001 3888 3149 3940 eum,
3172 3872 3273 3946 qui
3304 3870 3552 3930 infortu-

1892 4015 2200 4090 epistolam
2213 4015 2944 4085 continet,adverterelicet
2972 4017 3301 4073 secundum
3324 4015 3554 4073 Macha-

1894 4089 2154 4145 baaorum
2186 4088 2426 4145 librum.
2458 4088 2559 4145 aui
2593 4087 2868 4144 similiter
2897 4104 2968 4144 ex
2998 4105 3114 4143 una
3162 4092 3394 4144 tantum
3429 4088 3551 4145 eni-

1935 4105 2154 4145 aaorum
2188 4103 2426 4155 IIDPum,
2458 4105 2559 4155 QUI
2593 4103 2868 4144 Similiter
2897 4104 2968 4144 ΒΧ
2998 4105 3114 4143 una
3162 4103 3394 4144 tantum
3429 4104 3551 4155 epl-

1895 4104 2154 4145 nzeorum
2188 4104 2426 4155 norum,
2458 4105 2559 4160 qui
2593 4104 2868 4144 similiter
2897 4104 2968 4144 ex
2998 4105 3114 4143 una
3162 4104 3394 4144 tantum
3429 4104 3551 4159 epi-

1894 4159 2046 4232 stola
2064 4163 2407 4232 compactus
2432 4164 2540 4215 est.
2561 4159 2760 4223 Quoad
2782 4162 3021 4232 caeteros
3041 4175 3198 4224 vero,
3222 4157 3321 4230 qui
3352 4158 3552 4232 plures

1895 4230 2146 4304 epistola
2169 4228 2606 4304 complectuntu
2616 4228 3082 4304 r,exemplo_esse
3103 4228 3379 4304 poterunt
3394 4230 3552 4304 apud

1895 4298 2214 4359 catholicos
2245 4298 2666 4371 apostolorum,
2699 4298 3035 4371 Augustini,
3078 4298 3135 4353 et
3163 4298 3413 4371 aliorum
3434 4298 3550 4353 Pa-

1896 4380 2054 4429 trum
2084 4367 2344 4445 epistolze
2376 4372 2447 4445 in_
2469 4367 3090 4445 libros_di_s_t_ributze,et
3116 4369 3270 4445 apud
3297 4367 3557 4445 scripto—

1899 4461 1993 4500 res
2024 4439 2333 4522 saeculares
2350 4442 2617 4522 epistola:
2645 4440 3129 4522 Tullii,_Seneca3,
3153 4439 3356 4522 Plinii,
3380 4439 3460 4522 et,
3490 4444 3556 4522 ut

1900 4532 2137 4571 osorum
2172 4511 2482 4570 latratibus
2511 4530 2576 4570 os
2607 4514 2970 4585 obstruetur,
2996 4518 3211 4585 satyraa
3243 4511 3557 4585 Horatii,et

1898 4587 2035 4644 libri
2064 4585 2315 4642 Nasonis
2341 4586 2413 4642 de
2438 4586 2642 4649 Ponto,
2665 4584 2767 4657 qui
2800 4583 3081 4657 epistolas
3103 4583 3444 4657 praeferunt.

1972 4658 2124 4741 (479)
2156 4660 2443 4741 construe
2476 4675 2490 4713 :
2522 4655 2788 4741 Prologus
2819 4655 2945 4741 uero
2974 4657 3076 4712 iste
3113 4655 3175 4713 ἐι
3214 4657 3416 4741 meruit
3444 4655 3557 4741 dici

1892 4728 2107 4802 primus
2150 4729 2618 4803 efﬁciendaeum
2664 4730 2737 4784 sit
2780 4729 3016 4803 ultimus
3057 4728 3467 4803 compositione,
3506 4735 3559 4783 et

1899 4798 2015 4873 ipse
2043 4809 2121 4858 est
2148 4798 2427 4873 responsio
2457 4802 2711 4870 instigati
2738 4801 2982 4857 convicio
3012 4798 3275 4867 aliorum,
3307 4798 3557 4855 demons-

1899 4881 2077 4935 trans,
2108 4876 2218 4929 etc.

1974 4945 2126 5013 (480)
2154 4944 2506 5015 Sequentem
2538 4946 2763 5015 textum
2794 4942 2853 4997 in
2887 4957 3053 4998 sacra
3089 4941 3396 5015 Scriptura
3425 4939 3557 5015 nul-

1900 5012 2005 5070 libi
2037 5012 2396 5087 invenimus.
2428 5014 2791 5087 Quandoque
2817 5029 2951 5087 vero
2980 5012 3291 5087 scripturae
3323 5012 3560 5087 nomine

1900 5087 2058 5142 dicta
2087 5086 2339 5159 alicujus
2366 5084 2649 5158 sapientis
2679 5082 3250 5159 scriptoriskallegari
3275 5083 3563 5159 solent,th

1902 5162 2063 5230 patet
2093 5155 2255 5214 inter
2294 5155 2499 5230 caetera
2550 5174 2619 5213 ex
2659 5155 2873 5230 (regula
2900 5155 3310 5230 S._Benedicti,
3340 5172 3470 5230 cap.
3501 5158 3558 5222 7,

1946 5230 2069 5284 rad.
2100 5233 2157 5295 2,
2185 5229 2538 5285 humilitatis
2570 5246 2584 5283 :
2614 5228 2759 5284 Ideni
2786 5228 2922 5283 dicit
2952 5228 3241 5299 Scriptura
3261 5244 3280 5281 :
3309 5228 3563 5299 Voluntas

1941 5301 2065 5383 abet
2080 5317 2328 5383 poenam,
2358 5308 2420 5383 et.
2456 5302 2749 5383 necessitas
2792 5302 2942 5372 parit
2986 5298 3274 5383 coronam;
3303 5302 3361 5353 et
3402 5314 3471 5353 ex
3500 5298 3559 5383 Sf:

1905 5367 2117 5428 Valerii
2168 5372 2340 5428 dictis
2387 5373 2460 5427 de
2509 5367 2835 5428 Generibus
2877 5370 3323 5435 monachorum,
3371 5386 3497 5440 cap.
3530 5367 3565 5419 3

1906 5444 2253 5517 concordiis
2274 5442 2610 5517 regularum
2643 5460 2678 5498 a
2707 5442 3019 5517 Benedicto
3067 5440 3303 5517 Anienis
3354 5440 3564 5517 abbate

1907 5514 2122 5579 allatis,
2155 5514 2256 5571 ubi
2291 5506 2413 5571 haec
2444 5513 2766 5587 leguntur:
2798 5514 3103 5587 Scriptura:
3134 5514 3390 5587 testatur,
3425 5506 3566 5587 quod

1906 5603 2067 5665 omne
2091 5577 2389 5665 peccatum,
2423 5577 2565 5665 quod
2589 5586 2857 5665 remissus
2888 5577 3446 5665 indisciplinatuaque'
3467 5577 3568 5665 adg-

1906 5603 2067 5643 omne
2092 5602 2389 5659 peccatum,
2406 5602 2565 5712 ίἵτιοα
2596 5602 2857 5641 remissus
2888 5602 3440 5653 mazsczpunamsqrw
3467 5602 3567 5632 ιιιι-

1906 5659 2122 5740 miserit
2147 5661 2341 5730 frater,
2375 5675 2409 5713 a
2475 5658 2843 5728 negligentem
2868 5656 3120 5726 protinus
3152 5655 3461 5707 revertalur
3486 5663 3567 5702 se-

1909 5746 2143 5786 morem.
3140 5792 3149 5793 κ
3311 5790 3321 5793 ,
3502 5785 3511 5793 .

1985 5801 2139 5873 (481)
2168 5799 2293 5858 Nisi
2324 5798 2385 5855 in
2414 5815 2615 5856 vocem
2645 5797 2943 5855 contrariis
2983 5792 3263 5851 mendum
3307 5787 3563 5857 irrepsit,
