3896 6372
335 361 456 450 .387.

1263 355 1643 425 RATHERII
1683 351 1930 420 EPISC.
1977 344 2269 416 VERON.
2313 347 2486 415 OPP.
2527 348 2733 416 PARS
2776 347 2830 416 Ῑ.

3635 345 3763 436 .333.

339 501 538 572 aperte
563 494 805 553 Antberi
833 511 996 569 papas
1025 495 1651 566 docretum,abuptum
1681 507 1775 546 me
1793 489 1992 545 contra
2018 484 2074 551 Α
2103 484 2350 541 dimisso
2400 485 2692 553 tabulatu,
2724 485 3010 556 threnico,
3045 483 3250 542 beatus
3292 484 3447 558 quod
3505 483 3640 550 Job,
3665 483 3760 540 die

338 586 662 659 improvide
690 585 1060 658 loquacitatis
1088 588 1291 639 vestrae
1314 580 1734 656 perturbat,uti
1759 582 1816 634 et
1835 578 1984 648 ejus-

338 677 472 732 dem
504 675 867 732 auctoritatis
890 675 1080 730 omnis
1101 671 1668 744 longiusjudicium.
1686 669 1833 724 Nam
1849 680 1983 721 cum

336 763 588 837 benigne
634 762 777 820 satis
827 763 941 817 mei
991 761 1050 816 in
1099 778 1278 816 causa
1305 759 1709 834 praemisisset,
1733 755 1981 811 dicens:

340 855 587 926 Utrisque
623 860 824 919 autem,
859 851 916 906 id
952 855 1028 907 est
1058 855 1111 907 et
1139 853 1341 912 famem
1370 850 1520 904 verbi
1545 846 1903 920 patientibus,
1936 850 1984 897 et

335 943 597 1014 episcopis
625 942 1019 1006 necessitatem,
1042 939 1258 1011 quando
1288 939 1743 996 intltronz'zantur
1771 935 1835 989 in
1856 933 1985 987 aliis

332 1031 670 1102 civitatibus,
751 1046 864 1085 non
940 1028 1155 1084 modica
1223 1029 1512 1085 exhibetur
1582 1021 1979 1080 misericordia.

330 1121 602 1192 Negantcs
632 1127 814 1174 autem
846 1119 961 1182 hoc,
991 1117 1227 1190 speciem
1277 1117 1400 1172 licet
1422 1115 1646 1186 pietatis
1691 1111 1986 1166 rideantur

331 1210 550 1276 habere,
569 1211 824 1264 virtutem
856 1209 972 1279 ejus
1004 1207 1281 1279 abnegant
1302 1225 1325 1270 ;
1355 1204 1524 1277 quasi
1554 1201 1614 1257 in
1644 1219 1745 1257 vos
1766 1197 1986 1272 specia-

330 1298 845 1363 liusinveheretur,
869 1311 1182 1367 coramque
1197 1293 1424 1360 essetis,
1440 1292 1622 1364 digito
1642 1287 1984 1345 intentionis

327 1387 491 1444 vobis
523 1387 678 1456 (509)
709 1385 873 1458 quasi
902 1390 1186 1457 porrecto,
1212 1388 1448 1456 repente
1479 1377 1794 1436 subintulit
1813 1395 1825 1432 :
1845 1379 1984 1432 Nam

329 1479 385 1532 in
409 1477 514 1532 tali
540 1477 754 1547 negotio
779 1475 1100 1546 prosapiam
1129 1491 1246 1528 non
1275 1487 1527 1542 agnosco.
1562 1470 1620 1525 Si
1651 1470 1773 1540 quis
1802 1474 1980 1522 tamen

325 1565 681 1636 sapientium,
713 1579 845 1637 quos
873 1562 1266 1634 insipientibus
1301 1560 1636 1632 tempestatis
1663 1557 1828 1628 hujus
1856 1570 1983 1626 pro-

322 1655 461 1710 cella
481 1655 710 1710 sociavit
727 1653 859 1708 aliis
875 1653 1218 1720 auctoribus,
1234 1652 1548 1722 facinorum
1558 1647 1985 1720 participatione

322 1743 634 1800 maculatur
660 1741 917 1814 splendor
938 1742 1208 1810 sapientis
1227 1759 1252 1805 ;
1281 1741 1382 1795 etsi
1409 1739 1848 1795 communionem
1874 1734 1983 1788 cri-

321 1834 541 1890 minum
568 1832 827 1900 incurrit,
862 1831 1036 1887 nescit
1066 1833 1248 1885 tamen
1278 1828 1469 1884 ducem
1496 1843 1552 1882 se
1574 1824 1823 1898 praebere
1850 1838 1978 1895 pec-

323 1921 600 1978 cantibus.

397 2055 484 2109 18.
518 2051 1078 2109 Obedientissimum
1112 2055 1388 2124 praeterea
1409 2049 1480 2105 ad
1514 2047 1730 2116 omnia,
1755 2063 1882 2119 quas
1909 2045 1981 2101 1i-

325 2141 522 2198 buerit
550 2139 882 2213 praecipere,
910 2158 1003 2196 me
1032 2139 1304 2196 valebitis
1333 2137 1616 2203 invenire,
1640 2136 1689 2192 si
1719 2135 1875 2206 quod
1890 2136 1984 2205 ju-

326 2236 485 2286 stum
509 2245 639 2286 esse
653 2228 857 2296 nostis,
876 2227 1215 2301 plenissime
1229 2226 1467 2298 exsequi
1490 2241 1605 2280 non
1623 2222 1983 2294 dedignami-

327 2319 414 2388 ni;
435 2319 545 2374 hoc
570 2317 699 2374 dico
729 2317 789 2372 in
813 2317 1042 2390 negotio
1058 2318 1239 2388 juste.
1264 2315 1507 2371 Talibus
1530 2312 1710 2386 igitur
1724 2327 1981 2383 namque

324 2407 755 2481 proterviscum
771 2405 908 2462 nulo
927 2405 1189 2478 rescripti
1207 2421 1466 2461 remorsa
1481 2402 1688 2459 fuisset
1700 2416 1979 2472 responso

323 2497 594 2553 licentia:
620 2497 680 2552 in
711 2500 939 2552 tantam
971 2496 1130 2558 (nam
1165 2493 1484 2550 deteriores
1513 2509 1719 2548 omnes
1746 2506 1976 2558 sumus,

322 2586 598 2642 Chremes
624 2584 816 2645 ut'ait)
837 2601 1054 2640 vesana
1082 2584 1323 2639 libertas
1353 2581 1623 2654 prorupit
1648 2578 1977 2649 audaciam,

323 2679 388 2731 ut
416 2674 624 2748 viginti
647 2676 774 2746 jam
793 2673 1163 2730 voluminum
1182 2668 1976 2744 loquacissimagarrulitate,

324 2780 449 2837 qua:
483 2768 680 2820 tamen
733 2761 1093 2819 inconstanti
1125 2761 1268 2817 satis
1318 2759 1550 2816 levitate
1580 2758 1638 2813 in
1669 2755 1976 2812 duodecim

323 2869 531 2909 rursus
589 2856 834 2909 conatur
887 2851 1230 2924 astringere,
1267 2846 1677 2921 magnitudine
1733 2845 1860 2918 pari
1911 2862 1979 2901 ea

323 2941 585 3015 gestiens
606 2944 900 3013 coeptare,
914 2955 1119 2996 omnes
1137 2955 1253 2994 non
1277 2937 1510 2993 desinat
1535 2933 1978 3001 infestare,illos

323 3029 640 3103 praecipue,
671 3045 820 3101 quos
849 3028 946 3084 hic
975 3027 1246 3084 valebitis
1285 3024 1740 3098 deprehendere,
1781 3022 1831 3080 si
1861 3039 1976 3080 non

323 3117 631 3190 displiceat
658 3116 880 3190 legere;
903 3114 1124 3172 nullius
1154 3113 1446 3188 dignitati,
1465 3111 1687 3169 nullius
1709 3129 1975 3184 parcens,

2096 572 2322 628 ululatu
2358 593 2370 630 :
2413 575 2642 631 Verebar
2693 575 2835 647 quod
2891 577 3042 632 enim
3098 575 3299 630 accidit
3344 575 3488 645 (Job.
3524 590 3606 638 III,
3641 575 3757 646 25).

2090 663 2250 718 Abiit
2281 680 2438 729 nam,
2453 680 2626 736 quem
2643 663 2792 727 (5l0)
2806 663 3213 730 insectabaris,
3230 667 3288 719 et
3321 663 3464 736 proh
3483 661 3496 716 l
3517 662 3765 718 minime

2092 767 2434 808 reversurus
2465 751 2770 822 abscessit,
2803 752 3008 809 abesse
3042 755 3564 825 quoquesortitus
3595 754 3766 806 aeter-

2093 857 2257 895 num.
2281 840 2548 914 Clangor,
2575 841 2721 896 eheu
2751 841 2762 895 !
2795 842 3198 898 manetutiste
3224 838 3753 914 signorum.0biit,

2093 945 2268 1001 quam
2302 930 2811 1002 abiit;prmcessit,
2848 947 3026 1003 quam
3065 930 3370 986 abscessit.
3399 927 3762 1004 Nugigerulo

2095 1018 2235 1089 nugi
2287 1018 2411 1091 ipse
2457 1036 2640 1092 nugas
2696 1020 3029 1085 effundens,
3058 1020 3364 1076 divinabas
3397 1019 3480 1075 uti
3513 1019 3764 1076 demens

2095 1123 2231 1162 cum
2265 1108 2502 1180 populo,
2537 1107 2911 1164 insultaveris
2960 1126 3164 1166 caveas
3214 1113 3446 1166 mortuo
3495 1109 3651 1164 dico.
3677 1108 3760 1164 Ne

2094 1195 2360 1268 fatigare,
2414 1213 2633 1269 quaeso,
2683 1196 3000 1268 garrulitas
3064 1197 3265 1270 inepta
3329 1197 3558 1254 diutius
3608 1195 3760 1253 nulli

2093 1285 2353 1340 curanda
2365 1286 2660 1340 dictando.
2679 1286 2811 1353 Quis
2823 1286 2967 1358 teget
2979 1287 3097 1344 haec
3115 1286 3250 1341 fsed
3270 1285 3465 1358 potius
3482 1285 3756 1343 famelico

2094 1372 2442 1444 resipiscens
2473 1373 2566 1428 dic
2588 1390 2722 1428 cum
2751 1374 2998 1443 satyrico
3025 1392 3037 1429 :
3072 1373 3276 1428 didicit
3306 1390 3443 1429 nam
3493 1373 3636 1447 quia
3667 1375 3757 1429 di-

2090 1477 2189 1516 ves
2238 1461 2360 1528 alit,
2413 1467 2477 1516 ut
2532 1463 2913 1534 conqueritur
2968 1481 3200 1534 avarus,
3250 1467 3485 1519 tantum
3547 1463 3758 1520 mirari

2091 1553 2321 1606 tantum
2355 1550 2594 1608 laudare
2651 1552 2900 1608 disertos
2925 1552 3185 1624 plebeios
3239 1553 3602 1610 atfectaveris
3649 1569 3753 1610 ne-

2092 1639 2418 1711 quidquam
2471 1639 2864 1696 rumusculos.
2898 1642 3142 1714 Denique
3169 1657 3281 1696 non
3323 1658 3509 1698 omnes
3565 1642 3759 1698 eadem

2091 1729 2710 1800 mirantur,amantpue.
2722 1728 2883 1784 Mitte
2904 1733 3250 1788 cunctorum
3263 1730 3488 1786 favores
3502 1730 3760 1799 inaniter

2093 1833 2309 1888 quzeso.
2333 1821 2586 1889 captare.
2603 1818 2719 1872 Son
2744 1817 3056 1874 meledicas
3082 1819 3282 1887 surdo,
3302 1835 3441 1875 neve
3465 1819 3755 1893 obloqua:

2093 1907 2174 1961 ris
2230 1905 2474 1973 sbsenti,
2508 1905 2654 1961 alias
2712 1922 2851 1962 sane
2909 1905 3110 1979 probo,
3165 1907 3388 1964 caeteris
3448 1923 3556 1964 nec
3607 1909 3753 1966 adeo

2090 1993 2414 2051 inhumano
2441 2010 2543 2066 pro
2575 1997 2834 2067 tempore
2864 1998 3037 2067 atque
3060 1993 3204 2063 loco,
3232 1995 3338 2050 tibi
3358 1995 3493 2052 licet
3513 1995 3751 2054 infesto.

2089 2082 2290 2138 Clama
2320 2084 2420 2138 sed
2456 2083 2673 2155 potius,
2705 2083 3023 2140 vociferare
3054 2083 3421 2141 medullitus.

2232 2219 2511 2289 Incipiunt
2540 2233 2730 2273 versus
2768 2217 2918 2286 (511)
2950 2218 3018 2274 ab
3064 2219 3251 2275 eodem
3297 2219 3602 2292 compositi,

2159 2354 2246 2408 20.
2283 2351 2430 2418 Quid
2462 2355 2697 2408 teneant
2728 2353 2887 2408 intus
2919 2352 3125 2423 nostri,
3160 2352 3210 2409 si
3242 2353 3388 2409 forte
3419 2352 3606 2410 libelli

2089 2440 2241 2496 Cura
2269 2439 2407 2496 velit
2440 2440 2624 2496 solers
2647 2440 2878 2496 lectoris
2908 2441 3152 2507 discere,
3181 2458 3372 2498 sume.

2089 2529 2198 2585 Dat
2227 2529 2511 2597 studium,
2537 2530 2803 2602 scriptor,
2839 2530 3026 2586 socios
3053 2547 3169 2602 quo
3199 2529 3424 2587 vindice
3466 2547 3604 2588 vero

2089 2617 2411 2684 Concutiat,
2445 2622 2684 2683 sternat,
2720 2617 2951 2686 relevet,
2980 2619 3285 2687 confortet,
3309 2619 3557 2688 adnuet,

2089 2706 2339 2771 Solatur,
2374 2711 2609 2776 recreet,
2645 2707 2886 2779 animet,
2916 2707 3258 2776 conformet,
3291 2708 3536 2765 adornet
3563 2727 3577 2778 ;

2087 2798 2256 2852 {Etna
2284 2795 2383 2868 qui
2416 2796 2651 2869 gravius
2681 2796 2952 2865 tolerant,
2980 2796 3127 2852 heu!
3163 2797 3416 2870 pondus,
3458 2799 3673 2856 amice.
3744 2862 3747 2870 ι

2089 2885 2162 2941 Ut
2190 2902 2298 2941 sua
2329 2901 2463 2940 nam
2497 2885 2735 2958 stringit
2771 2885 3058 2957 quemvis,
3089 2891 3375 2959 vexatque
3414 2887 3711 2961 cbiragra,

2087 2974 2380 3048 Opprimit
2409 2978 2465 3030 et
2485 2973 2698 3047 gibbus
2730 2974 2940 3032 sideris
2965 2975 3286 3049 incongrue
3315 2975 3512 3046 dorso,

2087 3064 2380 3120 Maternas
2411 3067 2546 3118 trux
2575 3061 2855 3119 dilacerat
2884 3067 2949 3120 ut
2977 3063 3172 3121 bellua
3201 3068 3414 3132 costas,

2087 3152 2370 3208 Exstincti
2398 3155 2457 3208 et
2485 3151 2695 3208 vindex
2725 3151 3006 3225 genitoris
3027 3155 3213 3210 tentat
3235 3152 3438 3209 haberi
3463 3171 3477 3222 ;

322 3210 391 3262 ut
421 3204 728 3279 phrenesis
759 3205 966 3262 merito
986 3222 1021 3261 a
1041 3204 1206 3260 vobis
1225 3207 1430 3260 vocata
1451 3200 1638 3274 possit
1656 3200 1861 3298 videri,
1881 3216 1978 3272 ρο·
2005 3215 2051 3285 C
2488 3200 3394 3298 έὲῖξῐξῶοεξέἔξέξὲέιζξξῶἒῇξ

251 3304 255 3312 '
322 3295 541 3362 tentias,
591 3297 899 3368 patronam
973 3311 1104 3367 quis
1156 3309 1273 3348 non
1340 3291 1553 3348 habeat
1601 3289 1971 3362 probitatem,

321 3383 590 3456 quamvis
621 3383 939 3440 maximam
972 3399 1161 3454 nuper
1188 3382 1529 3437 eorumdem
1562 3379 1792 3450 [scilicet
1819 3377 1978 3435 volu-

320 3473 572 3544 minum]
589 3473 746 3529 fama
766 3473 992 3529 sitcum
1007 3470 1352 3528 obliterasse
1372 3473 1622 3542 partem,
1639 3471 1978 3524 mansuetu-

318 3561 454 3618 dine
484 3560 790 3619 clementis
822 3561 975 3635 regis
1003 3561 1315 3632 cujusdam
1347 3575 1450 3631 pro
1481 3574 1679 3614 amore
1710 3561 1972 3629 cogente;

318 3651 476 3722 quod
514 3655 571 3706 te
605 3655 803 3708 tamen
849 3650 1058 3706 fecisse
1097 3651 1340 3705 demens
1377 3646 1542 3704 fateri
1574 3663 1690 3702 non
1735 3645 1970 3702 desinit.

320 3738 616 3810 Quidquid
682 3755 800 3794 non
851 3742 1204 3810 speraverat,
1242 3738 1370 3809 jam
1419 3736 1659 3808 quidem
1707 3734 1972 3807 contigit,

321 3826 660 3882 immaniter
689 3825 886 3882 dolore
918 3827 1003 3897 [f.,
1037 3824 1588 3892 dolore],addidisse
1612 3827 1888 3896 preterea
1910 3826 1975 3878 ut

316 3911 666 3984 judicemini
681 3913 850 3984 quasi
863 3912 1111 3968 calcaria
1124 3917 1330 3984 spoute
1347 3910 1625 3978 currenti;
1643 3910 1974 3967 insolentis-

325 4000 540 4056 simam
564 3999 925 4068 exhausisse,
958 4005 1017 4056 et
1044 4001 1117 4056 ad
1148 4004 1490 4072 carpentum
1523 3998 1835 4071 quoslibet,
1870 4015 1972 4055 vos

322 4088 634 4162 praecipue,
653 4089 1086 4162 quodammodo
1115 4105 1464 4162 provocasse
1484 4088 1762 4143 videmini
1780 4087 1838 4142 in
1861 4087 1972 4143 hoc

317 4177 484 4234 valde
514 4178 850 4251 superbiam
879 4195 893 4234 :
927 4178 1104 4252 quod,
1134 4179 1221 4234 uti
1253 4179 1462 4236 Festus
1493 4179 1646 4235 239
1671 4178 1970 4250 quondam

316 4266 660 4340 Apostolum
693 4267 987 4325 insanisse
1017 4267 1228 4324 litteris
1259 4267 1490 4341 putavit
1517 4267 1653 4337 (Act.
1677 4283 1830 4334 xxvr,
1855 4267 1969 4339 24),

317 4357 473 4429 quod
503 4357 764 4414 dixeritis
791 4375 926 4415 eum
959 4357 1217 4430 [subaudi
1245 4356 1504 4414 insanire
1531 4355 1972 4429 litteris],longe

317 4444 490 4501 aliter
515 4463 617 4502 vos
643 4448 921 4504 eumdem
954 4447 1284 4503 aastimasse
1312 4463 1449 4503 cum
1494 4446 1570 4502 sit
1622 4445 1811 4518 magis
1843 4461 1970 4502 cre-

318 4533 599 4591 dendum.

393 4665 480 4720 19.
503 4665 589 4721 Ah
616 4665 628 4720 !
663 4665 933 4736 sile,sile,
954 4684 1114 4740 rogo,
1148 4668 1282 4736 sile;
1301 4670 1427 4742 jam
1460 4668 1971 4741 oppositanuntia-

318 4758 419 4811 tur
434 4771 572 4825 nam
587 4755 790 4811 deesse
803 4756 1286 4827 persona.Desine
1303 4757 1642 4813 nummulos
1655 4756 1978 4830 dilapidare

321 4843 588 4902 emendis
620 4843 679 4900 in
711 4843 1518 4918 pellibus,conducendisque
1536 4845 1976 4902 tabellionibus.

323 4933 538 4990 Insana
564 4950 696 4990 vere
725 4933 1051 5006 procacitas
1078 4937 1182 4991 tua
1220 4933 1683 5008 phreneticoque
1740 4935 1976 4992 tandem

331 5108 361 5148 e
397 5091 726 5166 Leodicensi
753 5092 888 5148 sede
919 5093 1293 5166 ejiciendum,
1325 5097 1627 5166 propterea
1643 5094 1807 5166 quod
1827 5099 1978 5150 esset

335 5162 647 5235 episcopus
659 5163 1030 5235 Veronensis,
1047 5165 1278 5219 tametsi
1293 5162 1688 5220 e‘Veronensis
1702 5165 1979 5221 cathedra

324 5233 558 5306 pulsus,
573 5249 702 5290 eam
719 5233 974 5306 amplius
997 5252 1110 5290 non
1130 5235 1438 5290 obtineret.
1456 5235 1759 5290 Decretum
1781 5241 1976 5292 autem

323 5304 589 5378 Antheri,
623 5306 777 5376 quod
810 5304 1274 5378 sincerum‘tunc
1305 5306 1650 5378 habebatur,
1684 5308 1975 5378 ejusmodi

319 5375 618 5450 judicium
640 5375 852 5450 contra
882 5376 1226 5433 Ratherium
1258 5375 1976 5450 editum,minus'aequum

325 5448 785 5504 demonstrabat.

397 5518 752 5592 (509)‘Vob_i_s,
784 5518 842 5573 id
891 5522 984 5592 est
1030 5519 1327 5592 Rotberto,
1362 5518 1546 5592 cujus
1576 5518 1826 5592 insignis
1856 5524 1981 5575 erat

371 5588 624 5660 rosapia.
657 5589 868 5646 Filium
895 5590 1052 5646 enim
1083 5594 1207 5646 erat
1263 5589 1606 5646 Theodorici
1648 5588 1902 5660 comitis,
1922 5595 1981 5647 et

371 5607 504 5644 rosa
550 5607 624 5644 1a.
657 5607 868 5646 riuum
895 5607 1052 5646 enim
1083 5607 1207 5646 erat
1263 5607 1606 5646 '1'neouorici
1648 5607 1980 5660 comms,et

325 5607 611 5748 Remigiis
637 5677 673 5748 ς
703 5660 1134 5748 Ιῗιιθθοξξμῳμξς
1161 5661 1460 5742 Danorum
1508 5677 1720 5748 genere
1767 5679 1980 5748 proge-

325 5732 486 5818 nitas,
518 5748 584 5796 ac
634 5731 813 5824 frater
867 5731 1164 5798 M‘athildis
1211 5732 1446 5816 regina,
1469 5731 1597 5814 quae
1651 5731 1906 5804 Heu-rice
1932 5734 1978 5802 Ι.

2082 3330 2365 3402 Abjurata
2393 3329 2509 3386 Deo
2533 3334 2716 3386 certat
2745 3329 2911 3404 plebs
2943 3331 3116 3388 dente
3145 3331 3379 3398 canino,

2084 3420 2398 3476 Mordendo
2428 3419 2779 3477 alterutrum
2811 3419 3179 3477 consciscens
3211 3419 3396 3493 impia
3419 3419 3565 3492 jura

2084 3508 2149 3564 In
2176 3513 2353 3580 caput
2382 3512 2439 3564 et
2457 3509 2736 3564 vertenda
2765 3510 3122 3565 sumendum
3153 3509 3286 3581 quis
3315 3509 3751 3585 propriumque

2083 3596 2242 3652 Velle
2273 3595 2372 3653 Dei
2405 3613 2622 3654 curans
2643 3596 2946 3670 lymphata
2974 3601 3170 3654 mente
3193 3596 3438 3667 laborat,

2081 3684 2369 3742 Ancillata
2393 3686 2508 3742 Deo
2540 3689 2788 3758 paveant
2816 3703 2932 3758 quo
2963 3687 3139 3742 corda
3168 3685 3448 3760 maligno.

2083 3775 2338 3830 Grandia
2366 3791 2544 3847 parva
2575 3775 2740 3830 docet
2769 3774 3008 3843 stultus,
3035 3775 3176 3831 dum
3209 3775 3461 3848 quisque
3493 3777 3742 3836 sinistra

2083 3863 2394 3935 Componit
2415 3863 2652 3929 dextris,
2687 3863 2934 3919 distorta
2963 3867 3020 3919 et
3048 3867 3206 3920 recta
3235 3864 3470 3934 fatetur,

2080 3951 2226 4008 Alba
2256 3952 2462 4024 nigris,
2496 3953 2781 4024 quadrata
2811 3952 3099 4018 rotundis,
3134 3970 3288 4009 saeva
3316 3954 3592 4028 benignis

2082 4041 2396 4096 Mutavisse
2417 4042 2604 4112 juvat,
2637 4043 2695 4097 et
2719 4058 2954 4113 carpere
2974 4041 3139 4112 justa
3165 4058 3180 4097 :
3205 4041 3377 4098 beare

2080 4129 2183 4186 His
2215 4130 2477 4198 adversa,
2501 4129 2674 4185 vehat
2699 4130 2935 4186 sibimet
2965 4147 3081 4202 quo
3114 4134 3434 4189 tartareum
3466 4151 3548 4190 vae

2081 4218 2451 4274 Confundens
2479 4223 2676 4274 natam
2708 4217 2942 4274 Domini
2974 4219 3129 4290 quod
3154 4236 3395 4276 munere
3423 4225 3655 4279 rectum

2081 4305 2351 4374 Protulit,
2384 4311 2442 4362 et
2474 4307 2663 4362 firmis
2693 4307 2986 4380 compegit
3015 4306 3262 4363 nexibus
3293 4307 3437 4364 olim

2079 4395 2619 4468 Temporibusque:
2634 4395 2884 4468 quisque
2899 4395 3024 4452 suis
3036 4413 3258 4469 proque
3271 4397 3474 4455 ordine
3491 4399 3747 4471 puchro.

2081 4485 2399 4541 Constituit
2426 4485 2628 4540 doctor
2656 4485 2958 4540 debriatus
2991 4489 3222 4542 nectare
3253 4487 3408 4543 divo.

1999 4583 2048 4652 D
2079 4574 2174 4630 Sic
2196 4574 2314 4630 ruit
2344 4574 2404 4630 in
2427 4591 2684 4647 praeceps
2715 4575 2894 4631 decus
2923 4579 2980 4630 et
3008 4573 3379 4632 veneratione
3421 4592 3673 4649 prorsus

2080 4663 2398 4720 Ordinibus
2428 4663 2639 4720 collata
2669 4663 2852 4720 sacris
2882 4668 2939 4719 et
2959 4663 3210 4733 ccelitus,
3243 4681 3311 4719 ac
3341 4664 3425 4720 sic

2089 4754 2244 4810 240
2322 4752 2603 4825 Ephraim
2703 4753 3053 4820 Manassen,
3130 4753 3436 4810 Manasses
3504 4753 3727 4812 infesta

3348 4842 3676 4914 [Ephraim,

2089 4931 2384 4988 Debellare
2411 4930 2588 4988 simul
2618 4930 2834 4987 Judam
2864 4931 3230 5003 tenduntque
3261 4929 3451 5003 parati

2086 5091 2412 5165 Germaniae
2449 5091 2568 5165 regi
2600 5091 2821 5165 nupsit,
2856 5095 2914 5147 et
2944 5091 3434 5165 Otto_nem_reger_n
3483 5091 3708 5165 genuit.

2158 5165 2301 5233 (501)
2335 5163 2398 5217 In
2432 5162 2542 5218 ms'.
2577 5162 2855 5218 mendose
2918 5179 3039 5234 que.
3067 5162 3329 5234 Respicit
3383 5162 3748 5219 Rodbertum

2088 5234 2594 5305 archiepiscOpum
2607 5233 3030 5305 Trevirensém,
3051 5233 3152 5305 qui
3167 5233 3752 5305 mortuusferebatur

2087 5304 2380 5378 dumbaec
2411 5304 2614 5378 auctor
2643 5304 2881 5378 scripsit
2915 5322 2928 5360 :
2961 5305 3021 5360 in
3053 5304 3250 5376 ipsum
3281 5305 3439 5360 enim
3465 5305 3560 5360 hic
3598 5304 3753 5362 liber

2089 5375 2436 5432 lucubratns
2466 5375 2594 5430 fuit.

2162 5449 2307 5518 (511)
2332 5448 2482 5502 Num
2506 5451 2820 5518 sequentes
2846 5464 3052 5503 versus
3083 5447 3403 5502 hexametri
3438 5447 3517 5501 ita
3535 5445 3747 5518 minus

2088 5517 2377 5584 acCurate,
2411 5517 2801 5590 etpertubate
2833 5518 3049 5573 fuerint
3079 5519 3300 5590 scripti,
3339 5523 3403 5573 ut
3431 5517 3747 5590 aphrene-

2089 5590 2216 5672 tic‘o‘
2233 5589 2402 5672 effusi
2434 5589 2790 5672 viderentur,
2815 5589 3526 5672 .l‘gnoramus.’.Septenntia
3553 5594 3746 5672 "certe

2086 5660 2536 5746 valde‘ohscura
2564 5665 2621 5721 et
2649 5658 2907 5723 difﬁcilis
2937 5665 3045 5734 est,
3075 5665 3142 5720 ut
3172 5660 3267 5720 vix
3293 5659 3354 5720 in
3377 5660 3493 5723 ﬁne
3515 5658 3750 5746 aliquid

2088 5731 2378 5798 eliciatur.
