3896 6372
120 363 229 443 339
1059 357 1064 360 ’
1396 439 1398 442 .
1593 381 2059 449 ΡΗΒΕΝΕειε.
2221 410 2229 420 ι
3414 363 3539 452 sae

121 511 352 584 Agmine
381 513 676 583 conserto,
707 509 902 572 nullos
931 511 1198 572 habitare
1228 515 1586 590 triumphos,
1796 519 1853 584 Α
1953 517 2210 590 Dignum
2243 522 2399 575 sorte
2427 520 2526 574 tua
2557 511 2794 576 torserit
2821 512 2978 574 hunc
3007 513 3225 592 aliqua.

125 601 496 658 Immemores
524 602 758 660 Domini
788 602 982 662 civilia
1006 606 1254 662 condere
1283 605 1440 662 bella
1883 607 2030 664 241
2062 608 2272 663 Lamas
2295 623 2399 663 nec
2424 607 2591 662 Erebi
2619 611 2842 682 tangat,
2865 609 3179 682 nigrasque
3201 608 3464 684 paludes,

123 691 180 745 In
209 706 268 747 se
298 690 608 764 proprium
638 693 805 766 gnari
838 697 896 750 et
922 697 1195 766 torquere
1225 694 1548 769 ﬂagellum,
1952 696 2237 753 Cerberus
2269 697 2538 763 absistat,
2563 697 2835 770 Gorgona
2863 698 3164 771 despiciat,

122 778 264 842 Quos
294 778 389 836 his
423 786 628 836 nostra
656 799 871 839 manus
900 782 1154 840 intactos
1185 783 1450 857 linquere
1478 785 1621 840 dum
1655 802 1770 842 non
1826 806 1828 809 τ
1880 785 1996 841 Nec
2026 784 2260 859 Stygios
2288 786 2491 842 innare
2519 785 2705 854 lacus,
2739 791 2842 842 aut
2871 791 3019 843 tetra
3050 787 3239 845 videre
3266 819 3270 824 ·

117 868 412 926 Praastruit
441 869 750 939 auxilium,
782 871 1066 929 tribuisse
1099 873 1403 946 putabitur
1433 874 1642 948 ingens
1952 875 2195 931 Tartara
2225 874 2546 947 contingat,
2581 891 2757 948 quem
2785 876 2879 932 via
2909 877 3110 934 dextra
3135 879 3322 949 juvat.

116 956 370 1026 Afﬂictis,
398 957 622 1031 iniquis
653 959 895 1017 inimica
923 967 1121 1018 mente
1151 963 1388 1020 notarit.
1880 963 1997 1019 Nec
2026 963 2235 1031 Chaos,
2267 969 2370 1020 aut
2400 964 2755 1036 Phlegethon
2785 965 2970 1038 nigris
3005 966 3344 1024 habitacula
3369 985 3536 1025 mon-

117 1049 254 1102 Dum
284 1047 497 1104 recitat
525 1065 773 1123 seseque
797 1051 989 1123 magis
1019 1068 1199 1124 quam
1232 1056 1432 1108 nostra
1462 1053 1725 1126 probarit
2129 1065 2132 1068 ί
3275 1058 3459 1132 [stris.

118 1133 444 1217 Ridendum
476 1139 704 1195 cunctis
735 1140 944 1197 merito
974 1141 1120 1197 dum
1145 1140 1378 1199 valdius
1408 1142 1521 1216 ipsi
1954 1139 2102 1209 Sint,
2138 1158 2266 1213 quae
2291 1142 2379 1199 vel
2412 1143 2636 1212 subeat,
2667 1142 2755 1200 vel
2787 1145 3095 1202 subeunda
3124 1138 3278 1204 ﬂeat.
3479 1152 3481 1154 ’

115 1222 368 1282 Insanire
398 1224 562 1296 libet,
596 1227 780 1284 furias
809 1233 867 1284 et
896 1245 1037 1286 cura
1067 1230 1384 1288 ministrat.
1880 1233 2137 1311 Scrupea
2165 1232 2360 1304 Cocyti
2390 1232 2581 1288 videat
2611 1249 2716 1289 nec
2746 1238 2975 1306 tesqua,
2999 1236 3231 1307 jubeto,

113 1311 252 1386 Ergo
283 1319 496 1386 potens
527 1316 682 1372 adsit
710 1316 771 1372 in
804 1317 1061 1388 dextera,
1089 1335 1301 1392 meque
1328 1319 1618 1377 volentem
1951 1319 2056 1374 Cui
2088 1320 2339 1392 patriam
2372 1319 2582 1377 caelum
2614 1338 2749 1395 spes
2774 1323 2886 1378 fuit
2913 1340 3042 1380 esse
3069 1325 3205 1382 sibi.

112 1405 299 1474 Syrtes
329 1419 471 1461 cum
498 1404 798 1476 brevibus,
821 1406 1076 1481 Scyllam
1104 1425 1436 1481 saevamque
1456 1410 1770 1484 Carybdim
1834 1399 1836 1402 ’
1881 1408 2275 1464 Eumenidum
2306 1409 2600 1468 thalamos
2632 1411 2886 1468 crevisse
2918 1418 3127 1486 negato
3159 1415 3389 1488 piorum

113 1493 368 1551 Evitasse
400 1497 548 1554 ferat
577 1497 867 1555 miserans
896 1499 1230 1556 miserando
1249 1502 1554 1572 juvamcn,
1953 1496 2204 1569 Agmina
2233 1498 2576 1571 conspiciat,
2608 1517 2671 1556 se
2701 1500 2878 1556 simul
2909 1519 2978 1558 ac
3007 1503 3218 1560 videat.

111 1582 286 1656 Inque
318 1603 522 1643 sacras
552 1589 870 1645 venerandi
904 1593 964 1645 et
992 1589 1289 1662 dogmatis
1321 1589 1484 1646 ocius
1513 1607 1681 1647 arcas
1886 1586 2050 1640 Hunc
2081 1585 2176 1640 via
2203 1586 2442 1642 tartarei
2472 1603 2718 1660 vergens
2745 1589 3091 1646 Acherontis
3123 1594 3194 1648 ad
3226 1588 3419 1652 undas

109 1671 412 1732 Invenisse
441 1691 675 1748 queam,
708 1677 896 1749 prosit
926 1679 1082 1750 quod
1115 1677 1386 1750 pluribus
1417 1694 1580 1750 mque
1957 1673 2210 1740 Nesciet,
2240 1673 2402 1730 hunc
2428 1674 2640 1731 ccelum
2671 1677 2846 1745 norit,
2881 1677 3096 1735 habere
3123 1681 3279 1740 velit.

107 1760 288 1820 Hosce
313 1765 586 1838 juvando
615 1765 788 1836 levet,
822 1764 956 1824 illos
986 1767 1269 1824 (repanda
1299 1767 1576 1834 retardet,
1887 1760 1977 1817 Nil
2011 1778 2142 1818 mea
2172 1766 2229 1818 te
2260 1767 2509 1818 noceant
2537 1763 2928 1836 incommoda,
2961 1771 3270 1828 commoda
3303 1772 3509 1831 multis

105 1849 182 1907 Ne
209 1851 484 1910 voluisse
511 1869 691 1910 suum
715 1853 949 1910 valeant
977 1854 1304 1928 complesse
1332 1857 1563 1913 retenti.
1809 1889 1858 1955 Β
1890 1939 1928 1955 Λ
1960 1852 2143 1955 Qaem
2173 1852 2461 1908 struxisse
2473 1852 2702 1955 .ferun‘t,
2737 1855 2854 1955 qui.
2867 1856 3026 1914 bona
3054 1860 3178 1916 sola
3205 1859 3392 1924 vehis.

104 1940 204 1997 Ast
235 1955 533 2014 oppressa
561 1942 666 1998 diu
696 1943 988 2015 perversis
1019 1942 1270 2017 legibus,
1293 1948 1470 2018 atque
1809 1939 1857 1955 ν
1888 1939 2266 1996 Conformant
2286 1942 2520 2013 magnis
2538 1942 2742 2010 multa,
2762 1949 2820 2000 et
2839 1945 2986 2002 bene
3003 1951 3170 2020 gesta
3189 1948 3541 2023 loquuntur;

104 2032 282 2086 Fessa
312 2031 696 2087 sacerdotum
727 2047 975 2104 magnas
1004 2032 1113 2089 hoc
1145 2050 1386 2090 munere
1416 2038 1614 2090 turma
1961 2027 2062 2084 Ηὶε
2094 2027 2323 2086 diversa
2351 2028 2544 2096 Silent,
2576 2032 2747 2087 Ποῖ(ίᾶ
2777 2049 2848 2089 ne
2877 2040 3172 2107 superent.

106 2117 418 2192 Concipiat
444 2118 629 2189 vires;
663 2119 898 2176 Domini
930 2122 1001 2178 de
1032 2122 1304 2196 dogmate
1335 2123 1544 2180 ﬁrmus
1888 2116 2030 2180 QUlS
2062 2117 2277 2185 faveas,
2309 2117 2517 2191 rogito,
2543 2119 2755 2187 80mm,
2784 2137 2890 2178 nec
2922 2123 3108 2180 millia
3139 2125 3348 2196 Vincat,

111 2209 423 2289 Murusnet
451 2205 740 2266 infractus
766 2214 1020 2279 maneat,
1051 2209 1442 2283 Telesphorus
1472 2212 1598 2285 ipse
1955 2206 2040 2260 Sit
2069 2207 2395 2279 pergrande
2423 2206 2579 2276 licet,
2615 2208 2697 2264 nil
2726 2210 2882 2267 Deus
2913 2213 3148 2270 officiat.

114 2298 416 2353 Structum
448 2313 600 2370 papa
629 2297 764 2370 pius
795 2298 966 2355 nobis
997 2315 1172 2372 quem
1204 2300 1430 2357 dixerat
1458 2301 1620 2369 olim,
1885 2293 2311 2364 Cunctivalens,
2334 2299 2611 2368 praestare
2644 2298 2807 2367 facis,
2835 2305 2899 2355 ut
2927 2301 3070 2358 velle
3102 2303 3337 2374 favebit,

115 2386 240 2459 Ipsa
272 2386 489 2444 cohors
519 2385 776 2454 nullum,
800 2387 914 2443 nisi
947 2405 1121 2461 quem
1154 2389 1398 2462 fregisse
1426 2389 1662 2459 valeret,
1953 2387 2197 2439 Dextera
2223 2399 2360 2439 nam
2392 2385 2626 2442 dextras
2656 2386 3102 2459 Splendiﬁcante
3133 2396 3258 2454 tua.

115 2476 286 2546 Cujus
315 2476 378 2530 in
411 2474 699 2532 auxilium
731 2481 1106 2534 constructus
1137 2477 1398 2535 cernitur
1426 2495 1574 2548 esse,
1884 2472 2162 2536 Ουειῐηνίε
2195 2489 2372 2545 Parva
2402 2474 2612 2539 Βοίεηῐο
2634 2476 2893 2532 val11930it
2922 2494 3134 2562 ῐξθῑῐψθ
3164 2480 3424 2550 Sinistra,

117 2563 464 2637 Propulsum
493 2565 677 2637 septis
707 2565 926 2638 gemit;
953 2566 1082 2638 Ipse
1112 2567 1358 2639 quilibet
1386 2586 1524 2641 ergo
1955 2561 2383 2617 Flammivorus
2413 2562 2622 2618 boreas
2653 2563 2878 2635 disjgcit
2906 2569 2972 2619 ut
3003 2567 3220 2639 paleas.

121 2653 273 2710 Haud
302 2655 586 2728 dignetur
613 2659 883 2710 nostrum
917 2658 1129 2728 poterit
1157 2657 1297 2730 quia
1327 2662 1480 2714 certe
1886 2648 2032 2704 Hinc
2052 2649 2196 2704 tuba
2213 2650 2535 2706 terribilem
2559 2651 2818 2707 sonitum
2844 2653 3284 2726 insperantibus
3305 2659 3508 2728 edens,

121 2742 292 2799 Multa
322 2743 533 2800 tulisse
564 2743 676 2800 sibi
706 2760 1075 2817 percongrua
1103 2762 1283 2818 seque
1306 2747 1534 2818 juvare,
1958 2737 2109 2793 Dum
2142 2755 2250 2793 Sua
2280 2755 2385 2810 PI‘O
2418 2739 2642 2796 meritis
2675 2742 2914 2812 Prmeia
2943 2743 3153 2818 cnique
3181 2746 3364 2804 dabit.

122 2831 214 2888 His
241 2833 353 2889 nisi
389 2831 664 2902 defuerit,
691 2837 855 2889 curet
884 2833 985 2905 qui
1020 2833 1160 2890 talia
1192 2835 1357 2891 forte.

1886 2826 2154 2883 Evasisse
2184 2827 2330 2882 ferat
2357 2827 2635 2897 discedite,
2667 2829 2716 2885 si
2749 2835 2925 2904 negat
2951 2843 3086 2906 euge
3115 2853 3132 2890 :

121 2921 256 2979 Nam
287 2939 481 2996 genus
511 2921 622 2978 hoc
650 2922 962 2979 hominum
995 2923 1361 2981 crebrescere
1391 2923 1616 2980 solibus
1646 2924 1779 2982 istis
1958 2916 2096 2972 SOI'S
2127 2932 2196 2971 ea
2223 2931 2360 2972 nam
2393 2916 2614 2975 mllltos
2645 2918 2766 2976 hanc
2800 2920 2977 2978 habet
3005 2925 3291 2998 egregios.

121 3008 368 3080 Constat,
388 3027 542 3083 quos
571 3009 857 3067 Dominus
888 3015 1096 3078 vertat,
1118 3012 1389 3085 deposco,
1423 3013 1738 3087 benignus,
1885 3004 1966 3061 Ne
1997 3007 2229 3061 metuas
2259 3021 2497 3079 pavens.
2525 3007 2626 3076 ait.
2650 3024 2684 3064 ο
2712 3025 2874 3081 grex,
2897 3013 3256 3087 complacuit
3286 3032 3424 3088 nam

121 3097 348 3157 Prastet
375 3105 435 3156 et
467 3116 785 3174 oppressos
813 3101 1052 3174 gravius
1072 3102 1200 3173 jam
1232 3101 1388 3158 fasce
1417 3100 1616 3160 levari.
1957 3094 2037 3150 ΤΘ
2067 3093 2213 3150 8OliO
2242 3095 2406 3168 regni
2437 3095 2780 3155 DObilltasso
2811 3099 3021 3158 Patris.

120 3187 259 3245 Dum
288 3206 420 3246 mea
443 3191 578 3262 jam
608 3189 808 3246 videor
837 3189 1154 3262 specialius
1182 3191 1352 3247 edere
1380 3191 1544 3248 vobis
1594 3213 1598 3217 -
1815 3257 1845 3262 _
1886 3181 2045 3238 Felix
2069 3181 2167 3239 ille
2195 3185 2416 3251 tamen,
2449 3200 2731 3243 concessa
2760 3187 2862 3260 qui
2892 3189 3235 3250 benedictus

120 3277 158 3334 0
187 3295 316 3352 pars
347 3282 559 3336 sancta
584 3279 797 3348 virum,
821 3278 1057 3335 Domini
1104 3296 1231 3336 sors
1263 3284 1437 3353 atque
1468 3281 1658 3339 minist

1707 3300 1770 3352 ιη
1803 3257 1848 3326 C
1955 3271 2142 3328 Sorte.
2182 3273 2366 3328 Venite
2393 3271 2570 3344 capit,
2603 3276 2714 3343 est,
2747 3257 2876 3345 erit,
2909 3279 3086 3349 atque
3116 3278 3245 3334 fuit.

117 3367 281 3424 Arma
308 3369 548 3426 dedisse
579 3384 744 3440 paro,
777 3367 997 3439 quibus
1028 3370 1086 3423 et
1118 3385 1226 3424 sua
1249 3369 1389 3440 jura
1418 3371 1589 3440 tueri,
1883 3361 2162 3416 Crescens
2192 3376 2402 3433 nempe
2434 3377 2580 3417 suus
2609 3366 2948 3420 sanctorum
2979 3370 3190 3422 cuncta
3214 3369 3405 3424 tuenti

117 3453 179 3511 Et
205 3472 327 3515 sese
354 3462 622 3536 vestrum
651 3456 843 3513 valeat
871 3456 1027 3529 quis,
1060 3458 1329 3530 przeduce
1358 3458 1607 3529 Christo,
1953 3447 2026 3504 Ut
2056 3465 2364 3517 numerus:
2399 3447 2676 3504 meritum
2709 3466 2941 3536 semper
2966 3457 3025 3508 et
3053 3453 3178 3525 ipse
3209 3455 3338 3510 Ῡυίι·

118 3526 391 3604 Victorem
421 3550 482 3604 et
517 3550 844 3602 monstrare
877 3526 1222 3602 malis—dum
1255 3548 1514 3620 perﬁdus
1547 3526 1717 3605 illum
1880 3535 1999 3592 Ηοο
2020 3536 2176 3591 Πθυε
2200 3536 2490 3592 immense
2508 3536 2667 3604 and}:
2687 3541 2752 3593 tu
2774 3533 2882 3595 hoc
2906 3539 2998 3612 Pie
3019 3556 3262 3598 munere
3280 3547 3544 3600 DOStl‘am

117 3634 368 3709 “tigerit
394 3652 627 3693 cuneus
653 3651 666 3692 ;
689 3634 880 3691 vincet
911 3651 1050 3690 nam
1078 3652 1214 3693 mox
1243 3636 1398 3692 Deus
1427 3636 1576 3709 ipse,
1953 3624 2120 3679 Haud
2151 3624 2435 3680 frustrare
2463 3623 2608 3680 velis
2637 3641 3144 3702 connumeresque
3175 3631 3308 3704 piis.
3529 3641 3538 3644 “

121 3721 306 3781 Vincet
333 3729 391 3782 et
418 3726 555 3799 ipsa
585 3741 693 3780 suo
725 3723 931 3780 victrix
960 3725 1292 3780 constantia
1321 3728 1500 3781 recto.

2003 3713 2158 3767 .etret
2186 3711 2296 3768 hoc
2325 3711 2578 3785 genitrix
2605 3717 2728 3781 tua,
2760 3714 2986 3773 Christe
3016 3717 3286 3792 benigne,
3310 3719 3494 3778 Maria
3527 3739 3541 3780 :

123 3808 362 3886 Semper,
393 3818 452 3871 et
479 3814 610 3870 haec
640 3811 918 3868 comitata
949 3813 1077 3868 suis
1110 3812 1461 3868 fautricibus
1492 3829 1698 3869 omnes
1950 3801 2237 3873 Εκροεοᾶί
2267 3803 2451 3858 “Eius
2481 3801 2618 3858 δυίο
2649 3803 2882 3860 “eniam
2915 3822 3194 3880 superus;

124 3896 370 3971 Infestos,
401 3919 650 3971 ηοουοε,
681 3900 953 3958 inimicos
985 3905 1248 3974 proterat
1275 3900 1497 3968 hostes,
1879 3889 2166 3948 Etherias
2198 3894 2416 3948 reseret
2443 3890 2640 3949 valvas
2669 3893 2876 3950 Petrus
2906 3901 3084 3969 atque
3113 3897 3344 3966 beatus,

123 3985 328 4060 Vincat,
360 3992 684 4065 perturbet,
710 3990 966 4060 mutilet,
991 4007 1152 4063 rogo,
1175 3989 1434 4062 postulo,
1459 4007 1658 4063 posco.
1949 3981 2098 4036 Tum
2131 3981 2317 4036 sancti
2349 3986 2681 4052 occurrant,
2707 3985 3127 4058 suppetiasque
3157 3987 3368 4045 ferant.

123 4077 306 4149 Amen,
337 4082 420 4138 δίο
451 4082 578 4148 ﬁat,
613 4081 854 4138 reboent
882 4083 940 4135 et
971 4097 1082 4135 cun
1095 4083 1192 4135 δια
1220 4095 1482 4152 reposco,
1876 4069 1969 4126 Sic
1999 4087 2131 4126 mea
2160 4075 2218 4126 te
2249 4073 2435 4137 vexat,
2473 4070 2578 4140 sic,
2613 4088 2646 4127 o
2677 4071 2993 4144 Rodberte,
3022 4075 3362 4148 Phrenesis,

183 4170 265 4224 21.
284 4169 478 4239 Parce,
502 4171 684 4239 Deus,
704 4167 927 4226 famulo
947 4169 1119 4238 (512),
1145 4168 1434 4225 miserens
1455 4169 1721 4225 miseresc

1723 4184 1770 4225 ge
1949 4159 2065 4227 Sic,
2099 4159 2365 4231 inquam,
2399 4157 2537 4215 felix
2565 4159 2670 4228 sis,
2705 4166 2892 4234 rogat,
2928 4179 2996 4219 ac
3027 4164 3261 4222 frueris.

582 4347 807 4368 mw
1023 4345 1112 4368 ΛΑ
1151 4257 1692 4368 ,ηλξῗίῗξωρίον
1965 4295 2101 4350 Item
2128 4291 2422 4348 Ratherz'us
2449 4295 2640 4350 cantra
2668 4293 2988 4351 Baldricum
3009 4296 3160 4368 (513)
3180 4296 3452 4354 invidum.

185 4345 319 4404 Cum
351 4349 553 4424 requie
581 4347 814 4404 veniam
845 4345 986 4403 huic
1022 4345 1115 4419 pie
1144 4346 1338 4404 dando
1369 4345 1550 4419 piam.

128 4430 207 4488 Nil
235 4436 389 4506 mihi,
413 4438 495 4494 nil
529 4436 671 4510 quia
700 4453 834 4492 sum
865 4435 994 4502 tibi,
1024 4435 1127 4491 sed
1154 4451 1432 4508 peccasse
1463 4434 1767 4508 probatur,
1945 4429 2036 4482 22-
2070 4425 2493 4482 Pensttavel‘lm
2523 4441 2666 4482 sane
2695 4443 2832 4483 cum
2874 4444 3048 4500 εωρθ,
3071 4431 3137 4485 nt
3173 4429 3416 4488 absente
3446 4448 3543 4490 ro-

191 4521 256 4580 Ut
283 4531 534 4583 mactare
566 4523 724 4592 velit,
750 4524 851 4598 qui
882 4540 1062 4597 pecus
1093 4522 1357 4579 alterius.
1878 4516 2015 4572 licto
2045 4515 2199 4573 242
2230 4519 2422 4572 tecum
2473 4531 2668 4588 agam,
2715 4515 2910 4572 adhuc
2941 4533 3218 4590 praesens,
3253 4518 3538 4589 Baldrice,

133 4607 241 4667 Non
269 4615 466 4687 pecudi
498 4630 662 4682 nam,
687 4615 788 4670 sed
819 4613 1069 4670 Domino
1101 4629 1235 4669 reus
1265 4610 1363 4668 ille
1394 4615 1646 4680 tenetur,
1797 4631 1846 4698 Β
1876 4605 1936 4661 in
1967 4605 2210 4698 edendis
2231 4603 2562 4677 opusculis;
2595 4609 2948 4698 quecontra
2968 4605 3286 4677 illum,vel,
3313 4625 3418 4682 pro
3439 4609 3540 4667 illo

194 4700 296 4759 Lex
321 4703 494 4762 habet
523 4705 586 4760 in
616 4703 790 4761 terris
821 4702 1098 4759 omnibus
1130 4719 1248 4758 una
1278 4700 1478 4758 simul.
1797 4693 1837 4698 —
1878 4693 2167 4768 praecipue
2215 4709 2681 4766 composueram.
2722 4694 2870 4750 Nam
2919 4699 2975 4751 te
3025 4701 3348 4770 exceperat,
3381 4699 3539 4772 (111οά

135 4785 210 4844 'l‘u
237 4791 386 4850 solus
412 4793 671 4866 veniam,
691 4798 756 4848 tu
791 4791 958 4849 solus
990 4792 1137 4847 ferre
1167 4790 1480 4858 medelam,
1878 4783 2163 4840 immunis
2182 4783 2330 4856 (514)
2351 4783 2423 4839 ab
2444 4781 2685 4855 illo,quo
2703 4787 2832 4840 uter
2851 4789 3120 4852 nostrum
3142 4786 3442 4847 laborasse
3463 4789 3540 4846 fe-

195 4877 246 4933 Si
276 4884 556 4952 parcendo
585 4881 750 4951 velis,
780 4898 916 4938 mox
943 4880 1209 4954 potuisse
1237 4880 1389 4936 clius
1420 4881 1481 4952 [ι.
1515 4878 1694 4954 pius].
1878 4873 2135 4940 rebatur,
2159 4871 2393 4945 penitus
2423 4871 2711 4938 fueras,id
2736 4877 2827 4929 est
2855 4873 3162 4945 phrenesis
3181 4873 3538 4933 litteratoria

139 4962 262 5024 Hinc
288 4974 340 5027 te
368 4988 540 5045 posco
575 4972 732 5029 Deus
761 4971 989 5026 tribuas
1023 4970 1233 5026 obnixe
1263 4973 1523 5042 rogatus,
1875 4961 2306 5031 vitio,nummis
2323 4978 2502 5032 quam
2525 4959 2692 5018 libris
2713 4960 2918 5034 utique
2934 4962 3339 5032 nitens,armis
3357 4981 3536 5037 quam

197 5055 350 5115 Liber
378 5065 443 5118 ut
470 5061 790 5135 astrigeras
820 5060 872 5118 is
899 5061 1077 5133 queat
1104 5059 1186 5114 ire
1217 5058 1360 5114 vias.
1877 5050 2351 5123 armariis,copia
2373 5049 2696 5106 amicorum
2719 5067 2898 5122 quam
2922 5051 3148 5123 judicio
3179 5052 3534 5126 priscorum.

139 5139 416 5207 Porthmea
442 5154 781 5208 contemnat
811 5148 969 5217 felix,
1005 5164 1109 5204 nec
1141 5164 1282 5203 cura
1311 5146 1575 5204 timentis
1877 5141 2071 5197 Tuum
2096 5139 2243 5212 (515)
2269 5144 2336 5195 ut
2365 5137 2698 5211 exemplum
2725 5139 2827 5196 Dei
2858 5139 3042 5197 fuisse
3073 5142 3334 5198 cernitur
3363 5143 3539 5202 infor-

197 5251 332 5334 (512)
360 5255 419 5312 Id
475 5262 565 5334 est
624 5257 916 5334 Bodberto
948 5253 1428 5334 archiepiscopo,
1470 5269 1667 5327 quem,
1700 5257 1767 5310 ut
1950 5245 2580 5334 (515),Ιῼ,εθᾳμ,εηιίὺυε
2597 5246 2666 5334 at!
2693 5246 3081 5334 “nemusque
3112 5248 3194 5334 Ῐίξι
3221 5248 3536 5334 multam;-

141 5319 465 5395 monuimus,
487 5330 609 5385 vita
640 5330 907 5385 functum
942 5327 1099 5383 fama
1129 5319 1425 5381 retulerat:
1486 5319 1507 5327 ’
1652 5319 1662 5324 ⁷
1874 5319 2119 5376 currunt
2147 5319 2456 5395 itentidAem
2486 5319 2788 5395 mendosa,
2821 5323 2886 5395 uAt
2917 5319 3020 5375 nec
3052 5322 3231 5392 probe
3262 5320 3530 5395 intelligi,

202 5394 330 5478 (513)
352 5389 676 5478 Baldricum
699 5400 1041 5478 episcopum
1067 5396 1520 5478 Ultrajectinum
1544 5395 1764 5478 intellif
1874 5409 1980 5448 nec
2012 5395 2133 5478 tute
2161 5389 2459 5478 emendari
2491 5391 2813 5478 potuerint...
2839 5389 3071 5478 Sensus
3096 5397 3292 5478 tamen
3325 5389 3533 5478 ρςξεέἱέ

141 5461 392 5547 git,_que‘m
413 5474 674 5547 majorem
702 5461 1274 5547 Ifaldrieaqvocavit
1304 5469 1379 5547 in_
1391 5467 1561 5524 titulo
1592 5467 1763 5547 sexti,
1872 5480 2027 5547 puus
2043 5461 2138 5517 hic
2153 5477 2280 5547 esse
2290 5461 2821 5547 videturﬂp't‘asset
2838 5468 3040 5547 auctor
3055 5480 3116 5518 se
3134 5463 3306 5547 citius
3323 5461 3534 5547 edidis-

142 5532 346 5618 δειρῇῳὶ
367 5548 429 5618 et.
440 5532 625 5618 octavi
649 5540 1139 5618 v_oluminis._Vide
1161 5540 1489 5618 proemium
1514 5555 1680 5618 num:
1703 5532 1762 5618 S,
1872 5532 1936 5591 se
1956 5532 2422 5618 ‘hpscelibellos,
2453 5532 2613 5618 dum
2628 5533 2956 5618 Rodbertus
2979 5533 3530 5618 viveretnouosd‘am

231 5553 346 5596 nm!
367 5553 625 5600 etoctavi
649 5553 1139 5599 voluminisA/me
1161 5556 1489 5612 proemium
1514 5555 1680 5594 num.
1703 5553 1762 5596 ῠ.
1872 5553 1936 5591 se
1965 5553 2141 5590 nosce
2171 5553 2422 5601 lmeuos,
2453 5553 2594 5588 num
2628 5553 2956 5616 noanertus
2979 5553 3211 5590 vweret.
3236 5553 3530 5616 quosnam

197 5553 335 5688 ἴδη)
363 5615 641 5688 Similiter
669 5615 729 5671 in
761 5613 1043 5688 procemio
1069 5629 1246 5688 num,
1269 5614 1323 5681 2,
1348 5610 1507 5668 hunc
1537 5609 1762 5668 Baldri-
1871 5622 1940 5662 ex
1956 5605 2050 5662 his
2065 5603 2450 5688 quidem‘ipso
2466 5603 3121 5688 adhuesuperstitejam
3139 5603 3533 5688 antea-multis

142 5673 254 5740 cum
281 5673 570 5748 immunem
596 5687 732 5749 dicit
757 5673 792 5747 ἆ
813 5685 1104 5769 phrenesis
1131 5673 1320 5748 vitio/
1871 5673 2261 5763 praesentibus
2302 5673 2542 5757 legerat,
2574 5673 2826 5756 aliisque
2863 5673 3143 5758 legendos
3173 5673 3528 5753 tradiderat;
