3896 6376
348 416 467 478 395

1275 412 1650 476 RATHERII
1694 411 1939 476 EPISC.
1984 409 2271 475 VERON.
2319 409 2492 475 OPP.
2538 410 2741 473 PARS
2784 410 2833 473 Ι.

3644 407 3765 472 396

345 555 409 605 ut
439 546 695 622 perjurio
749 562 923 602 suaso
978 561 1163 617 nuper
1192 562 1226 600 a
1255 546 1512 617 quodam
1567 546 1622 602 vi
1680 544 1990 627 extorseris
2019 547 2077 613 Α
2104 544 2509 618 praesidiorum
2575 560 2679 617 pro
2737 543 3168 601 constructione
3222 540 3312 600 vel
3377 545 3766 606 restructione

343 654 528 694 unum
564 637 731 709 (518),
768 636 923 708 quod
953 639 1143 691 tamen
1186 650 1292 707 per
1337 650 1401 691 se
1449 635 1595 691 satis
1643 633 1904 701 noxium,
1936 632 1997 688 in

345 725 780 799 comparatione
838 724 1085 780 aliorum
1141 739 1272 780 esse
1324 727 1556 779 constat
1609 723 1993 791 vilissimum;

342 816 472 873 volo
501 820 557 872 te
604 815 713 872 hoc
760 813 1049 871 desiderio
1099 814 1331 882 satiare,
1363 819 1423 869 et
1462 812 1624 884 talia,
1658 817 1843 880 tanta,
1874 817 1996 869 tam

343 903 613 963 inaudita
634 907 930 977 gestuum,
963 902 1012 957 si
1056 907 1251 958 tamen
1283 906 1339 957 et
1364 902 1765 959 inventionum
1788 903 1875 973 [f.,
1909 902 1995 957 iu-

344 993 695 1063 tentionum]
724 992 1128 1048 considerasse
1173 990 1281 1046 tibi
1329 990 1533 1047 datum
1580 990 1809 1059 fuisset,
1841 990 1997 1063 ipso-

350 1099 481 1139 rum
523 1081 818 1137 insaniam
866 1081 939 1136 de
988 1095 1081 1135 me
1129 1080 1255 1152 ipso
1304 1079 1535 1148 referre,
1569 1083 1635 1135 ut
1663 1078 1998 1135 oneratissi-

352 1188 515 1227 mum
543 1175 598 1226 te
643 1170 811 1237 meis,
843 1168 1074 1225 etiamsi
1129 1167 1292 1224 nulla
1349 1168 1584 1241 propria
1630 1168 1737 1223 tibi
1782 1172 1998 1235 essent,

352 1261 592 1316 reddam
622 1258 962 1325 sceleribus,
996 1262 1060 1313 ut
1101 1256 1319 1313 habeas
1349 1258 1552 1329 utique
1599 1257 1659 1312 in
1708 1256 1820 1313 ista
1850 1260 2002 1325 Qua-

351 1348 703 1421 dragesima,
735 1347 889 1420 quod
921 1347 1185 1419 plangas,
1210 1347 1351 1402 dum
1382 1363 1444 1402 es
1488 1362 1633 1418 pene
1664 1346 1821 1401 omni
1854 1352 2000 1402 tem-

349 1453 489 1510 pore
511 1454 545 1493 a
574 1436 793 1493 talibus
824 1436 1068 1492 otiosus.
1103 1435 1215 1491 Sed
1266 1451 1337 1490 ne
1384 1435 1578 1507 ipsum
1612 1435 1768 1507 quod
1806 1433 2001 1508 impu-

347 1525 469 1581 listi
526 1523 851 1598 perjurium
911 1542 1025 1579 non
1085 1540 1215 1579 esse
1272 1523 1524 1579 mstimes
1581 1528 1772 1589 tuum,
1822 1524 2000 1578 Evam

348 1614 671 1681 considera,
705 1629 935 1680 moneo,
987 1616 1044 1669 et
1092 1613 1150 1667 in
1200 1616 1468 1684 serpente
1514 1612 1835 1668 diabolum.
1869 1613 2000 1668 Ser-

346 1721 491 1776 pens
550 1704 765 1775 quippe
822 1701 1028 1768 suasit,
1091 1703 1203 1757 Eva
1259 1702 1535 1774 peccavit,
1583 1702 1684 1757 sed
1743 1702 2002 1757 suadens

347 1791 508 1847 nullo
580 1793 781 1859 modo,
843 1790 1193 1863 delinquens
1259 1791 1490 1846 veniam
1561 1790 1775 1847 meruit
1845 1791 2002 1848 250

349 1899 581 1954 quoquo
657 1882 850 1937 modo.
916 1879 1103 1937 Judaei
1186 1880 1451 1951 Cruct'ﬁge
1524 1879 1924 1937 clamaverunt
1982 1895 1997 1936 :

348 1971 721 2026 crucitixores
751 1969 1021 2025 Cruciﬁxi
1066 1970 1413 2042 sanguinem
1456 1970 1515 2024 in
1546 1969 1794 2026 salutem
1842 1970 2001 2025 bibe-

354 2064 509 2115 runt.

422 2152 474 2203 2.
508 2148 724 2203 Verum
757 2152 822 2202 ut
841 2148 1159 2219 jam,quod
1190 2147 1455 2220 promisi,
1482 2148 1755 2215 efficiam,
1789 2147 1863 2203 ab
1907 2148 2000 2203 in-

353 2239 538 2294 fantia
565 2238 692 2309 ipsa
724 2237 978 2308 pejorem
1013 2252 1105 2290 me
1149 2239 1205 2290 et
1247 2235 1690 2308 implicatiorem
1736 2236 2000 2306 ejusdem

353 2326 540 2382 aetatis
568 2325 723 2379 vitiis
751 2342 865 2379 non
890 2324 992 2379 tibi
1018 2340 1165 2396 opus
1195 2329 1284 2379 est
1314 2340 1589 2396 quaerere.
1612 2325 1695 2380 Ad
1721 2323 2000 2396 juvenile,

350 2432 485 2473 eum
531 2415 731 2470 datum
781 2417 888 2481 est,
917 2429 1105 2469 aevum
1153 2430 1285 2469 cum
1317 2414 1628 2481 venissem,
1660 2414 1873 2469 abhinc
1922 2414 2002 2470 ita

347 2509 403 2561 et
434 2509 554 2560 tam
587 2506 814 2559 mature
858 2502 1002 2574 coepi
1049 2502 1240 2557 modis
1270 2501 1682 2557 diversissimis
1712 2500 1998 2569 lascivire,

344 2593 590 2660 lenitati,
616 2591 767 2663 jocis
798 2609 863 2647 ac
905 2590 1242 2646 scurrilitati
1274 2608 1497 2657 vacare,
1530 2595 1594 2645 ut
1631 2590 1860 2646 etiamsi
1897 2592 1997 2646 tibi

345 2683 547 2738 audire
580 2680 787 2737 fuisset
816 2680 1056 2735 omnino
1089 2680 1319 2746 inutile,
1348 2680 1492 2736 mihi
1519 2686 1714 2736 tamen
1748 2697 1851 2753 per
1878 2682 1998 2737 sin-

344 2771 485 2844 gula
527 2786 869 2824 enumerare
916 2772 1071 2823 esset
1119 2767 1352 2839 penitus
1402 2768 1784 2841 impossibile.
1815 2770 2001 2839 Abju-

347 2863 475 2914 rata
496 2859 641 2929 (519)
671 2857 899 2928 llugoni
934 2874 1035 2927 pro
1063 2857 1175 2911 (ide
1205 2857 1565 2923 ambitionis,
1590 2863 1763 2929 atque
1784 2858 2003 2913 animo-

347 2948 561 3013 sitatis,
590 2947 705 3002 imo
733 2945 1042 3003 oblivionis
1072 2961 1301 3013 eorum,
1325 2962 1453 3017 qua:
1479 2962 1636 3001 nunc
1669 2947 1875 3003 merito
1907 2964 2005 3020 pa-

344 3036 460 3092 tior
485 3034 741 3106 (mentiri
772 3034 988 3105 quippe
1020 3049 1133 3088 non
1166 3033 1343 3101 novit,
1368 3033 1467 3104 qui
1500 3034 1682 3089 dixit:
1725 3036 1831 3103 Qui
1885 3037 2005 3093 red-

348 3126 429 3180 dit
461 3125 606 3178 mala
647 3138 748 3193 pro
780 3123 954 3193 bonis,
981 3137 1092 3176 non
1122 3122 1328 3178 recedet
1364 3124 1530 3194 plaga
1575 3122 1638 3178 de
1683 3123 1837 3179 domo
1885 3126 2002 3197 ejus

351 3216 534 3285 [Prov.
567 3212 849 3282 xvn,13];
887 3211 1041 3283 quod
1073 3210 1133 3265 in
1169 3216 1223 3265 te
1254 3210 1314 3283 [ι.
1346 3211 1403 3265 in
1437 3213 1550 3281 me]
1584 3211 1807 3284 liquido
1839 3230 2001 3286 cpm-

351 3283 618 3375 pictum),
653 3317 770 3355 non
812 3300 1009 3368 debes,
1042 3299 1410 3355 miserrimus
1441 3299 1593 3368 dico,
1624 3283 1999 3369 conscientia,
2031 3283 2074 3350 (ἶ

282 3396 289 3401 ’
352 3408 478 3463 quae
508 3407 664 3446 nunc
695 3390 823 3462 ipsa
854 3389 940 3460 [f.,
965 3388 1112 3461 ipse]
1144 3388 1369 3461 loquar,
1395 3389 1596 3445 mirari
1628 3407 1732 3463 pro
1764 3390 2000 3459 scelere,

348 3507 724 3580 ambigimus,
758 3506 901 3578 quin
937 3510 1071 3580 _tam
1105 3504 1575 3580 prolixumopus
1615 3506 1680 3580 _in
1731 3507 1998 3565 Lobieusi

347 3576 701 3651 monasterio
751 3576 1133 3651 custoditum,
1164 3581 1351 3651 totum
1400 3576 1544 3651 illud
1577 3578 1675 3644 sit,
1703 3581 2002 3651 quodRa-

344 3650 569 3707 therius
598 3650 791 3721 reipsa
835 3648 1445 3721 lucubravit,cuique
1472 3648 1737 3721 Excerpti
1762 3650 1998 3707 titulum

346 3727 403 3777 et
449 3719 702 3776 formam
746 3720 976 3787 indidit,
1020 3725 1084 3774 ut
1130 3719 1245 3775 alia
1288 3719 1553 3790 quaedam
1606 3719 2000 3792 praetermissa

346 3794 636 3847 innueret.

418 3862 567 3931 (518)
603 3862 776 3934 Unum
825 3859 1042 3916 scilicet
1084 3862 1320 3931 facinus,
1355 3860 1411 3915 id
1443 3866 1531 3917 est
1571 3878 1756 3917 unum
1800 3864 1998 3934 perju-

348 3932 539 4000 rium;
576 3932 748 3999 unde,
775 3935 905 4003 post
935 3948 1140 4002 pauca,
1166 3936 1346 4001 ipsum
1376 3933 1513 4001 quod
1562 3932 1833 4005 impuliin
1869 3932 1996 4005 per-

375 4021 582 4059 unum.

340 4022 782 4147 Locus
803 4072 1162 4145 perdifficilis
1189 4077 1246 4128 et
1266 4074 1605 4147 mendosus,
1633 4074 1689 4129 in
1718 4091 1834 4146 quo
1856 4093 2000 4132 non-

345 4143 517 4202 nulla:
540 4143 713 4202 etiam
736 4143 905 4219 voces
938 4150 1101 4201 extra
1137 4145 1436 4217 preprium
1469 4143 1660 4200 locum
1692 4143 1995 4219 perperam

344 4220 623 4274 traducta:
655 4218 943 4288 videntur.
976 4218 1110 4282 Quae
1143 4221 1207 4271 ut
1236 4232 1558 4288 congruum
1589 4218 1830 4274 sensum
1862 4220 1996 4274 red-

345 4291 504 4355 dant,
541 4289 748 4361 aptiori
806 4287 931 4344 loco
980 4287 1370 4361 restituendae
1394 4292 1564 4361 sunt,
1589 4305 1655 4344 ac
1708 4292 1829 4344 tota
1873 4290 1995 4345 haec

344 4358 618 4433 periodus
666 4361 749 4416 sic
798 4360 1060 4415 construi
1118 4376 1221 4433 seu
1280 4358 1557 4433 explicari
1607 4365 1844 4432 potest:
1887 4362 1994 4433 Ego

342 4432 686 4502 miserrimus
728 4433 1065 4487 conscientia
1092 4432 1428 4497 ambitionis,
1460 4440 1622 4501 atque
1668 4432 1993 4488 animosita-

342 4507 432 4574 tis,
468 4507 575 4576 imo
604 4504 1162 4576 oblivionisueorum,
1187 4517 1309 4573 qua:
1363 4518 1531 4576 nunc,
1562 4504 1758 4559 merita
1811 4506 1995 4576 patior

2107 637 2251 706 quot
2303 633 2638 701 homicidia,
2698 630 3147 700 exoculationes,
3209 632 3765 705 exmembrationes,

2107 723 2335 796 praedas,
2369 721 2659 788 incendia,
2690 722 2933 778 vastitas
2977 738 3044 779 ac
3088 721 3465 795 depopulatio
3506 723 3766 797 contige-

2109 812 2248 868 rint.
2281 811 2489 867 Norica
2514 811 2684 884 (520),
2708 809 2896 877 Italia,
2920 810 3250 879 Germania,
3294 814 3473 884 atque
3524 812 3770 869 Francia

2112 918 2206 956 me
2236 899 2447 957 melius
2479 899 2668 968 fateri,
2693 899 2841 956 2M
2879 915 2973 955 me
3004 899 3217 955 iterum
3250 899 3649 958 miserrimam
3679 905 3767 957 ta-

2110 988 2250 1056 lem,
2280 989 2472 1062 qualis
2517 987 2729 1045 fuerim
2757 988 2844 1044 vel
2876 987 2990 1043 dici
3029 987 3163 1044 talis
3202 989 3516 1062 potuerim,
3547 989 3766 1046 valent.

2112 1079 2234 1134 Duo
2261 1077 2541 1152 legitima,
2556 1094 2686 1133 mea
2707 1076 2898 1149 culpa,
2914 1077 3226 1134 dissociavi
3245 1078 3553 1151 conjugia;
3578 1096 3769 1136 unum

2111 1167 2279 1240 quasi
2303 1184 2439 1223 cum
2464 1184 2524 1222 re
2545 1168 2634 1239 [f.,
2658 1166 2829 1238 quasi
2850 1167 3029 1239 jure],
3056 1166 3306 1223 alterum
3331 1167 3659 1225 miserabili
3682 1185 3771 1226 so-

2111 1256 2413 1312 lummodo
2442 1256 2973 1327 vanitate.Cogitet,
3004 1254 3106 1328 qui
3134 1260 3348 1327 potest,
3381 1256 3537 1313 istud
3570 1257 3765 1315 solum

2110 1346 2316 1419 quanti
2376 1351 2433 1401 et
2485 1344 2780 1416 ponderis,
2830 1346 3109 1401 metiatur
3160 1344 3372 1413 scelus,
3434 1345 3771 1404 consideret

2110 1435 2542 1491 enormitatem.
2570 1434 2717 1497 Quid
2750 1435 2976 1489 miserae
3007 1433 3121 1489 heu
3149 1433 3452 1491 dicebant!
3487 1451 3639 1508 quos
3664 1451 3765 1509 ge-

2112 1523 2311 1591 mitus,
2336 1540 2461 1596 qua:
2494 1522 2750 1595 suspiria
2779 1522 3037 1578 dabant?
3067 1539 3202 1579 cum
3234 1540 3352 1579 una
3380 1539 3587 1581 earum
3618 1525 3769 1582 riva-

2108 1612 2223 1669 lem
2256 1614 2313 1668 in
2343 1613 2499 1668 edito
2529 1613 2749 1680 sedere,
2778 1610 2944 1668 basia
2967 1611 3078 1669 sibi
3110 1612 3307 1684 potius
3337 1612 3536 1669 debita
3564 1615 3771 1671 misce-

2111 1719 2191 1770 re,
2229 1702 2430 1757 domui
2478 1700 2790 1773 dominari,
2812 1701 3039 1774 agenda
3058 1701 3466 1773 disponere,se
3489 1702 3765 1773 voluisse,

2110 1791 2429 1863 aspernari,
2462 1808 2525 1846 se
2567 1791 2790 1846 videret
2839 1790 3136 1846 adhaerere
3184 1791 3390 1848 cineri.
3422 1792 3621 1849 Altera
3652 1794 3768 1849 lon-

2108 1880 2241 1953 gius
2272 1879 2424 1947 licet,
2463 1879 2736 1935 azmulam
2767 1879 3005 1935 divitem
3044 1878 3293 1949 audiret,
3326 1896 3509 1954 seque
3548 1899 3766 1956 paupe-

2113 1985 2234 2024 rem
2264 1968 2520 2025 videret?
2556 1968 2666 2023 Sed
2719 1966 2881 2040 quid,
2936 1967 3151 2041 inquis,
3186 1969 3485 2027 dicerent?
3533 1971 3769 2045 Rogas?

2113 2058 2268 2130 quod
2302 2056 2406 2112 tibi
2439 2057 2618 2113 miser
2645 2057 2809 2128 justo
2838 2057 3082 2129 contigit
3118 2057 3286 2114 forte.
3317 2062 3402 2114 Tu
3433 2058 3592 2115 enim
3623 2061 3768 2117 dua-

2113 2147 2224 2202 bus
2254 2146 2442 2202 tulisti
2480 2146 2743 2212 maritos,
2776 2150 2831 2202 te
2877 2147 2997 2202 duo
3044 2145 3340 2219 episcopia
3386 2148 3771 2220 perdiderunt

2111 2236 2301 2290 virum
2332 2236 2503 2307 (521),
2532 2251 2589 2290 et
2619 2234 2843 2290 utinam
2874 2234 3023 2291 nihil
3066 2234 3172 2291 tibi
3206 2235 3279 2291 ob
3324 2235 3434 2293 hoc
3465 2237 3770 2312 contingat

2110 2323 2430 2380 infaustius
2455 2322 2468 2377 l

2180 2412 2234 2469 3.
2263 2412 2342 2469 De
2387 2414 2655 2469 Warneri
2707 2413 2904 2470 fratris
2952 2414 3251 2486 quondam
3299 2414 3467 2473 ducis
3514 2419 3768 2475 Canonis

2111 2504 2259 2575 (522)
2312 2519 2546 2574 quoque
2572 2502 2817 2575 :tlagitio
2862 2502 3008 2558 mihi
3045 2502 3445 2561 infelicissimo
3494 2507 3765 2580 contigit,

2111 2592 2265 2663 quod
2326 2591 2575 2648 habetur
2615 2590 2675 2646 in
2728 2590 2952 2663 psalmo
2986 2608 2999 2646 :
3032 2591 3167 2648 Cum
3212 2592 3500 2665 adulteris,
3550 2595 3765 2669 inquit,

2105 2682 2410 2751 portionem
2466 2688 2622 2736 tuam
2672 2682 2910 2752 ponebas
2941 2682 3111 2751 (Psal.
3142 2698 3292 2749 xux,
3329 2682 3440 2753 18).
3482 2683 3566 2740 De
3625 2684 3769 2743 locis

2110 2768 2427 2842 provisioni
2478 2786 2619 2823 mea:
2669 2769 3026 2836 commissis,
3058 2785 3380 2843 eorumque
3429 2771 3769 2845 dilapidatis

2111 2858 2481 2925 substantiis,
2533 2858 2847 2913 animabus
2904 2858 3207 2931 neglectis,
3255 2877 3327 2917 ne
3375 2878 3535 2933 rogo,
3592 2863 3769 2919 inter-

2112 2964 2280 3019 roges
2312 2965 2324 3003 :
2358 2946 2538 3002 istum
2577 2946 2948 3002 solummodo
2988 2947 3139 3010 vide,
3169 2952 3226 3004 et
3268 2949 3670 3021 conjecturam
3700 2954 3769 3009 de

2110 3052 2177 3091 eo
2205 3052 2364 3107 cape.
2398 3035 2508 3089 Sed
2557 3035 2697 3107 quia
2738 3034 2946 3091 defecit
2992 3036 3295 3106 memoria,
3320 3054 3455 3093 cum
3509 3042 3773 3098 abundet

2110 3125 2493 3180 dicendorum
2551 3122 2883 3180 miserrima
2927 3124 3114 3197 copia,
3165 3142 3401 3183 summa
3439 3128 3591 3200 (523)
3639 3130 3768 3198 tibi,

2111 3231 2329 3287 quaeso,
2362 3213 2617 3268 sufﬁciat
2647 3212 2796 3285 ipsa,
2827 3212 2909 3268 nil
2941 3213 3055 3269 nisi
3085 3215 3389 3287 proprium
3420 3216 3629 3289 utique
3657 3216 3771 3275 col-

2113 3304 2381 3369 lectione,
2413 3301 2545 3358 licet
2593 3301 2855 3371 alterius,
2886 3318 3096 3375 parum
3141 3301 3278 3360 licet
3324 3305 3585 3377 propria,
3616 3306 3769 3362 rela-

2111 3396 2264 3448 tura.

2108 3507 2251 3582 lioni
2285 3508 2486 3582 favere
2505 3508 2672 3582 _visus
2701 3512 2792 3582 est
2821 3508 2892 3565 de
2921 3525 3039 3581 quo
3067 3508 3198 3564 vide
3245 3525 3377 3582 quae
3404 3510 3466 3567 in
3499 3511 3633 3569 Vita
3674 3515 3766 3570 fu-

2109 3580 2232 3635 sius
2267 3579 2657 3637 disseruimus
2685 3582 2713 3647 §
2742 3581 2794 3633 4.

2180 3652 2328 3725 (520)
2362 3650 2673 3725 Provinciae
2713 3650 3079 3725 indicantur,
3099 3651 3418 3725 inquibus
3449 3653 3766 3713 Ratherius

2107 3738 2138 3777 e
2170 3721 2487 3794 Veronensi
2519 3722 2663 3777 urbe
2699 3721 2887 3787 exsul,
2921 3738 2988 3777 ac
3027 3721 3295 3794 pluribus
3325 3723 3766 3783 calamitatibus

2108 3793 2394 3868 obnoxius
2409 3793 2729 3868 _divagatus
2751 3797 2858 3868 est.
2886 3794 2950 3868 l_n
2972 3793 3263 3868 Qualitatzk
3282 3798 3599 3868 conjectura
3623 3815 3682 3853 n.
3706 3800 3765 3867 3,

2107 3863 2355 3939 Italiam,
2408 3863 2736 3939 lfranciam,
2790 3864 3109 3939 Noricam,_
3140 3863 3566 3939 Burgundiam,
3627 3863 3767 3926 Pro;

2105 3935 2378 4062 vineittm,
2411 3935 2858 4007 Septimaniam,
2901 3936 3236 4003 Saxoniam,
3262 3935 3327 3993 ct
3355 3935 3631 3996 Sueviam
3660 3958 3767 3998 no-

2108 4023 2266 4062 mina
2302 4049 2315 4061 .

2108 4023 2315 4063 ωιηθι.

2178 4080 2324 4153 (521)
2357 4076 2939 4153 Batheriusscilicet
2978 4078 3099 4153 haec
3150 4079 3391 4153 scripsit
3419 4096 3556 4137 cum
3586 4081 3766 4138 Vero-

2107 4149 2272 4206 nensi
2297 4149 2578 4226 primum,
2604 4148 2738 4204 dein
2760 4166 2895 4206 vero
2918 4149 3255 4208 Leodicensi
3269 4148 3627 4226 episcopatu
3655 4154 3774 4226 pri-

2104 4226 2275 4277 vatus
2307 4220 2532 4276 fuisset.

2177 4292 2323 4367 (_52_2)
2356 4291 2538 4367 _Cuno,
2571 4307 2672 4367 se_n
2703 4290 3052 4367 Cono,ha_lias
3078 4292 3381 4367 Conradus
3413 4293 3765 4367 appellatus,

2105 4364 2205 4489 qui
2248 4362 2583 4444 Lutharden
2614 4362 2843 4418 Ottonis
2875 4363 3055 4446 tiliam
3087 4364 3274 4447 duxit,
3297 4362 3767 4452 supremumque

2148 4452 2259 4489 tem
2291 4434 2437 4489 obut
2464 4450 2618 4489 anno
2641 4434 2768 4489 955.
2792 4434 3181 4489 Lotharinmze
3213 4436 3330 4489 dux
3374 4441 3503 4489 fuit.
3540 4438 3701 4489 [dem
3732 4455 3767 4489 a

2148 4435 2266 4508 iem
2291 4434 2437 4491 obiit
2464 4450 2618 4508 anno
2641 4434 2768 4508 955,
2792 4434 3181 4508 Lotharingize
3213 4436 3330 4492 dux
3373 4434 3503 4493 fuit.
3540 4434 3701 4494 [dem
3732 4455 3767 4493 a

2104 4505 2518 4578 Continuatore
2540 4505 2857 4578 Reginonis
2881 4505 3105 4561 annum
3132 4508 3239 4562 943
3263 4509 3418 4578 filius
3452 4509 3766 4565 Werinberi

336 4590 439 4654 pro
486 4574 872 4654 ﬁllegabj'urata
903 4574 1118 4654 {Iugoni
1147 4574 1403 4654 lmentiri
1436 4575 1633 4654 quippe
1679 4591 1789 4630 non
1812 4574 1994 4654 *ηομερ
2024 4580 2069 4645 D
2100 4577 2343 4654 dicitur,
2368 4574 2661 4654 _ejgs'que:
2706 4577 2914 4654 frater
2941 4574 3283 4654 W_arnerius_
3338 4578 3437 4635 ille
3491 4581 3764 4654 fortassis

343 4647 439 4714 qui
466 4644 611 4698 dixit
639 4643 797 4716 :_Qui
827 4643 1019 4716 reddit
1047 4643 1202 4699 mala
1244 4661 1347 4716 pro
1390 4643 1582 4712 benis,
1617 4662 1731 4701 non
1766 4647 1994 4701 recedet

384 4715 512 4787 luga
544 4716 614 4770 de
644 4714 818 4769 domo
859 4714 986 4784 ejus
1020 4731 1033 4768 ε
1069 4716 1208 4784 quod
1246 4714 1466 4785 liquido
1514 4717 1801 4787 impletum
1830 4720 1890 4772 in
1920 4726 1991 4783 te,

384 4734 512 4787 iuga
544 4734 614 4770 oe
644 4734 818 4769 nomo
859 4734 986 4784 ejus
1020 4734 1033 4768 :
1069 4734 1208 4784 quoa
1258 4734 1466 4785 atquin
1514 4734 1801 4787 impletum
1830 4735 1890 4772 2n
1920 4734 1991 4783 te,

341 4734 449 4858 reg.
486 4789 545 4840 in
572 4790 698 4853 me),
729 4802 842 4856 ego,
877 4786 1123 4857 inquam,
1153 4788 1497 4843 miserrimus
1524 4787 1664 4853 dico,
1696 4806 1808 4845 non
1835 4789 1992 4845 debes

338 4856 539 4913 mirari
567 4873 690 4928 qua:
731 4873 881 4912 nunc
910 4859 1022 4929 ipse
1050 4858 1262 4928 loquar,
1295 4858 1577 4913 nimirum
1607 4862 1735 4930 quot
1762 4861 1990 4915 homici-

335 4931 448 4993 dia,
496 4931 925 4993 esaculationes,
974 4930 1480 4993 exmembrationes,
1531 4930 1745 4993 praemia,
1800 4932 1988 4985 incen-

336 5002 449 5063 dia,
482 5004 707 5056 vastitas
765 5017 829 5055 ac
886 5000 1229 5071 depOpulatio
1266 5001 1591 5071 contigerint
1642 5016 1743 5070 pro
1791 5003 1990 5058 scelere

339 5076 659 5125 memorato
688 5071 968 5139 abjurataa
1017 5070 1239 5125 scilicet
1267 5070 1424 5133 fidei,
1452 5085 1551 5140 pro
1589 5074 1991 5128 constructione

336 5142 420 5195 vel
450 5144 808 5215 restractione
830 5140 1219 5215 prwsidiorum
1248 5145 1459 5215 contra
1489 5140 1763 5195 eumdem
1794 5141 1990 5215 Hugo-

340 5227 502 5276 nem;
538 5211 635 5264 ubi
664 5228 740 5264 ea:
773 5210 1134 5265 calamitates
1167 5210 1521 5274 indicantur,
1544 5227 1671 5281 quae
1703 5228 1771 5266 ex
1803 5210 1989 5269 reb‘el-

337 5281 491 5335 liene
545 5281 604 5335 in
635 5281 939 5351 Hugonem
983 5286 1305 5336 consecutae
1336 5286 1493 5336 sunt.
1528 5282 1825 5344 Quatenus
1855 5302 1987 5343 vero

339 5351 475 5428 hzec_
510 5352 580 5405 ab
637 5351 1148 5428 aliisperpetrata
1204 5351 1460 5428 facinora
1518 5352 1771 5409 Ratherii
1804 5356 1985 5428 culpae

334 5422 479 5504 verti
505 5421 757 5504 possint,
994 5422 1119 5493 ipse
1161 5420 1413 5504 explicat
1440 5440 1621 5504 _num.
1654 5428 1723 5504 2_4
1756 5443 1769 5481 :
1801 5420 1985 5504 Siqt'u-

334 5494 485 5569 dein,
502 5492 716 5569 inquit,
731 5492 897 5569 nihil
920 5492 1122 5569 _horum
1146 5492 1273 5569 feci,
1305 5498 1403 5549 aut
1420 5494 1690 5569 jussi,vel
1720 5506 1781 5553 ut
1807 5492 1981 5569 ﬁeret,

331 5565 514 5642 uolui;
543 5562 635 5618 sed
662 5562 778 5642 tale
802 5562 951 5642 quid,
982 5562 1236 5642 exgcujus
1275 5562 1548 5642 occasione
1575 5568 1679 5622 ista
1726 5562 1857 5625 sunt
1881 5562 1982 5642 pa;

334 5638 496 5701 truta,
527 5634 795 5706 commisi.
814 5632 950 5688 Haec
981 5632 1192 5706 autem,
1205 5637 1429 5693 occasio
1461 5637 1590 5706 fuit,
1616 5654 1750 5695 cum
1781 5632 1984 5697 Arnol-

330 5708 496 5781 dum,
556 5704 834 5789 Bajoariac
882 5706 1113 5781 ducem,
1146 5705 1386 5769 Veronae
1430 5704 1739 5787 recipiens,
1790 5712 1983 5774 rebel-

2101 4653 2208 4714 cst,
2235 4647 2335 4719 qui
2367 4646 2435 4701 in
2457 4646 2590 4702 Vita
2627 4648 2685 4703 S.
2708 4648 2950 4720 Joannis
2989 4648 3342 4717 Gorziensis,
3368 4668 3533 4707 num.
3564 4652 3651 4720 13,
3675 4654 3766 4706 vir

2099 4721 2305 4795 nobilis
2331 4722 2590 4795 vocatur,
2624 4724 2682 4774 et
2711 4719 2769 4795 in
2790 4719 3185 4795 _botharingia
3209 4737 3312 4792 per
3340 4720 3463 4777 haec
3495 4727 3764 4795 tempora

2101 4789 2754 4865 poll_ebat;_quippecui
2787 4790 2949 4865 idem
2983 4789 3244 4865 sanctus,
3278 4798 3596 4865 antequam
3621 4789 3763 4865 nlo-

2101 4861 2357 4935 nachum
2390 4861 2676 4935 indueret.
2710 4862 2772 4915 in
2804 4861 3050 4930 Conﬁnio
3090 4863 3328 4918 Tullensi
3356 4861 3618 4935 (Tullum
3652 4864 3760 4921 Lo-

2100 4933 2407 5004 tharingiae
2454 4932 2658 4986 civitas
2715 4937 2825 4997 est)
2877 4948 3045 4988 causa
3099 4932 3459 4992 ecclesiee‘S.
3510 4937 3762 4991 Lauren-

2099 5006 2183 5060 tii.
2210 5045 2224 5059 .
2250 5046 2265 5078 .
2296 5046 2308 5058 .
2341 5020 2399 5078 se
2426 5005 2647 5078 nomine
2676 5005 2897 5078 D_omin_i
2933 5006 3171 5078 socians,
3201 5007 3321 5078 ejus
3363 5008 3563 5078 ofﬁciis
3592 5023 3764 5078 quam

2095 5077 2459 5149 fitmiliariter
2513 5076 2816 5149 insistebat.
2861 5074 3427 5149 Ratheriusi'autem'
3484 5074 3763 5149 quondam

2095 5145 2296 5222 ducem
2325 5145 2608 5222 _Cunonem
2655 5146 2765 5215 ait;
2821 5145 2962 5217 quia
3010 5162 3146 5203 cum
3194 5148 3318 5205 haec
3370 5145 3627 5222 scripsit,
3661 5148 3762 5205 ille

2086 5219 2211 5289 jam
2247 5218 2486 5272 obierat.

2166 5290 2313 5360 (523)
2346 5289 2572 5360 Summa
2614 5285 2867 5360 appellat
2910 5293 3257 5360 sequentem
3286 5290 3754 5359 Confessionem,
3812 5296 3823 5307 '

2094 5358 2197 5435 seu
2228 5358 2539 5435 formulam
2570 5358 2955 5435 confessionis
2980 5358 3292 5435 generalis,
3317 5363 3487 5435 cujus
3510 5358 3755 5435 generis

2094 5432 2219 5487 alia:
2245 5430 2303 5486 in
2326 5431 2492 5485 libris
2516 5429 3015 5490 pmnitentialibus
3037 5429 3439 5489 inveniuntur.
3459 5429 3757 5490 Id'lortas-

2094 5448 2219 5487 ana:
2245 5448 2303 5486 in
2326 5448 2492 5485 llDl‘lS
2554 5448 3015 5486 aemwnnanous
3037 5448 3439 5489 inveniuntur.
3459 5448 3522 5489 ια
3547 5448 3757 5490 tortas-

2094 5502 2177 5559 sis
2207 5503 2469 5576 indicant
2499 5448 2619 5569 ina,
2647 5501 2788 5576 licet
2845 5500 3013 5576 valde
3056 5502 3331 5576 implexa,
3362 5505 3449 5560 nil
3483 5506 3759 5576 relatura

2089 5576 2201 5629 nisi
2235 5574 2522 5647 proprium
2568 5573 2774 5647 utique
2802 5572 3225 5647 colledioneﬂd
3271 5580 3381 5647 est,
3410 5574 3761 5647 collectione

2092 5661 2196 5727 seu
2235 5642 2479 5727 summa
2521 5642 2780 5727 generali
2822 5644 3087 5727 omnium
3118 5646 3456 5727 criminum.
3503 5646 3762 5727 Reliqua

2091 5715 2323 5779 lineolis
2350 5714 2581 5777 inclusa
2603 5714 3021 5799 interpretatur
3051 5716 3154 5796 qui
3182 5720 3397 5796 potest.
