  <div class='ocr_page' id='page_1' title='image "/cluster/home/n/w/nwhite01/storage/ocr_20150623/136-137/uc1.31175019686917/210.png"; bbox 0 0 3896 6388; ppageno 0'>
   <div class='ocr_carea' id='block_1_1' title="bbox 149 423 262 491">
    <p class='ocr_par' dir='ltr' id='par_1_1' title="bbox 149 423 262 491">
     <span class='ocr_line' id='line_1_1' title="bbox 149 423 262 491; baseline 0 0"><span class='ocrx_word' id='word_1_1' title='bbox 149 423 262 491; x_wconf 74' lang='grc'>405</span> 
     </span>
    </p>
   </div>
   <div class='ocr_carea' id='block_1_2' title="bbox 1007 422 2711 500">
    <p class='ocr_par' dir='ltr' id='par_1_2' title="bbox 1007 422 2711 500">
     <span class='ocr_line' id='line_1_2' title="bbox 1007 422 2711 500; baseline 0.004 -12"><span class='ocrx_word' id='word_1_2' title='bbox 1007 422 1488 500; x_wconf 81' lang='lat' dir='ltr'>EXCERPTUM</span> <span class='ocrx_word' id='word_1_3' title='bbox 1533 425 1638 498; x_wconf 83' lang='lat' dir='ltr'><strong>EX</strong></span> <span class='ocrx_word' id='word_1_4' title='bbox 1680 423 2020 492; x_wconf 83' lang='lat' dir='ltr'>DIALOGO</span> <span class='ocrx_word' id='word_1_5' title='bbox 2063 425 2711 494; x_wconf 82' lang='lat' dir='ltr'>CONFESSIONALI.</span> 
     </span>
    </p>
   </div>
   <div class='ocr_carea' id='block_1_3' title="bbox 3451 418 3571 489">
    <p class='ocr_par' dir='ltr' id='par_1_3' title="bbox 3451 418 3571 489">
     <span class='ocr_line' id='line_1_3' title="bbox 3451 418 3571 489; baseline 0.017 -2"><span class='ocrx_word' id='word_1_6' title='bbox 3451 418 3571 489; x_wconf 76' lang='lat'>408</span> 
     </span>
    </p>
   </div>
   <div class='ocr_carea' id='block_1_4' title="bbox 149 555 3566 637">
    <p class='ocr_par' dir='ltr' id='par_1_4' title="bbox 149 555 3566 637">
     <span class='ocr_line' id='line_1_4' title="bbox 149 555 3566 637; baseline -0.001 -17"><span class='ocrx_word' id='word_1_7' title='bbox 149 577 248 630; x_wconf 84' lang='lat' dir='ltr'>me,</span> <span class='ocrx_word' id='word_1_8' title='bbox 279 565 330 620; x_wconf 88' lang='lat' dir='ltr'>et</span> <span class='ocrx_word' id='word_1_9' title='bbox 356 575 454 635; x_wconf 86' lang='lat' dir='ltr'>ego</span> <span class='ocrx_word' id='word_1_10' title='bbox 483 560 728 619; x_wconf 83' lang='lat' dir='ltr'>revertar</span> <span class='ocrx_word' id='word_1_11' title='bbox 762 555 834 618; x_wconf 84' lang='lat' dir='ltr'>ad</span> <span class='ocrx_word' id='word_1_12' title='bbox 863 565 969 620; x_wconf 84' lang='lat' dir='ltr'>&#39;vos</span> <span class='ocrx_word' id='word_1_13' title='bbox 1011 561 1225 636; x_wconf 79' lang='lat' dir='ltr'>(Malae.</span> <span class='ocrx_word' id='word_1_14' title='bbox 1255 579 1340 631; x_wconf 84' lang='lat' dir='ltr'>III,</span> <span class='ocrx_word' id='word_1_15' title='bbox 1370 562 1428 635; x_wconf 87' lang='lat'>6)</span> <span class='ocrx_word' id='word_1_16' title='bbox 1464 579 1476 619; x_wconf 90' lang='lat'><strong>:</strong></span> <span class='ocrx_word' id='word_1_17' title='bbox 1509 561 1653 631; x_wconf 84' lang='lat' dir='ltr'>Noli,</span> <span class='ocrx_word' id='word_1_18' title='bbox 1702 561 1796 617; x_wconf 91' lang='lat' dir='ltr'>in-</span> <span class='ocrx_word' id='word_1_19' title='bbox 1825 560 1883 630; x_wconf 77' lang='grc' dir='ltr'><strong>Α</strong></span> <span class='ocrx_word' id='word_1_20' title='bbox 1913 561 2096 620; x_wconf 88' lang='lat' dir='ltr'>situm</span> <span class='ocrx_word' id='word_1_21' title='bbox 2148 565 2534 637; x_wconf 81' lang='lat' dir='ltr'>professionis</span> <span class='ocrx_word' id='word_1_22' title='bbox 2581 581 2724 622; x_wconf 61' lang='lat' dir='ltr'>mea;</span> <span class='ocrx_word' id='word_1_23' title='bbox 2782 577 3050 622; x_wconf 79' lang='lat' dir='ltr'>reversus</span> <span class='ocrx_word' id='word_1_24' title='bbox 3103 559 3368 621; x_wconf 83' lang='lat' dir='ltr'>fuissem.</span> <span class='ocrx_word' id='word_1_25' title='bbox 3398 559 3566 617; x_wconf 89' lang='lat' dir='ltr'>Nunc</span> 
     </span>
    </p>
   </div>
   <div class='ocr_carea' id='block_1_5' title="bbox 150 651 1804 726">
    <p class='ocr_par' dir='ltr' id='par_1_5' title="bbox 150 651 1804 726">
     <span class='ocr_line' id='line_1_5' title="bbox 150 651 1804 726; baseline -0.001 -17"><span class='ocrx_word' id='word_1_26' title='bbox 150 652 290 726; x_wconf 90' lang='lat' dir='ltr'>quit,</span> <span class='ocrx_word' id='word_1_27' title='bbox 329 651 572 709; x_wconf 82' lang='lat' dir='ltr'>occidere</span> <span class='ocrx_word' id='word_1_28' title='bbox 615 667 733 719; x_wconf 88' lang='lat' dir='ltr'>nos,</span> <span class='ocrx_word' id='word_1_29' title='bbox 764 653 1030 725; x_wconf 88' lang='lat' dir='ltr'>quoniam</span> <span class='ocrx_word' id='word_1_30' title='bbox 1076 652 1340 709; x_wconf 84' lang='lat' dir='ltr'>habemus</span> <span class='ocrx_word' id='word_1_31' title='bbox 1368 654 1656 708; x_wconf 76' lang='lat' dir='ltr'>thesauros</span> <span class='ocrx_word' id='word_1_32' title='bbox 1687 653 1804 708; x_wconf 89' lang='lat' dir='ltr'>abs-</span> 
     </span>
    </p>
   </div>
   <div class='ocr_carea' id='block_1_6' title="bbox 146 741 1804 814">
    <p class='ocr_par' dir='ltr' id='par_1_6' title="bbox 146 741 1804 814">
     <span class='ocr_line' id='line_1_6' title="bbox 146 741 1804 814; baseline -0.001 -15"><span class='ocrx_word' id='word_1_33' title='bbox 146 742 381 799; x_wconf 77' lang='lat' dir='ltr'>conditos</span> <span class='ocrx_word' id='word_1_34' title='bbox 410 743 471 796; x_wconf 90' lang='lat' dir='ltr'>in</span> <span class='ocrx_word' id='word_1_35' title='bbox 500 757 655 812; x_wconf 84' lang='lat' dir='ltr'><strong><em>agro,</em></strong></span> <span class='ocrx_word' id='word_1_36' title='bbox 687 748 739 798; x_wconf 85' lang='lat' dir='ltr'>et</span> <span class='ocrx_word' id='word_1_37' title='bbox 758 757 871 796; x_wconf 87' lang='lat' dir='ltr'>non</span> <span class='ocrx_word' id='word_1_38' title='bbox 900 741 1094 798; x_wconf 88' lang='lat' dir='ltr'>occidit</span> <span class='ocrx_word' id='word_1_39' title='bbox 1119 758 1209 798; x_wconf 86' lang='lat' dir='ltr'>eos</span> <span class='ocrx_word' id='word_1_40' title='bbox 1239 743 1372 814; x_wconf 85' lang='lat' dir='ltr'>(Jer.</span> <span class='ocrx_word' id='word_1_41' title='bbox 1405 759 1518 809; x_wconf 76' lang='lat' dir='ltr'>xm,</span> <span class='ocrx_word' id='word_1_42' title='bbox 1547 742 1623 813; x_wconf 91' lang='lat'>8).</span> <span class='ocrx_word' id='word_1_43' title='bbox 1658 741 1804 798; x_wconf 89' lang='lat' dir='ltr'>The-</span> 
     </span>
    </p>
   </div>
   <div class='ocr_carea' id='block_1_7' title="bbox 147 830 1797 904">
    <p class='ocr_par' dir='ltr' id='par_1_7' title="bbox 147 830 1797 904">
     <span class='ocr_line' id='line_1_7' title="bbox 147 830 1797 904; baseline -0.001 -16"><span class='ocrx_word' id='word_1_44' title='bbox 147 848 352 888; x_wconf 88' lang='lat' dir='ltr'>saurus</span> <span class='ocrx_word' id='word_1_45' title='bbox 379 830 764 887; x_wconf 80' lang='lat' dir='ltr'>absconditus</span> <span class='ocrx_word' id='word_1_46' title='bbox 795 830 854 885; x_wconf 92' lang='lat' dir='ltr'>in</span> <span class='ocrx_word' id='word_1_47' title='bbox 889 847 1052 904; x_wconf 89' lang='lat' dir='ltr'>agro,</span> <span class='ocrx_word' id='word_1_48' title='bbox 1075 848 1209 904; x_wconf 88' lang='lat' dir='ltr'>spes</span> <span class='ocrx_word' id='word_1_49' title='bbox 1235 836 1325 887; x_wconf 89' lang='lat' dir='ltr'>est</span> <span class='ocrx_word' id='word_1_50' title='bbox 1345 831 1403 886; x_wconf 94' lang='lat' dir='ltr'>in</span> <span class='ocrx_word' id='word_1_51' title='bbox 1438 831 1797 904; x_wconf 79' lang='lat' dir='ltr'>pmnitentia.</span> 
     </span>
    </p>
   </div>
   <div class='ocr_carea' id='block_1_8' title="bbox 145 920 1270 994">
    <p class='ocr_par' dir='ltr' id='par_1_8' title="bbox 145 920 1270 994">
     <span class='ocr_line' id='line_1_8' title="bbox 145 920 1270 994; baseline -0.003 -15"><span class='ocrx_word' id='word_1_52' title='bbox 145 922 357 979; x_wconf 66' lang='lat' dir='ltr'>Cretera</span> <span class='ocrx_word' id='word_1_53' title='bbox 386 920 543 976; x_wconf 91' lang='lat' dir='ltr'>unde</span> <span class='ocrx_word' id='word_1_54' title='bbox 569 920 730 976; x_wconf 87' lang='lat' dir='ltr'>istud</span> <span class='ocrx_word' id='word_1_55' title='bbox 763 920 991 992; x_wconf 87' lang='lat' dir='ltr'>sumpsi</span> <span class='ocrx_word' id='word_1_56' title='bbox 1020 920 1270 994; x_wconf 85' lang='lat' dir='ltr'>require.</span> 
     </span>
    </p>
   </div>
   <div class='ocr_carea' id='block_1_9' title="bbox 209 1008 1794 1082">
    <p class='ocr_par' dir='ltr' id='par_1_9' title="bbox 209 1008 1794 1082">
     <span class='ocr_line' id='line_1_9' title="bbox 209 1008 1794 1082; baseline -0.001 -16"><span class='ocrx_word' id='word_1_57' title='bbox 209 1012 295 1066; x_wconf 81' lang='grc'>16.</span> <span class='ocrx_word' id='word_1_58' title='bbox 330 1012 513 1079; x_wconf 82' lang='lat' dir='ltr'>Quare</span> <span class='ocrx_word' id='word_1_59' title='bbox 539 1014 601 1065; x_wconf 88' lang='lat' dir='ltr'>tu</span> <span class='ocrx_word' id='word_1_60' title='bbox 621 1025 874 1076; x_wconf 87' lang='lat' dir='ltr'>enarras,</span> <span class='ocrx_word' id='word_1_61' title='bbox 907 1008 1121 1081; x_wconf 85' lang='lat' dir='ltr'>inquit,</span> <span class='ocrx_word' id='word_1_62' title='bbox 1143 1011 1427 1082; x_wconf 86' lang='lat' dir='ltr'>justitiam</span> <span class='ocrx_word' id='word_1_63' title='bbox 1445 1011 1794 1082; x_wconf 83' lang='lat' dir='ltr'>meas?(Psal.</span> 
     </span>
    </p>
   </div>
   <div class='ocr_carea' id='block_1_10' title="bbox 143 1097 1794 1172">
    <p class='ocr_par' dir='ltr' id='par_1_10' title="bbox 143 1097 1794 1172">
     <span class='ocr_line' id='line_1_10' title="bbox 143 1097 1794 1172; baseline 0 -17"><span class='ocrx_word' id='word_1_64' title='bbox 143 1117 285 1166; x_wconf 78' lang='lat' dir='ltr'>LXIX,</span> <span class='ocrx_word' id='word_1_65' title='bbox 320 1099 437 1171; x_wconf 76' lang='grc'>46).</span> <span class='ocrx_word' id='word_1_66' title='bbox 471 1100 589 1172; x_wconf 84' lang='lat' dir='ltr'>Ego</span> <span class='ocrx_word' id='word_1_67' title='bbox 621 1103 847 1164; x_wconf 86' lang='lat' dir='ltr'>contra,</span> <span class='ocrx_word' id='word_1_68' title='bbox 879 1099 926 1153; x_wconf 92' lang='lat' dir='ltr'>si</span> <span class='ocrx_word' id='word_1_69' title='bbox 977 1098 1092 1154; x_wconf 87' lang='lat' dir='ltr'>dici</span> <span class='ocrx_word' id='word_1_70' title='bbox 1153 1099 1232 1154; x_wconf 85' lang='lat' dir='ltr'>sit</span> <span class='ocrx_word' id='word_1_71' title='bbox 1263 1097 1632 1162; x_wconf 87' lang='lat' dir='ltr'>conveniens,</span> <span class='ocrx_word' id='word_1_72' title='bbox 1667 1098 1748 1153; x_wconf 87' lang='lat' dir='ltr'>ita</span> <span class='ocrx_word' id='word_1_73' title='bbox 1781 1116 1794 1155; x_wconf 93' lang='lat'><strong>:</strong></span> 
     </span>
    </p>
   </div>
   <div class='ocr_carea' id='block_1_11' title="bbox 143 1189 1798 1260">
    <p class='ocr_par' dir='ltr' id='par_1_11' title="bbox 143 1189 1798 1260">
     <span class='ocr_line' id='line_1_11' title="bbox 143 1189 1798 1260; baseline -0.001 -16"><span class='ocrx_word' id='word_1_74' title='bbox 143 1191 277 1258; x_wconf 70' lang='lat' dir='ltr'>Quia</span> <span class='ocrx_word' id='word_1_75' title='bbox 304 1190 507 1246; x_wconf 89' lang='lat' dir='ltr'>melior</span> <span class='ocrx_word' id='word_1_76' title='bbox 553 1196 632 1244; x_wconf 89' lang='lat' dir='ltr'>est</span> <span class='ocrx_word' id='word_1_77' title='bbox 684 1189 1064 1244; x_wconf 77' lang='lat' dir='ltr'>misericordia</span> <span class='ocrx_word' id='word_1_78' title='bbox 1105 1192 1202 1244; x_wconf 87' lang='lat' dir='ltr'>tua</span> <span class='ocrx_word' id='word_1_79' title='bbox 1243 1205 1409 1260; x_wconf 83' lang='lat' dir='ltr'>super</span> <span class='ocrx_word' id='word_1_80' title='bbox 1450 1191 1612 1255; x_wconf 84' lang='lat' dir='ltr'>vitas,</span> <span class='ocrx_word' id='word_1_81' title='bbox 1646 1189 1798 1243; x_wconf 89' lang='lat' dir='ltr'>labia</span> 
     </span>
    </p>
   </div>
   <div class='ocr_carea' id='block_1_12' title="bbox 139 1277 1796 1350">
    <p class='ocr_par' dir='ltr' id='par_1_12' title="bbox 139 1277 1796 1350">
     <span class='ocr_line' id='line_1_12' title="bbox 139 1277 1796 1350; baseline -0.001 -16"><span class='ocrx_word' id='word_1_82' title='bbox 139 1295 253 1334; x_wconf 86' lang='lat' dir='ltr'>mea</span> <span class='ocrx_word' id='word_1_83' title='bbox 282 1279 594 1335; x_wconf 88' lang='lat' dir='ltr'>laudabunt</span> <span class='ocrx_word' id='word_1_84' title='bbox 621 1281 673 1334; x_wconf 88' lang='lat' dir='ltr'>te</span> <span class='ocrx_word' id='word_1_85' title='bbox 702 1277 874 1348; x_wconf 87' lang='lat' dir='ltr'>(Psal.</span> <span class='ocrx_word' id='word_1_86' title='bbox 911 1295 1046 1347; x_wconf 84' lang='lat' dir='ltr'>an,</span> <span class='ocrx_word' id='word_1_87' title='bbox 1077 1277 1444 1350; x_wconf 69' lang='lat' dir='ltr'>4).Sequitur</span> <span class='ocrx_word' id='word_1_88' title='bbox 1474 1278 1631 1333; x_wconf 90' lang='lat' dir='ltr'>enim</span> <span class='ocrx_word' id='word_1_89' title='bbox 1662 1281 1796 1349; x_wconf 91' lang='lat' dir='ltr'>post</span> 
     </span>
    </p>
   </div>
   <div class='ocr_carea' id='block_1_13' title="bbox 139 1366 1793 1438">
    <p class='ocr_par' dir='ltr' id='par_1_13' title="bbox 139 1366 1793 1438">
     <span class='ocr_line' id='line_1_13' title="bbox 139 1366 1793 1438; baseline -0.001 -14"><span class='ocrx_word' id='word_1_90' title='bbox 139 1368 506 1424; x_wconf 79' lang='lat' dir='ltr'>severitatem</span> <span class='ocrx_word' id='word_1_91' title='bbox 530 1367 782 1438; x_wconf 78' lang='lat' dir='ltr'>justitiae</span> <span class='ocrx_word' id='word_1_92' title='bbox 815 1367 886 1422; x_wconf 92' lang='lat' dir='ltr'>de</span> <span class='ocrx_word' id='word_1_93' title='bbox 914 1367 1130 1438; x_wconf 83' lang='lat' dir='ltr'>pietate</span> <span class='ocrx_word' id='word_1_94' title='bbox 1160 1366 1480 1424; x_wconf 83' lang='lat' dir='ltr'>consolatio</span> <span class='ocrx_word' id='word_1_95' title='bbox 1511 1367 1571 1422; x_wconf 91' lang='lat' dir='ltr'>in</span> <span class='ocrx_word' id='word_1_96' title='bbox 1588 1367 1793 1422; x_wconf 89' lang='lat' dir='ltr'>eodem</span> 
     </span>
    </p>
   </div>
   <div class='ocr_carea' id='block_1_14' title="bbox 135 1455 1793 1530">
    <p class='ocr_par' dir='ltr' id='par_1_14' title="bbox 135 1455 1793 1530">
     <span class='ocr_line' id='line_1_14' title="bbox 135 1455 1793 1530; baseline -0.001 -18"><span class='ocrx_word' id='word_1_97' title='bbox 135 1456 364 1528; x_wconf 83' lang='lat' dir='ltr'>psalmo</span> <span class='ocrx_word' id='word_1_98' title='bbox 397 1455 662 1530; x_wconf 87' lang='lat' dir='ltr'>piissime</span> <span class='ocrx_word' id='word_1_99' title='bbox 692 1455 1380 1529; x_wconf 81' lang='lat' dir='ltr'>promulgata:Sacriﬁcio</span> <span class='ocrx_word' id='word_1_100' title='bbox 1411 1456 1592 1510; x_wconf 81' lang='lat' dir='ltr'>laudis</span> <span class='ocrx_word' id='word_1_101' title='bbox 1624 1456 1793 1511; x_wconf 89' lang='lat' dir='ltr'>hono-</span> 
     </span>
    </p>
   </div>
   <div class='ocr_carea' id='block_1_15' title="bbox 132 1545 1794 1617">
    <p class='ocr_par' dir='ltr' id='par_1_15' title="bbox 132 1545 1794 1617">
     <span class='ocr_line' id='line_1_15' title="bbox 132 1545 1794 1617; baseline 0 -17"><span class='ocrx_word' id='word_1_102' title='bbox 132 1547 373 1617; x_wconf 84' lang='lat' dir='ltr'>riﬁcabit</span> <span class='ocrx_word' id='word_1_103' title='bbox 402 1562 510 1613; x_wconf 88' lang='lat' dir='ltr'>me,</span> <span class='ocrx_word' id='word_1_104' title='bbox 543 1549 594 1600; x_wconf 87' lang='lat' dir='ltr'>et</span> <span class='ocrx_word' id='word_1_105' title='bbox 626 1545 747 1600; x_wconf 86' lang='lat' dir='ltr'>illic</span> <span class='ocrx_word' id='word_1_106' title='bbox 784 1545 905 1614; x_wconf 83' lang='lat' dir='ltr'>iter,</span> <span class='ocrx_word' id='word_1_107' title='bbox 939 1561 1044 1617; x_wconf 88' lang='lat' dir='ltr'>quo</span> <span class='ocrx_word' id='word_1_108' title='bbox 1093 1545 1374 1601; x_wconf 78' lang='lat' dir='ltr'>ostendam</span> <span class='ocrx_word' id='word_1_109' title='bbox 1417 1546 1508 1600; x_wconf 89' lang='lat' dir='ltr'>illi</span> <span class='ocrx_word' id='word_1_110' title='bbox 1551 1545 1794 1600; x_wconf 85' lang='lat' dir='ltr'>salutare</span> 
     </span>
    </p>
   </div>
   <div class='ocr_carea' id='block_1_16' title="bbox 133 1633 1792 1708">
    <p class='ocr_par' dir='ltr' id='par_1_16' title="bbox 133 1633 1792 1708">
     <span class='ocr_line' id='line_1_16' title="bbox 133 1633 1792 1708; baseline -0.001 -18"><span class='ocrx_word' id='word_1_111' title='bbox 133 1637 235 1692; x_wconf 85' lang='lat' dir='ltr'>Dei</span> <span class='ocrx_word' id='word_1_112' title='bbox 265 1635 446 1708; x_wconf 90' lang='lat' dir='ltr'>(Psal.</span> <span class='ocrx_word' id='word_1_113' title='bbox 471 1635 772 1703; x_wconf 79' lang='lat' dir='ltr'>xux,23);</span> <span class='ocrx_word' id='word_1_114' title='bbox 806 1635 963 1706; x_wconf 91' lang='lat' dir='ltr'>quod</span> <span class='ocrx_word' id='word_1_115' title='bbox 985 1639 1182 1689; x_wconf 89' lang='lat' dir='ltr'>tamen</span> <span class='ocrx_word' id='word_1_116' title='bbox 1215 1633 1569 1690; x_wconf 84' lang='lat' dir='ltr'>sacrificium</span> <span class='ocrx_word' id='word_1_117' title='bbox 1600 1634 1792 1706; x_wconf 88' lang='lat' dir='ltr'>magis</span> 
     </span>
    </p>
   </div>
   <div class='ocr_carea' id='block_1_17' title="bbox 129 1721 1793 1797">
    <p class='ocr_par' dir='ltr' id='par_1_17' title="bbox 129 1721 1793 1797">
     <span class='ocr_line' id='line_1_17' title="bbox 129 1721 1793 1797; baseline -0.001 -17"><span class='ocrx_word' id='word_1_118' title='bbox 129 1728 216 1780; x_wconf 86' lang='lat' dir='ltr'>est</span> <span class='ocrx_word' id='word_1_119' title='bbox 239 1724 444 1797; x_wconf 91' lang='lat' dir='ltr'>operis</span> <span class='ocrx_word' id='word_1_120' title='bbox 476 1739 655 1796; x_wconf 89' lang='lat' dir='ltr'>quam</span> <span class='ocrx_word' id='word_1_121' title='bbox 683 1721 862 1790; x_wconf 84' lang='lat' dir='ltr'>vocis,</span> <span class='ocrx_word' id='word_1_122' title='bbox 896 1725 955 1778; x_wconf 90' lang='lat' dir='ltr'>et</span> <span class='ocrx_word' id='word_1_123' title='bbox 986 1725 1182 1777; x_wconf 89' lang='lat' dir='ltr'>tamen</span> <span class='ocrx_word' id='word_1_124' title='bbox 1213 1722 1390 1778; x_wconf 85' lang='lat' dir='ltr'>vocis.</span> <span class='ocrx_word' id='word_1_125' title='bbox 1425 1722 1572 1777; x_wconf 76' lang='lat' dir='ltr'>Nam</span> <span class='ocrx_word' id='word_1_126' title='bbox 1609 1726 1671 1777; x_wconf 91' lang='lat' dir='ltr'>ut</span> <span class='ocrx_word' id='word_1_127' title='bbox 1697 1739 1793 1778; x_wconf 88' lang='lat' dir='ltr'>no-</span> 
     </span>
    </p>
   </div>
   <div class='ocr_carea' id='block_1_18' title="bbox 123 1810 1790 1886">
    <p class='ocr_par' dir='ltr' id='par_1_18' title="bbox 123 1810 1790 1886">
     <span class='ocr_line' id='line_1_18' title="bbox 123 1810 1790 1886; baseline -0.002 -18"><span class='ocrx_word' id='word_1_128' title='bbox 123 1814 277 1870; x_wconf 81' lang='lat' dir='ltr'>veris</span> <span class='ocrx_word' id='word_1_129' title='bbox 312 1829 502 1886; x_wconf 89' lang='lat' dir='ltr'>quare</span> <span class='ocrx_word' id='word_1_130' title='bbox 520 1811 608 1868; x_wconf 86' lang='lat' dir='ltr'>vel</span> <span class='ocrx_word' id='word_1_131' title='bbox 621 1811 714 1866; x_wconf 89' lang='lat' dir='ltr'>cui</span> <span class='ocrx_word' id='word_1_132' title='bbox 732 1810 1046 1866; x_wconf 90' lang='lat' dir='ltr'>interdicat</span> <span class='ocrx_word' id='word_1_133' title='bbox 1067 1810 1332 1882; x_wconf 89' lang='lat' dir='ltr'>justitias</span> <span class='ocrx_word' id='word_1_134' title='bbox 1344 1826 1616 1866; x_wconf 82' lang='lat' dir='ltr'>enarrare</span> <span class='ocrx_word' id='word_1_135' title='bbox 1630 1827 1790 1878; x_wconf 89' lang='lat' dir='ltr'>suas,</span> 
     </span>
    </p>
   </div>
   <div class='ocr_carea' id='block_1_19' title="bbox 124 1898 1796 1974">
    <p class='ocr_par' dir='ltr' id='par_1_19' title="bbox 124 1898 1796 1974">
     <span class='ocr_line' id='line_1_19' title="bbox 124 1898 1796 1974; baseline -0.002 -15"><span class='ocrx_word' id='word_1_136' title='bbox 124 1903 170 1959; x_wconf 87' lang='lat' dir='ltr'>si</span> <span class='ocrx_word' id='word_1_137' title='bbox 203 1900 528 1974; x_wconf 84' lang='lat' dir='ltr'>sequentia</span> <span class='ocrx_word' id='word_1_138' title='bbox 559 1916 676 1954; x_wconf 90' lang='lat' dir='ltr'>non</span> <span class='ocrx_word' id='word_1_139' title='bbox 707 1898 1030 1966; x_wconf 83' lang='lat' dir='ltr'>sufficiunt,</span> <span class='ocrx_word' id='word_1_140' title='bbox 1065 1899 1200 1954; x_wconf 90' lang='lat' dir='ltr'>audi</span> <span class='ocrx_word' id='word_1_141' title='bbox 1231 1899 1387 1970; x_wconf 90' lang='lat' dir='ltr'>quod</span> <span class='ocrx_word' id='word_1_142' title='bbox 1420 1900 1690 1970; x_wconf 89' lang='lat' dir='ltr'>superius</span> <span class='ocrx_word' id='word_1_143' title='bbox 1707 1904 1796 1956; x_wconf 91' lang='lat' dir='ltr'>est</span> 
     </span>
    </p>
   </div>
   <div class='ocr_carea' id='block_1_20' title="bbox 122 1987 1788 2065">
    <p class='ocr_par' dir='ltr' id='par_1_20' title="bbox 122 1987 1788 2065">
     <span class='ocr_line' id='line_1_20' title="bbox 122 1987 1788 2065; baseline -0.002 -18"><span class='ocrx_word' id='word_1_144' title='bbox 122 1989 517 2065; x_wconf 84' lang='lat' dir='ltr'>praemissum</span> <span class='ocrx_word' id='word_1_145' title='bbox 550 2005 564 2044; x_wconf 91' lang='lat'>:</span> <span class='ocrx_word' id='word_1_146' title='bbox 601 1989 828 2044; x_wconf 89' lang='lat' dir='ltr'>Immola</span> <span class='ocrx_word' id='word_1_147' title='bbox 868 1989 978 2044; x_wconf 89' lang='lat' dir='ltr'>Deo</span> <span class='ocrx_word' id='word_1_148' title='bbox 1009 1989 1346 2060; x_wconf 81' lang='lat' dir='ltr'>sacriﬁcium</span> <span class='ocrx_word' id='word_1_149' title='bbox 1394 1987 1577 2043; x_wconf 84' lang='lat' dir='ltr'>laudis</span> <span class='ocrx_word' id='word_1_150' title='bbox 1605 1988 1788 2058; x_wconf 88' lang='lat' dir='ltr'>(Ibid.,</span> 
     </span>
    </p>
   </div>
   <div class='ocr_carea' id='block_1_21' title="bbox 123 2075 1789 2149">
    <p class='ocr_par' dir='ltr' id='par_1_21' title="bbox 123 2075 1789 2149">
     <span class='ocr_line' id='line_1_21' title="bbox 123 2075 1789 2149; baseline -0.003 -12"><span class='ocrx_word' id='word_1_151' title='bbox 123 2082 232 2147; x_wconf 72' lang='grc'>14).</span> <span class='ocrx_word' id='word_1_152' title='bbox 262 2076 630 2134; x_wconf 86' lang='lat' dir='ltr'>Probibeor?</span> <span class='ocrx_word' id='word_1_153' title='bbox 661 2075 877 2148; x_wconf 85' lang='lat' dir='ltr'>inquis.</span> <span class='ocrx_word' id='word_1_154' title='bbox 911 2075 1262 2143; x_wconf 89' lang='lat' dir='ltr'>Prohiberis,</span> <span class='ocrx_word' id='word_1_155' title='bbox 1297 2077 1559 2149; x_wconf 89' lang='lat' dir='ltr'>inquam,</span> <span class='ocrx_word' id='word_1_156' title='bbox 1591 2077 1789 2148; x_wconf 87' lang='lat' dir='ltr'>probi-</span> 
     </span>
    </p>
   </div>
   <div class='ocr_carea' id='block_1_22' title="bbox 122 2164 1784 2238">
    <p class='ocr_par' dir='ltr' id='par_1_22' title="bbox 122 2164 1784 2238">
     <span class='ocr_line' id='line_1_22' title="bbox 122 2164 1784 2238; baseline -0.003 -12"><span class='ocrx_word' id='word_1_157' title='bbox 122 2168 303 2235; x_wconf 90' lang='lat' dir='ltr'>beris,</span> <span class='ocrx_word' id='word_1_158' title='bbox 339 2166 393 2222; x_wconf 90' lang='lat' dir='ltr'>si</span> <span class='ocrx_word' id='word_1_159' title='bbox 429 2166 618 2221; x_wconf 88' lang='lat' dir='ltr'>facere</span> <span class='ocrx_word' id='word_1_160' title='bbox 649 2166 804 2237; x_wconf 92' lang='lat' dir='ltr'>quod</span> <span class='ocrx_word' id='word_1_161' title='bbox 847 2165 1120 2236; x_wconf 88' lang='lat' dir='ltr'>sequitur</span> <span class='ocrx_word' id='word_1_162' title='bbox 1165 2164 1414 2238; x_wconf 88' lang='lat' dir='ltr'>negligis</span> <span class='ocrx_word' id='word_1_163' title='bbox 1447 2183 1460 2221; x_wconf 89' lang='lat'>:</span> <span class='ocrx_word' id='word_1_164' title='bbox 1493 2169 1559 2222; x_wconf 85' lang='lat' dir='ltr'>Et</span> <span class='ocrx_word' id='word_1_165' title='bbox 1604 2165 1784 2235; x_wconf 84' lang='lat' dir='ltr'>redde,</span> 
     </span>
    </p>
   </div>
   <div class='ocr_carea' id='block_1_23' title="bbox 125 2253 1784 2331">
    <p class='ocr_par' dir='ltr' id='par_1_23' title="bbox 125 2253 1784 2331">
     <span class='ocr_line' id='line_1_23' title="bbox 125 2253 1784 2331; baseline -0.004 -17"><span class='ocrx_word' id='word_1_166' title='bbox 125 2256 710 2331; x_wconf 80' lang='lat' dir='ltr'>inquiens,Altissimo</span> <span class='ocrx_word' id='word_1_167' title='bbox 741 2261 859 2309; x_wconf 89' lang='lat' dir='ltr'>vota</span> <span class='ocrx_word' id='word_1_168' title='bbox 890 2261 986 2309; x_wconf 85' lang='lat' dir='ltr'>tua</span> <span class='ocrx_word' id='word_1_169' title='bbox 1012 2253 1220 2325; x_wconf 88' lang='lat' dir='ltr'>(lbid.).</span> <span class='ocrx_word' id='word_1_170' title='bbox 1256 2254 1403 2308; x_wconf 83' lang='lat' dir='ltr'>Vota</span> <span class='ocrx_word' id='word_1_171' title='bbox 1433 2270 1587 2318; x_wconf 92' lang='lat' dir='ltr'>vero,</span> <span class='ocrx_word' id='word_1_172' title='bbox 1620 2253 1784 2310; x_wconf 88' lang='lat' dir='ltr'>Cbri-</span> 
     </span>
    </p>
   </div>
   <div class='ocr_carea' id='block_1_24' title="bbox 127 2341 1782 2417">
    <p class='ocr_par' dir='ltr' id='par_1_24' title="bbox 127 2341 1782 2417">
     <span class='ocr_line' id='line_1_24' title="bbox 127 2341 1782 2417; baseline -0.003 -14"><span class='ocrx_word' id='word_1_173' title='bbox 127 2346 334 2414; x_wconf 85' lang='lat' dir='ltr'>stiane,</span> <span class='ocrx_word' id='word_1_174' title='bbox 382 2360 510 2417; x_wconf 60' lang='lat' dir='ltr'>quae</span> <span class='ocrx_word' id='word_1_175' title='bbox 541 2341 663 2398; x_wconf 89' lang='lat' dir='ltr'>sint</span> <span class='ocrx_word' id='word_1_176' title='bbox 691 2345 812 2408; x_wconf 89' lang='lat' dir='ltr'>tua,</span> <span class='ocrx_word' id='word_1_177' title='bbox 844 2341 894 2398; x_wconf 92' lang='lat' dir='ltr'>si</span> <span class='ocrx_word' id='word_1_178' title='bbox 927 2342 1075 2397; x_wconf 87' lang='lat' dir='ltr'>forte</span> <span class='ocrx_word' id='word_1_179' title='bbox 1103 2341 1782 2415; x_wconf 88' lang='lat' dir='ltr'>oblitus,requiris,quod</span> 
     </span>
    </p>
   </div>
   <div class='ocr_carea' id='block_1_25' title="bbox 127 2430 1780 2508">
    <p class='ocr_par' dir='ltr' id='par_1_25' title="bbox 127 2430 1780 2508">
     <span class='ocr_line' id='line_1_25' title="bbox 127 2430 1780 2508; baseline -0.003 -17"><span class='ocrx_word' id='word_1_180' title='bbox 127 2437 180 2491; x_wconf 88' lang='lat' dir='ltr'>in</span> <span class='ocrx_word' id='word_1_181' title='bbox 226 2433 529 2508; x_wconf 89' lang='lat' dir='ltr'>baptismo</span> <span class='ocrx_word' id='word_1_182' title='bbox 561 2430 882 2504; x_wconf 86' lang='lat' dir='ltr'>promisisti</span> <span class='ocrx_word' id='word_1_183' title='bbox 915 2434 1051 2499; x_wconf 91' lang='lat' dir='ltr'>Deo,</span> <span class='ocrx_word' id='word_1_184' title='bbox 1088 2430 1448 2486; x_wconf 85' lang='lat' dir='ltr'>memineris.</span> <span class='ocrx_word' id='word_1_185' title='bbox 1480 2431 1780 2500; x_wconf 90' lang='lat' dir='ltr'>Monacbe,</span> 
     </span>
    </p>
   </div>
   <div class='ocr_carea' id='block_1_26' title="bbox 128 2519 1782 2596">
    <p class='ocr_par' dir='ltr' id='par_1_26' title="bbox 128 2519 1782 2596">
     <span class='ocr_line' id='line_1_26' title="bbox 128 2519 1782 2596; baseline -0.002 -16"><span class='ocrx_word' id='word_1_186' title='bbox 128 2525 174 2580; x_wconf 91' lang='lat' dir='ltr'>si</span> <span class='ocrx_word' id='word_1_187' title='bbox 204 2539 409 2596; x_wconf 84' lang='lat' dir='ltr'>rogas;</span> <span class='ocrx_word' id='word_1_188' title='bbox 443 2537 573 2594; x_wconf 73' lang='lat' dir='ltr'>quae</span> <span class='ocrx_word' id='word_1_189' title='bbox 605 2523 737 2592; x_wconf 91' lang='lat' dir='ltr'>post</span> <span class='ocrx_word' id='word_1_190' title='bbox 767 2519 943 2575; x_wconf 90' lang='lat' dir='ltr'>etiam</span> <span class='ocrx_word' id='word_1_191' title='bbox 975 2519 1591 2592; x_wconf 88' lang='lat' dir='ltr'>spopondisti,moneo</span> <span class='ocrx_word' id='word_1_192' title='bbox 1622 2537 1782 2577; x_wconf 79' lang='lat' dir='ltr'>recc-</span> 
     </span>
    </p>
   </div>
   <div class='ocr_carea' id='block_1_27' title="bbox 129 2607 1785 2681">
    <p class='ocr_par' dir='ltr' id='par_1_27' title="bbox 129 2607 1785 2681">
     <span class='ocr_line' id='line_1_27' title="bbox 129 2607 1785 2681; baseline -0.002 -12"><span class='ocrx_word' id='word_1_193' title='bbox 129 2613 230 2681; x_wconf 89' lang='lat' dir='ltr'>las,</span> <span class='ocrx_word' id='word_1_194' title='bbox 256 2613 406 2669; x_wconf 90' lang='lat' dir='ltr'>illud</span> <span class='ocrx_word' id='word_1_195' title='bbox 436 2608 786 2678; x_wconf 87' lang='lat' dir='ltr'>redde;dicit</span> <span class='ocrx_word' id='word_1_196' title='bbox 815 2607 1054 2680; x_wconf 89' lang='lat' dir='ltr'>sponsio</span> <span class='ocrx_word' id='word_1_197' title='bbox 1086 2607 1416 2664; x_wconf 81' lang='lat' dir='ltr'>Conditoris</span> <span class='ocrx_word' id='word_1_198' title='bbox 1451 2625 1464 2664; x_wconf 90' lang='lat'>:</span> <span class='ocrx_word' id='word_1_199' title='bbox 1497 2610 1563 2665; x_wconf 87' lang='lat' dir='ltr'>Et</span> <span class='ocrx_word' id='word_1_200' title='bbox 1593 2611 1785 2666; x_wconf 85' lang='lat' dir='ltr'>invoca</span> 
     </span>
    </p>
   </div>
   <div class='ocr_carea' id='block_1_28' title="bbox 129 2699 1783 2769">
    <p class='ocr_par' dir='ltr' id='par_1_28' title="bbox 129 2699 1783 2769">
     <span class='ocr_line' id='line_1_28' title="bbox 129 2699 1783 2769; baseline -0.003 -9"><span class='ocrx_word' id='word_1_201' title='bbox 129 2704 276 2760; x_wconf 72' lang='lat'><strong>200</strong></span> <span class='ocrx_word' id='word_1_202' title='bbox 303 2717 396 2758; x_wconf 89' lang='lat' dir='ltr'>me</span> <span class='ocrx_word' id='word_1_203' title='bbox 425 2703 489 2756; x_wconf 82' lang='lat' dir='ltr'>in</span> <span class='ocrx_word' id='word_1_204' title='bbox 517 2699 607 2756; x_wconf 87' lang='lat' dir='ltr'>die</span> <span class='ocrx_word' id='word_1_205' title='bbox 635 2699 1035 2765; x_wconf 82' lang='lat' dir='ltr'>tribulationis,</span> <span class='ocrx_word' id='word_1_206' title='bbox 1066 2705 1118 2754; x_wconf 90' lang='lat' dir='ltr'>et</span> <span class='ocrx_word' id='word_1_207' title='bbox 1148 2715 1338 2754; x_wconf 83' lang='lat' dir='ltr'>eruam</span> <span class='ocrx_word' id='word_1_208' title='bbox 1369 2706 1440 2767; x_wconf 88' lang='lat' dir='ltr'>te,</span> <span class='ocrx_word' id='word_1_209' title='bbox 1471 2707 1522 2754; x_wconf 89' lang='lat' dir='ltr'>et</span> <span class='ocrx_word' id='word_1_210' title='bbox 1560 2702 1783 2769; x_wconf 83' lang='lat' dir='ltr'>magni-</span> 
     </span>
    </p>
   </div>
   <div class='ocr_carea' id='block_1_29' title="bbox 129 2787 792 2864">
    <p class='ocr_par' dir='ltr' id='par_1_29' title="bbox 129 2787 792 2864">
     <span class='ocr_line' id='line_1_29' title="bbox 129 2787 792 2864; baseline -0.009 -16"><span class='ocrx_word' id='word_1_211' title='bbox 129 2793 308 2864; x_wconf 82' lang='lat' dir='ltr'>ﬁcabis</span> <span class='ocrx_word' id='word_1_212' title='bbox 337 2806 430 2847; x_wconf 86' lang='lat' dir='ltr'>me</span> <span class='ocrx_word' id='word_1_213' title='bbox 458 2789 644 2859; x_wconf 85' lang='lat' dir='ltr'>(Ibid.,</span> <span class='ocrx_word' id='word_1_214' title='bbox 674 2787 698 2844; x_wconf 74' lang='grc' dir='ltr'><strong>Ι</strong></span> <span class='ocrx_word' id='word_1_215' title='bbox 711 2787 792 2858; x_wconf 88' lang='grc'>5).</span> 
     </span>
    </p>
   </div>
   <div class='ocr_carea' id='block_1_30' title="bbox 194 2878 1782 2950">
    <p class='ocr_par' dir='ltr' id='par_1_30' title="bbox 194 2878 1782 2950">
     <span class='ocr_line' id='line_1_30' title="bbox 194 2878 1782 2950; baseline -0.003 -13"><span class='ocrx_word' id='word_1_216' title='bbox 194 2884 279 2937; x_wconf 86' lang='grc'>17.</span> <span class='ocrx_word' id='word_1_217' title='bbox 315 2881 522 2950; x_wconf 83' lang='lat' dir='ltr'>Quare,</span> <span class='ocrx_word' id='word_1_218' title='bbox 574 2878 798 2950; x_wconf 88' lang='lat' dir='ltr'>inquis,</span> <span class='ocrx_word' id='word_1_219' title='bbox 851 2878 1029 2932; x_wconf 81' lang='lat' dir='ltr'>tristis</span> <span class='ocrx_word' id='word_1_220' title='bbox 1075 2893 1149 2945; x_wconf 87' lang='lat' dir='ltr'>es,</span> <span class='ocrx_word' id='word_1_221' title='bbox 1197 2880 1390 2932; x_wconf 87' lang='lat' dir='ltr'>anima</span> <span class='ocrx_word' id='word_1_222' title='bbox 1437 2881 1606 2934; x_wconf 80' lang='lat' dir='ltr'>mea?</span> <span class='ocrx_word' id='word_1_223' title='bbox 1633 2879 1782 2934; x_wconf 83' lang='lat' dir='ltr'>Audi</span> 
     </span>
    </p>
   </div>
   <div class='ocr_carea' id='block_1_31' title="bbox 129 2966 1786 3038">
    <p class='ocr_par' dir='ltr' id='par_1_31' title="bbox 129 2966 1786 3038">
     <span class='ocr_line' id='line_1_31' title="bbox 129 2966 1786 3038; baseline -0.002 -11"><span class='ocrx_word' id='word_1_224' title='bbox 129 2972 274 3027; x_wconf 90' lang='lat' dir='ltr'>unde</span> <span class='ocrx_word' id='word_1_225' title='bbox 303 2967 629 3027; x_wconf 86' lang='lat' dir='ltr'>consoleris</span> <span class='ocrx_word' id='word_1_226' title='bbox 663 2983 676 3021; x_wconf 90' lang='lat'><strong>:</strong></span> <span class='ocrx_word' id='word_1_227' title='bbox 723 2966 893 3038; x_wconf 88' lang='lat' dir='ltr'>Spera</span> <span class='ocrx_word' id='word_1_228' title='bbox 941 2968 1001 3021; x_wconf 87' lang='lat' dir='ltr'>in</span> <span class='ocrx_word' id='word_1_229' title='bbox 1042 2967 1194 3022; x_wconf 85' lang='lat' dir='ltr'>Deo?</span> <span class='ocrx_word' id='word_1_230' title='bbox 1231 2968 1466 3032; x_wconf 83' lang='lat' dir='ltr'>Quare?</span> <span class='ocrx_word' id='word_1_231' title='bbox 1515 2967 1786 3036; x_wconf 81' lang='lat' dir='ltr'>Quoniam</span> 
     </span>
    </p>
   </div>
   <div class='ocr_carea' id='block_1_32' title="bbox 127 3054 1780 3130">
    <p class='ocr_par' dir='ltr' id='par_1_32' title="bbox 127 3054 1780 3130">
     <span class='ocr_line' id='line_1_32' title="bbox 127 3054 1780 3130; baseline -0.002 -14"><span class='ocrx_word' id='word_1_232' title='bbox 127 3059 295 3116; x_wconf 82' lang='lat' dir='ltr'>adhuc</span> <span class='ocrx_word' id='word_1_233' title='bbox 322 3056 623 3130; x_wconf 81' lang='lat' dir='ltr'>conﬁtebor</span> <span class='ocrx_word' id='word_1_234' title='bbox 648 3056 740 3111; x_wconf 87' lang='lat' dir='ltr'>illi</span> <span class='ocrx_word' id='word_1_235' title='bbox 767 3055 938 3124; x_wconf 87' lang='lat' dir='ltr'>(Psal.</span> <span class='ocrx_word' id='word_1_236' title='bbox 973 3054 1388 3126; x_wconf 79' lang='lat' dir='ltr'>xu,5),adbuc</span> <span class='ocrx_word' id='word_1_237' title='bbox 1418 3055 1564 3124; x_wconf 89' lang='lat' dir='ltr'>vivo,</span> <span class='ocrx_word' id='word_1_238' title='bbox 1599 3058 1780 3129; x_wconf 90' lang='lat' dir='ltr'>spiro,</span> 
     </span>
    </p>
   </div>
   <div class='ocr_carea' id='block_1_33' title="bbox 128 3143 1781 3223">
    <p class='ocr_par' dir='ltr' id='par_1_33' title="bbox 128 3143 1781 3223">
     <span class='ocr_line' id='line_1_33' title="bbox 128 3143 1781 3223; baseline -0.002 -17"><span class='ocrx_word' id='word_1_239' title='bbox 128 3154 181 3206; x_wconf 85' lang='lat' dir='ltr'>et</span> <span class='ocrx_word' id='word_1_240' title='bbox 207 3149 463 3223; x_wconf 86' lang='lat' dir='ltr'>pedibus</span> <span class='ocrx_word' id='word_1_241' title='bbox 496 3145 644 3202; x_wconf 88' lang='lat' dir='ltr'>meis</span> <span class='ocrx_word' id='word_1_242' title='bbox 675 3161 769 3201; x_wconf 91' lang='lat' dir='ltr'>me</span> <span class='ocrx_word' id='word_1_243' title='bbox 797 3143 1053 3216; x_wconf 90' lang='lat' dir='ltr'>propriis</span> <span class='ocrx_word' id='word_1_244' title='bbox 1083 3153 1274 3217; x_wconf 85' lang='lat' dir='ltr'>porto,</span> <span class='ocrx_word' id='word_1_245' title='bbox 1307 3145 1501 3200; x_wconf 87' lang='lat' dir='ltr'>adhuc</span> <span class='ocrx_word' id='word_1_246' title='bbox 1540 3151 1630 3202; x_wconf 91' lang='lat' dir='ltr'>est</span> <span class='ocrx_word' id='word_1_247' title='bbox 1655 3146 1781 3202; x_wconf 91' lang='lat' dir='ltr'>dies</span> 
     </span>
    </p>
   </div>
   <div class='ocr_carea' id='block_1_34' title="bbox 129 3233 1776 3306">
    <p class='ocr_par' dir='ltr' id='par_1_34' title="bbox 129 3233 1776 3306">
     <span class='ocr_line' id='line_1_34' title="bbox 129 3233 1776 3306; baseline -0.001 -13"><span class='ocrx_word' id='word_1_248' title='bbox 129 3237 348 3306; x_wconf 87' lang='lat' dir='ltr'>salutis,</span> <span class='ocrx_word' id='word_1_249' title='bbox 402 3234 604 3292; x_wconf 88' lang='lat' dir='ltr'>adhuc</span> <span class='ocrx_word' id='word_1_250' title='bbox 649 3237 888 3306; x_wconf 87' lang='lat' dir='ltr'>tempus</span> <span class='ocrx_word' id='word_1_251' title='bbox 935 3233 1292 3304; x_wconf 89' lang='lat' dir='ltr'>acceptabile</span> <span class='ocrx_word' id='word_1_252' title='bbox 1337 3235 1407 3306; x_wconf 96' lang='lat' dir='ltr'>(II</span> <span class='ocrx_word' id='word_1_253' title='bbox 1434 3234 1555 3290; x_wconf 84' lang='lat' dir='ltr'>Cor.</span> <span class='ocrx_word' id='word_1_254' title='bbox 1589 3252 1665 3301; x_wconf 75' lang='lat' dir='ltr'>vx,</span> <span class='ocrx_word' id='word_1_255' title='bbox 1699 3239 1776 3306; x_wconf 87' lang='lat'>2).</span> 
     </span>
    </p>
   </div>
   <div class='ocr_carea' id='block_1_35' title="bbox 1911 651 3566 729">
    <p class='ocr_par' dir='ltr' id='par_1_35' title="bbox 1911 651 3566 729">
     <span class='ocr_line' id='line_1_35' title="bbox 1911 651 3566 729; baseline -0.002 -22"><span class='ocrx_word' id='word_1_256' title='bbox 1911 652 2092 725; x_wconf 79' lang='lat' dir='ltr'>igitur</span> <span class='ocrx_word' id='word_1_257' title='bbox 2121 655 2264 727; x_wconf 91' lang='lat' dir='ltr'>quid</span> <span class='ocrx_word' id='word_1_258' title='bbox 2284 655 2312 710; x_wconf 84' lang='lat'><strong>?</strong></span> <span class='ocrx_word' id='word_1_259' title='bbox 2340 655 2605 726; x_wconf 85' lang='lat' dir='ltr'>Videtur,</span> <span class='ocrx_word' id='word_1_260' title='bbox 2636 655 2902 729; x_wconf 89' lang='lat' dir='ltr'>inquam,</span> <span class='ocrx_word' id='word_1_261' title='bbox 2935 655 3104 723; x_wconf 90' lang='lat' dir='ltr'>mihi,</span> <span class='ocrx_word' id='word_1_262' title='bbox 3137 654 3238 711; x_wconf 89' lang='lat' dir='ltr'>sed</span> <span class='ocrx_word' id='word_1_263' title='bbox 3272 651 3440 724; x_wconf 90' lang='lat' dir='ltr'>quasi</span> <span class='ocrx_word' id='word_1_264' title='bbox 3463 667 3566 723; x_wconf 90' lang='lat' dir='ltr'>per</span> 
     </span>
    </p>
   </div>
   <div class='ocr_carea' id='block_1_36' title="bbox 1911 743 3566 817">
    <p class='ocr_par' dir='ltr' id='par_1_36' title="bbox 1911 743 3566 817">
     <span class='ocr_line' id='line_1_36' title="bbox 1911 743 3566 817; baseline -0.001 -20"><span class='ocrx_word' id='word_1_265' title='bbox 1911 743 2182 799; x_wconf 88' lang='lat' dir='ltr'>tenebras</span> <span class='ocrx_word' id='word_1_266' title='bbox 2205 744 2386 801; x_wconf 90' lang='lat' dir='ltr'>dubia</span> <span class='ocrx_word' id='word_1_267' title='bbox 2415 744 2730 816; x_wconf 70' lang='lat' dir='ltr'>luce,quod</span> <span class='ocrx_word' id='word_1_268' title='bbox 2761 744 2809 801; x_wconf 91' lang='lat' dir='ltr'>ei</span> <span class='ocrx_word' id='word_1_269' title='bbox 2837 745 3060 817; x_wconf 89' lang='lat' dir='ltr'>possim</span> <span class='ocrx_word' id='word_1_270' title='bbox 3091 759 3255 800; x_wconf 92' lang='lat' dir='ltr'>servo</span> <span class='ocrx_word' id='word_1_271' title='bbox 3287 757 3566 813; x_wconf 89' lang='lat' dir='ltr'>congrue-</span> 
     </span>
    </p>
   </div>
   <div class='ocr_carea' id='block_1_37' title="bbox 1911 830 3560 907">
    <p class='ocr_par' dir='ltr' id='par_1_37' title="bbox 1911 830 3560 907">
     <span class='ocr_line' id='line_1_37' title="bbox 1911 830 3560 907; baseline -0.001 -21"><span class='ocrx_word' id='word_1_272' title='bbox 1911 846 1992 896; x_wconf 88' lang='lat' dir='ltr'>re,</span> <span class='ocrx_word' id='word_1_273' title='bbox 2026 833 2126 904; x_wconf 90' lang='lat' dir='ltr'>qui</span> <span class='ocrx_word' id='word_1_274' title='bbox 2159 832 2298 906; x_wconf 89' lang='lat' dir='ltr'>fuga</span> <span class='ocrx_word' id='word_1_275' title='bbox 2333 831 2558 906; x_wconf 91' lang='lat' dir='ltr'>lapsus,</span> <span class='ocrx_word' id='word_1_276' title='bbox 2592 833 2886 907; x_wconf 88' lang='lat' dir='ltr'>longoque</span> <span class='ocrx_word' id='word_1_277' title='bbox 2931 838 3193 906; x_wconf 90' lang='lat' dir='ltr'>tempore</span> <span class='ocrx_word' id='word_1_278' title='bbox 3243 849 3277 888; x_wconf 90' lang='lat' dir='ltr'>a</span> <span class='ocrx_word' id='word_1_279' title='bbox 3323 830 3560 886; x_wconf 91' lang='lat' dir='ltr'>domino</span> 
     </span>
    </p>
   </div>
   <div class='ocr_carea' id='block_1_38' title="bbox 1909 918 3561 996">
    <p class='ocr_par' dir='ltr' id='par_1_38' title="bbox 1909 918 3561 996">
     <span class='ocr_line' id='line_1_38' title="bbox 1909 918 3561 996; baseline -0.003 -19"><span class='ocrx_word' id='word_1_280' title='bbox 1909 921 2274 989; x_wconf 87' lang='lat' dir='ltr'>absentatus,</span> <span class='ocrx_word' id='word_1_281' title='bbox 2306 924 2544 979; x_wconf 88' lang='lat' dir='ltr'>tandem</span> <span class='ocrx_word' id='word_1_282' title='bbox 2595 923 2910 996; x_wconf 86' lang='lat' dir='ltr'>aliquando</span> <span class='ocrx_word' id='word_1_283' title='bbox 2961 921 3288 977; x_wconf 89' lang='lat' dir='ltr'>minitantis</span> <span class='ocrx_word' id='word_1_284' title='bbox 3337 918 3561 976; x_wconf 88' lang='lat' dir='ltr'>domini</span> 
     </span>
    </p>
   </div>
   <div class='ocr_carea' id='block_1_39' title="bbox 1908 1008 3564 1085">
    <p class='ocr_par' dir='ltr' id='par_1_39' title="bbox 1908 1008 3564 1085">
     <span class='ocr_line' id='line_1_39' title="bbox 1908 1008 3564 1085; baseline -0.002 -19"><span class='ocrx_word' id='word_1_285' title='bbox 1908 1015 2136 1072; x_wconf 86' lang='lat' dir='ltr'>terrore</span> <span class='ocrx_word' id='word_1_286' title='bbox 2176 1011 2539 1085; x_wconf 89' lang='lat' dir='ltr'>compulsus,</span> <span class='ocrx_word' id='word_1_287' title='bbox 2574 1030 2646 1069; x_wconf 89' lang='lat' dir='ltr'>ne</span> <span class='ocrx_word' id='word_1_288' title='bbox 2695 1013 2914 1079; x_wconf 88' lang='lat' dir='ltr'>subito,</span> <span class='ocrx_word' id='word_1_289' title='bbox 2944 1011 3168 1069; x_wconf 89' lang='lat' dir='ltr'>scilicet</span> <span class='ocrx_word' id='word_1_290' title='bbox 3205 1009 3345 1066; x_wconf 92' lang='lat' dir='ltr'>dum</span> <span class='ocrx_word' id='word_1_291' title='bbox 3377 1008 3564 1064; x_wconf 87' lang='lat' dir='ltr'>nescit</span> 
     </span>
    </p>
   </div>
   <div class='ocr_carea' id='block_1_40' title="bbox 1908 1098 3559 1174">
    <p class='ocr_par' dir='ltr' id='par_1_40' title="bbox 1908 1098 3559 1174">
     <span class='ocr_line' id='line_1_40' title="bbox 1908 1098 3559 1174; baseline -0.001 -20"><span class='ocrx_word' id='word_1_292' title='bbox 1908 1101 2524 1172; x_wconf 83' lang='lat' dir='ltr'>comprehendatur,et</span> <span class='ocrx_word' id='word_1_293' title='bbox 2549 1107 2652 1158; x_wconf 89' lang='lat' dir='ltr'>aut</span> <span class='ocrx_word' id='word_1_294' title='bbox 2680 1101 2944 1174; x_wconf 89' lang='lat' dir='ltr'>patibulo</span> <span class='ocrx_word' id='word_1_295' title='bbox 2977 1105 3079 1157; x_wconf 89' lang='lat' dir='ltr'>aut</span> <span class='ocrx_word' id='word_1_296' title='bbox 3110 1098 3419 1172; x_wconf 90' lang='lat' dir='ltr'>suppliciis</span> <span class='ocrx_word' id='word_1_297' title='bbox 3440 1102 3559 1153; x_wconf 88' lang='lat' dir='ltr'>tra-</span> 
     </span>
    </p>
   </div>
   <div class='ocr_carea' id='block_1_41' title="bbox 1906 1187 3557 1264">
    <p class='ocr_par' dir='ltr' id='par_1_41' title="bbox 1906 1187 3557 1264">
     <span class='ocr_line' id='line_1_41' title="bbox 1906 1187 3557 1264; baseline -0.002 -21"><span class='ocrx_word' id='word_1_298' title='bbox 1906 1188 2098 1253; x_wconf 86' lang='lat' dir='ltr'>datur,</span> <span class='ocrx_word' id='word_1_299' title='bbox 2134 1190 2232 1262; x_wconf 92' lang='lat' dir='ltr'>qui</span> <span class='ocrx_word' id='word_1_300' title='bbox 2263 1190 2462 1247; x_wconf 89' lang='lat' dir='ltr'>missis</span> <span class='ocrx_word' id='word_1_301' title='bbox 2492 1189 2700 1264; x_wconf 85' lang='lat' dir='ltr'>legatis</span> <span class='ocrx_word' id='word_1_302' title='bbox 2732 1195 2930 1262; x_wconf 87' lang='lat' dir='ltr'>sperat</span> <span class='ocrx_word' id='word_1_303' title='bbox 2958 1189 3195 1262; x_wconf 88' lang='lat' dir='ltr'>aliquod</span> <span class='ocrx_word' id='word_1_304' title='bbox 3232 1187 3557 1244; x_wconf 86' lang='lat' dir='ltr'>remedium</span> 
     </span>
    </p>
   </div>
   <div class='ocr_carea' id='block_1_42' title="bbox 1902 1277 3556 1352">
    <p class='ocr_par' dir='ltr' id='par_1_42' title="bbox 1902 1277 3556 1352">
     <span class='ocr_line' id='line_1_42' title="bbox 1902 1277 3556 1352; baseline 0 -22"><span class='ocrx_word' id='word_1_305' title='bbox 1902 1277 2162 1349; x_wconf 84' lang='lat' dir='ltr'>pietatis.</span> <span class='ocrx_word' id='word_1_306' title='bbox 2185 1279 2293 1343; x_wconf 88' lang='lat' dir='ltr'>Qui</span> <span class='ocrx_word' id='word_1_307' title='bbox 2325 1284 2492 1348; x_wconf 90' lang='lat' dir='ltr'>sunt;</span> <span class='ocrx_word' id='word_1_308' title='bbox 2518 1279 2841 1351; x_wconf 89' lang='lat' dir='ltr'>inquis,tui</span> <span class='ocrx_word' id='word_1_309' title='bbox 2875 1279 3143 1352; x_wconf 84' lang='lat' dir='ltr'>legati?Si</span> <span class='ocrx_word' id='word_1_310' title='bbox 3175 1278 3315 1350; x_wconf 91' lang='lat' dir='ltr'>quid</span> <span class='ocrx_word' id='word_1_311' title='bbox 3346 1277 3556 1343; x_wconf 89' lang='lat' dir='ltr'>enitor,</span> 
     </span>
    </p>
   </div>
   <div class='ocr_carea' id='block_1_43' title="bbox 1903 1364 3555 1438">
    <p class='ocr_par' dir='ltr' id='par_1_43' title="bbox 1903 1364 3555 1438">
     <span class='ocr_line' id='line_1_43' title="bbox 1903 1364 3555 1438; baseline -0.001 -18"><span class='ocrx_word' id='word_1_312' title='bbox 1903 1364 2166 1438; x_wconf 88' lang='lat' dir='ltr'>inquam.</span> <span class='ocrx_word' id='word_1_313' title='bbox 2203 1368 2261 1423; x_wconf 91' lang='lat' dir='ltr'>Si</span> <span class='ocrx_word' id='word_1_314' title='bbox 2294 1373 2490 1424; x_wconf 83' lang='lat' dir='ltr'>tamen</span> <span class='ocrx_word' id='word_1_315' title='bbox 2537 1370 2788 1425; x_wconf 91' lang='lat' dir='ltr'>eniterer</span> <span class='ocrx_word' id='word_1_316' title='bbox 2834 1369 2894 1424; x_wconf 89' lang='lat' dir='ltr'>in</span> <span class='ocrx_word' id='word_1_317' title='bbox 2945 1368 3046 1424; x_wconf 91' lang='lat' dir='ltr'>Dei</span> <span class='ocrx_word' id='word_1_318' title='bbox 3094 1367 3327 1424; x_wconf 89' lang='lat' dir='ltr'>servitio</span> <span class='ocrx_word' id='word_1_319' title='bbox 3377 1367 3555 1432; x_wconf 81' lang='lat' dir='ltr'>forte;</span> 
     </span>
    </p>
   </div>
   <div class='ocr_carea' id='block_1_44' title="bbox 1901 1456 3558 1529">
    <p class='ocr_par' dir='ltr' id='par_1_44' title="bbox 1901 1456 3558 1529">
     <span class='ocr_line' id='line_1_44' title="bbox 1901 1456 3558 1529; baseline 0 -19"><span class='ocrx_word' id='word_1_320' title='bbox 1901 1459 1960 1510; x_wconf 92' lang='lat' dir='ltr'>et</span> <span class='ocrx_word' id='word_1_321' title='bbox 1989 1457 2038 1511; x_wconf 92' lang='lat' dir='ltr'>si</span> <span class='ocrx_word' id='word_1_322' title='bbox 2064 1473 2180 1512; x_wconf 91' lang='lat' dir='ltr'>non</span> <span class='ocrx_word' id='word_1_323' title='bbox 2213 1456 2394 1525; x_wconf 91' lang='lat' dir='ltr'>aliud,</span> <span class='ocrx_word' id='word_1_324' title='bbox 2423 1459 2780 1513; x_wconf 88' lang='lat' dir='ltr'>desiderium</span> <span class='ocrx_word' id='word_1_325' title='bbox 2812 1457 3019 1514; x_wconf 88' lang='lat' dir='ltr'>saltem</span> <span class='ocrx_word' id='word_1_326' title='bbox 3065 1458 3312 1529; x_wconf 88' lang='lat' dir='ltr'>loquens</span> <span class='ocrx_word' id='word_1_327' title='bbox 3355 1456 3558 1525; x_wconf 87' lang='lat' dir='ltr'>utique</span> 
     </span>
    </p>
   </div>
   <div class='ocr_carea' id='block_1_45' title="bbox 1904 1539 3556 1616">
    <p class='ocr_par' dir='ltr' id='par_1_45' title="bbox 1904 1539 3556 1616">
     <span class='ocr_line' id='line_1_45' title="bbox 1904 1539 3556 1616; baseline -0.003 -17"><span class='ocrx_word' id='word_1_328' title='bbox 1904 1561 2036 1599; x_wconf 90' lang='lat' dir='ltr'>cum</span> <span class='ocrx_word' id='word_1_329' title='bbox 2073 1545 2341 1614; x_wconf 91' lang='lat' dir='ltr'>Domino,</span> <span class='ocrx_word' id='word_1_330' title='bbox 2366 1550 2423 1601; x_wconf 89' lang='lat' dir='ltr'>et</span> <span class='ocrx_word' id='word_1_331' title='bbox 2452 1546 2678 1602; x_wconf 86' lang='lat' dir='ltr'>utinam</span> <span class='ocrx_word' id='word_1_332' title='bbox 2710 1546 2910 1616; x_wconf 90' lang='lat' dir='ltr'>ipsum</span> <span class='ocrx_word' id='word_1_333' title='bbox 2939 1544 3028 1601; x_wconf 91' lang='lat' dir='ltr'>vel</span> <span class='ocrx_word' id='word_1_334' title='bbox 3061 1548 3422 1608; x_wconf 68' lang='lat' dir='ltr'>caaterornm,</span> <span class='ocrx_word' id='word_1_335' title='bbox 3456 1539 3556 1612; x_wconf 92' lang='lat' dir='ltr'>qui</span> 
     </span>
    </p>
   </div>
   <div class='ocr_carea' id='block_1_46' title="bbox 1905 1631 3560 1707">
    <p class='ocr_par' dir='ltr' id='par_1_46' title="bbox 1905 1631 3560 1707">
     <span class='ocr_line' id='line_1_46' title="bbox 1905 1631 3560 1707; baseline -0.002 -19"><span class='ocrx_word' id='word_1_336' title='bbox 1905 1633 1978 1688; x_wconf 88' lang='lat' dir='ltr'>ad</span> <span class='ocrx_word' id='word_1_337' title='bbox 2011 1633 2122 1689; x_wconf 89' lang='lat' dir='ltr'>hoc</span> <span class='ocrx_word' id='word_1_338' title='bbox 2152 1637 2293 1689; x_wconf 90' lang='lat' dir='ltr'>sunt</span> <span class='ocrx_word' id='word_1_339' title='bbox 2321 1635 2664 1707; x_wconf 85' lang='lat' dir='ltr'>suppliciter</span> <span class='ocrx_word' id='word_1_340' title='bbox 2692 1633 3111 1700; x_wconf 88' lang='lat' dir='ltr'>invocandi;sic</span> <span class='ocrx_word' id='word_1_341' title='bbox 3130 1631 3286 1688; x_wconf 89' lang='lat' dir='ltr'>enim</span> <span class='ocrx_word' id='word_1_342' title='bbox 3308 1631 3560 1686; x_wconf 88' lang='lat' dir='ltr'>habetur</span> 
     </span>
    </p>
   </div>
   <div class='ocr_carea' id='block_1_47' title="bbox 1905 1720 3555 1795">
    <p class='ocr_par' dir='ltr' id='par_1_47' title="bbox 1905 1720 3555 1795">
     <span class='ocr_line' id='line_1_47' title="bbox 1905 1720 3555 1795; baseline -0.001 -21"><span class='ocrx_word' id='word_1_343' title='bbox 1905 1720 1964 1774; x_wconf 89' lang='lat' dir='ltr'>in</span> <span class='ocrx_word' id='word_1_344' title='bbox 1993 1721 2223 1792; x_wconf 87' lang='lat' dir='ltr'>psalmo</span> <span class='ocrx_word' id='word_1_345' title='bbox 2249 1739 2263 1777; x_wconf 89' lang='lat'><strong>:</strong></span> <span class='ocrx_word' id='word_1_346' title='bbox 2288 1724 2630 1779; x_wconf 87' lang='lat' dir='ltr'>Desiderium</span> <span class='ocrx_word' id='word_1_347' title='bbox 2651 1739 2950 1795; x_wconf 83' lang='lat' dir='ltr'>pauperem</span> <span class='ocrx_word' id='word_1_348' title='bbox 2979 1723 3264 1778; x_wconf 73' lang='lat' dir='ltr'>exaudivit</span> <span class='ocrx_word' id='word_1_349' title='bbox 3295 1722 3555 1776; x_wconf 84' lang='lat' dir='ltr'>Dominus</span> 
     </span>
    </p>
   </div>
   <div class='ocr_carea' id='block_1_48' title="bbox 1908 1807 3553 1884">
    <p class='ocr_par' dir='ltr' id='par_1_48' title="bbox 1908 1807 3553 1884">
     <span class='ocr_line' id='line_1_48' title="bbox 1908 1807 3553 1884; baseline -0.002 -19"><span class='ocrx_word' id='word_1_350' title='bbox 1908 1809 2076 1881; x_wconf 90' lang='lat' dir='ltr'>(Psal.</span> <span class='ocrx_word' id='word_1_351' title='bbox 2119 1829 2173 1881; x_wconf 87' lang='lat' dir='ltr'>x,</span> <span class='ocrx_word' id='word_1_352' title='bbox 2225 1812 2336 1884; x_wconf 77' lang='grc'>47),</span> <span class='ocrx_word' id='word_1_353' title='bbox 2377 1813 2548 1884; x_wconf 91' lang='lat' dir='ltr'>quasi</span> <span class='ocrx_word' id='word_1_354' title='bbox 2593 1812 2856 1869; x_wconf 87' lang='lat' dir='ltr'>diceret:</span> <span class='ocrx_word' id='word_1_355' title='bbox 2909 1811 3276 1868; x_wconf 78' lang='lat' dir='ltr'>Desideiium</span> <span class='ocrx_word' id='word_1_356' title='bbox 3327 1807 3553 1881; x_wconf 83' lang='lat' dir='ltr'>fugitivi</span> 
     </span>
    </p>
   </div>
   <div class='ocr_carea' id='block_1_49' title="bbox 1906 1899 3555 1973">
    <p class='ocr_par' dir='ltr' id='par_1_49' title="bbox 1906 1899 3555 1973">
     <span class='ocr_line' id='line_1_49' title="bbox 1906 1899 3555 1973; baseline -0.001 -19"><span class='ocrx_word' id='word_1_357' title='bbox 1906 1899 2066 1955; x_wconf 88' lang='lat' dir='ltr'>novit</span> <span class='ocrx_word' id='word_1_358' title='bbox 2095 1901 2312 1973; x_wconf 89' lang='lat' dir='ltr'>optime</span> <span class='ocrx_word' id='word_1_359' title='bbox 2356 1901 2640 1958; x_wconf 91' lang='lat' dir='ltr'>Dominus</span> <span class='ocrx_word' id='word_1_360' title='bbox 2689 1903 2837 1973; x_wconf 85' lang='lat' dir='ltr'>ejus.</span> <span class='ocrx_word' id='word_1_361' title='bbox 2865 1901 3015 1957; x_wconf 90' lang='lat' dir='ltr'>Audi</span> <span class='ocrx_word' id='word_1_362' title='bbox 3061 1900 3217 1956; x_wconf 91' lang='lat' dir='ltr'>enim</span> <span class='ocrx_word' id='word_1_363' title='bbox 3268 1899 3438 1971; x_wconf 89' lang='lat' dir='ltr'>quasi</span> <span class='ocrx_word' id='word_1_364' title='bbox 3483 1899 3555 1953; x_wconf 90' lang='lat' dir='ltr'>de</span> 
     </span>
    </p>
   </div>
   <div class='ocr_carea' id='block_1_50' title="bbox 1901 1990 3552 2064">
    <p class='ocr_par' dir='ltr' id='par_1_50' title="bbox 1901 1990 3552 2064">
     <span class='ocr_line' id='line_1_50' title="bbox 1901 1990 3552 2064; baseline 0 -21"><span class='ocrx_word' id='word_1_365' title='bbox 1901 1990 2211 2060; x_wconf 86' lang='lat' dir='ltr'>cujusdam</span> <span class='ocrx_word' id='word_1_366' title='bbox 2267 1990 2496 2046; x_wconf 88' lang='lat' dir='ltr'>itineris</span> <span class='ocrx_word' id='word_1_367' title='bbox 2568 1990 2994 2064; x_wconf 69' lang='lat' dir='ltr'>praeparatione</span> <span class='ocrx_word' id='word_1_368' title='bbox 3040 2009 3052 2046; x_wconf 93' lang='lat'>:</span> <span class='ocrx_word' id='word_1_369' title='bbox 3113 1990 3552 2061; x_wconf 69' lang='lat' dir='ltr'>Praeparationes</span> 
     </span>
    </p>
   </div>
   <div class='ocr_carea' id='block_1_51' title="bbox 1896 2077 3551 2152">
    <p class='ocr_par' dir='ltr' id='par_1_51' title="bbox 1896 2077 3551 2152">
     <span class='ocr_line' id='line_1_51' title="bbox 1896 2077 3551 2152; baseline -0.001 -19"><span class='ocrx_word' id='word_1_370' title='bbox 1896 2079 2076 2134; x_wconf 88' lang='lat' dir='ltr'>cordis</span> <span class='ocrx_word' id='word_1_371' title='bbox 2103 2095 2293 2134; x_wconf 87' lang='lat' dir='ltr'>eorum</span> <span class='ocrx_word' id='word_1_372' title='bbox 2339 2079 2555 2135; x_wconf 79' lang='lat' dir='ltr'>audivit</span> <span class='ocrx_word' id='word_1_373' title='bbox 2582 2082 2738 2136; x_wconf 87' lang='lat' dir='ltr'>auris</span> <span class='ocrx_word' id='word_1_374' title='bbox 2777 2086 2873 2136; x_wconf 87' lang='lat' dir='ltr'>tua</span> <span class='ocrx_word' id='word_1_375' title='bbox 2905 2079 3108 2152; x_wconf 64' lang='lat' dir='ltr'>(Ibid).</span> <span class='ocrx_word' id='word_1_376' title='bbox 3143 2079 3346 2134; x_wconf 90' lang='lat' dir='ltr'>Nonne</span> <span class='ocrx_word' id='word_1_377' title='bbox 3392 2077 3551 2133; x_wconf 90' lang='lat' dir='ltr'>enim</span> 
     </span>
    </p>
   </div>
   <div class='ocr_carea' id='block_1_52' title="bbox 1894 2167 3549 2241">
    <p class='ocr_par' dir='ltr' id='par_1_52' title="bbox 1894 2167 3549 2241">
     <span class='ocr_line' id='line_1_52' title="bbox 1894 2167 3549 2241; baseline 0.001 -20"><span class='ocrx_word' id='word_1_378' title='bbox 1894 2167 2000 2222; x_wconf 89' lang='lat' dir='ltr'>tibi</span> <span class='ocrx_word' id='word_1_379' title='bbox 2032 2167 2259 2224; x_wconf 87' lang='lat' dir='ltr'>videtur</span> <span class='ocrx_word' id='word_1_380' title='bbox 2295 2169 2563 2240; x_wconf 68' lang='lat' dir='ltr'>quaedam</span> <span class='ocrx_word' id='word_1_381' title='bbox 2592 2169 2802 2241; x_wconf 87' lang='lat' dir='ltr'>legatio</span> <span class='ocrx_word' id='word_1_382' title='bbox 2825 2185 2956 2225; x_wconf 90' lang='lat' dir='ltr'>esse</span> <span class='ocrx_word' id='word_1_383' title='bbox 2987 2169 3212 2241; x_wconf 82' lang='lat' dir='ltr'>fugitivi</span> <span class='ocrx_word' id='word_1_384' title='bbox 3259 2169 3330 2223; x_wconf 88' lang='lat' dir='ltr'>ab</span> <span class='ocrx_word' id='word_1_385' title='bbox 3360 2167 3549 2222; x_wconf 90' lang='lat' dir='ltr'>alieno</span> 
     </span>
    </p>
   </div>
   <div class='ocr_carea' id='block_1_53' title="bbox 1893 2256 3546 2325">
    <p class='ocr_par' dir='ltr' id='par_1_53' title="bbox 1893 2256 3546 2325">
     <span class='ocr_line' id='line_1_53' title="bbox 1893 2256 3546 2325; baseline -0.001 -13"><span class='ocrx_word' id='word_1_386' title='bbox 1893 2256 2142 2313; x_wconf 90' lang='lat' dir='ltr'>Domino</span> <span class='ocrx_word' id='word_1_387' title='bbox 2171 2257 2824 2325; x_wconf 85' lang='lat' dir='ltr'>evadendi,medullitus</span> <span class='ocrx_word' id='word_1_388' title='bbox 2836 2258 3183 2315; x_wconf 89' lang='lat' dir='ltr'>clamantem</span> <span class='ocrx_word' id='word_1_389' title='bbox 3197 2259 3339 2314; x_wconf 89' lang='lat' dir='ltr'>dum</span> <span class='ocrx_word' id='word_1_390' title='bbox 3354 2257 3546 2312; x_wconf 89' lang='lat' dir='ltr'>audis:</span> 
     </span>
    </p>
   </div>
   <div class='ocr_carea' id='block_1_54' title="bbox 1891 2347 3547 2420">
    <p class='ocr_par' dir='ltr' id='par_1_54' title="bbox 1891 2347 3547 2420">
     <span class='ocr_line' id='line_1_54' title="bbox 1891 2347 3547 2420; baseline 0 -19"><span class='ocrx_word' id='word_1_391' title='bbox 1891 2348 2057 2419; x_wconf 82' lang='lat' dir='ltr'>Eripe</span> <span class='ocrx_word' id='word_1_392' title='bbox 2101 2364 2188 2403; x_wconf 89' lang='lat' dir='ltr'>me</span> <span class='ocrx_word' id='word_1_393' title='bbox 2234 2347 2302 2403; x_wconf 87' lang='lat' dir='ltr'>de</span> <span class='ocrx_word' id='word_1_394' title='bbox 2347 2365 2522 2403; x_wconf 85' lang='lat' dir='ltr'>manu</span> <span class='ocrx_word' id='word_1_395' title='bbox 2564 2349 2900 2420; x_wconf 81' lang='lat' dir='ltr'>peccatoris?</span> <span class='ocrx_word' id='word_1_396' title='bbox 2931 2349 3100 2420; x_wconf 87' lang='lat' dir='ltr'>(Psal.</span> <span class='ocrx_word' id='word_1_397' title='bbox 3154 2365 3279 2414; x_wconf 85' lang='lat' dir='ltr'>Lxx,</span> <span class='ocrx_word' id='word_1_398' title='bbox 3328 2347 3402 2416; x_wconf 85' lang='grc'>4).</span> <span class='ocrx_word' id='word_1_399' title='bbox 3433 2347 3547 2402; x_wconf 77' lang='lat' dir='ltr'>Iste</span> 
     </span>
    </p>
   </div>
   <div class='ocr_carea' id='block_1_55' title="bbox 1893 2434 3548 2505">
    <p class='ocr_par' dir='ltr' id='par_1_55' title="bbox 1893 2434 3548 2505">
     <span class='ocr_line' id='line_1_55' title="bbox 1893 2434 3548 2505; baseline -0.001 -15"><span class='ocrx_word' id='word_1_400' title='bbox 1893 2434 2051 2490; x_wconf 89' lang='lat' dir='ltr'>enim</span> <span class='ocrx_word' id='word_1_401' title='bbox 2083 2435 2207 2491; x_wconf 89' lang='lat' dir='ltr'>vult</span> <span class='ocrx_word' id='word_1_402' title='bbox 2231 2437 2492 2504; x_wconf 87' lang='lat' dir='ltr'>evadere,</span> <span class='ocrx_word' id='word_1_403' title='bbox 2525 2437 2628 2492; x_wconf 87' lang='lat' dir='ltr'>sed</span> <span class='ocrx_word' id='word_1_404' title='bbox 2674 2453 2789 2492; x_wconf 90' lang='lat' dir='ltr'>non</span> <span class='ocrx_word' id='word_1_405' title='bbox 2835 2436 3006 2503; x_wconf 89' lang='lat' dir='ltr'>valet,</span> <span class='ocrx_word' id='word_1_406' title='bbox 3041 2436 3154 2492; x_wconf 87' lang='lat' dir='ltr'>nisi</span> <span class='ocrx_word' id='word_1_407' title='bbox 3205 2453 3239 2490; x_wconf 89' lang='lat' dir='ltr'>a</span> <span class='ocrx_word' id='word_1_408' title='bbox 3285 2434 3548 2505; x_wconf 84' lang='lat' dir='ltr'>legitimo</span> 
     </span>
    </p>
   </div>
   <div class='ocr_carea' id='block_1_56' title="bbox 1892 2524 3550 2597">
    <p class='ocr_par' dir='ltr' id='par_1_56' title="bbox 1892 2524 3550 2597">
     <span class='ocr_line' id='line_1_56' title="bbox 1892 2524 3550 2597; baseline -0.004 -13"><span class='ocrx_word' id='word_1_409' title='bbox 1892 2524 2140 2584; x_wconf 91' lang='lat' dir='ltr'>Domino</span> <span class='ocrx_word' id='word_1_410' title='bbox 2166 2525 2495 2596; x_wconf 84' lang='lat' dir='ltr'>adjuvetur,</span> <span class='ocrx_word' id='word_1_411' title='bbox 2529 2525 2648 2580; x_wconf 91' lang='lat' dir='ltr'>imo</span> <span class='ocrx_word' id='word_1_412' title='bbox 2679 2525 2874 2597; x_wconf 88' lang='lat' dir='ltr'>potius</span> <span class='ocrx_word' id='word_1_413' title='bbox 2905 2524 3550 2596; x_wconf 65' lang='lat' dir='ltr'>eripiatur.Praeparare</span> 
     </span>
    </p>
   </div>
   <div class='ocr_carea' id='block_1_57' title="bbox 1893 2612 3547 2686">
    <p class='ocr_par' dir='ltr' id='par_1_57' title="bbox 1893 2612 3547 2686">
     <span class='ocr_line' id='line_1_57' title="bbox 1893 2612 3547 2686; baseline -0.003 -16"><span class='ocrx_word' id='word_1_414' title='bbox 1893 2613 2074 2670; x_wconf 88' lang='lat' dir='ltr'>etiam</span> <span class='ocrx_word' id='word_1_415' title='bbox 2106 2614 2305 2686; x_wconf 88' lang='lat' dir='ltr'>fugam</span> <span class='ocrx_word' id='word_1_416' title='bbox 2339 2630 2532 2670; x_wconf 90' lang='lat' dir='ltr'>nonne</span> <span class='ocrx_word' id='word_1_417' title='bbox 2581 2618 2774 2685; x_wconf 84' lang='lat' dir='ltr'>potest</span> <span class='ocrx_word' id='word_1_418' title='bbox 2801 2613 2984 2668; x_wconf 89' lang='lat' dir='ltr'>videri</span> <span class='ocrx_word' id='word_1_419' title='bbox 3036 2613 3105 2680; x_wconf 90' lang='lat' dir='ltr'>is,</span> <span class='ocrx_word' id='word_1_420' title='bbox 3137 2612 3238 2684; x_wconf 90' lang='lat' dir='ltr'>qui</span> <span class='ocrx_word' id='word_1_421' title='bbox 3289 2612 3502 2668; x_wconf 88' lang='lat' dir='ltr'>clamat</span> <span class='ocrx_word' id='word_1_422' title='bbox 3535 2629 3547 2665; x_wconf 93' lang='lat'>:</span> 
     </span>
    </p>
   </div>
   <div class='ocr_carea' id='block_1_58' title="bbox 1893 2702 3548 2774">
    <p class='ocr_par' dir='ltr' id='par_1_58' title="bbox 1893 2702 3548 2774">
     <span class='ocr_line' id='line_1_58' title="bbox 1893 2702 3548 2774; baseline -0.001 -17"><span class='ocrx_word' id='word_1_423' title='bbox 1893 2703 2163 2758; x_wconf 87' lang='lat' dir='ltr'>Paratum</span> <span class='ocrx_word' id='word_1_424' title='bbox 2192 2719 2286 2759; x_wconf 87' lang='lat' dir='ltr'>cor</span> <span class='ocrx_word' id='word_1_425' title='bbox 2312 2719 2516 2766; x_wconf 87' lang='lat' dir='ltr'>meum,</span> <span class='ocrx_word' id='word_1_426' title='bbox 2549 2705 2711 2768; x_wconf 83' lang='lat' dir='ltr'>Deus,</span> <span class='ocrx_word' id='word_1_427' title='bbox 2738 2711 3004 2774; x_wconf 86' lang='lat' dir='ltr'>paratum</span> <span class='ocrx_word' id='word_1_428' title='bbox 3032 2719 3124 2758; x_wconf 87' lang='lat' dir='ltr'>cor</span> <span class='ocrx_word' id='word_1_429' title='bbox 3162 2719 3345 2758; x_wconf 86' lang='lat' dir='ltr'>meum</span> <span class='ocrx_word' id='word_1_430' title='bbox 3377 2702 3548 2772; x_wconf 78' lang='lat' dir='ltr'>(Psal.</span> 
     </span>
    </p>
   </div>
   <div class='ocr_carea' id='block_1_59' title="bbox 1896 2791 3550 2862">
    <p class='ocr_par' dir='ltr' id='par_1_59' title="bbox 1896 2791 3550 2862">
     <span class='ocr_line' id='line_1_59' title="bbox 1896 2791 3550 2862; baseline 0 -16"><span class='ocrx_word' id='word_1_431' title='bbox 1896 2808 2006 2858; x_wconf 75' lang='lat' dir='ltr'>va,</span> <span class='ocrx_word' id='word_1_432' title='bbox 2038 2792 2116 2862; x_wconf 93' lang='lat'>8),</span> <span class='ocrx_word' id='word_1_433' title='bbox 2149 2792 2199 2847; x_wconf 92' lang='lat' dir='ltr'>si</span> <span class='ocrx_word' id='word_1_434' title='bbox 2249 2796 2446 2847; x_wconf 90' lang='lat' dir='ltr'>tamen</span> <span class='ocrx_word' id='word_1_435' title='bbox 2494 2792 2779 2849; x_wconf 86' lang='lat' dir='ltr'>veraciter</span> <span class='ocrx_word' id='word_1_436' title='bbox 2828 2791 3086 2847; x_wconf 85' lang='lat' dir='ltr'>clamat?</span> <span class='ocrx_word' id='word_1_437' title='bbox 3117 2791 3176 2848; x_wconf 90' lang='lat' dir='ltr'>Si</span> <span class='ocrx_word' id='word_1_438' title='bbox 3227 2791 3383 2847; x_wconf 90' lang='lat' dir='ltr'>enim</span> <span class='ocrx_word' id='word_1_439' title='bbox 3434 2809 3550 2846; x_wconf 90' lang='lat' dir='ltr'>non</span> 
     </span>
    </p>
   </div>
   <div class='ocr_carea' id='block_1_60' title="bbox 1896 2879 3547 2954">
    <p class='ocr_par' dir='ltr' id='par_1_60' title="bbox 1896 2879 3547 2954">
     <span class='ocr_line' id='line_1_60' title="bbox 1896 2879 3547 2954; baseline 0 -18"><span class='ocrx_word' id='word_1_440' title='bbox 1896 2879 2185 2952; x_wconf 86' lang='lat' dir='ltr'>ﬂagitium</span> <span class='ocrx_word' id='word_1_441' title='bbox 2230 2880 2526 2952; x_wconf 87' lang='lat' dir='ltr'>duplicat;</span> <span class='ocrx_word' id='word_1_442' title='bbox 2557 2881 2658 2937; x_wconf 88' lang='lat' dir='ltr'>sed</span> <span class='ocrx_word' id='word_1_443' title='bbox 2705 2881 2859 2936; x_wconf 90' lang='lat' dir='ltr'>sicut</span> <span class='ocrx_word' id='word_1_444' title='bbox 2909 2880 3218 2954; x_wconf 88' lang='lat' dir='ltr'>fugitivum</span> <span class='ocrx_word' id='word_1_445' title='bbox 3255 2880 3442 2938; x_wconf 90' lang='lat' dir='ltr'>redire</span> <span class='ocrx_word' id='word_1_446' title='bbox 3477 2881 3547 2936; x_wconf 92' lang='lat' dir='ltr'>ad</span> 
     </span>
    </p>
   </div>
   <div class='ocr_carea' id='block_1_61' title="bbox 1893 2968 3545 3043">
    <p class='ocr_par' dir='ltr' id='par_1_61' title="bbox 1893 2968 3545 3043">
     <span class='ocr_line' id='line_1_61' title="bbox 1893 2968 3545 3043; baseline 0.002 -20"><span class='ocrx_word' id='word_1_447' title='bbox 1893 2969 2204 3024; x_wconf 90' lang='lat' dir='ltr'>dominum</span> <span class='ocrx_word' id='word_1_448' title='bbox 2236 2968 2485 3042; x_wconf 88' lang='lat' dir='ltr'>quilibet</span> <span class='ocrx_word' id='word_1_449' title='bbox 2499 2975 2784 3043; x_wconf 78' lang='lat' dir='ltr'>tyrannus</span> <span class='ocrx_word' id='word_1_450' title='bbox 2797 2969 3101 3041; x_wconf 79' lang='lat' dir='ltr'>etiniquus</span> <span class='ocrx_word' id='word_1_451' title='bbox 3118 2970 3545 3042; x_wconf 87' lang='lat' dir='ltr'>possessorim-</span> 
     </span>
    </p>
   </div>
   <div class='ocr_carea' id='block_1_62' title="bbox 1892 3057 3548 3132">
    <p class='ocr_par' dir='ltr' id='par_1_62' title="bbox 1892 3057 3548 3132">
     <span class='ocr_line' id='line_1_62' title="bbox 1892 3057 3548 3132; baseline -0.001 -18"><span class='ocrx_word' id='word_1_452' title='bbox 1892 3057 2070 3131; x_wconf 88' lang='lat' dir='ltr'>pedit,</span> <span class='ocrx_word' id='word_1_453' title='bbox 2105 3063 2183 3124; x_wconf 91' lang='lat' dir='ltr'>et,</span> <span class='ocrx_word' id='word_1_454' title='bbox 2217 3076 2287 3114; x_wconf 89' lang='lat' dir='ltr'>ne</span> <span class='ocrx_word' id='word_1_455' title='bbox 2316 3059 2596 3115; x_wconf 88' lang='lat' dir='ltr'>evadendi</span> <span class='ocrx_word' id='word_1_456' title='bbox 2630 3060 2904 3115; x_wconf 80' lang='lat' dir='ltr'>facultate</span> <span class='ocrx_word' id='word_1_457' title='bbox 2934 3059 3208 3132; x_wconf 86' lang='lat' dir='ltr'>potiatur,</span> <span class='ocrx_word' id='word_1_458' title='bbox 3231 3061 3377 3116; x_wconf 74' lang='lat'>261</span> <span class='ocrx_word' id='word_1_459' title='bbox 3415 3059 3548 3114; x_wconf 87' lang='lat' dir='ltr'>illa-</span> 
     </span>
    </p>
   </div>
   <div class='ocr_carea' id='block_1_63' title="bbox 1891 3147 3550 3219">
    <p class='ocr_par' dir='ltr' id='par_1_63' title="bbox 1891 3147 3550 3219">
     <span class='ocr_line' id='line_1_63' title="bbox 1891 3147 3550 3219; baseline 0.001 -17"><span class='ocrx_word' id='word_1_460' title='bbox 1891 3147 2177 3219; x_wconf 90' lang='lat' dir='ltr'>queat;sic</span> <span class='ocrx_word' id='word_1_461' title='bbox 2206 3151 2262 3202; x_wconf 87' lang='lat' dir='ltr'>et</span> <span class='ocrx_word' id='word_1_462' title='bbox 2290 3148 2582 3214; x_wconf 90' lang='lat' dir='ltr'>diabolus,</span> <span class='ocrx_word' id='word_1_463' title='bbox 2607 3152 2672 3203; x_wconf 89' lang='lat' dir='ltr'>ut</span> <span class='ocrx_word' id='word_1_464' title='bbox 2699 3150 2872 3205; x_wconf 89' lang='lat' dir='ltr'>modo</span> <span class='ocrx_word' id='word_1_465' title='bbox 2903 3150 3079 3204; x_wconf 88' lang='lat' dir='ltr'>etiam</span> <span class='ocrx_word' id='word_1_466' title='bbox 3112 3149 3291 3215; x_wconf 89' lang='lat' dir='ltr'>sensi,</span> <span class='ocrx_word' id='word_1_467' title='bbox 3319 3149 3550 3204; x_wconf 88' lang='lat' dir='ltr'>diversa</span> 
     </span>
    </p>
   </div>
   <div class='ocr_carea' id='block_1_64' title="bbox 1892 3236 3550 3310">
    <p class='ocr_par' dir='ltr' id='par_1_64' title="bbox 1892 3236 3550 3310">
     <span class='ocr_line' id='line_1_64' title="bbox 1892 3236 3550 3310; baseline 0.001 -19"><span class='ocrx_word' id='word_1_468' title='bbox 1892 3236 2106 3310; x_wconf 86' lang='lat' dir='ltr'>ingerit</span> <span class='ocrx_word' id='word_1_469' title='bbox 2133 3236 2575 3309; x_wconf 89' lang='lat' dir='ltr'>impedimenta,</span> <span class='ocrx_word' id='word_1_470' title='bbox 2610 3243 2676 3293; x_wconf 88' lang='lat' dir='ltr'>ut</span> <span class='ocrx_word' id='word_1_471' title='bbox 2705 3243 2806 3294; x_wconf 91' lang='lat' dir='ltr'>aut</span> <span class='ocrx_word' id='word_1_472' title='bbox 2837 3238 3004 3305; x_wconf 90' lang='lat' dir='ltr'>nolit,</span> <span class='ocrx_word' id='word_1_473' title='bbox 3033 3245 3134 3294; x_wconf 88' lang='lat' dir='ltr'>aut</span> <span class='ocrx_word' id='word_1_474' title='bbox 3165 3242 3550 3309; x_wconf 75' lang='lat' dir='ltr'>nequeat-,aut</span> 
     </span>
    </p>
   </div>
   <div class='ocr_carea' id='block_1_65' title="bbox 128 3306 3548 3400">
    <p class='ocr_par' dir='ltr' id='par_1_65' title="bbox 128 3306 3548 3400">
     <span class='ocr_line' id='line_1_65' title="bbox 128 3306 3548 3400; baseline -0 -17"><span class='ocrx_word' id='word_1_475' title='bbox 128 3325 382 3400; x_wconf 85' lang='lat' dir='ltr'>Itemque</span> <span class='ocrx_word' id='word_1_476' title='bbox 416 3343 430 3382; x_wconf 92' lang='lat'>:</span> <span class='ocrx_word' id='word_1_477' title='bbox 468 3323 845 3381; x_wconf 87' lang='lat' dir='ltr'>Lenocinaris</span> <span class='ocrx_word' id='word_1_478' title='bbox 875 3322 1127 3377; x_wconf 90' lang='lat' dir='ltr'>nimium</span> <span class='ocrx_word' id='word_1_479' title='bbox 1167 3323 1297 3389; x_wconf 90' lang='lat' dir='ltr'>tibi,</span> <span class='ocrx_word' id='word_1_480' title='bbox 1333 3323 1530 3394; x_wconf 89' lang='lat' dir='ltr'>inquis</span> <span class='ocrx_word' id='word_1_481' title='bbox 1562 3341 1575 3380; x_wconf 88' lang='lat'><strong>:</strong></span> <span class='ocrx_word' id='word_1_482' title='bbox 1611 3325 1780 3396; x_wconf 78' lang='lat' dir='ltr'>(Non)</span> <span class='ocrx_word' id='word_1_483' title='bbox 1812 3306 1856 3373; x_wconf 69' lang='grc' dir='ltr'>(ἶ</span> <span class='ocrx_word' id='word_1_484' title='bbox 1893 3306 2182 3398; x_wconf 75' lang='lat' dir='ltr'>desperet,</span> <span class='ocrx_word' id='word_1_485' title='bbox 2216 3306 2519 3382; x_wconf 79' lang='lat' dir='ltr'>autetiam</span> <span class='ocrx_word' id='word_1_486' title='bbox 2547 3328 2968 3382; x_wconf 88' lang='lat' dir='ltr'>verecundelur</span> <span class='ocrx_word' id='word_1_487' title='bbox 2999 3327 3208 3392; x_wconf 89' lang='lat' dir='ltr'>redire,</span> <span class='ocrx_word' id='word_1_488' title='bbox 3243 3306 3345 3380; x_wconf 78' lang='lat' dir='ltr'>aut</span> <span class='ocrx_word' id='word_1_489' title='bbox 3371 3330 3548 3393; x_wconf 88' lang='lat' dir='ltr'>certo,</span> 
     </span>
    </p>
   </div>
   <div class='ocr_carea' id='block_1_66' title="bbox 129 3411 1781 3489">
    <p class='ocr_par' dir='ltr' id='par_1_66' title="bbox 129 3411 1781 3489">
     <span class='ocr_line' id='line_1_66' title="bbox 129 3411 1781 3489; baseline 0 -19"><span class='ocrx_word' id='word_1_490' title='bbox 129 3415 464 3489; x_wconf 87' lang='lat' dir='ltr'>ignoremus</span> <span class='ocrx_word' id='word_1_491' title='bbox 514 3414 688 3486; x_wconf 78' lang='grc'>(534),</span> <span class='ocrx_word' id='word_1_492' title='bbox 723 3412 875 3468; x_wconf 90' lang='lat' dir='ltr'>sicut</span> <span class='ocrx_word' id='word_1_493' title='bbox 917 3411 998 3466; x_wconf 90' lang='lat' dir='ltr'>ait</span> <span class='ocrx_word' id='word_1_494' title='bbox 1042 3411 1453 3484; x_wconf 82' lang='lat' dir='ltr'>Hieronymus,</span> <span class='ocrx_word' id='word_1_495' title='bbox 1497 3415 1781 3485; x_wconf 87' lang='lat' dir='ltr'>poeniten-</span> 
     </span>
    </p>
   </div>
   <div class='ocr_carea' id='block_1_67' title="bbox 129 3502 1781 3575">
    <p class='ocr_par' dir='ltr' id='par_1_67' title="bbox 129 3502 1781 3575">
     <span class='ocr_line' id='line_1_67' title="bbox 129 3502 1781 3575; baseline -0.001 -16"><span class='ocrx_word' id='word_1_496' title='bbox 129 3503 282 3575; x_wconf 88' lang='lat' dir='ltr'>tiam,</span> <span class='ocrx_word' id='word_1_497' title='bbox 316 3521 425 3562; x_wconf 89' lang='lat' dir='ltr'>nec</span> <span class='ocrx_word' id='word_1_498' title='bbox 456 3502 632 3559; x_wconf 85' lang='lat' dir='ltr'>facile</span> <span class='ocrx_word' id='word_1_499' title='bbox 658 3517 968 3574; x_wconf 90' lang='lat' dir='ltr'>peccemus</span> <span class='ocrx_word' id='word_1_500' title='bbox 995 3517 1009 3568; x_wconf 88' lang='lat'>;</span> <span class='ocrx_word' id='word_1_501' title='bbox 1043 3516 1117 3556; x_wconf 84' lang='lat' dir='ltr'>ne</span> <span class='ocrx_word' id='word_1_502' title='bbox 1146 3516 1475 3572; x_wconf 90' lang='lat' dir='ltr'>peccemus,</span> <span class='ocrx_word' id='word_1_503' title='bbox 1515 3502 1781 3575; x_wconf 89' lang='lat' dir='ltr'>inquam.</span> 
     </span>
    </p>
   </div>
   <div class='ocr_carea' id='block_1_68' title="bbox 130 3588 1784 3666">
    <p class='ocr_par' dir='ltr' id='par_1_68' title="bbox 130 3588 1784 3666">
     <span class='ocr_line' id='line_1_68' title="bbox 130 3588 1784 3666; baseline -0.002 -16"><span class='ocrx_word' id='word_1_504' title='bbox 130 3591 266 3656; x_wconf 85' lang='lat' dir='ltr'>Quid</span> <span class='ocrx_word' id='word_1_505' title='bbox 297 3592 562 3666; x_wconf 86' lang='lat' dir='ltr'>amplius</span> <span class='ocrx_word' id='word_1_506' title='bbox 592 3589 955 3664; x_wconf 89' lang='lat' dir='ltr'>peccandum</span> <span class='ocrx_word' id='word_1_507' title='bbox 977 3588 1004 3642; x_wconf 86' lang='lat'><strong>?</strong></span> <span class='ocrx_word' id='word_1_508' title='bbox 1035 3588 1446 3660; x_wconf 90' lang='lat' dir='ltr'>superabunde</span> <span class='ocrx_word' id='word_1_509' title='bbox 1478 3594 1784 3662; x_wconf 85' lang='lat' dir='ltr'>peccatum</span> 
     </span>
    </p>
   </div>
   <div class='ocr_carea' id='block_1_69' title="bbox 130 3678 1788 3751">
    <p class='ocr_par' dir='ltr' id='par_1_69' title="bbox 130 3678 1788 3751">
     <span class='ocr_line' id='line_1_69' title="bbox 130 3678 1788 3751; baseline -0.004 -13"><span class='ocrx_word' id='word_1_510' title='bbox 130 3687 228 3740; x_wconf 85' lang='lat' dir='ltr'>est.</span> <span class='ocrx_word' id='word_1_511' title='bbox 257 3681 492 3740; x_wconf 87' lang='lat' dir='ltr'>Tabula</span> <span class='ocrx_word' id='word_1_512' title='bbox 519 3684 611 3736; x_wconf 89' lang='lat' dir='ltr'>est</span> <span class='ocrx_word' id='word_1_513' title='bbox 655 3678 770 3734; x_wconf 85' lang='lat' dir='ltr'>ista</span> <span class='ocrx_word' id='word_1_514' title='bbox 816 3683 946 3751; x_wconf 90' lang='lat' dir='ltr'>post</span> <span class='ocrx_word' id='word_1_515' title='bbox 996 3679 1394 3751; x_wconf 87' lang='lat' dir='ltr'>naufragium,</span> <span class='ocrx_word' id='word_1_516' title='bbox 1433 3695 1549 3733; x_wconf 93' lang='lat' dir='ltr'>non</span> <span class='ocrx_word' id='word_1_517' title='bbox 1599 3678 1788 3734; x_wconf 88' lang='lat' dir='ltr'>solida</span> 
     </span>
    </p>
   </div>
   <div class='ocr_carea' id='block_1_70' title="bbox 131 3767 1788 3840">
    <p class='ocr_par' dir='ltr' id='par_1_70' title="bbox 131 3767 1788 3840">
     <span class='ocr_line' id='line_1_70' title="bbox 131 3767 1788 3840; baseline -0.001 -15"><span class='ocrx_word' id='word_1_518' title='bbox 131 3772 302 3829; x_wconf 90' lang='lat' dir='ltr'>navis.</span> <span class='ocrx_word' id='word_1_519' title='bbox 335 3773 398 3829; x_wconf 88' lang='lat' dir='ltr'>Si</span> <span class='ocrx_word' id='word_1_520' title='bbox 431 3769 787 3827; x_wconf 82' lang='lat' dir='ltr'>desinamus</span> <span class='ocrx_word' id='word_1_521' title='bbox 812 3783 1148 3840; x_wconf 88' lang='lat' dir='ltr'>peccare,ea</span> <span class='ocrx_word' id='word_1_522' title='bbox 1178 3768 1382 3839; x_wconf 89' lang='lat' dir='ltr'>utique</span> <span class='ocrx_word' id='word_1_523' title='bbox 1414 3768 1617 3823; x_wconf 89' lang='lat' dir='ltr'>referri</span> <span class='ocrx_word' id='word_1_524' title='bbox 1640 3767 1788 3824; x_wconf 84' lang='lat' dir='ltr'>vale-</span> 
     </span>
    </p>
   </div>
   <div class='ocr_carea' id='block_1_71' title="bbox 132 3855 1788 3930">
    <p class='ocr_par' dir='ltr' id='par_1_71' title="bbox 132 3855 1788 3930">
     <span class='ocr_line' id='line_1_71' title="bbox 132 3855 1788 3930; baseline -0.002 -15"><span class='ocrx_word' id='word_1_525' title='bbox 132 3875 252 3917; x_wconf 86' lang='lat' dir='ltr'>mus</span> <span class='ocrx_word' id='word_1_526' title='bbox 275 3861 347 3917; x_wconf 90' lang='lat' dir='ltr'>ad</span> <span class='ocrx_word' id='word_1_527' title='bbox 378 3857 616 3926; x_wconf 87' lang='lat' dir='ltr'>salutis,</span> <span class='ocrx_word' id='word_1_528' title='bbox 649 3857 805 3913; x_wconf 87' lang='lat' dir='ltr'>unde</span> <span class='ocrx_word' id='word_1_529' title='bbox 835 3873 938 3930; x_wconf 90' lang='lat' dir='ltr'>per</span> <span class='ocrx_word' id='word_1_530' title='bbox 963 3855 1254 3912; x_wconf 88' lang='lat' dir='ltr'>incuriam</span> <span class='ocrx_word' id='word_1_531' title='bbox 1289 3855 1788 3929; x_wconf 86' lang='lat' dir='ltr'>deﬂeximns,por-</span> 
     </span>
    </p>
   </div>
   <div class='ocr_carea' id='block_1_72' title="bbox 129 3945 1787 4019">
    <p class='ocr_par' dir='ltr' id='par_1_72' title="bbox 129 3945 1787 4019">
     <span class='ocr_line' id='line_1_72' title="bbox 129 3945 1787 4019; baseline -0.001 -17"><span class='ocrx_word' id='word_1_532' title='bbox 129 3951 262 4005; x_wconf 89' lang='lat' dir='ltr'>tum.</span> <span class='ocrx_word' id='word_1_533' title='bbox 301 3950 415 4007; x_wconf 91' lang='lat' dir='ltr'>Sed</span> <span class='ocrx_word' id='word_1_534' title='bbox 470 3952 540 4004; x_wconf 89' lang='lat' dir='ltr'>ut</span> <span class='ocrx_word' id='word_1_535' title='bbox 587 3945 812 4019; x_wconf 87' lang='lat' dir='ltr'>aliquid</span> <span class='ocrx_word' id='word_1_536' title='bbox 863 3961 1221 4018; x_wconf 66' lang='lat' dir='ltr'>praesumere</span> <span class='ocrx_word' id='word_1_537' title='bbox 1269 3945 1544 4011; x_wconf 86' lang='lat' dir='ltr'>audeam,</span> <span class='ocrx_word' id='word_1_538' title='bbox 1575 3946 1787 4002; x_wconf 90' lang='lat' dir='ltr'>docent</span> 
     </span>
    </p>
   </div>
   <div class='ocr_carea' id='block_1_73' title="bbox 131 4034 1786 4113">
    <p class='ocr_par' dir='ltr' id='par_1_73' title="bbox 131 4034 1786 4113">
     <span class='ocr_line' id='line_1_73' title="bbox 131 4034 1786 4113; baseline 0 -21"><span class='ocrx_word' id='word_1_539' title='bbox 131 4039 331 4113; x_wconf 86' lang='lat' dir='ltr'>quippe</span> <span class='ocrx_word' id='word_1_540' title='bbox 359 4055 470 4096; x_wconf 88' lang='lat' dir='ltr'>nos</span> <span class='ocrx_word' id='word_1_541' title='bbox 503 4042 737 4093; x_wconf 89' lang='lat' dir='ltr'>terrena</span> <span class='ocrx_word' id='word_1_542' title='bbox 752 4051 903 4108; x_wconf 63' lang='lat' dir='ltr'>saepe</span> <span class='ocrx_word' id='word_1_543' title='bbox 933 4034 1075 4106; x_wconf 91' lang='lat' dir='ltr'>quid</span> <span class='ocrx_word' id='word_1_544' title='bbox 1104 4034 1426 4090; x_wconf 91' lang='lat' dir='ltr'>debeamus</span> <span class='ocrx_word' id='word_1_545' title='bbox 1455 4050 1691 4107; x_wconf 89' lang='lat' dir='ltr'>sperare</span> <span class='ocrx_word' id='word_1_546' title='bbox 1715 4036 1786 4092; x_wconf 91' lang='lat' dir='ltr'>de</span> 
     </span>
    </p>
   </div>
   <div class='ocr_carea' id='block_1_74' title="bbox 131 4123 1782 4196">
    <p class='ocr_par' dir='ltr' id='par_1_74' title="bbox 131 4123 1782 4196">
     <span class='ocr_line' id='line_1_74' title="bbox 131 4123 1782 4196; baseline -0.001 -15"><span class='ocrx_word' id='word_1_547' title='bbox 131 4127 470 4185; x_wconf 78' lang='lat' dir='ltr'>ccelestibus.</span> <span class='ocrx_word' id='word_1_548' title='bbox 505 4124 822 4184; x_wconf 85' lang='lat' dir='ltr'>Invisibilia</span> <span class='ocrx_word' id='word_1_549' title='bbox 851 4123 1008 4180; x_wconf 91' lang='lat' dir='ltr'>enim</span> <span class='ocrx_word' id='word_1_550' title='bbox 1040 4124 1178 4193; x_wconf 86' lang='lat' dir='ltr'>ejus,</span> <span class='ocrx_word' id='word_1_551' title='bbox 1215 4127 1280 4178; x_wconf 89' lang='lat' dir='ltr'>ut</span> <span class='ocrx_word' id='word_1_552' title='bbox 1329 4123 1412 4179; x_wconf 89' lang='lat' dir='ltr'>ait</span> <span class='ocrx_word' id='word_1_553' title='bbox 1448 4123 1782 4196; x_wconf 90' lang='lat' dir='ltr'>Apostolus,</span> 
     </span>
    </p>
   </div>
   <div class='ocr_carea' id='block_1_75' title="bbox 130 4213 1784 4291">
    <p class='ocr_par' dir='ltr' id='par_1_75' title="bbox 130 4213 1784 4291">
     <span class='ocr_line' id='line_1_75' title="bbox 130 4213 1784 4291; baseline -0.001 -19"><span class='ocrx_word' id='word_1_554' title='bbox 130 4231 218 4288; x_wconf 86' lang='lat' dir='ltr'>per</span> <span class='ocrx_word' id='word_1_555' title='bbox 232 4234 293 4274; x_wconf 88' lang='lat' dir='ltr'>ea</span> <span class='ocrx_word' id='word_1_556' title='bbox 317 4233 445 4291; x_wconf 71' lang='lat' dir='ltr'>quae</span> <span class='ocrx_word' id='word_1_557' title='bbox 471 4218 626 4288; x_wconf 78' lang='lat' dir='ltr'>facta</span> <span class='ocrx_word' id='word_1_558' title='bbox 644 4222 774 4271; x_wconf 76' lang='lat' dir='ltr'>sunt</span> <span class='ocrx_word' id='word_1_559' title='bbox 798 4213 1212 4282; x_wconf 80' lang='lat' dir='ltr'>intelliguntur</span> <span class='ocrx_word' id='word_1_560' title='bbox 1242 4213 1415 4285; x_wconf 84' lang='lat' dir='ltr'>(Rom.</span> <span class='ocrx_word' id='word_1_561' title='bbox 1450 4230 1489 4280; x_wconf 78' lang='grc' dir='ltr'>ι,</span> <span class='ocrx_word' id='word_1_562' title='bbox 1524 4216 1636 4282; x_wconf 84' lang='grc'>20).</span> <span class='ocrx_word' id='word_1_563' title='bbox 1673 4215 1784 4270; x_wconf 91' lang='lat' dir='ltr'>Fu-</span> 
     </span>
    </p>
   </div>
   <div class='ocr_carea' id='block_1_76' title="bbox 138 4301 1787 4378">
    <p class='ocr_par' dir='ltr' id='par_1_76' title="bbox 138 4301 1787 4378">
     <span class='ocr_line' id='line_1_76' title="bbox 138 4301 1787 4378; baseline -0.001 -19"><span class='ocrx_word' id='word_1_564' title='bbox 138 4305 338 4377; x_wconf 85' lang='lat' dir='ltr'>gitivus</span> <span class='ocrx_word' id='word_1_565' title='bbox 367 4307 419 4363; x_wconf 88' lang='lat' dir='ltr'>si</span> <span class='ocrx_word' id='word_1_566' title='bbox 450 4303 921 4378; x_wconf 88' lang='lat' dir='ltr'>comprehensus</span> <span class='ocrx_word' id='word_1_567' title='bbox 970 4319 1004 4356; x_wconf 91' lang='lat' dir='ltr'>a</span> <span class='ocrx_word' id='word_1_568' title='bbox 1051 4301 1290 4356; x_wconf 79' lang='lat' dir='ltr'>domino</span> <span class='ocrx_word' id='word_1_569' title='bbox 1341 4302 1516 4357; x_wconf 90' lang='lat' dir='ltr'>fuerit</span> <span class='ocrx_word' id='word_1_570' title='bbox 1565 4303 1787 4375; x_wconf 86' lang='lat' dir='ltr'>absque</span> 
     </span>
    </p>
   </div>
   <div class='ocr_carea' id='block_1_77' title="bbox 140 4389 1785 4465">
    <p class='ocr_par' dir='ltr' id='par_1_77' title="bbox 140 4389 1785 4465">
     <span class='ocr_line' id='line_1_77' title="bbox 140 4389 1785 4465; baseline -0.002 -16"><span class='ocrx_word' id='word_1_571' title='bbox 140 4409 237 4449; x_wconf 86' lang='lat' dir='ltr'>sua</span> <span class='ocrx_word' id='word_1_572' title='bbox 272 4394 595 4460; x_wconf 86' lang='lat' dir='ltr'>voluntate,</span> <span class='ocrx_word' id='word_1_573' title='bbox 629 4392 771 4465; x_wconf 92' lang='lat' dir='ltr'>quid</span> <span class='ocrx_word' id='word_1_574' title='bbox 821 4395 1012 4464; x_wconf 90' lang='lat' dir='ltr'>potest</span> <span class='ocrx_word' id='word_1_575' title='bbox 1040 4389 1324 4463; x_wconf 88' lang='lat' dir='ltr'>sperare?</span> <span class='ocrx_word' id='word_1_576' title='bbox 1362 4391 1486 4446; x_wconf 91' lang='lat' dir='ltr'>Non</span> <span class='ocrx_word' id='word_1_577' title='bbox 1539 4391 1785 4448; x_wconf 91' lang='lat' dir='ltr'>dubium</span> 
     </span>
    </p>
   </div>
   <div class='ocr_carea' id='block_1_78' title="bbox 143 4479 1788 4557">
    <p class='ocr_par' dir='ltr' id='par_1_78' title="bbox 143 4479 1788 4557">
     <span class='ocr_line' id='line_1_78' title="bbox 143 4479 1788 4557; baseline -0.001 -20"><span class='ocrx_word' id='word_1_578' title='bbox 143 4483 269 4553; x_wconf 87' lang='lat' dir='ltr'>quin</span> <span class='ocrx_word' id='word_1_579' title='bbox 300 4482 594 4557; x_wconf 89' lang='lat' dir='ltr'>supplicia</span> <span class='ocrx_word' id='word_1_580' title='bbox 642 4481 841 4537; x_wconf 89' lang='lat' dir='ltr'>debita</span> <span class='ocrx_word' id='word_1_581' title='bbox 887 4479 1097 4535; x_wconf 91' lang='lat' dir='ltr'>debeat</span> <span class='ocrx_word' id='word_1_582' title='bbox 1142 4479 1518 4551; x_wconf 89' lang='lat' dir='ltr'>respondere.</span> <span class='ocrx_word' id='word_1_583' title='bbox 1572 4480 1630 4536; x_wconf 93' lang='lat' dir='ltr'>Si</span> <span class='ocrx_word' id='word_1_584' title='bbox 1679 4498 1788 4536; x_wconf 88' lang='lat' dir='ltr'>sua</span> 
     </span>
    </p>
   </div>
   <div class='ocr_carea' id='block_1_79' title="bbox 143 4567 1786 4642">
    <p class='ocr_par' dir='ltr' id='par_1_79' title="bbox 143 4567 1786 4642">
     <span class='ocr_line' id='line_1_79' title="bbox 143 4567 1786 4642; baseline -0.002 -16"><span class='ocrx_word' id='word_1_585' title='bbox 143 4578 330 4642; x_wconf 82' lang='lat' dir='ltr'>sponte</span> <span class='ocrx_word' id='word_1_586' title='bbox 376 4570 713 4637; x_wconf 90' lang='lat' dir='ltr'>revertitur,</span> <span class='ocrx_word' id='word_1_587' title='bbox 765 4567 956 4640; x_wconf 88' lang='lat' dir='ltr'>quid?</span> <span class='ocrx_word' id='word_1_588' title='bbox 1007 4567 1472 4623; x_wconf 88' lang='lat' dir='ltr'>misericordiam</span> <span class='ocrx_word' id='word_1_589' title='bbox 1542 4569 1786 4641; x_wconf 85' lang='lat' dir='ltr'>utique;</span> 
     </span>
    </p>
   </div>
   <div class='ocr_carea' id='block_1_80' title="bbox 1895 3411 3549 3486">
    <p class='ocr_par' dir='ltr' id='par_1_80' title="bbox 1895 3411 3549 3486">
     <span class='ocr_line' id='line_1_80' title="bbox 1895 3411 3549 3486; baseline -0.001 -18"><span class='ocrx_word' id='word_1_590' title='bbox 1895 3415 2048 3486; x_wconf 91' lang='lat' dir='ltr'>quod</span> <span class='ocrx_word' id='word_1_591' title='bbox 2100 3414 2284 3468; x_wconf 88' lang='lat' dir='ltr'>multo</span> <span class='ocrx_word' id='word_1_592' title='bbox 2333 3417 2423 3468; x_wconf 90' lang='lat' dir='ltr'>est</span> <span class='ocrx_word' id='word_1_593' title='bbox 2471 3413 2728 3484; x_wconf 90' lang='lat' dir='ltr'>gravius,</span> <span class='ocrx_word' id='word_1_594' title='bbox 2777 3417 2899 3468; x_wconf 88' lang='lat' dir='ltr'>tam</span> <span class='ocrx_word' id='word_1_595' title='bbox 2948 3411 3362 3466; x_wconf 82' lang='lat' dir='ltr'>exsecrabilem</span> <span class='ocrx_word' id='word_1_596' title='bbox 3414 3428 3549 3466; x_wconf 89' lang='lat' dir='ltr'>eum</span> 
     </span>
    </p>
   </div>
   <div class='ocr_carea' id='block_1_81' title="bbox 1894 3500 3549 3575">
    <p class='ocr_par' dir='ltr' id='par_1_81' title="bbox 1894 3500 3549 3575">
     <span class='ocr_line' id='line_1_81' title="bbox 1894 3500 3549 3575; baseline -0.001 -18"><span class='ocrx_word' id='word_1_597' title='bbox 1894 3501 2129 3575; x_wconf 90' lang='lat' dir='ltr'>proprio</span> <span class='ocrx_word' id='word_1_598' title='bbox 2161 3501 2336 3556; x_wconf 87' lang='lat' dir='ltr'>faciat</span> <span class='ocrx_word' id='word_1_599' title='bbox 2362 3500 2632 3568; x_wconf 90' lang='lat' dir='ltr'>Domino,</span> <span class='ocrx_word' id='word_1_600' title='bbox 2667 3504 2731 3554; x_wconf 91' lang='lat' dir='ltr'>ut</span> <span class='ocrx_word' id='word_1_601' title='bbox 2762 3500 2950 3572; x_wconf 88' lang='lat' dir='ltr'>magis</span> <span class='ocrx_word' id='word_1_602' title='bbox 2979 3500 3158 3571; x_wconf 87' lang='lat' dir='ltr'>eligat</span> <span class='ocrx_word' id='word_1_603' title='bbox 3186 3515 3321 3556; x_wconf 89' lang='lat' dir='ltr'>eum</span> <span class='ocrx_word' id='word_1_604' title='bbox 3356 3500 3549 3556; x_wconf 83' lang='lat' dir='ltr'>subito</span> 
     </span>
    </p>
   </div>
   <div class='ocr_carea' id='block_1_82' title="bbox 1895 3587 3548 3662">
    <p class='ocr_par' dir='ltr' id='par_1_82' title="bbox 1895 3587 3548 3662">
     <span class='ocr_line' id='line_1_82' title="bbox 1895 3587 3548 3662; baseline -0.001 -17"><span class='ocrx_word' id='word_1_605' title='bbox 1895 3607 2098 3662; x_wconf 87' lang='lat' dir='ltr'>rapere</span> <span class='ocrx_word' id='word_1_606' title='bbox 2127 3595 2184 3645; x_wconf 89' lang='lat' dir='ltr'>et</span> <span class='ocrx_word' id='word_1_607' title='bbox 2215 3588 2568 3661; x_wconf 86' lang='lat' dir='ltr'>perennibus</span> <span class='ocrx_word' id='word_1_608' title='bbox 2601 3587 2906 3660; x_wconf 89' lang='lat' dir='ltr'>suppliciis</span> <span class='ocrx_word' id='word_1_609' title='bbox 2935 3589 3184 3656; x_wconf 88' lang='lat' dir='ltr'>tradere,</span> <span class='ocrx_word' id='word_1_610' title='bbox 3219 3605 3398 3660; x_wconf 89' lang='lat' dir='ltr'>quam</span> <span class='ocrx_word' id='word_1_611' title='bbox 3430 3606 3548 3645; x_wconf 66' lang='lat' dir='ltr'>suae</span> 
     </span>
    </p>
   </div>
   <div class='ocr_carea' id='block_1_83' title="bbox 1894 3676 3550 3752">
    <p class='ocr_par' dir='ltr' id='par_1_83' title="bbox 1894 3676 3550 3752">
     <span class='ocr_line' id='line_1_83' title="bbox 1894 3676 3550 3752; baseline 0 -18"><span class='ocrx_word' id='word_1_612' title='bbox 1894 3679 2095 3752; x_wconf 77' lang='lat' dir='ltr'>gratize</span> <span class='ocrx_word' id='word_1_613' title='bbox 2147 3694 2249 3751; x_wconf 88' lang='lat' dir='ltr'>per</span> <span class='ocrx_word' id='word_1_614' title='bbox 2300 3677 2703 3750; x_wconf 77' lang='lat' dir='ltr'>pmnitentiam</span> <span class='ocrx_word' id='word_1_615' title='bbox 2763 3676 3146 3733; x_wconf 88' lang='lat' dir='ltr'>reconciliari.</span> <span class='ocrx_word' id='word_1_616' title='bbox 3197 3678 3357 3742; x_wconf 90' lang='lat' dir='ltr'>Quod</span> <span class='ocrx_word' id='word_1_617' title='bbox 3409 3682 3550 3734; x_wconf 88' lang='lat' dir='ltr'>tunc</span> 
     </span>
    </p>
   </div>
   <div class='ocr_carea' id='block_1_84' title="bbox 1897 3767 3551 3840">
    <p class='ocr_par' dir='ltr' id='par_1_84' title="bbox 1897 3767 3551 3840">
     <span class='ocr_line' id='line_1_84' title="bbox 1897 3767 3551 3840; baseline 0.001 -16"><span class='ocrx_word' id='word_1_618' title='bbox 1897 3767 2148 3824; x_wconf 81' lang='lat' dir='ltr'>maxime</span> <span class='ocrx_word' id='word_1_619' title='bbox 2181 3767 2564 3834; x_wconf 89' lang='lat' dir='ltr'>obtinet,cum</span> <span class='ocrx_word' id='word_1_620' title='bbox 2599 3783 2701 3839; x_wconf 91' lang='lat' dir='ltr'>per</span> <span class='ocrx_word' id='word_1_621' title='bbox 2726 3767 3062 3840; x_wconf 89' lang='lat' dir='ltr'>superbiam</span> <span class='ocrx_word' id='word_1_622' title='bbox 3095 3767 3168 3825; x_wconf 89' lang='lat' dir='ltr'>de</span> <span class='ocrx_word' id='word_1_623' title='bbox 3192 3769 3395 3826; x_wconf 89' lang='lat' dir='ltr'>eadem</span> <span class='ocrx_word' id='word_1_624' title='bbox 3416 3786 3551 3825; x_wconf 86' lang='lat' dir='ltr'>cum</span> 
     </span>
    </p>
   </div>
   <div class='ocr_carea' id='block_1_85' title="bbox 1895 3856 3550 3932">
    <p class='ocr_par' dir='ltr' id='par_1_85' title="bbox 1895 3856 3550 3932">
     <span class='ocr_line' id='line_1_85' title="bbox 1895 3856 3550 3932; baseline 0 -19"><span class='ocrx_word' id='word_1_625' title='bbox 1895 3857 2181 3931; x_wconf 86' lang='lat' dir='ltr'>legatione</span> <span class='ocrx_word' id='word_1_626' title='bbox 2212 3873 2475 3928; x_wconf 89' lang='lat' dir='ltr'>precum,</span> <span class='ocrx_word' id='word_1_627' title='bbox 2499 3856 2773 3912; x_wconf 87' lang='lat' dir='ltr'>desiderii</span> <span class='ocrx_word' id='word_1_628' title='bbox 2800 3862 2902 3913; x_wconf 89' lang='lat' dir='ltr'>aut</span> <span class='ocrx_word' id='word_1_629' title='bbox 2933 3857 3186 3929; x_wconf 86' lang='lat' dir='ltr'>alicujus</span> <span class='ocrx_word' id='word_1_630' title='bbox 3219 3862 3320 3914; x_wconf 89' lang='lat' dir='ltr'>aut</span> <span class='ocrx_word' id='word_1_631' title='bbox 3351 3860 3550 3932; x_wconf 85' lang='lat' dir='ltr'>magni</span> 
     </span>
    </p>
   </div>
   <div class='ocr_carea' id='block_1_86' title="bbox 1895 3944 3549 4019">
    <p class='ocr_par' dir='ltr' id='par_1_86' title="bbox 1895 3944 3549 4019">
     <span class='ocr_line' id='line_1_86' title="bbox 1895 3944 3549 4019; baseline -0.001 -15"><span class='ocrx_word' id='word_1_632' title='bbox 1895 3951 1997 4004; x_wconf 88' lang='lat' dir='ltr'>aut</span> <span class='ocrx_word' id='word_1_633' title='bbox 2028 3947 2188 4019; x_wconf 90' lang='lat' dir='ltr'>parvi</span> <span class='ocrx_word' id='word_1_634' title='bbox 2218 3944 2590 4002; x_wconf 89' lang='lat' dir='ltr'>securitatem</span> <span class='ocrx_word' id='word_1_635' title='bbox 2624 3945 2675 4001; x_wconf 89' lang='lat' dir='ltr'>ei</span> <span class='ocrx_word' id='word_1_636' title='bbox 2697 3945 2985 4015; x_wconf 87' lang='lat' dir='ltr'>immittit,</span> <span class='ocrx_word' id='word_1_637' title='bbox 3018 3953 3122 4004; x_wconf 90' lang='lat' dir='ltr'>aut</span> <span class='ocrx_word' id='word_1_638' title='bbox 3151 3948 3549 4005; x_wconf 83' lang='lat' dir='ltr'>extollentiam</span> 
     </span>
    </p>
   </div>
   <div class='ocr_carea' id='block_1_87' title="bbox 1893 4035 3552 4109">
    <p class='ocr_par' dir='ltr' id='par_1_87' title="bbox 1893 4035 3552 4109">
     <span class='ocr_line' id='line_1_87' title="bbox 1893 4035 3552 4109; baseline 0.001 -17"><span class='ocrx_word' id='word_1_639' title='bbox 1893 4035 2053 4103; x_wconf 91' lang='lat' dir='ltr'>boni,</span> <span class='ocrx_word' id='word_1_640' title='bbox 2088 4041 2190 4092; x_wconf 89' lang='lat' dir='ltr'>aut</span> <span class='ocrx_word' id='word_1_641' title='bbox 2220 4040 2374 4091; x_wconf 88' lang='lat' dir='ltr'>certe</span> <span class='ocrx_word' id='word_1_642' title='bbox 2407 4035 2630 4107; x_wconf 88' lang='lat' dir='ltr'>absque</span> <span class='ocrx_word' id='word_1_643' title='bbox 2662 4035 2860 4108; x_wconf 88' lang='lat' dir='ltr'>aliqua</span> <span class='ocrx_word' id='word_1_644' title='bbox 2905 4038 3215 4093; x_wconf 88' lang='lat' dir='ltr'>securitate</span> <span class='ocrx_word' id='word_1_645' title='bbox 3257 4042 3552 4109; x_wconf 89' lang='lat' dir='ltr'>torporem</span> 
     </span>
    </p>
   </div>
   <div class='ocr_carea' id='block_1_88' title="bbox 1893 4124 3552 4198">
    <p class='ocr_par' dir='ltr' id='par_1_88' title="bbox 1893 4124 3552 4198">
     <span class='ocr_line' id='line_1_88' title="bbox 1893 4124 3552 4198; baseline -0.001 -17"><span class='ocrx_word' id='word_1_646' title='bbox 1893 4125 1981 4182; x_wconf 91' lang='lat' dir='ltr'>vel</span> <span class='ocrx_word' id='word_1_647' title='bbox 2032 4125 2349 4198; x_wconf 86' lang='lat' dir='ltr'>ignaviam.</span> <span class='ocrx_word' id='word_1_648' title='bbox 2400 4124 2548 4178; x_wconf 91' lang='lat' dir='ltr'>Nam</span> <span class='ocrx_word' id='word_1_649' title='bbox 2598 4129 2737 4179; x_wconf 90' lang='lat' dir='ltr'>sunt</span> <span class='ocrx_word' id='word_1_650' title='bbox 2787 4124 3076 4190; x_wconf 90' lang='lat' dir='ltr'>nonnulli,</span> <span class='ocrx_word' id='word_1_651' title='bbox 3109 4125 3300 4195; x_wconf 89' lang='lat' dir='ltr'>qualis</span> <span class='ocrx_word' id='word_1_652' title='bbox 3345 4131 3401 4180; x_wconf 90' lang='lat' dir='ltr'>et</span> <span class='ocrx_word' id='word_1_653' title='bbox 3446 4141 3552 4196; x_wconf 89' lang='lat' dir='ltr'>ego</span> 
     </span>
    </p>
   </div>
   <div class='ocr_carea' id='block_1_89' title="bbox 1896 4211 3553 4284">
    <p class='ocr_par' dir='ltr' id='par_1_89' title="bbox 1896 4211 3553 4284">
     <span class='ocr_line' id='line_1_89' title="bbox 1896 4211 3553 4284; baseline -0.001 -14"><span class='ocrx_word' id='word_1_654' title='bbox 1896 4215 2090 4270; x_wconf 89' lang='lat' dir='ltr'>adhuc</span> <span class='ocrx_word' id='word_1_655' title='bbox 2140 4231 2294 4279; x_wconf 89' lang='lat' dir='ltr'>sum,</span> <span class='ocrx_word' id='word_1_656' title='bbox 2329 4211 2430 4283; x_wconf 90' lang='lat' dir='ltr'>qui</span> <span class='ocrx_word' id='word_1_657' title='bbox 2479 4213 2736 4283; x_wconf 90' lang='lat' dir='ltr'>quadam</span> <span class='ocrx_word' id='word_1_658' title='bbox 2782 4212 3034 4284; x_wconf 88' lang='lat' dir='ltr'>segnitia</span> <span class='ocrx_word' id='word_1_659' title='bbox 3083 4213 3337 4278; x_wconf 89' lang='lat' dir='ltr'>remissi,</span> <span class='ocrx_word' id='word_1_660' title='bbox 3370 4212 3452 4269; x_wconf 87' lang='lat' dir='ltr'>ita</span> <span class='ocrx_word' id='word_1_661' title='bbox 3491 4229 3553 4268; x_wconf 87' lang='lat' dir='ltr'>se</span> 
     </span>
    </p>
   </div>
   <div class='ocr_carea' id='block_1_90' title="bbox 1896 4299 3553 4372">
    <p class='ocr_par' dir='ltr' id='par_1_90' title="bbox 1896 4299 3553 4372">
     <span class='ocr_line' id='line_1_90' title="bbox 1896 4299 3553 4372; baseline -0.002 -12"><span class='ocrx_word' id='word_1_662' title='bbox 1896 4308 2050 4360; x_wconf 90' lang='lat' dir='ltr'>totos</span> <span class='ocrx_word' id='word_1_663' title='bbox 2076 4302 2260 4357; x_wconf 88' lang='lat' dir='ltr'>libero</span> <span class='ocrx_word' id='word_1_664' title='bbox 2294 4299 2576 4372; x_wconf 81' lang='lat' dir='ltr'>neglecto,</span> <span class='ocrx_word' id='word_1_665' title='bbox 2611 4301 2767 4370; x_wconf 92' lang='lat' dir='ltr'>quod</span> <span class='ocrx_word' id='word_1_666' title='bbox 2803 4301 2950 4354; x_wconf 91' lang='lat' dir='ltr'>Deus</span> <span class='ocrx_word' id='word_1_667' title='bbox 2995 4300 3200 4371; x_wconf 89' lang='lat' dir='ltr'>utique</span> <span class='ocrx_word' id='word_1_668' title='bbox 3249 4304 3307 4356; x_wconf 87' lang='lat' dir='ltr'>et</span> <span class='ocrx_word' id='word_1_669' title='bbox 3355 4299 3553 4372; x_wconf 84' lang='lat' dir='ltr'>exigit,</span> 
     </span>
    </p>
   </div>
   <div class='ocr_carea' id='block_1_91' title="bbox 1897 4387 3553 4462">
    <p class='ocr_par' dir='ltr' id='par_1_91' title="bbox 1897 4387 3553 4462">
     <span class='ocr_line' id='line_1_91' title="bbox 1897 4387 3553 4462; baseline -0.002 -15"><span class='ocrx_word' id='word_1_670' title='bbox 1897 4392 2141 4448; x_wconf 88' lang='lat' dir='ltr'>arbitrio</span> <span class='ocrx_word' id='word_1_671' title='bbox 2171 4388 2564 4462; x_wconf 88' lang='lat' dir='ltr'>negligunt,et</span> <span class='ocrx_word' id='word_1_672' title='bbox 2596 4387 2764 4459; x_wconf 86' lang='lat' dir='ltr'>quasi</span> <span class='ocrx_word' id='word_1_673' title='bbox 2799 4387 2899 4442; x_wconf 92' lang='lat' dir='ltr'>Dei</span> <span class='ocrx_word' id='word_1_674' title='bbox 2931 4387 3131 4458; x_wconf 88' lang='lat' dir='ltr'>pietati</span> <span class='ocrx_word' id='word_1_675' title='bbox 3154 4389 3553 4459; x_wconf 88' lang='lat' dir='ltr'>committunt,</span> 
     </span>
    </p>
   </div>
   <div class='ocr_carea' id='block_1_92' title="bbox 1899 4476 3553 4552">
    <p class='ocr_par' dir='ltr' id='par_1_92' title="bbox 1899 4476 3553 4552">
     <span class='ocr_line' id='line_1_92' title="bbox 1899 4476 3553 4552; baseline -0.001 -15"><span class='ocrx_word' id='word_1_676' title='bbox 1899 4485 1963 4537; x_wconf 91' lang='lat' dir='ltr'>ut</span> <span class='ocrx_word' id='word_1_677' title='bbox 1992 4480 2210 4552; x_wconf 84' lang='lat' dir='ltr'>eligant</span> <span class='ocrx_word' id='word_1_678' title='bbox 2242 4478 2520 4533; x_wconf 87' lang='lat' dir='ltr'>otiositati</span> <span class='ocrx_word' id='word_1_679' title='bbox 2556 4477 2717 4531; x_wconf 88' lang='lat' dir='ltr'>frena</span> <span class='ocrx_word' id='word_1_680' title='bbox 2748 4476 3025 4542; x_wconf 84' lang='lat' dir='ltr'>laxare,ct</span> <span class='ocrx_word' id='word_1_681' title='bbox 3045 4477 3346 4533; x_wconf 87' lang='lat' dir='ltr'>oscitando</span> <span class='ocrx_word' id='word_1_682' title='bbox 3378 4478 3553 4535; x_wconf 88' lang='lat' dir='ltr'>etiam</span> 
     </span>
    </p>
   </div>
   <div class='ocr_carea' id='block_1_93' title="bbox 1900 4564 3555 4640">
    <p class='ocr_par' dir='ltr' id='par_1_93' title="bbox 1900 4564 3555 4640">
     <span class='ocr_line' id='line_1_93' title="bbox 1900 4564 3555 4640; baseline 0 -16"><span class='ocrx_word' id='word_1_683' title='bbox 1900 4571 1958 4624; x_wconf 91' lang='lat' dir='ltr'>in</span> <span class='ocrx_word' id='word_1_684' title='bbox 1993 4568 2256 4636; x_wconf 84' lang='lat' dir='ltr'>ecclesia,</span> <span class='ocrx_word' id='word_1_685' title='bbox 2291 4571 2347 4622; x_wconf 90' lang='lat' dir='ltr'>et</span> <span class='ocrx_word' id='word_1_686' title='bbox 2378 4564 2827 4622; x_wconf 81' lang='lat' dir='ltr'>somniculando</span> <span class='ocrx_word' id='word_1_687' title='bbox 2878 4568 3054 4632; x_wconf 87' lang='lat' dir='ltr'>stare,</span> <span class='ocrx_word' id='word_1_688' title='bbox 3096 4567 3555 4640; x_wconf 89' lang='lat' dir='ltr'>circumquaque</span> 
     </span>
    </p>
   </div>
   <div class='ocr_carea' id='block_1_94' title="bbox 145 4656 3556 4742">
    <p class='ocr_par' dir='ltr' id='par_1_94' title="bbox 145 4656 3556 4742">
     <span class='ocr_line' id='line_1_94' title="bbox 145 4656 3556 4742; baseline 0 -29"><span class='ocrx_word' id='word_1_689' title='bbox 145 4658 383 4734; x_wconf 85' lang='lat' dir='ltr'>alioquin</span> <span class='ocrx_word' id='word_1_690' title='bbox 413 4660 626 4717; x_wconf 90' lang='lat' dir='ltr'>vitium</span> <span class='ocrx_word' id='word_1_691' title='bbox 657 4656 1193 4721; x_wconf 90' lang='lat' dir='ltr'>crudelitatis,dum</span> <span class='ocrx_word' id='word_1_692' title='bbox 1225 4656 1548 4728; x_wconf 91' lang='lat' dir='ltr'>nonipsum</span> <span class='ocrx_word' id='word_1_693' title='bbox 1569 4656 1790 4730; x_wconf 86' lang='lat' dir='ltr'>fugisse</span> <span class='ocrx_word' id='word_1_694' title='bbox 1820 4676 1868 4742; x_wconf 70' lang='grc' dir='ltr'><strong>Β</strong></span> <span class='ocrx_word' id='word_1_695' title='bbox 1900 4659 2228 4714; x_wconf 85' lang='lat' dir='ltr'>discurrere</span> <span class='ocrx_word' id='word_1_696' title='bbox 2263 4673 2377 4711; x_wconf 92' lang='lat' dir='ltr'>non</span> <span class='ocrx_word' id='word_1_697' title='bbox 2413 4656 2584 4711; x_wconf 89' lang='lat' dir='ltr'>modo</span> <span class='ocrx_word' id='word_1_698' title='bbox 2618 4673 2877 4728; x_wconf 91' lang='lat' dir='ltr'>corpore,</span> <span class='ocrx_word' id='word_1_699' title='bbox 2911 4656 3012 4712; x_wconf 89' lang='lat' dir='ltr'>sed</span> <span class='ocrx_word' id='word_1_700' title='bbox 3045 4661 3102 4712; x_wconf 92' lang='lat' dir='ltr'>et</span> <span class='ocrx_word' id='word_1_701' title='bbox 3131 4659 3556 4727; x_wconf 86' lang='lat' dir='ltr'>mente;sedere</span> 
     </span>
    </p>
   </div>
   <div class='ocr_carea' id='block_1_95' title="bbox 147 4744 1791 4823">
    <p class='ocr_par' dir='ltr' id='par_1_95' title="bbox 147 4744 1791 4823">
     <span class='ocr_line' id='line_1_95' title="bbox 147 4744 1791 4823; baseline -0.001 -20"><span class='ocrx_word' id='word_1_702' title='bbox 147 4746 440 4806; x_wconf 89' lang='lat' dir='ltr'>Dominum</span> <span class='ocrx_word' id='word_1_703' title='bbox 497 4747 713 4823; x_wconf 89' lang='lat' dir='ltr'>poterit</span> <span class='ocrx_word' id='word_1_704' title='bbox 760 4745 1097 4818; x_wconf 88' lang='lat' dir='ltr'>conjectari.</span> <span class='ocrx_word' id='word_1_705' title='bbox 1146 4744 1548 4802; x_wconf 90' lang='lat' dir='ltr'>Misericordia</span> <span class='ocrx_word' id='word_1_706' title='bbox 1594 4750 1791 4802; x_wconf 88' lang='lat' dir='ltr'>tamen</span> 
     </span>
    </p>
   </div>
   <div class='ocr_carea' id='block_1_96' title="bbox 148 4833 1790 4910">
    <p class='ocr_par' dir='ltr' id='par_1_96' title="bbox 148 4833 1790 4910">
     <span class='ocr_line' id='line_1_96' title="bbox 148 4833 1790 4910; baseline 0.001 -20"><span class='ocrx_word' id='word_1_707' title='bbox 148 4834 245 4894; x_wconf 84' lang='lat' dir='ltr'>ista</span> <span class='ocrx_word' id='word_1_708' title='bbox 267 4840 425 4910; x_wconf 84' lang='lat' dir='ltr'>justo</span> <span class='ocrx_word' id='word_1_709' title='bbox 450 4855 520 4896; x_wconf 90' lang='lat' dir='ltr'>ac</span> <span class='ocrx_word' id='word_1_710' title='bbox 553 4837 804 4893; x_wconf 78' lang='lat' dir='ltr'>firmiter</span> <span class='ocrx_word' id='word_1_711' title='bbox 833 4835 1163 4900; x_wconf 89' lang='lat' dir='ltr'>roboratur,</span> <span class='ocrx_word' id='word_1_712' title='bbox 1187 4833 1238 4889; x_wconf 89' lang='lat' dir='ltr'>si</span> <span class='ocrx_word' id='word_1_713' title='bbox 1267 4834 1583 4891; x_wconf 88' lang='lat' dir='ltr'>securitate</span> <span class='ocrx_word' id='word_1_714' title='bbox 1601 4851 1790 4892; x_wconf 90' lang='lat' dir='ltr'>rever-</span> 
     </span>
    </p>
   </div>
   <div class='ocr_carea' id='block_1_97' title="bbox 151 4919 1792 4996">
    <p class='ocr_par' dir='ltr' id='par_1_97' title="bbox 151 4919 1792 4996">
     <span class='ocr_line' id='line_1_97' title="bbox 151 4919 1792 4996; baseline 0 -16"><span class='ocrx_word' id='word_1_715' title='bbox 151 4926 314 4984; x_wconf 88' lang='lat' dir='ltr'>sionis</span> <span class='ocrx_word' id='word_1_716' title='bbox 341 4935 400 4985; x_wconf 86' lang='lat' dir='ltr'>et</span> <span class='ocrx_word' id='word_1_717' title='bbox 426 4928 614 4985; x_wconf 62' lang='lat' dir='ltr'>venias</span> <span class='ocrx_word' id='word_1_718' title='bbox 645 4943 762 4982; x_wconf 89' lang='lat' dir='ltr'>non</span> <span class='ocrx_word' id='word_1_719' title='bbox 795 4919 1038 4996; x_wconf 81' lang='lat' dir='ltr'>incipiat</span> <span class='ocrx_word' id='word_1_720' title='bbox 1059 4922 1538 4995; x_wconf 88' lang='lat' dir='ltr'>superbire,auta</span> <span class='ocrx_word' id='word_1_721' title='bbox 1555 4924 1792 4980; x_wconf 83' lang='lat' dir='ltr'>servitio</span> 
     </span>
    </p>
   </div>
   <div class='ocr_carea' id='block_1_98' title="bbox 153 5012 1792 5089">
    <p class='ocr_par' dir='ltr' id='par_1_98' title="bbox 153 5012 1792 5089">
     <span class='ocr_line' id='line_1_98' title="bbox 153 5012 1792 5089; baseline -0.001 -19"><span class='ocrx_word' id='word_1_722' title='bbox 153 5017 485 5089; x_wconf 82' lang='lat' dir='ltr'>torpere;sed</span> <span class='ocrx_word' id='word_1_723' title='bbox 515 5032 753 5088; x_wconf 88' lang='lat' dir='ltr'>semper</span> <span class='ocrx_word' id='word_1_724' title='bbox 781 5012 1111 5086; x_wconf 86' lang='lat' dir='ltr'>recogitans</span> <span class='ocrx_word' id='word_1_725' title='bbox 1145 5012 1292 5083; x_wconf 83' lang='lat' dir='ltr'>fugae</span> <span class='ocrx_word' id='word_1_726' title='bbox 1327 5012 1637 5085; x_wconf 84' lang='lat' dir='ltr'>flagitium.</span> <span class='ocrx_word' id='word_1_727' title='bbox 1658 5030 1792 5069; x_wconf 91' lang='lat' dir='ltr'>cum</span> 
     </span>
    </p>
   </div>
   <div class='ocr_carea' id='block_1_99' title="bbox 154 5101 1792 5173">
    <p class='ocr_par' dir='ltr' id='par_1_99' title="bbox 154 5101 1792 5173">
     <span class='ocr_line' id='line_1_99' title="bbox 154 5101 1792 5173; baseline -0.001 -14"><span class='ocrx_word' id='word_1_728' title='bbox 154 5107 386 5163; x_wconf 80' lang='lat' dir='ltr'>maxima</span> <span class='ocrx_word' id='word_1_729' title='bbox 415 5104 756 5163; x_wconf 86' lang='lat' dir='ltr'>humilitate</span> <span class='ocrx_word' id='word_1_730' title='bbox 788 5103 1024 5159; x_wconf 88' lang='lat' dir='ltr'>studeat</span> <span class='ocrx_word' id='word_1_731' title='bbox 1070 5101 1196 5157; x_wconf 89' lang='lat' dir='ltr'>dies</span> <span class='ocrx_word' id='word_1_732' title='bbox 1246 5106 1562 5173; x_wconf 87' lang='lat' dir='ltr'>noctesque</span> <span class='ocrx_word' id='word_1_733' title='bbox 1605 5103 1792 5158; x_wconf 85' lang='lat' dir='ltr'>conti-</span> 
     </span>
    </p>
   </div>
   <div class='ocr_carea' id='block_1_100' title="bbox 157 5191 1794 5269">
    <p class='ocr_par' dir='ltr' id='par_1_100' title="bbox 157 5191 1794 5269">
     <span class='ocr_line' id='line_1_100' title="bbox 157 5191 1794 5269; baseline -0.001 -21"><span class='ocrx_word' id='word_1_734' title='bbox 157 5202 410 5264; x_wconf 86' lang='lat' dir='ltr'>nuare,ut</span> <span class='ocrx_word' id='word_1_735' title='bbox 435 5200 495 5253; x_wconf 89' lang='lat' dir='ltr'>et</span> <span class='ocrx_word' id='word_1_736' title='bbox 525 5193 860 5269; x_wconf 77' lang='lat' dir='ltr'>neglectum</span> <span class='ocrx_word' id='word_1_737' title='bbox 891 5191 950 5246; x_wconf 90' lang='lat' dir='ltr'>in</span> <span class='ocrx_word' id='word_1_738' title='bbox 973 5191 1112 5262; x_wconf 89' lang='lat' dir='ltr'>fuga</span> <span class='ocrx_word' id='word_1_739' title='bbox 1138 5205 1585 5262; x_wconf 89' lang='lat' dir='ltr'>recompensare</span> <span class='ocrx_word' id='word_1_740' title='bbox 1609 5191 1794 5263; x_wconf 88' lang='lat' dir='ltr'>possit</span> 
     </span>
    </p>
   </div>
   <div class='ocr_carea' id='block_1_101' title="bbox 159 5279 1798 5355">
    <p class='ocr_par' dir='ltr' id='par_1_101' title="bbox 159 5279 1798 5355">
     <span class='ocr_line' id='line_1_101' title="bbox 159 5279 1798 5355; baseline -0.001 -18"><span class='ocrx_word' id='word_1_741' title='bbox 159 5283 458 5355; x_wconf 78' lang='lat' dir='ltr'>servitium,</span> <span class='ocrx_word' id='word_1_742' title='bbox 490 5289 549 5344; x_wconf 89' lang='lat' dir='ltr'>et</span> <span class='ocrx_word' id='word_1_743' title='bbox 577 5283 792 5341; x_wconf 87' lang='lat' dir='ltr'>addere</span> <span class='ocrx_word' id='word_1_744' title='bbox 825 5279 1046 5354; x_wconf 90' lang='lat' dir='ltr'>aliquid</span> <span class='ocrx_word' id='word_1_745' title='bbox 1082 5279 1238 5335; x_wconf 90' lang='lat' dir='ltr'>unde</span> <span class='ocrx_word' id='word_1_746' title='bbox 1259 5279 1436 5350; x_wconf 64' lang='lat' dir='ltr'>justas</span> <span class='ocrx_word' id='word_1_747' title='bbox 1469 5279 1798 5336; x_wconf 87' lang='lat' dir='ltr'>retributio-</span> 
     </span>
    </p>
   </div>
   <div class='ocr_carea' id='block_1_102' title="bbox 161 5370 826 5448">
    <p class='ocr_par' dir='ltr' id='par_1_102' title="bbox 161 5370 826 5448">
     <span class='ocr_line' id='line_1_102' title="bbox 161 5370 826 5448; baseline 0.005 -23"><span class='ocrx_word' id='word_1_748' title='bbox 161 5370 240 5428; x_wconf 90' lang='lat' dir='ltr'>nis</span> <span class='ocrx_word' id='word_1_749' title='bbox 262 5375 503 5448; x_wconf 86' lang='lat' dir='ltr'>accipiat</span> <span class='ocrx_word' id='word_1_750' title='bbox 525 5372 826 5430; x_wconf 88' lang='lat' dir='ltr'>meritum.</span> 
     </span>
    </p>
   </div>
   <div class='ocr_carea' id='block_1_103' title="bbox 221 5457 1793 5528">
    <p class='ocr_par' dir='ltr' id='par_1_103' title="bbox 221 5457 1793 5528">
     <span class='ocr_line' id='line_1_103' title="bbox 221 5457 1793 5528; baseline -0.002 -12"><span class='ocrx_word' id='word_1_751' title='bbox 221 5462 300 5516; x_wconf 71' lang='lat'>48.</span> <span class='ocrx_word' id='word_1_752' title='bbox 334 5463 506 5520; x_wconf 87' lang='lat' dir='ltr'>Putas</span> <span class='ocrx_word' id='word_1_753' title='bbox 537 5461 811 5528; x_wconf 87' lang='lat' dir='ltr'>te,ais,ad</span> <span class='ocrx_word' id='word_1_754' title='bbox 845 5461 1027 5515; x_wconf 89' lang='lat' dir='ltr'>istum</span> <span class='ocrx_word' id='word_1_755' title='bbox 1058 5459 1206 5513; x_wconf 88' lang='lat' dir='ltr'>servi</span> <span class='ocrx_word' id='word_1_756' title='bbox 1241 5457 1414 5512; x_wconf 88' lang='lat' dir='ltr'>istius</span> <span class='ocrx_word' id='word_1_757' title='bbox 1441 5457 1635 5513; x_wconf 88' lang='lat' dir='ltr'>adhuc</span> <span class='ocrx_word' id='word_1_758' title='bbox 1666 5476 1793 5528; x_wconf 87' lang='lat' dir='ltr'>per-</span> 
     </span>
    </p>
   </div>
   <div class='ocr_carea' id='block_1_104' title="bbox 161 5546 1794 5626">
    <p class='ocr_par' dir='ltr' id='par_1_104' title="bbox 161 5546 1794 5626">
     <span class='ocr_line' id='line_1_104' title="bbox 161 5546 1794 5626; baseline -0.001 -22"><span class='ocrx_word' id='word_1_759' title='bbox 161 5553 365 5610; x_wconf 87' lang='lat' dir='ltr'>venisse</span> <span class='ocrx_word' id='word_1_760' title='bbox 393 5551 688 5626; x_wconf 85' lang='lat' dir='ltr'>gradum?</span> <span class='ocrx_word' id='word_1_761' title='bbox 718 5551 1013 5616; x_wconf 90' lang='lat' dir='ltr'>Putarem,</span> <span class='ocrx_word' id='word_1_762' title='bbox 1044 5548 1310 5619; x_wconf 89' lang='lat' dir='ltr'>inquam,</span> <span class='ocrx_word' id='word_1_763' title='bbox 1366 5548 1416 5601; x_wconf 92' lang='lat' dir='ltr'>si</span> <span class='ocrx_word' id='word_1_764' title='bbox 1462 5546 1534 5600; x_wconf 91' lang='lat' dir='ltr'>ad</span> <span class='ocrx_word' id='word_1_765' title='bbox 1587 5564 1794 5620; x_wconf 89' lang='lat' dir='ltr'>pr0po-</span> 
     </span>
    </p>
   </div>
   <div class='ocr_carea' id='block_1_105' title="bbox 1901 4743 3558 4820">
    <p class='ocr_par' dir='ltr' id='par_1_105' title="bbox 1901 4743 3558 4820">
     <span class='ocr_line' id='line_1_105' title="bbox 1901 4743 3558 4820; baseline 0.001 -18"><span class='ocrx_word' id='word_1_766' title='bbox 1901 4747 1992 4804; x_wconf 92' lang='lat' dir='ltr'>vel</span> <span class='ocrx_word' id='word_1_767' title='bbox 2017 4749 2419 4820; x_wconf 86' lang='lat' dir='ltr'>jaccre,quam</span> <span class='ocrx_word' id='word_1_768' title='bbox 2451 4744 2537 4800; x_wconf 90' lang='lat' dir='ltr'>vel</span> <span class='ocrx_word' id='word_1_769' title='bbox 2568 4743 2768 4816; x_wconf 91' lang='lat' dir='ltr'>aliquo</span> <span class='ocrx_word' id='word_1_770' title='bbox 2801 4746 2952 4802; x_wconf 91' lang='lat' dir='ltr'>bono</span> <span class='ocrx_word' id='word_1_771' title='bbox 2982 4747 3281 4819; x_wconf 89' lang='lat' dir='ltr'>opere,vel</span> <span class='ocrx_word' id='word_1_772' title='bbox 3312 4747 3558 4804; x_wconf 86' lang='lat' dir='ltr'>lectione</span> 
     </span>
    </p>
   </div>
   <div class='ocr_carea' id='block_1_106' title="bbox 1903 4834 3557 4906">
    <p class='ocr_par' dir='ltr' id='par_1_106' title="bbox 1903 4834 3557 4906">
     <span class='ocr_line' id='line_1_106' title="bbox 1903 4834 3557 4906; baseline 0 -13"><span class='ocrx_word' id='word_1_773' title='bbox 1903 4842 2002 4893; x_wconf 89' lang='lat' dir='ltr'>aut</span> <span class='ocrx_word' id='word_1_774' title='bbox 2034 4837 2315 4903; x_wconf 91' lang='lat' dir='ltr'>oratione,</span> <span class='ocrx_word' id='word_1_775' title='bbox 2353 4834 2443 4890; x_wconf 89' lang='lat' dir='ltr'>vel</span> <span class='ocrx_word' id='word_1_776' title='bbox 2483 4838 2637 4890; x_wconf 89' lang='lat' dir='ltr'>certe</span> <span class='ocrx_word' id='word_1_777' title='bbox 2685 4835 2822 4890; x_wconf 90' lang='lat' dir='ltr'>boni</span> <span class='ocrx_word' id='word_1_778' title='bbox 2877 4835 3127 4906; x_wconf 88' lang='lat' dir='ltr'>aiicnjus</span> <span class='ocrx_word' id='word_1_779' title='bbox 3179 4837 3557 4893; x_wconf 87' lang='lat' dir='ltr'>meditatione</span> 
     </span>
    </p>
   </div>
   <div class='ocr_carea' id='block_1_107' title="bbox 1903 4923 3561 5000">
    <p class='ocr_par' dir='ltr' id='par_1_107' title="bbox 1903 4923 3561 5000">
     <span class='ocr_line' id='line_1_107' title="bbox 1903 4923 3561 5000; baseline 0 -18"><span class='ocrx_word' id='word_1_780' title='bbox 1903 4926 2158 5000; x_wconf 88' lang='lat' dir='ltr'>legatum</span> <span class='ocrx_word' id='word_1_781' title='bbox 2194 4924 2449 4996; x_wconf 89' lang='lat' dir='ltr'>aliquem</span> <span class='ocrx_word' id='word_1_782' title='bbox 2483 4923 2582 4979; x_wconf 91' lang='lat' dir='ltr'>Dei</span> <span class='ocrx_word' id='word_1_783' title='bbox 2617 4924 2819 4995; x_wconf 88' lang='lat' dir='ltr'>pietati</span> <span class='ocrx_word' id='word_1_784' title='bbox 2851 4923 3561 4999; x_wconf 87' lang='lat' dir='ltr'>dirigere,utquandoqne</span> 
     </span>
    </p>
   </div>
   <div class='ocr_carea' id='block_1_108' title="bbox 1905 5013 3394 5087">
    <p class='ocr_par' dir='ltr' id='par_1_108' title="bbox 1905 5013 3394 5087">
     <span class='ocr_line' id='line_1_108' title="bbox 1905 5013 3394 5087; baseline -0.002 -15"><span class='ocrx_word' id='word_1_785' title='bbox 1905 5034 1936 5072; x_wconf 89' lang='lat' dir='ltr'>a</span> <span class='ocrx_word' id='word_1_786' title='bbox 1969 5015 2184 5070; x_wconf 88' lang='lat' dir='ltr'>diaboli</span> <span class='ocrx_word' id='word_1_787' title='bbox 2217 5014 2444 5086; x_wconf 87' lang='lat' dir='ltr'>laqueis</span> <span class='ocrx_word' id='word_1_788' title='bbox 2476 5013 2706 5085; x_wconf 88' lang='lat' dir='ltr'>plenius</span> <span class='ocrx_word' id='word_1_789' title='bbox 2738 5031 2837 5070; x_wconf 89' lang='lat' dir='ltr'>eos</span> <span class='ocrx_word' id='word_1_790' title='bbox 2869 5014 3143 5087; x_wconf 87' lang='lat' dir='ltr'>dignetur</span> <span class='ocrx_word' id='word_1_791' title='bbox 3173 5033 3394 5071; x_wconf 83' lang='lat' dir='ltr'>eruere.</span> 
     </span>
    </p>
   </div>
   <div class='ocr_carea' id='block_1_109' title="bbox 1977 5103 3561 5176">
    <p class='ocr_par' dir='ltr' id='par_1_109' title="bbox 1977 5103 3561 5176">
     <span class='ocr_line' id='line_1_109' title="bbox 1977 5103 3561 5176; baseline 0.001 -17"><span class='ocrx_word' id='word_1_792' title='bbox 1977 5107 2063 5160; x_wconf 88' lang='grc'>19.</span> <span class='ocrx_word' id='word_1_793' title='bbox 2099 5107 2232 5160; x_wconf 78' lang='lat' dir='ltr'>Item</span> <span class='ocrx_word' id='word_1_794' title='bbox 2258 5112 2378 5176; x_wconf 78' lang='lat' dir='ltr'>post</span> <span class='ocrx_word' id='word_1_795' title='bbox 2422 5103 2696 5176; x_wconf 73' lang='lat' dir='ltr'>quaedam.</span> <span class='ocrx_word' id='word_1_796' title='bbox 2723 5103 2841 5159; x_wconf 88' lang='lat' dir='ltr'>Hoc</span> <span class='ocrx_word' id='word_1_797' title='bbox 2873 5120 3013 5160; x_wconf 89' lang='lat' dir='ltr'>sane</span> <span class='ocrx_word' id='word_1_798' title='bbox 3045 5103 3189 5160; x_wconf 87' lang='lat' dir='ltr'>mihi</span> <span class='ocrx_word' id='word_1_799' title='bbox 3219 5105 3468 5174; x_wconf 88' lang='lat' dir='ltr'>videtur,</span> <span class='ocrx_word' id='word_1_800' title='bbox 3499 5112 3561 5162; x_wconf 90' lang='lat' dir='ltr'>tu</span> 
     </span>
    </p>
   </div>
   <div class='ocr_carea' id='block_1_110' title="bbox 1905 5191 3564 5268">
    <p class='ocr_par' dir='ltr' id='par_1_110' title="bbox 1905 5191 3564 5268">
     <span class='ocr_line' id='line_1_110' title="bbox 1905 5191 3564 5268; baseline 0.001 -19"><span class='ocrx_word' id='word_1_801' title='bbox 1905 5193 2055 5250; x_wconf 89' lang='lat' dir='ltr'>senti</span> <span class='ocrx_word' id='word_1_802' title='bbox 2092 5194 2246 5265; x_wconf 90' lang='lat' dir='ltr'>quod</span> <span class='ocrx_word' id='word_1_803' title='bbox 2278 5192 2503 5266; x_wconf 88' lang='lat' dir='ltr'>placet;</span> <span class='ocrx_word' id='word_1_804' title='bbox 2541 5191 2679 5264; x_wconf 91' lang='lat' dir='ltr'>quia</span> <span class='ocrx_word' id='word_1_805' title='bbox 2724 5192 2878 5249; x_wconf 88' lang='lat' dir='ltr'>sicut</span> <span class='ocrx_word' id='word_1_806' title='bbox 2928 5209 3099 5250; x_wconf 88' lang='lat' dir='ltr'>nemo</span> <span class='ocrx_word' id='word_1_807' title='bbox 3151 5212 3212 5250; x_wconf 87' lang='lat' dir='ltr'>se</span> <span class='ocrx_word' id='word_1_808' title='bbox 3262 5195 3414 5251; x_wconf 90' lang='lat' dir='ltr'>valet</span> <span class='ocrx_word' id='word_1_809' title='bbox 3462 5213 3564 5268; x_wconf 84' lang='lat' dir='ltr'>per</span> 
     </span>
    </p>
   </div>
   <div class='ocr_carea' id='block_1_111' title="bbox 1906 5281 3562 5355">
    <p class='ocr_par' dir='ltr' id='par_1_111' title="bbox 1906 5281 3562 5355">
     <span class='ocr_line' id='line_1_111' title="bbox 1906 5281 3562 5355; baseline 0 -16"><span class='ocrx_word' id='word_1_810' title='bbox 1906 5299 1968 5339; x_wconf 89' lang='lat' dir='ltr'>se</span> <span class='ocrx_word' id='word_1_811' title='bbox 1995 5283 2065 5339; x_wconf 90' lang='lat' dir='ltr'>ad</span> <span class='ocrx_word' id='word_1_812' title='bbox 2098 5281 2354 5354; x_wconf 88' lang='lat' dir='ltr'>aliquem</span> <span class='ocrx_word' id='word_1_813' title='bbox 2387 5282 2637 5355; x_wconf 88' lang='lat' dir='ltr'>gradum</span> <span class='ocrx_word' id='word_1_814' title='bbox 2669 5281 2934 5338; x_wconf 71' lang='lat' dir='ltr'>Ecclesiae</span> <span class='ocrx_word' id='word_1_815' title='bbox 2959 5300 3328 5355; x_wconf 86' lang='lat' dir='ltr'>promovere;</span> <span class='ocrx_word' id='word_1_816' title='bbox 3358 5285 3438 5339; x_wconf 89' lang='lat' dir='ltr'>ita</span> <span class='ocrx_word' id='word_1_817' title='bbox 3460 5301 3562 5339; x_wconf 92' lang='lat' dir='ltr'>ne-</span> 
     </span>
    </p>
   </div>
   <div class='ocr_carea' id='block_1_112' title="bbox 1907 5369 3560 5444">
    <p class='ocr_par' dir='ltr' id='par_1_112' title="bbox 1907 5369 3560 5444">
     <span class='ocr_line' id='line_1_112' title="bbox 1907 5369 3560 5444; baseline -0.001 -18"><span class='ocrx_word' id='word_1_818' title='bbox 1907 5388 2002 5426; x_wconf 91' lang='lat' dir='ltr'>mo</span> <span class='ocrx_word' id='word_1_819' title='bbox 2033 5389 2096 5426; x_wconf 92' lang='lat' dir='ltr'>se</span> <span class='ocrx_word' id='word_1_820' title='bbox 2127 5375 2338 5444; x_wconf 90' lang='lat' dir='ltr'>potest,</span> <span class='ocrx_word' id='word_1_821' title='bbox 2364 5369 2595 5426; x_wconf 84' lang='lat' dir='ltr'>etiamsi</span> <span class='ocrx_word' id='word_1_822' title='bbox 2644 5370 2802 5438; x_wconf 86' lang='lat' dir='ltr'>velit,</span> <span class='ocrx_word' id='word_1_823' title='bbox 2835 5372 3075 5428; x_wconf 89' lang='lat' dir='ltr'>omnino</span> <span class='ocrx_word' id='word_1_824' title='bbox 3102 5373 3392 5443; x_wconf 88' lang='lat' dir='ltr'>deponere</span> <span class='ocrx_word' id='word_1_825' title='bbox 3419 5371 3560 5442; x_wconf 82' lang='lat' dir='ltr'>(Vid.</span> 
     </span>
    </p>
   </div>
   <div class='ocr_carea' id='block_1_113' title="bbox 1909 5458 3561 5532">
    <p class='ocr_par' dir='ltr' id='par_1_113' title="bbox 1909 5458 3561 5532">
     <span class='ocr_line' id='line_1_113' title="bbox 1909 5458 3561 5532; baseline -0.001 -18"><span class='ocrx_word' id='word_1_826' title='bbox 1909 5458 2566 5532; x_wconf 85' lang='lat' dir='ltr'>Conjecturam,nnm.6),</span> <span class='ocrx_word' id='word_1_827' title='bbox 2587 5460 2793 5531; x_wconf 89' lang='lat' dir='ltr'>quovis</span> <span class='ocrx_word' id='word_1_828' title='bbox 2825 5461 3132 5517; x_wconf 88' lang='lat' dir='ltr'>institutus</span> <span class='ocrx_word' id='word_1_829' title='bbox 3163 5461 3239 5516; x_wconf 87' lang='lat' dir='ltr'>sit</span> <span class='ocrx_word' id='word_1_830' title='bbox 3265 5459 3353 5514; x_wconf 89' lang='lat' dir='ltr'>vel</span> <span class='ocrx_word' id='word_1_831' title='bbox 3387 5460 3561 5514; x_wconf 84' lang='lat' dir='ltr'>etiam</span> 
     </span>
    </p>
   </div>
   <div class='ocr_carea' id='block_1_114' title="bbox 1905 5547 3561 5620">
    <p class='ocr_par' dir='ltr' id='par_1_114' title="bbox 1905 5547 3561 5620">
     <span class='ocr_line' id='line_1_114' title="bbox 1905 5547 3561 5620; baseline -0.004 -15"><span class='ocrx_word' id='word_1_832' title='bbox 1905 5550 2184 5606; x_wconf 88' lang='lat' dir='ltr'>victitarit</span> <span class='ocrx_word' id='word_1_833' title='bbox 2216 5549 2389 5604; x_wconf 88' lang='lat' dir='ltr'>modo</span> <span class='ocrx_word' id='word_1_834' title='bbox 2420 5548 2506 5604; x_wconf 91' lang='lat' dir='ltr'>vel</span> <span class='ocrx_word' id='word_1_835' title='bbox 2539 5549 2764 5605; x_wconf 91' lang='lat' dir='ltr'>ordine.</span> <span class='ocrx_word' id='word_1_836' title='bbox 2800 5547 3045 5605; x_wconf 86' lang='lat' dir='ltr'>Videtur</span> <span class='ocrx_word' id='word_1_837' title='bbox 3074 5549 3228 5620; x_wconf 88' lang='lat' dir='ltr'>quod</span> <span class='ocrx_word' id='word_1_838' title='bbox 3261 5548 3435 5602; x_wconf 82' lang='lat' dir='ltr'>etiam</span> <span class='ocrx_word' id='word_1_839' title='bbox 3469 5564 3561 5600; x_wconf 81' lang='lat' dir='ltr'>cu-</span> 
     </span>
    </p>
   </div>
   <div class='ocr_carea' id='block_1_115' title="bbox 225 5725 2451 5804">
    <p class='ocr_par' dir='ltr' id='par_1_115' title="bbox 225 5725 2451 5804">
     <span class='ocr_line' id='line_1_115' title="bbox 225 5725 2451 5804; baseline -0.003 -16"><span class='ocrx_word' id='word_1_840' title='bbox 225 5732 358 5804; x_wconf 66' lang='grc'>(594)</span> <span class='ocrx_word' id='word_1_841' title='bbox 389 5729 744 5790; x_wconf 88' lang='lat' dir='ltr'>Particulam</span> <span class='ocrx_word' id='word_1_842' title='bbox 774 5746 886 5788; x_wconf 85' lang='lat' dir='ltr'>non</span> <span class='ocrx_word' id='word_1_843' title='bbox 914 5731 1222 5788; x_wconf 83' lang='lat' dir='ltr'>contextus</span> <span class='ocrx_word' id='word_1_844' title='bbox 1261 5725 1563 5782; x_wconf 65' lang='lat' dir='ltr'>sentcntiae</span> <span class='ocrx_word' id='word_1_845' title='bbox 1596 5729 1993 5787; x_wconf 88' lang='lat' dir='ltr'>necessariam</span> <span class='ocrx_word' id='word_1_846' title='bbox 2026 5727 2451 5804; x_wconf 89' lang='lat' dir='ltr'>supplevimus.</span> 
     </span>
    </p>
   </div>
  </div>
