3896 6394
111 429 227 498 413

969 438 1456 508 EXOERPTUM
1498 441 1606 506 EX
1649 433 1992 504 ΠΙΑῙιΟϐΟ
2036 438 2682 506 CONFESSIONALI.

3416 438 3538 505 414

114 584 318 644 semper
377 569 614 633 Ananiae
639 578 691 634 et
720 572 999 651 Saphirae,
1036 595 1106 636 ne
1160 580 1300 652 forte
1327 581 1558 635 mortem
1610 594 1776 651 quam
1801 571 1861 642 Α
1887 573 2135 632 vinculis
2165 574 2292 632 sine
2319 573 2557 634 licentia
2587 573 2736 649 (549)
2770 571 3086 650 provisoris
3117 571 3372 650 reliquit,
3406 592 3535 651 per-

114 661 199 717 illi
225 664 285 718 in
315 679 541 738 corpore
562 669 935 739 pertulerunt,
969 668 1113 724 hanc
1142 669 1257 738 isti,
1292 670 1388 742 qui
1417 669 1525 724 sibi
1553 667 1769 740 aliquid

111 755 543 824 reservaverant,
603 757 685 812 vel
741 773 925 812 omnes
976 759 1074 829 qui
1124 759 1373 830 aliquam
1426 758 1681 830 fraudem
1704 757 1770 814 de

110 840 263 897 rebus
292 847 620 901 monasterii
645 848 896 917 fecerint,
929 848 992 902 in
1039 849 1231 902 anima
1273 850 1582 920 patiantur.
1637 849 1766 915 Tot,

111 933 170 984 ut
199 938 496 1002 asserunt,
522 933 692 991 libris
710 937 936 1009 argenti
958 940 1179 1009 quanta
1208 942 1552 993 ornamenta
1569 940 1770 1010 potue-

109 1023 239 1075 runt
267 1020 329 1077 in
361 1023 567 1078 eadem
597 1023 858 1082 Ecclesia
887 1025 1035 1091 ﬁeri,
1077 1026 1232 1082 unde
1252 1026 1543 1098 acquisita
1565 1031 1620 1082 et
1657 1025 1769 1082 col-

109 1107 251 1165 lecta
280 1108 417 1183 ipsa
445 1116 535 1169 est
551 1114 803 1185 pecunia
820 1114 1067 1171 ?Audivi
1083 1120 1550 1172 murmurantem
1569 1132 1768 1188 quem-

110 1197 237 1253 dam
269 1198 329 1254 in
365 1203 681 1258 secretario
729 1203 840 1260 ita:
893 1204 1107 1259 Dicunt
1153 1206 1311 1276 quod
1353 1204 1496 1260 nihil
1548 1205 1766 1278 proprii

109 1285 391 1342 debemus
421 1286 671 1359 habere;
694 1291 828 1362 quis
845 1307 982 1364 ergo
1014 1292 1128 1349 ista
1148 1298 1493 1349 ornamenta
1507 1299 1565 1349 et
1584 1292 1764 1350 libros

107 1372 232 1430 istic
264 1377 540 1445 contulit,
575 1379 690 1435 nisi
723 1379 831 1436 loci
863 1380 1036 1436 istius
1068 1382 1466 1438 monachi?Ad
1488 1383 1608 1438 haec
1640 1385 1766 1455 ipsc

107 1461 304 1533 fateor,
344 1465 458 1532 aio,
493 1467 705 1523 melius
719 1467 909 1524 fuerat
940 1485 1055 1524 non
1069 1469 1348 1526 habuisse
1371 1487 1547 1542 quam
1567 1474 1768 1526 contu-

106 1549 240 1608 lisse
257 1553 405 1621 ei;in
418 1553 766 1628 levigatione
778 1561 973 1614 tamen
991 1557 1164 1613 malis
1177 1557 1388 1614 melius
1406 1559 1515 1614 fuit
1527 1559 1622 1614 hic
1633 1559 1768 1614 reli-

106 1639 304 1711 quisse
322 1659 504 1715 quam
522 1644 663 1700 alibi
676 1645 1768 1718 dissipasse.Bene,inquis,bene,sufﬁ-

104 1728 196 1784 cit.
229 1732 320 1786 Ad
359 1736 414 1788 te
444 1737 750 1802 revertere,
784 1738 840 1789 te
873 1735 1120 1801 intuere,
1152 1751 1226 1790 ne
1255 1734 1768 1790 tibidicaturvere:

103 1817 424 1891 Hypocrita,
457 1822 593 1893 ejice
616 1825 866 1894 primum
883 1823 1094 1877 trabem
1105 1823 1171 1878 de
1196 1824 1349 1878 oculo
1365 1824 1614 1895 tuo;quid
1626 1825 1775 1879 enim

99 1907 248 1962 vides
280 1911 554 1980 festucam
579 1912 640 1964 in
670 1911 824 1966 oculo
853 1913 1046 1982 fratris
1063 1913 1164 1977 tui,
1195 1911 1402 1967 trabem
1432 1919 1630 1978 autem,
1655 1930 1774 1984 quae

97 1996 153 2050 in.
187 1998 358 2052 oculo
393 2000 482 2052 tuo
511 2005 607 2068 est,
640 2014 751 2053 non
781 1999 1092 2054 consideras
1113 2003 1138 2054 .9
1166 2001 1314 2068 (Luc.
1341 2018 1418 2067 v1,
1452 2002 1539 2069 41;
1587 2002 1774 2058 Matth.

101 2100 200 2150 xu,
269 2085 359 2155 3.)
422 2086 758 2156 Considera,
820 2087 1088 2159 inquam,
1147 2089 1470 2156 considero,
1532 2094 1588 2146 et
1619 2091 1774 2147 istud

108 2187 349 2244 quoque
386 2173 457 2228 ad
477 2174 701 2230 trabem
716 2177 985 2232 eamdem
1003 2177 1281 2249 adjungo;
1301 2177 1470 2249 quasi
1483 2179 1639 2234 enim
1660 2197 1772 2236 non

107 2261 403 2317 sufficeret
416 2263 569 2334 quod
587 2263 693 2318 feci
710 2263 890 2319 miser
901 2281 1005 2336 per
1019 2265 1269 2336 me,dedi
1282 2265 1474 2322 locum
1493 2267 1771 2334 isti,268

109 2354 168 2404 ut
196 2350 419 2406 faceret
449 2352 670 2408 sciente
701 2369 816 2423 me,
853 2369 960 2409 nec
1007 2356 1199 2410 tamen
1257 2355 1623 2428 prohibente.
1653 2360 1772 2414 Non

111 2441 279 2495 solum
307 2457 448 2495 vero
477 2442 574 2513 qui
600 2443 836 2512 faciunt,
869 2443 961 2497 sed
990 2445 1158 2499 etiam
1185 2447 1282 2516 qui
1308 2448 1656 2502 consentiunt
1683 2449 1770 2518 fa-

111 2528 390 2585 cientibus.
409 2529 571 2599 digni
584 2535 714 2585 sunt
729 2535 906 2586 morte
922 2532 1098 2602 (Rom.
1124 2549 1164 2600 1,
1183 2533 1296 2604 32).
1312 2533 1423 2590 Sed
1445 2534 1495 2590 si
1513 2534 1772 2592 humane

116 2617 252 2689 agis,
285 2634 496 2674 censes
519 2617 887 2676 tolerabilius
917 2623 976 2675 et
989 2619 1180 2693 magis
1196 2625 1418 2678 naturae
1439 2623 1771 2695 proximum

118 2704 382 2774 fuisse,ut
395 2707 654 2775 penuria:
670 2708 1019 2765 necessitate
1037 2709 1640 2782 facerethujusmodi(
1644 2713 1771 2783 546)

119 2797 449 2862 extraneus,
481 2811 724 2868 pauper,
757 2795 946 2864 exsul,
980 2797 1308 2854 mendicus.
1343 2805 1400 2855 et
1431 2802 1654 2857 advena
1673 2802 1773 2858 de-

118 2882 509 2955 ceptissimus,
545 2900 722 2957 quam
766 2884 1087 2942 ambitione
1136 2889 1566 2960 superbissima
1608 2890 1771 2959 civis,

118 2969 313 3039 incola,
347 2972 466 3028 sibi
500 2972 846 3045 plenissime
863 2975 1193 3044 sufﬁciens,
1210 2977 1463 3045 et,uti:a
1493 2980 1776 3036 veraciter

118 3056 330 3133 loquar,
363 3077 576 3119 servus
617 3063 884 3135 ejusdem
943 3063 1202 3121 ecclesias
1250 3065 1574 3140 legitimus,
1635 3069 1776 3142 quia

119 3146 369 3221 legaliter
399 3151 680 3218 traditus,
715 3156 772 3208 et
801 3152 892 3208 sui
924 3151 1115 3225 ipsius
1132 3171 1312 3210 manu
1341 3161 1398 3212 et
1412 3158 1774 3230 professione

120 3236 174 3294 in
198 3239 522 3310 servitium,
584 3241 739 3313 quod
801 3241 983 3297 fracto
1034 3243 1181 3316 jugo
1213 3248 1271 3299 et
1301 3246 1492 3318 ruptis
1550 3246 1768 3321 regulae

125 3436 245 3491 sede
276 3437 506 3508 pulsus,
541 3439 603 3493 in
633 3438 760 3494 vitae
793 3439 1126 3495 subsidium
1167 3436 1461 3498 abbatiam
1515 3445 1767 3499 admini-

125 3509 407 3564 strandam
439 3526 509 3565 ac
541 3511 856 3584 regendam
887 3517 1209 3584 acceperat.
1230 3515 1540 3570 Extraneus
1570 3523 1767 3573 autem

126 3584 364 3655 vocatur,
399 3586 457 3636 et
484 3581 720 3655 advena,
754 3585 880 3637 tum
909 3581 1047 3653 quia
1072 3583 1252 3655 hujus
1277 3587 1524 3642 abbatiaa
1563 3606 1766 3643 mona-

129 3649 506 3731 sterium,_cui
545 3658 811 3731 praeerat,
863 3649 1497 3731 nouerat'Lobiense,
1557 3658 1614 3713 in
1651 3677 1767 3731 quo

128 3717 237 3807 ipse
264 3717 807 3807 p‘rofessué‘ftierat,
839 3725 922 3780 uti
949 3725 1221 3807 pluribus
1249 3726 1309 3782 in
1340 3717 1494 3783 Vita'
1515 3717 1769 3807 auctdris

130 3793 474 3868 ostendimus
503 3796 535 3868 ἕ
569 3796 679 3868 11‘,-
711 3799 836 3868 tum
868 3793 1009 3868 quia
1056 3797 1260 3853 eodem
1314 3801 1604 3855 concessit
1651 3819 1768 3856 non

130 3864 386 3935 tanquam
419 3864 754 3922 monachus
782 3864 903 3923 loci
921 3868 1212 3937 ejusdem,
1240 3873 1305 3924 ut
1335 3869 1552 3926 ibidem
1573 3871 1688 3928 Deo
1709 3873 1768 3927 in

131 3938 755 4025 perpetuum'serviret,
772 3939 874 4025 sed
906 3944 1188 4021 tanquam
1213 3941 1524 4025 episcopus
1533 3959 1766 4025 pauper,

132 4007 287 4083 casui,
317 4009 625 4083 mendicus,
652 4017 703 4065 ct
747 4011 976 4078 advena,
1011 4007 1111 4083 qui
1164 4007 1330 4083 spem
1381 4007 1663 4070 redeundi
1696 4007 1768 4071 ad

131 4072 499 4157 Veronensem
532 4072 938 4157 episcopatum
963 4072 1084 4138 non
1109 4072 1369 4139 omnimo
1396 4085 1685 4157 abjecerat
1707 4091 1771 4143 ut

133 4154 327 4225 expet.
357 4153 466 4225 548
493 4152 740 4225 patebit.

193 4217 326 4300 (547)
356 4222 459 4300 llic
482 4217 761 4296 provisor,
793 4224 966 4300 cujus
995 4223 1297 4300 licentiam
1328 4242 1444 4281 non
1487 4227 1765 4300 obtinuit,

136 4293 219 4412 Ἑλὶ
247 4293 543 4350 servitium
580 4293 919 4351 monasterii
969 4295 1308 4368 reliquerat,
1357 4301 1448 4354 est
1489 4299 1614 4370 ipse
1655 4293 1765 4356 Ra;

135 4361 154 4410 t
191 4360 360 4420 erius:
395 4382 533 4421 nam
570 4383 736 4422 num.
767 4369 835 4421 24
868 4367 939 4422 de
970 4365 1080 4422 hoc
1121 4368 1324 4422 eodem
1377 4370 1604 4422 seniore
1643 4389 1765 4422 mo-

348 4382 360 4420 ἒ
395 4382 533 4421 nam
570 4383 736 4423 num.
767 4382 835 4421 24
868 4382 939 4422 (16
971 4382 1080 4422 HOC
1121 4382 1324 4423 θοαθω
1377 4385 1604 4426 88111οΓ6
1643 4389 1767 4428 mo-

138 4431 587 4510 nacboloquens,
621 4438 723 4510 qui
754 4442 953 4510 empta
996 4438 1291 4495 abbatiola
1339 4443 1768 4499 monasterium

141 4499 464 4587 deseruerat,
497 4499 657 4587 aitz:
679 4499 1324 4587 Gauderemeunovcris,
1367 4513 1508 4587 quod
1565 4515 1771 4587 absque

139 4575 232 4627 mei
255 4585 338 4653 est
356 4575 581 4653 licentia
605 4583 839 4652 factum.
889 4580 1170 4637 Similiter
1217 4575 1389 4638 num:
1411 4584 1502 4653 34,
1554 4586 1625 4640 de
1656 4575 1769 4642 alio

141 4647 396 4723 mpnacho
426 4647 670 4707 scribit:
706 4655 901 4708 Bonito
929 4669 1170 4723 namque
1199 4661 1325 4708 tuus
1380 4647 1571 4710 lanam

142 4713 315 4787 absque
354 4737 471 4778 meo
511 4723 858 4795 dispensasse
887 4713 1182 4850 ffratri-bus
1231 4728 1418 4796 fuerat
1457 4713 1769 4784 nuntiatus.

144 4781 335 4844 Nomen
352 4797 548 4849 autem
574 4797 876 4850 nrovisoris
928 4796 1314 4850 emonasterii
1347 4799 1655 4850 praeposito
1672 4817 1769 4850 seu

144 4781 335 4868 Numen
352 4797 548 4868 autem
568 4781 876 4868 provisor-is
887 4781 959 4868 de
972 4781 1314 4868 monasterii
1347 4781 1776 4868 praepositoscu

146 4854 322 4935 abbate
349 4854 760 4937 accipiebatur.
793 4866 888 4922 Sic
918 4867 1036 4922 dux
1055 4854 1410 4924 Guillelmus
1439 4854 1779 4927 Cluniaceth

148 4939 216 4998 Sis
240 4935 487 4991 ccenobii'
502 4937 786 4994 fundator
800 4941 1106 4994 Bernonem
1124 4939 1434 4994 Balmensis
1453 4945 1782 4998 monasterii

148 4996 382 5084 abbatem,
415 5009 593 5080 quoad
623 5010 845 5084 uiueret,
875 5013 1133 5084 futurum
1158 5009 1510 5084 Cluniacensi
1537 4996 1777 5084 caenobio

147 5081 443 5154 grauisorem
471 5081 824 5136 constituisse
864 5081 1118 5138 traditur
1145 5099 1181 5136 υ,
1227 5081 1510 5154 Nalgodio
1537 5083 1599 5137 in
1637 5085 1772 5141 Vita

151 5136 199 5192 S.
226 5141 422 5205 Odonis
452 5167 617 5207 num.
651 5154 742 5206 22.

211 5215 346 5291 (548)
374 5221 738 5295 Abscessione,
772 5223 830 5278 id
862 5227 953 5279 est
979 5227 1298 5295 antequam
1333 5239 1363 5278 e
1395 5226 1772 5294 monasterio,

154 5293 248 5366 9111,
297 5303 423 5366 cum
451 5292 574 5366 haec
635 5295 934 5359 scriberet,
996 5292 1306 5366 praefectus
1355 5300 1500 5362 erat,
1547 5292 1771 5353 abiret:

154 5365 292 5473 {pem
319 5361 465 5418 enim
480 5364 674 5448 adhuc
689 5367 928 5447 gerebat
944 5361 1228 5421 redeundi
1257 5366 1329 5420 ad
1369 5367 1774 5450 episcopatum

168 5489 171 5490 ν
195 5439 532 5490 eronensem.
563 5453 659 5490 cui
691 5438 929 5490 quidem
955 5454 1072 5490 non
1102 5436 1290 5490 multo
1318 5442 1450 5490 nost
1467 5444 1774 5490 restitutus

163 5438 532 5504 Veronensem,
563 5438 659 5492 cui
691 5438 929 5510 quidem
955 5454 1072 5492 non
1102 5438 1290 5492 multo
1317 5442 1450 5508 post
1467 5439 1774 5496 restitutus

157 5489 480 5590 illi.
535 5511 732 5590 autem
788 5508 940 5565 duas
970 5507 1324 5590 et‘viginti,‘
1353 5508 1570 5590 quibus
1615 5510 1771 5590 idem

157 5577 558 5651 monasterium,
598 5579 704 5635 abs
753 5596 816 5634 se
861 5577 1253 5651 exspoliatum
1310 5577 1510 5646 tradit,
1545 5579 1604 5633 in
1665 5580 1772 5636 ali-

158 5648 296 5724 EPJUB
348 5649 726 5724 necessitatis,
797 5668 914 5723 qua
962 5648 1361 5724 premebatur,
1437 5651 1773 5724 subsidium

158 5717 509 5793 l'gsumpsisse
537 5717 834 5779 credimus
859 5741 872 5790 ;
906 5717 1064 5778 unde
1093 5721 1267 5793 paulo
1295 5724 1430 5776 ante
1460 5722 1531 5793 de
1560 5737 1622 5777 se
1653 5723 1763 5779 ait:

164 5775 212 5864 {It
249 5775 501 5852 ρεὸαηίέέ
546 5775 872 5851 uicisse};
916 5775 1166 5864 "fassa"
1180 5775 1523 5864 “iu-mod;
1569 5775 1769 5850 esse;

161 5859 283 5926 ηεαδ»
309 5873 528 5942 Pauper,
560 5866 736 5940 exsul,
769 5870 878 5925 etc.
911 5859 1043 5926 Haec
1077 5859 1611 5926 autem’necessitas
1632 5869 1774 5925 tunc

1605 4658 1769 4746 ius“
1800 4679 1851 4746 B

1878 669 2054 738 petuo
2086 666 2478 739 mancipatus.
2538 666 2760 722 Verum
2814 668 2880 722 ut
2904 665 3010 721 tibi
3066 667 3280 722 iterum
3313 683 3536 723 morem

1877 755 2242 827 gerendo,ita
2254 755 2421 811 illum
2438 755 2956 829 reprehendam,ut
2969 755 3113 811 mihi
3139 772 3253 812 non
3277 773 3534 829 parcam,

1879 843 2082 913 fateor,
2113 845 2350 916 utrique
2378 844 2609 918 egimus
2627 844 3251 901 inconsideratissime.
3270 845 3331 901 Si
3353 845 3534 912 enim,

1877 949 2014 988 cum
2037 933 2162 1003 jam
2196 950 2342 1006 pene
2372 933 2725 1000 silicernius,
2758 937 2823 988 ut
2852 938 2910 989 et
2930 932 3045 1002 ille,
3062 935 3330 1003 existam,
3351 940 3538 991 morte

1878 1026 2227 1094 praeventus,
2261 1027 2364 1078 aut
2394 1023 2538 1094 (548)
2573 1023 2946 1080 abscessione
2983 1023 3166 1092 fuero,
3219 1028 3535 1096 antequam

1876 1110 2082 1184 viginti
2115 1112 2364 1186 duarum
2395 1111 2678 1167 librarum
2711 1113 2965 1185 pretium
3009 1116 3210 1168 sancto
3264 1112 3535 1180 habeam,

1878 1216 2054 1272 quem
2086 1200 2179 1256 his
2210 1201 2478 1274 spoliavi,
2512 1201 2972 1266 redditumloco,
2999 1201 3537 1274 (559)00mpositio-

1877 1306 2009 1345 nem
2044 1288 2427 1363 gebennalem
2457 1290 2656 1345 timeo.
2691 1289 2793 1346 Ille
2810 1307 3043 1362 quoque
3069 1307 3185 1346 non
3199 1291 3538 1348 minusloco

1876 1378 1973 1434 isti
2004 1378 2254 1446 debitor,
2286 1383 2481 1451 atque,
2517 1383 2583 1434 ut
2622 1378 2762 1445 dixi,
2814 1396 3042 1435 coaevus
3091 1380 3371 1446 existens,
3404 1380 3453 1437 si
3483 1385 3541 1437 et

1878 1467 1973 1522 hic
2005 1484 2121 1522 non
2153 1467 2329 1522 habet
2359 1467 2752 1534 satisfactum,
2783 1472 2840 1524 et
2865 1467 3011 1523 illud
3043 1469 3197 1540 quod
3227 1468 3369 1524 emit
3398 1470 3537 1526 ﬁde-

1877 1554 2012 1610 liter
2039 1555 2400 1611 custoditum
2428 1554 2576 1610 nulli
2607 1556 2878 1623 dubium,
2899 1555 3010 1612 nisi
3037 1557 3294 1627 [subaudi
3308 1556 3415 1628 illi]
3439 1558 3539 1630 qui

1880 1643 2182 1698 interdum
2196 1643 2451 1714 perdidit
2463 1642 2680 1712 visum,
2701 1645 2840 1715 quin
2857 1647 3137 1700 aeternum
3151 1661 3286 1700 eum
3309 1649 3543 1703 maneat

1884 1749 2018 1787 cum
2049 1731 2296 1802 Anania,
2330 1731 2597 1803 Saphira,
2650 1735 2824 1804 atque
2871 1733 3110 1789 Simone
3161 1733 3538 1807 supplicium.

1884 1821 2091 1877 Petrus
2163 1837 2298 1877 vero
2373 1825 2480 1887 est,
2539 1836 2678 1893 rogo
2756 1837 3063 1894 agnoscas,
3141 1822 3242 1896 qui
3296 1827 3353 1879 et
3409 1823 3541 1882 illos

1888 1913 2172 1983 prmeepto
2203 1926 2306 1982 pro
2338 1910 2540 1965 fraude
2554 1909 2864 1982 percussit,
2883 1910 3136 1966 etistum
3167 1912 3542 1970 damnatione

1885 2002 2168 2072 perpetua
2178 2015 2282 2071 pro
2295 1999 2612 2054 ambitione
2628 1999 2880 2072 superba
2892 1998 3081 2071 perire
3093 2001 3538 2074 praecepit(550),

1886 2087 2110 2153 Petrus,
2138 2088 2310 2159 cujus
2332 2087 2446 2142 ista
2477 2087 2588 2142 fuit
2618 2087 2900 2159 pecunia;
2949 2088 3176 2155 Petrus,
3232 2090 3403 2161 cujus
3434 2091 3541 2147 ab-

1884 2176 2044 2232 batia
2074 2177 2226 2233 269
2257 2175 2647 2246 injustissime
2677 2176 2788 2231 fuit
2809 2175 3110 2232 distracta.
3143 2179 3254 2234 Sed
3271 2179 3540 2236 conside-

1881 2282 2082 2320 remus
2097 2264 2295 2320 trahes
2315 2268 2614 2336 utrasque,
2636 2281 2828 2321 meam
2845 2264 3068 2321 scilicet
3083 2271 3142 2322 et
3161 2266 3342 2336 illius;
3366 2269 3542 2324 festu-

1881 2371 2009 2410 cam
2041 2354 2258 2410 etenim
2290 2353 2385 2409 hic
2416 2370 2588 2410 cerno
2619 2353 2854 2410 deesse:
2889 2355 3155 2410 fortassis
3184 2356 3342 2412 enim
3365 2357 3540 2413 hodie

1880 2442 2067 2499 oculis
2098 2442 2313 2499 melius
2345 2442 2564 2514 apertis
2593 2459 2736 2497 mea:
2767 2442 3080 2499 imminere
3109 2444 3318 2500 cervici
3335 2446 3540 2500 ambas

1879 2532 2126 2598 videbis,
2159 2531 2278 2587 imo
2308 2531 2379 2586 de
2405 2531 2637 2586 duabus
2666 2529 2811 2585 mihi
2835 2531 2954 2587 fore
2985 2532 3538 2603 unamimprobabi-

1879 2620 1998 2677 lem
2029 2621 2277 2676 trabem.
2309 2621 2374 2676 Si
2399 2636 2508 2676 non
2539 2621 2962 2676 annuntiaveris
2979 2621 3188 2691 iniquo,
3204 2619 3305 2687 ait,
3340 2623 3542 2695 iniqui-

1881 2713 2053 2765 tatem
2080 2724 2259 2774 suam,
2287 2710 2616 2779 sanguinem
2634 2707 2752 2779 ejus
2791 2708 2858 2763 dc
2883 2725 3059 2764 manu
3115 2713 3212 2764 tua
3256 2711 3540 2783 requiram

1885 2797 2096 2871 (Ezech.
2129 2814 2212 2864 ιιι,
2242 2797 2355 2868 l8);
2389 2797 2545 2869 quod
2569 2796 2975 2870 justissimum
3006 2797 3126 2854 fore
3165 2800 3536 2869 monstravit,

1884 2887 1986 2960 qui
2017 2886 2195 2943 dixit:
2231 2885 2382 2954 Quod
2409 2885 2742 2958 adiscipulis
2756 2886 3539 2959 detinquitur,admagistrum

1883 2978 2128 3049 respicit;
2153 2980 2209 3032 et
2230 2975 2327 3031 ille
2357 2975 2552 3046 (cujus
2581 2974 2754 3031 edicti
2787 2975 2960 3031 ambo
2988 2980 3454 3049 transgressores
3476 2977 3536 3034 in

1881 3065 1993 3123 hoc
2025 3082 2141 3122 uno
2171 3065 2492 3138 probamur
2523 3067 2699 3136 atque
2729 3064 3178 3133 rebelles,aliud
3211 3067 3261 3122 si
3296 3066 3537 3129 omnino

1884 3156 2133 3222 deesset,
2165 3153 2284 3221 ille,
2320 3153 2460 3226 quia
2489 3153 2644 3220 fecit,
2677 3169 2783 3226 ego
2838 3153 2978 3226 quia
3025 3172 3142 3211 non
3191 3155 3538 3226 contradixi)

1881 3245 2049 3310 Sciat,
2110 3243 2326 3316 inquit,
2375 3242 2572 3312 Abbas,
2646 3244 2822 3314 culpae
2891 3244 3132 3314 pastoris
3202 3243 3536 3312 incumbere,

185 3366 323 3428 (546)
353 3367 486 3422 Ηωο
521 3366 797 3423 Ratherio
828 3369 1201 3436 conveniunt,
1274 3369 1329 3425 ui
1363 3388 1393 3426 e
1425 3372 1765 3429 Leodicensi
1800 3366 1840 3379 "
1875 3369 2106 3424 videtur
2175 3367 2556 3438 impendisse,
2615 3383 2750 3421 cum
2807 3367 2879 3421 ad
2939 3366 3383 3434 monasterium,
3443 3367 3538 3424 cui

185 3436 245 3491 de
276 3437 506 3496 pulsus.
541 3439 603 3493 in
633 3438 760 3494 vitae
793 3439 1126 3495 subsidium
1167 3387 1461 3496 abcliatiam
1515 3445 1767 3496 admini-
1878 3443 2142 3496 praeerat.
2172 3455 2389 3496 magna
2444 3437 2746 3496 hosnitum
2809 3437 2980 3491 turba
3032 3437 3332 3491 conﬂuxit.
3393 3437 3538 3492 Vide

1878 3443 2142 3512 praeerat,
2172 3437 2389 3510 magna
2444 3437 2746 3508 hospitum
2809 3437 2980 3491 turba
3032 3437 3332 3491 conﬂuxit.
3393 3437 3539 3492 Vide

1879 3516 2000 3566 not.
2040 3512 2166 3564 581.

1951 3583 2098 3653 (549)
2155 3578 2792 3653 Componere_verbum
2851 3581 2960 3653 est,
3022 3577 3227 3653 quoin
3277 3578 3538 3653 antiquis

1879 3647 2100 3708 chartis
2157 3647 2330 3722 pccna
2386 3649 2587 3722 pretio?
2637 3647 2917 3705 solvenda
2963 3647 3373 3722 signiﬁcatur.
3427 3647 3539 3722 Hic

1879 3728 2077 3850 Sutem
2134 3721 2450 3793 compositio
2501 3721 2825 3790 gehennalis
2884 3721 3094 3777 inferni
3148 3739 3383 3795 pcenam
3443 3721 3532 3778 in-

1922 3795 2053 3850 icat.

1922 3800 2353 3938 lggolPetrus
2427 3863 2585 3938 cujus
2657 3866 2762 3920 ista
2840 3867 2954 3937 fuit
3009 3867 3280 3938 ,pccuuia,
3359 3864 3537 3921 libra-

1878 3936 2010 3993 rum
2045 3936 2268 3993 scilicet
2295 3936 2611 4008 octoginta,
2630 3953 2778 4008 quos
2795 3936 3121 3994 monachus
3143 3937 3201 3992 in
3224 3938 3536 3993 emendam

1880 4009 2176 4065 abbatiam
2203 4009 2574 4075 distraxerat,
2607 4009 2940 4064 referuntur
2987 4010 3058 4064 ad
3111 4009 3534 4064 monasterium

1878 4081 1971 4136 cui
2007 4079 2320 4137 Ratberius
2347 4083 2611 4152 praeerat.
2632 4078 3186 4152 Hocmonasterium
3218 4078 3538 4152 aLobiensi

1880 4153 2245 4236 distinctum,
2280 4149 2425 4236 et'in
2457 4149 2676 4236 ditione
2704 4151 2966 4236 episcopi
2988 4149 3361 4236 bcodicensis
3382 4149 3536 4204 loca-

1877 4229 2004 4299 tum
2021 4224 2078 4278 in
2090 4223 2224 4299 Vita
2246 4220 2504 4277 auctoris
2516 4219 2928 4299 ostendimus§
2953 4224 2975 4299 l_
2984 4223 3007 4274 1
3021 4260 3034 4284 ,
3059 4219 3538 4299 conjecimusque

1879 4295 2061 4351 fuisse
2091 4294 2346 4350 Alnense
2404 4290 2850 4359 monasterium,
2883 4288 3055 4358 cuius
3091 4288 3361 4359 ecclesia
3389 4288 3458 4342 in
3475 4294 3536 4359 S.

1878 4367 2032 4422 Petri
2064 4365 2349 4421 honorem
2381 4365 2718 4418 consecrata
2749 4357 2873 4434 erat
2902 4357 3123 4434 (Mabil.
3157 4364 3199 4414 t.
3235 4359 3276 4415 Ι.
3303 4357 3536 4434 Annal.,

1880 4455 1974 4494 an.
2001 4439 2127 4505 653,
2162 4453 2221 4508 n4.
2252 4435 2379 4508 28),
2401 4439 2467 4489 ut
2494 4448 2697 4508 verum
2729 4432 2805 4488 sit
2835 4430 3079 4508 S.'P_etri
3121 4430 3432 4508 pecuniam
3465 4431 3538 4485 ab

1881 4525 1948 4565 eo
1983 4502 2268 4564 monacho
2301 4502 2484 4560 fuisse
2524 4503 2887 4560 distractam.
2942 4502 3045 4558 Illa
3092 4502 3265 4574 porro
3316 4503 3535 4574 Petrns,

1880 4581 2036 4658 cujus
2065 4577 2681 4658 abbatiajnjustissime
2729 4577 2840 4658 fuit
2893 4573 3173 4658 distracta,
3225 4573 3430 4658 referri.
3455 4574 3540 4658 vi-

1885 4645 2100 4707 dentur
2129 4650 2200 4705 ad
2223 4645 2520 4704 abbatiam
2536 4663 2712 4718 quam
2726 4645 2882 4703 idem
2902 4646 3228 4702 monachus
3244 4645 3542 4718 octoginta

1884 4723 2051 4779 libris
2083 4719 2414 4792 acquisivit,
2444 4717 2744 4792 quamque
2775 4720 2825 4792 is
2850 4735 2955 4792 per
2983 4717 3540 4792 ejusmodiemptioj

1888 4811 2024 4851 nem
2053 4788 2749 4872 injustissime—distraxit
2777 4788 2996 4872 ab'alia
3019 4788 3260 4845 abbatia
3289 4789 3347 4870 S'.
3389 4788 3541 4843 Petri

1888 4865 2060 4922 titulo
2093 4865 2462 4922 nuncupata:
2491 4860 2685 4922 qualis
2715 4862 2952 4922 quidem
2981 4866 3106 4916 erat
3143 4860 3380 4915 abbatia
3429 4860 3538 4913 Lo-

1915 4878 2060 4921 ιῐιιιο
2093 4878 2462 4921 nuncupata:
2491 4878 2685 4921 qualis
2715 4878 2952 4921 omnem
2981 4878 3106 4916 erat.
3143 4878 3380 4915 annaua
3432 4878 3538 4913 L0-

1889 4878 2060 4922 titulo
2093 4878 2462 4935 nuncupata:
2491 4878 2685 4932 qualis
2715 4878 2952 4934 quidem
2981 4878 3106 4916 erat
3143 4878 3380 4915 annaua
3432 4878 3537 4913 Lo-

1889 4935 2131 5014 biensis,
2190 4933 2568 5014 cpiualiquot
2613 4932 2968 5014 monasteria
3024 4932 3289 5014 subjecta
3336 4935 3537 5014 erant,

1886 5007 2174 5078 Waslare,
2208 5007 2266 5062 S.
2296 5002 2580 5078 Ursmari,
2600 5008 2658 5059 et
2687 5003 2819 5078 alia.
2843 5003 3094 5078 Aliquod
3127 5002 3305 5078 exbis
3331 5002 3542 5078 fortas-

1888 5080 1973 5136 sis
1999 5079 2096 5135 ille
2154 5073 2479 5133 monachus
2531 5076 2604 5131 ab
2663 5075 2897 5131 abbatia
2953 5073 3248 5142 Lobiensi,
3305 5078 3362 5129 et
3408 5091 3442 5130 a
3482 5073 3542 5129 S.

1887 5155 2056 5227 _Pet_ro
2087 5149 2382 5227 distraxit,
2411 5164 2544 5227 cum
2579 5147 2686 5203 sibi
2719 5148 2778 5227 in
2803 5147 2946 5227 illud
2994 5145 3391 5227 praelationem
3442 5146 3544 5227 ab:

1886 5223 2040 5279 batis
2070 5221 2243 5298 titulo
2271 5215 2800 5298 deuoratamcmit.
2835 5215 3104 5298 Quandiu
3127 5218 3283 5298 enim
3307 5215 3545 5298 aliquod

1886 5293 2313 5370 monasterium
2371 5290 2945 5370 principi‘cmnobio
3014 5289 3370 5370 adhaerebat,
3430 5289 3543 5368 ipsi

1885 5361 2740 5438 przeticiebantur‘nounulliad
2774 5369 2981 5418 nutum
3015 5361 3246 5438 abbatis
3262 5361 3546 5438 principis

1887 5431 2148 5510 coenobii
2220 5433 2576 5510 amovendi,_
2637 5433 2836 5510 iique,
2893 5431 3208 5505 praepositi,
3298 5431 3542 5510 priores,

1887 5508 2072 5565 aliove
2104 5506 2282 5562 simili
2329 5505 2500 5560 titulo
2545 5501 2940 5560 donabantur.
2999 5501 3143 5558 Cum
3195 5501 3330 5556 vero
3368 5501 3545 5553 insti-

1883 5580 2204 5636 tuebantur
2251 5577 2514 5644 abbates,
2558 5580 2716 5647 tunc
2756 5575 2814 5629 in
2865 5581 3216 5647 perpetuum
3269 5567 3542 5642 praifecti,

1883 5650 2032 5707 illud
2082 5647 2528 5720 monasterium_
2557 5645 2694 5702 licet
2740 5645 2926 5720 antea
2955 5645 3226 5720 unitum,
3261 5653 3542 5720 amona-

1885 5723 2073 5800 ste_rio_
2087 5720 2348 5800 principe
2369 5718 2814 5800 quodammodo
2846 5711 3392 5800 sejungebaut,__ita
3415 5711 3480 5762 ut
3509 5722 3544 5764 a

1887 5736 2061 5780 sterio
2087 5737 2271 5794 princi
2317 5736 2348 5774 e
2379 5736 2814 5800 quoaammoao
2846 5736 3258 5788 sejungeuam,
3310 5736 3392 5763 ιιιι

1887 5792 2176 5867 Principis
2210 5736 2440 5850 abbatis
2472 5794 2622 5844 nutu
2655 5803 3030 5858 nequaquam
3063 5780 3400 5858 penderent.
