3896 6378
111 427 214 493 425

951 424 1437 503 EXCERPTUM
1482 425 1585 496 EX
1624 422 1977 500 DIALOGO'
2013 432 2652 501 CONFESSIONALI.

3397 437 3531 500 426‘

108 566 392 622 denuntiet
428 560 664 623 attende
698 583 710 623 :
747 567 861 639 Qui
888 567 1418 639 scandalizaverit,
1450 567 1744 640 inquiens,
1776 569 1833 635 Α
1862 568 2040 626 fuerit
2095 589 2311 640 causa;
2348 571 2493 626 mihi
2551 571 2804 639 videtur,
2838 570 2995 642 quod
3054 580 3149 625 me
3205 567 3269 642 [ι.
3299 568 3360 624 in
3398 570 3514 642 me]

106 672 262 712 unum
285 655 362 712 de
389 655 619 725 pusillis
648 655 794 723 istis,
816 656 915 728 qui
944 655 1109 711 inme
1126 658 1397 725 credunt,
1421 657 1651 724 expedit
1668 658 1741 723 ci,

104 754 156 801 ut
167 745 560 816 suspendatur
575 746 733 802 mala
748 746 1026 803 asinaria
1044 747 1104 801 in
1119 746 1265 802 collo
1284 747 1427 817 ejus,
1443 751 1499 800 et
1522 746 1746 802 demer-

97 843 253 904 gatur
279 836 345 891 in
374 834 739 905 profundum
759 835 952 891 maris
983 835 1221 907 (Matth.
1256 852 1414 902 xvm,
1446 834 1523 906 6).

541 927 800 997 Itemque
822 933 957 997 post
986 925 1274 998 quautam.

155 1014 234 1069 33.
292 1010 712 1085 Tergiversari,
746 1013 847 1080 ait,
893 1013 1146 1068 nimium
1205 1012 1422 1071 videris
1481 1012 1647 1080 mibi,
1683 1017 1741 1069 et

96 1102 209 1159 colli
236 1101 426 1157 instar
449 1100 707 1157 volucris
738 1101 1014 1157 Ennianis
1071 1101 1328 1158 colorem
1388 1117 1524 1157 cum
1574 1105 1739 1158 motu

95 1196 325 1247 mutare.
357 1190 525 1246 Nunc
556 1190 718 1246 enim
771 1190 1022 1246 nimium
1083 1191 1360 1264 rigorem,
1392 1191 1545 1248 279
1577 1208 1737 1247 nunc

92 1281 141 1335 iu
169 1285 220 1336 te
243 1280 566 1336 maximam
586 1279 848 1335 admiror
877 1278 1183 1335 mollitiem
1213 1298 1225 1348 ;
1254 1296 1408 1335 nuuc
1429 1280 1600 1351 quasi
1621 1280 1734 1335 fer-

87 1385 288 1437 vorem,
342 1368 515 1424 modo
564 1373 864 1440 teporem:
898 1386 1051 1423 nunc
1106 1368 1519 1436 constantiam,
1574 1384 1733 1424 nunc

88 1459 279 1516 studeo
312 1457 456 1531 (leg.
493 1457 683 1528 video]
717 1457 1162 1514 dissolutionem
1188 1474 1380 1526 ;nunc
1411 1457 1636 1513 sincere
1655 1458 1735 1520 (et

84 1548 299 1604 utinam
333 1547 423 1604 vel
454 1546 983 1620 aliquoties),nunc
1007 1546 1283 1603 simulate
1304 1546 1731 1618 mihi,ut,proh

79 1637 263 1694 nefas!
318 1653 552 1708 semper
628 1640 841 1692 cuncta
895 1636 1112 1691 videris
1172 1637 1384 1690 referre
1444 1639 1500 1689 et
1555 1635 1732 1690 modo

77 1726 389 1783 miserabili
421 1726 692 1798 quaedam
725 1724 1059 1780 conﬁtendo
1077 1739 1312 1794 quoque
1344 1722 1735 1790 celare;sicut

74 1815 205 1871 illud
237 1815 527 1888 primum,
561 1814 719 1884 quod
752 1812 898 1868 mihi
930 1811 1129 1879 etiam;
1164 1812 1267 1882 qui
1300 1815 1354 1866 te
1385 1828 1500 1865 non
1533 1810 1731 1866 minus

1854 658 1971 727 illa,
2006 677 2183 732 quam
2238 664 2603 732 putaveram,
2645 662 2824 726 esset,
2876 658 3016 731 quia
3074 657 3382 714 humilitas
3442 657 3520 713 sit

1853 747 2123 805 elationis
2137 751 2305 821 (572),
2323 749 2489 820 pejor
2501 749 2694 804 ruina.
2714 748 2855 804 Inde
2868 748 3025 803 enim
3046 746 3344 820 superbio,
3358 747 3533 807 unde

1853 854 1946 892 me
2007 838 2522 909 despectissimum
2554 836 2884 893 certissime
2916 840 2973 892 et
3022 836 3174 892 infra
3203 835 3525 891 universos

1851 927 2107 993 attendo,
2132 943 2266 982 cum
2299 926 2488 982 caeteri
2523 925 2658 981 inde
2688 924 2915 982 soleant
2943 924 3202 998 gloriari,
3221 924 3376 980 unde
3397 940 3505 980 cae-

1848 1016 1991 1071 teris
2021 1016 2313 1072 sevident
2350 1014 2647 1071 excellere.
2682 1015 2846 1080 Quod
2906 1014 3021 1071 nisi
3075 1012 3505 1087 turpiloquium

1848 1104 2057 1160 saltem
2089 1105 2149 1163 in
2173 1105 2286 1160 isto
2318 1109 2607 1177 praecepto
2640 1104 2909 1174 vitarem,
2943 1102 3265 1176 apostolico
3294 1101 3503 1158 condi-

1845 1210 1960 1266 gno
1992 1193 2358 1251 enuclearem
2392 1193 2548 1250 280
2576 1192 2860 1265 exemplo.
2894 1194 2967 1248 At
2991 1192 3131 1265 quia
3162 1192 3358 1249 deﬁcit
3381 1190 3501 1247 elo-

1844 1284 2074 1355 quium,
2108 1300 2214 1338 nec
2262 1283 2393 1349 fari,
2429 1282 2583 1354 quod
2616 1300 2651 1338 a
2680 1298 2774 1337 me
2803 1281 2932 1355 ipso
2982 1281 3193 1354 patior,
3225 1296 3495 1354 possum,

1842 1372 2097 1429 exterius
2127 1373 2268 1428 dum
2300 1388 2395 1427 me
2423 1372 2529 1427 tibi
2553 1388 2727 1427 cerno
2748 1371 3237 1438 notissimum,ne
3253 1369 3501 1428 interius

1840 1461 1946 1517 tibi
1980 1477 2212 1532 quoque
2238 1461 2475 1527 lateam,
2504 1459 2693 1532 dirigo
2724 1464 2782 1515 te
2812 1459 2884 1514 ad
2914 1458 3262 1531 Gregorium
3308 1455 3498 1513 Deilo-

1843 1566 2052 1621 quum,
2082 1548 2252 1603 illum
2282 1548 2611 1620 interroga;
2636 1548 2778 1618 quid
2801 1548 2873 1602 de
2895 1547 3160 1618 reprobis
3179 1545 3501 1618 hypocritis

1842 1642 1899 1692 et
1930 1636 2344 1708 arrogantibus
2382 1635 2621 1700 sentiat,
2653 1634 2825 1689 hauri
2858 1652 2870 1690 :
2904 1634 2985 1689 ibi
3019 1651 3112 1690 me
3166 1634 3499 1706 conspicere

1842 1730 2032 1780 totum
2081 1724 2319 1780 valebis.
2357 1724 2418 1778 In
2477 1723 2812 1792 evitatione,
2863 1722 3082 1795 inquis,
3134 1722 3495 1780 soloecismo-

1843 1830 1977 1869 rum
2036 1810 2491 1869 construetionis
2546 1828 2727 1884 quam
2785 1812 3028 1868 rai‘ionis
3082 1828 3240 1881 vero,
3289 1812 3493 1868 dictio-

74 1921 241 1976 quam
292 1904 455 1958 idem
487 1901 719 1975 agnovi,
752 1901 836 1955 ita
866 1900 1080 1975 legenti
1110 1899 1426 1970 occulitur,
1450 1916 1514 1955 ac
1549 1899 1598 1955 si
1622 1899 1732 1955 mi-
1757 1933 1808 1999 B
1841 1920 1986 1958 num
2018 1918 2197 1974 quam
2228 1902 2529 1957 actionum
2580 1901 2761 1958 videri
2799 1901 2951 1958 valet
2977 1902 3377 1975 perspicacius
3435 1906 3494 1959 te

72 1993 221 2049 nime
257 1992 573 2047 diceretur.
605 1990 711 2055 Ita,
741 1989 1006 2061 inquam,
1039 1989 1120 2043 ita
1146 2005 1276 2044 esse
1307 1988 1603 2055 conﬁteor,
1635 2004 1731 2060 pa-

73 2082 198 2138 riter
228 2084 290 2137 et
341 2079 572 2135 actibus
634 2078 994 2133 demonstro.
1031 2077 1110 2132 De
1168 2076 1267 2132 illo
1320 2081 1537 2145 tamen,
1571 2078 1726 2149 quod

75 2172 220 2239 faris,
253 2167 402 2243 quia
432 2167 604 2239 pejus
636 2165 780 2233 fore,
815 2163 866 2221 si
897 2165 1173 2220 omnibus
1204 2168 1447 2237 pateret,
1479 2165 1721 2233 adverti;

75 2260 331 2317 sufﬁcere
362 2254 606 2322 credidi,
640 2254 693 2311 si
723 2254 931 2326 quovis
964 2255 1138 2309 modo
1177 2258 1241 2307 tu
1290 2252 1453 2309 solus
1499 2252 1722 2309 valeres

75 2348 191 2405 inde
219 2346 439 2403 melius
470 2342 800 2399 certiﬁcari.
836 2343 915 2398 Te
941 2358 1076 2396 vero
1108 2342 1248 2396 dum
1280 2340 1568 2413 alloquor,
1588 2358 1724 2397 ocu-

74 2437 242 2493 latum
290 2431 640 2508 quemlibet,
674 2430 910 2504 qualem
962 2429 1183 2485 scilicet
1224 2428 1427 2502 regula
1475 2446 1509 2485 a
1551 2429 1719 2486 nobis

75 2532 431 2600 transgressa
462 2522 691 2589 suadet,
721 2519 961 2593 aspicio,
997 2518 1097 2589 qui
1154 2519 1358 2590 utique
1408 2536 1519 2574 sua
1566 2519 1720 2574 norit

75 2632 279 2687 curare,
293 2619 353 2671 et
382 2613 578 2669 aliena
604 2610 852 2666 vulnera
881 2626 996 2665 non
1028 2611 1298 2681 detegere
1318 2611 1376 2664 et
1395 2608 1716 2681 publicare.

78 2704 204 2759 Nam
233 2721 339 2760 nec
372 2703 555 2759 debes
586 2700 874 2766 oblivisci,
905 2700 1060 2771 quod
1095 2700 1169 2754 de
1198 2698 1465 2771 neglecta
1493 2698 1718 2753 diutius

76 2794 421 2849 confessione
453 2789 725 2863 superius
758 2788 997 2845 audisti.
1032 2788 1241 2855 Quare,
1276 2787 1496 2859 inquis,
1531 2791 1589 2843 ct
1624 2787 1718 2842 cui

78 2882 372 2953 conﬁteris,
399 2881 450 2937 si
483 2880 721 2936 affectas
753 2877 969 2934 celari?
1000 2882 1138 2944 Deo,
1172 2875 1439 2949 inquam,
1467 2879 1523 2930 et
1549 2874 1716 2933 mibi.

77 2970 177 3026 Deo
220 2970 366 3027 cur?
400 2968 621 3042 inquis.
658 2968 783 3022 Non
816 2970 882 3021 ut
930 2965 1173 3032 noverit,
1207 2965 1472 3036 inquam,
1502 2964 1603 3036 qui
1635 2963 1720 3019 nil

75 3059 209 3116 valet
231 3060 525 3133 ignorare,
560 3057 661 3113 sed
692 3060 759 3112 ut
788 3056 1065 3128 dignetur
1089 3054 1402 3111 remittere.
1438 3052 1521 3108 Ita
1557 3052 1717 3109 enim

79 3140 231 3206 audio
259 3155 316 3206 et
346 3146 724 3221 Prophetiam
747 3160 1122 3218 praesumere,
1144 3142 1288 3198 mibi
1312 3146 1374 3197 ut
1401 3140 1717 3213 aliquando

77 3239 245 3295 verius
301 3243 484 3312 atque
534 3235 800 3292 securius
856 3233 1083 3289 valeam
1145 3231 1385 3288 dicere:
1423 3232 1715 3289 Delictum

1839 2008 1970 2047 esse
2000 1990 2154 2065 quod
2187 1990 2351 2059 dicis,
2376 1991 2518 2045 dum
2551 1990 2748 2063 magis
2776 1991 2978 2063 utique
3009 1992 3269 2059 aﬁ‘ectas,
3294 1991 3345 2049 si
3365 1998 3494 2049 suc-

1837 2081 2067 2136 cederet
2120 2083 2339 2145 tamen,
2373 2079 2554 2134 videri
2614 2078 2917 2151 eloquens,
2954 2097 3132 2152 quam
3165 2080 3291 2153 ipse
3329 2082 3489 2153 quod

1833 2170 1982 2240 bene
1994 2168 2251 2240 loqueris
2263 2168 3490 2241 {573),exsequens.Plantareslibentissime

1831 2258 2020 2325 video,
2056 2261 2259 2313 contra
2318 2257 2695 2313 interdictum
2746 2256 2900 2328 licet,
2933 2257 2993 2314 in
3024 2259 3199 2316 domo
3254 2259 3489 2316 Domini

1831 2364 2061 2416 nemus,
2082 2346 2183 2419 qui
2216 2347 2275 2401 in
2299 2345 2749 2402 arbusculorum
2780 2348 2899 2402 situ
2931 2351 3052 2403 tam
3084 2365 3147 2405 es
3164 2348 3487 2405 studiosus.

1830 2435 2022 2505 Mane,
2051 2436 2319 2507 inquam,
2353 2452 2526 2491 mane
2582 2435 2829 2504 videbis,
2862 2435 2999 2507 quis
3038 2436 3173 2504 sim,
3207 2437 3490 2507 spondeo,

1831 2524 2069 2592 clarius,
2106 2541 2213 2580 nec
2241 2528 2438 2579 tamen
2470 2523 2826 2595 reprimetur
2856 2527 3055 2579 tumor
3083 2524 3155 2579 ob
3182 2523 3241 2579 id
3283 2523 3488 2591 semel,

1828 2613 2130 2685 promitto,
2164 2616 2504 2684 conceptus.

1900 2703 1990 2757 34.
2022 2702 2394 2773 Iniquitatem,
2429 2700 2509 2756 ait
2566 2699 2898 2769 Psalmista,
2929 2703 2980 2757 si
3009 2703 3202 2773 aspexi
3237 2702 3299 2757 in
3328 2701 3488 2758 corde
3522 2698 3525 2699 ⁷

1828 2807 1965 2859 meo,
2000 2806 2109 2845 non
2167 2790 2426 2846 exaudiet
2471 2790 2734 2845 Dominus
2766 2791 2936 2853 (Psal.
2970 2808 3094 2861 va,
3154 2792 3263 2855 18).
3319 2792 3481 2857 Quod

1828 2880 1965 2940 licet
2011 2897 2114 2953 pro
2165 2878 2404 2935 arbitrio
2459 2880 2545 2935 sic
2570 2877 2658 2934 vel
2706 2878 2791 2935 sic
2821 2878 3011 2935 valeat
3037 2878 3307 2953 intelligi,
3341 2879 3485 2938 dicit

1828 2970 1983 3025 enim
2023 2967 2346 3024 Dominus:
2379 2968 2575 3024 Sinon
2623 2970 2951 3025 remiseritis
2998 2970 3309 3025 hominibus
3350 2985 3477 3041 pec-

1826 3062 1948 3115 cata
2000 3073 2209 3125 eorum,
2240 3073 2342 3112 nec
2381 3059 2549 3112 Pater
2576 3060 2750 3113 vester
2798 3058 3028 3114 ccelestis
3054 3061 3294 3115 remittet
3333 3058 3482 3115 vobis

1828 3148 2027 3220 (Marc.
2060 3164 2139 3216 x1,
2174 3148 2285 3208 25).
2314 3147 2381 3201 Et
2421 3146 2597 3202 alibi:
2633 3148 2740 3215 Qui
2785 3149 2983 3204 avertit
3028 3134 3225 3205 aurem
3258 3164 3417 3203 suam
3447 3163 3484 3203 a
3524 3200 3527 3205 .

1828 3238 2066 3293 clamore
2091 3237 2377 3309 pauperis,
2410 3240 2462 3292 et
2508 3238 2621 3308 ipse
2643 3237 2907 3292 clamabit
2936 3240 2988 3291 et
3016 3236 3487 3293 nouexaudielur

75 3343 243 3384 mum
269 3306 479 3386 coram
508 3341 597 3381 me
622 3331 705 3381 est
733 3339 965 3394 semper
998 3323 1172 3395 (Psal.
1208 3339 1258 3388 L,
1288 3321 1368 3391 5),
1397 3320 1550 3392 quod
1602 3337 1719 3376 non
1750 3306 1793 3374 ί]
1831 3326 2015 3397 (Prov.
2047 3306 2163 3392 χέει,
2195 3306 2287 3395 l3)
2323 3343 2335 3380 :
2364 3306 2640 3396 "exemplo
2692 3324 2934 3380 Herodis
2980 3324 3316 3397 hypocrita,
3349 3324 3490 3395 quia

79 3415 243 3473 fuerat
268 3418 503 3491 utique,
522 3414 572 3471 si
603 3431 717 3470 non
749 3412 1095 3485 contigisset
1114 3410 1451 3483 scripsisse:
1473 3409 1721 3464 dictum-

79 3521 173 3576 que
201 3507 460 3581 gaudere
489 3508 737 3561 :Beatus
770 3503 870 3575 qui
892 3516 1117 3573 semper
1148 3505 1228 3555 est
1257 3499 1502 3568 pavidus
1520 3502 1718 3565 (Prov.

82 3610 254 3665 xxvm,
286 3596 398 3668 14).
432 3595 549 3651 Et:
582 3597 714 3662 Cor,
773 3591 925 3664 quod
974 3590 1203 3646 noverit
1260 3588 1724 3644 amaritudinem

82 3684 414 3755 animaesuaz,
430 3685 493 3740 in
505 3683 725 3754 gaudio
736 3681 902 3738 illius
914 3696 1027 3735 non
1052 3678 1390 3734 miscebitur
1405 3682 1578 3732 extra
1587 3689 1725 3733 neus

83 3774 256 3842 (Prov.
286 3772 663 3841 x1v,vt0).Sed
700 3769 935 3836 melius,
959 3767 1183 3841 inquis,
1205 3766 1395 3821 fuerat
1424 3764 1484 3819 in
1503 3761 1726 3819 tabulis

84 3862 252 3920 cordis
283 3862 629 3936 scripsisse-
655 3857 1169 3930 Melius,inquam,
1192 3854 1426 3926 melius,
1456 3851 1647 3908 etillic
1670 3854 1729 3906 et

86 3950 197 4007 istic
210 3969 337 4009 vero
352 3956 500 4027 puto
520 3950 916 4024 praestantius.
933 3947 1231 4003 Habemus
1243 3961 1376 4000 vero
1390 3959 1523 3998 cum
1536 3943 1729 4014 Augu-

90 4038 208 4098 stini
229 4058 464 4116 quoque
487 4039 751 4112 exemplo
775 4040 834 4094 in
860 4034 1222 4093 membranis
1234 4033 1428 4090 ovium
1443 4031 1727 4088 conﬁten-

90 4130 189 4185 tem
204 4131 572 4204 Apostolum:
589 4130 701 4201 Qui
706 4131 864 4202 prius
873 4129 960 4199 fui
975 4126 1321 4197 blasphemus
1334 4127 1387 4178 et
1392 4129 1724 4195 persecutor,

93 4222 131 4271 e‘
156 4224 571 4278 contumeliosus
603 4220 653 4293 (Ι
678 4220 810 4274 Tim.
843 4236 879 4285 ι,
914 4216 1022 4286 13).
1055 4213 1328 4286 Subrepit
1351 4212 1478 4282 tibi,
1505 4210 1723 4282 inquis,

92 4304 205 4364 hinc
236 4315 333 4367 aut
362 4307 654 4384 superbiae
675 4311 776 4363 aut
804 4306 999 4362 inanis
1018 4303 1237 4377 gloriae,
1258 4306 1360 4357 aut
1390 4306 1543 4357 certe
1567 4317 1725 4355 vanae

93 4399 392 4455 securitatis
423 4398 677 4455 tentatio
702 4396 924 4468 aliqua.
952 4399 1125 4461 Pene,
1159 4393 1425 4464 inquam,
1451 4406 1637 4461 usque
1654 4388 1725 4444 ad

93 4484 532 4559 desperationem
569 4486 953 4543 mortiferam.
988 4499 1121 4538 cum
1153 4482 1311 4537 enim
1355 4479 1554 4546 audio,
1590 4477 1731 4549 quia

91 4573 256 4633 Justus
286 4580 346 4635 in
373 4576 714 4650 primordio
743 4583 1053 4632 accusator
1088 4581 1169 4628 est
1199 4571 1291 4626 sui
1319 4570 1518 4631 (Prov.
1561 4581 1725 4635 xvm,

1831 3416 2017 3471 Deum
2051 3415 2181 3470 ﬁcte
2224 3418 2513 3485 quaerunt,
2547 3429 2851 3483 nunquam
2882 3412 3140 3467 invenire
3170 3416 3490 3481 merentur,

1831 3502 1991 3559 Nulli
2023 3519 2156 3557 vero
2210 3517 2362 3572 saepe
2417 3498 2820 3555 continuatius
2878 3498 3226 3571 psalmodiis
3257 3504 3489 3569 vacant,

1835 3589 2099 3647 crebrius
2130 3589 2449 3643 missarum
2482 3587 2773 3644 solemnia
2801 3585 3116 3655 celebrant,
3136 3587 3495 3661 pauperibus

1836 3678 2171 3736 necessaria
2188 3678 2478 3744 tribuunt,
2496 3676 2893 3750 praedicationi
2908 3677 3166 3750 amplius
3188 3677 3493 3747 insistunt,

1836 3769 1895 3823 in
1919 3766 2133 3840 quibus
2165 3765 2392 3821 cunctis
2421 3765 2859 3822 evidentissima
2883 3766 3065 3823 videri
3096 3767 3240 3824 mihi
3273 3768 3495 3841 experi-

1838 3862 2035 3913 mento
2062 3854 2348 3929 praecipue
2393 3856 2505 3912 mei
2549 3856 2850 3926 conﬁteor,
2882 3856 3253 3929 iniquitatem
3312 3874 3492 3931 quam

1837 3946 1976 4003 dicit
2006 3945 2219 4019 ipsam,
2254 3963 2431 4018 quam
2454 3946 2511 4000 in
2539 3962 2633 4001 mc
2665 3946 2990 4018 considero,
3025 3947 3146 4004 fore
3176 3936 3491 4022 dupl‘icita-

1836 4040 1976 4091 tem.
2006 4035 2245 4090 Duabus
2277 4034 2435 4089 enim
2468 4034 2638 4105 quasi
2669 4032 2890 4107 linguis
2921 4036 3038 4091 duo
3087 4036 3354 4108 quaedam
3398 4053 3490 4092 re-

1836 4126 1948 4182 cito
1964 4122 2525 4191 (574),audieutibus
2556 4121 2817 4194 psalmos
2836 4123 2925 4178 vel
2940 4122 3096 4178 aliud
3131 4123 3495 4195 quid,cordis
3540 4138 3543 4141 '

1835 4212 2150 4286 inspectori
2184 4211 2355 4282 longe
2387 4209 2706 4265 dissimilia
2734 4209 2849 4265 alia
2873 4214 2931 4266 et
2957 4210 3308 4280 innumera;
3340 4211 3496 4267 sicut

1839 4302 1896 4357 in
1932 4304 2043 4358 ista
2076 4304 2263 4366 nocte,
2296 4299 2451 4355 istud
2480 4299 2651 4369 cujus
2681 4302 2770 4353 est
2800 4315 2972 4354 mane
3002 4297 3228 4371 (vigilia
3254 4315 3388 4354 vero
3407 4303 3499 4354 est.

1839 4390 2243 4464 apostolorum
2275 4387 2530 4459 Philippi
2554 4391 2611 4442 et
2628 4386 2858 4449 Jacobi)
2876 4403 3011 4442 cum
3029 4386 3289 4459 impulsu
3303 4388 3501 4444 adver-

1841 4480 1981 4536 sarii
2013 4477 2313 4551 vigilarem
2338 4482 2402 4531 ut
2433 4492 2604 4548 saepe,
2622 4475 2879 4531 dormire
2906 4491 3040 4532 cum
3059 4476 3265 4533 utilius
3295 4476 3501 4550 utique

1840 4570 2008 4637 foret,
2025 4568 2081 4622 in
2099 4565 2289 4622 cubile
2303 4565 2494 4622 adhuc
2509 4570 2567 4620 tn
2578 4568 2769 4643 mente
2783 4582 2960 4638 super
2971 4566 3204 4632 re,mihi
3217 4567 3499 4640 quaa(575)

98 4662 672 4734 t7);submurmurat
689 4665 903 4722 misero
936 4662 1082 4718 mihi
1109 4655 1726 4725 miscrrimastultitia,
1762 4678 1810 4743 D
1842 4663 2046 4714 contra
2072 4660 2271 4711 vctum
2324 4653 2633 4711 acciderat.
2664 4654 2871 4711 Bonito
2926 4672 3183 4728 namque
3226 4661 3365 4714 tuus
3413 4658 3503 4713 la-

92 4749 166 4805 vel
198 4755 547 4813 stultissima
576 4753 836 4821 miseria,
870 4752 1025 4826 quod
1059 4750 1318 4806 imitator
1361 4747 1421 4802 in
1476 4746 1588 4801 isto
1619 4744 1732 4801 sim

98 4836 266 4899 infelix
286 4844 538 4918 alicujus
558 4844 882 4916 justorum,
906 4845 963 4897 et
984 4840 1063 4895 ita
1081 4854 1219 4910 erga
1249 4834 1648 4892 miserrimum
1669 4838 1728 4890 et

109 4930 568 5001 perditissimum,
585 4932 634 4988 si
668 4932 750 4986 ita
780 4929 961 4997 vadit,
976 4928 1067 5001 agi
1093 4924 1413 4998 conspicio,
1431 4927 1735 4995 utspecta-

105 5015 257 5076 bilius
283 5020 540 5095 conspici
565 5022 621 5076 in
642 5024 799 5076 terra
814 5022 1149 5074 monstrum
1177 5031 1292 5069 non
1310 5012 1485 5069 fuerit
1504 5012 1731 5067 datum.

106 5102 228 5162 Cum
256 5110 405 5167 enim
434 5109 741 5184 superbia,
768 5124 1024 5179 semper,
1056 5105 1115 5160 id
1140 5106 1230 5160 est
1259 5100 1528 5171 ambitio,
1551 5100 1734 5155 ruinae

165 5268 303 5338 (572)
330 5270 621 5329 Construe
654 5286 668 5324 :
701 5268 851 5327 Mihi
881 5268 1126 5334 videtur,
1150 5264 1306 5338 quod
1334 5264 1436 5338 illa
1466 5262 1524 5316 in
1554 5278 1740 5338 maes-

109 5346 178 5461 ιῖι
194 5336 365 5461 (ruma
390 5344 581 5416 pejor,
598 5359 773 5415 quam
789 5349 1143 5410 putaveram
1166 5336 1186 5401 ξ
1202 5336 1336 5410 quia
1350 5336 1422 5390 sit
1438 5336 1740 5390 humilitas

109 5423 134 5461 ι’
161 5426 191 5461 a
216 5429 371 5461 mnu-

109 5413 371 5471 elationis.

164 5483 296 5555 (573)
328 5486 651 5542 Construe:
693 5485 912 5550 Verum,
947 5481 1157 5555 inquis,
1179 5480 1237 5535 in
1258 5476 1567 5555 evitatione
1581 5478 1743 5532 solae-

110 5550 417 5633 ςξωγῳιλιέηιἱ
444 5558 503 5612 id
536 5562 627 5613 est
646 5572 944 5633 errorum,
970 5550 1611 5633 constructionis-quam
1642 5565 1743 5633 ra.-

112 5625 259 5682 tionis
282 5622 599 5686 dictionum
631 5645 811 5701 quam
827 5629 1121 5701 actionum
1150 5625 1302 5701 valet
1324 5622 1512 5701 videri
1527 5622 1749 5701 ρίτηςῃὶ-

114 5701 280 5773 tactus
309 5710 363 5757 te
392 5717 517 5757 esse
549 5690 701 5773 quod
730 5700 895 5773 dicis,
918 5700 1056 5755 dum
1071 5697 1262 5767 magis
1287 5694 1489 5773 utique
1508 5690 1749 5765 affectas

120 5768 179 5836 (si
196 5779 370 5829 tamen
383 5765 735 5836 succederet)
752 5772 937 5828 videri
951 5765 1242 5844 eloquens,
1257 5780 1431 5841 quam
1449 5765 1574 5837 ipse
1593 5778 1752 5821 exse-

123 5851 262 5925 qum
289 5846 434 5923 quod
464 5845 607 5903 bene
626 5845 922 5919 loqueris.

181 5932 189 5965 λ
408 5962 673 6043 Panos.
719 5968 1044 6043 CXXXVI.

1844 4763 2002 4814 nam,
2024 4746 2199 4815 jussu
2220 4743 2445 4816 absque
2475 4760 2625 4813 meo,
2645 4743 3021 4816 dispensasse
3052 4746 3353 4818 fratribus,
3370 4746 3502 4801 fue-

1842 4839 1932 4891 rat
1962 4833 2308 4901 nuntiatus;
2335 4848 2587 4904 cumque
2608 4833 2722 4888 ista
2741 4838 2799 4888 et
2825 4832 2941 4889 alia
2968 4832 3385 4906 illegaliterbic
3413 4850 3505 4891 ac-

1844 4925 2037 4980 cidere
2058 4938 2494 4995 exaggerarem,
2515 4926 2573 4977 et
2601 4921 2851 4995 vigilans
2877 4938 3079 4978 eorum
3097 4921 3240 4979 mihi
3257 4923 3501 4996 phanta-

1844 5017 2036 5071 smata
2064 5015 2571 5085 repraesentarem,
2606 5011 2842 5085 perveni
2876 5012 3140 5085 cogitans
3168 5011 3297 5069 loco
3330 5012 3502 5084 (576),

1845 5102 1947 5158 ubi
1978 5101 2228 5157 habetur
2255 5101 2315 5157 in
2348 5117 2436 5166 ea,
2471 5117 2649 5172 quam
2683 5100 2884 5157 miseri
2917 5101 3503 5176 abdicavimus,lege,

1920 5263 2068 5331 (574)
2098 5261 2552 5334 Recitoscilicet
2583 5279 2681 5318 ore
2712 5262 2973 5334 psalmos
3020 5264 3415 5331 audientibus,
3452 5267 3509 5320 et

1851 5335 2022 5392 corde
2055 5334 2235 5408 recito
2266 5333 2379 5408 alia
2406 5338 2463 5389 et
2493 5333 2803 5391 innumera
2848 5335 3017 5408 longe
3047 5334 3364 5391 dissimilia
3394 5340 3509 5391 Deo

1852 5405 2171 5462 iusoectori
2203 5406 2417 5461 cordis.

1925 5424 1945 5462 s
1992 5424 2171 5461 ectori
2203 5424 2417 5461 coruls.

1925 5424 2076 5548 (£75)
2113 5477 2175 5550 In
2234 5476 2572 5549 apograpbo
2603 5476 2928 5550 legebatur
2972 5477 3239 5550 mihique.
3296 5481 3514 5550 _Se_nsu_s

1856 5545 2326 5606 emendationem
2348 5545 2663 5621 suggessit,
2685 5545 2755 5603 et
2785 5551 3057 5621 construe
3091 5545 3201 5605 εἸη
3231 5547 3409 5621 cubile
3425 5545 3519 5601 ad-

1859 5623 1963 5677 huc
2013 5623 2257 5677 tumente
2311 5619 2486 5691 super
2530 5636 2609 5687 re,
2639 5634 2765 5691 quae
2820 5619 3097 5675 acciderat
3151 5619 3296 5675 mihi
3337 5625 3525 5673 contra

1867 5697 2070 5750 votum.

1932 5763 2081 5836 (57(3)
2104 5762 2166 5819 Id
2183 5764 2278 5836 est
2299 5761 2373 5836 ad
2406 5776 2532 5816 eum
2564 5762 2762 5836 locum,
2784 5760 2882 5816 ubi
2905 5759 3298 5836 habebatur_in
3313 5772 3378 5836 ea
3406 5757 3524 5823 lege
3622 5772 3627 5781 ι

1859 5827 2088 5918 (regula
2117 5831 2340 5899 scilicet
2362 5831 2889 5903 monastica)quam
2906 5830 3105 5890 miseri
3117 5827 3522 5892 abdicavimus;

3124 5955 3207 6038 μ
