3896 6378
349 450 479 524 838

1277 458 1660 528 RATHERII
1706 458 1955 526 EPISC.
1996 459 2291 525 VERON.
2334 458 2511 524 OPP.
2552 456 2761 523 PARS
2798 452 2851 522 Ῑ.

3662 444 3810 519 Μ

339 590 473 666 jam
502 589 896 653 conviciorum
925 596 1112 655 millia
1140 598 1316 655 etiam
1345 597 1649 656 inveniens
1674 594 2003 669 transgredi
2032 596 2089 665 Α
2115 593 2487 667 comportas?
2516 592 2807 661 Interdici,
2833 591 2989 665 quod
3032 589 3179 649 facis
3220 587 3554 657 temerarie,
3580 590 3804 664 audis,

354 700 473 740 non
498 684 737 752 vereris,
760 685 906 759 ipsis
925 687 1099 743 etiam
1122 705 1310 760 neque
1333 688 1609 745 manibus
1637 687 1909 743 excedere
1940 685 2007 740 ti-

353 788 545 829 mens.
567 772 699 829 Jam
731 775 946 846 quibus
972 776 1142 848 quasi
1174 777 1456 849 gradibus
1487 777 1695 833 reverti
1725 776 1797 831 ad
1818 773 2012 830 Domi-

356 874 501 918 num
531 860 591 916 in
623 862 776 918 edito
807 865 1064 935 positum
1095 870 1150 921 te
1171 865 1316 922 velle
1343 866 1688 932 simulabas,
1711 870 1865 921 retro
1888 879 2013 935 per-

354 947 475 1022 gis;
507 949 724 1022 quique
756 969 995 1026 surgere
1024 957 1080 1010 te
1110 954 1254 1011 velle
1281 954 1428 1010 mihi
1458 952 1856 1019 mentiebaris,
1881 968 2011 1023 per-

354 1038 556 1110 spicue
586 1038 729 1109 ruis,
760 1044 818 1098 te
867 1043 938 1098 de
968 1048 1089 1099 rete
1119 1043 1380 1117 pristinae
1429 1042 1888 1099 conversationis
1917 1055 2011 1096 as-

356 1141 581 1196 serens,
613 1130 819 1201 quanti
852 1131 1046 1188 adhuc
1074 1149 1203 1188 eam
1235 1132 1471 1199 habeas,
1505 1132 1725 1205 prodis,

429 1217 519 1273 38.
544 1217 656 1274 Sed
695 1219 837 1290 quid
868 1220 1102 1293 magis?
1131 1221 1279 1286 Quid
1311 1221 1411 1276 alii
1441 1221 1513 1277 de
1543 1225 1600 1277 te
1630 1220 1905 1286 sentiant,
1928 1218 2012 1273 vi-

361 1304 582 1374 derint;
614 1306 759 1363 mihi
788 1308 1004 1365 videris
1033 1310 1198 1381 pejor
1224 1310 1479 1383 pessimo
1511 1307 1846 1365 istiusmodi
1877 1324 2015 1363 con-

362 1392 637 1452 fessionis
664 1401 1013 1469 argumento
1060 1398 1325 1465 effectus,
1358 1398 1406 1454 si
1438 1399 1590 1454 desit
1635 1414 1738 1471 per
1781 1395 2017 1452 miseri-

360 1481 623 1538 cordiam
671 1482 774 1540 Dei
830 1485 1166 1555 donandus,
1214 1492 1273 1543 et
1314 1488 1388 1543 ob
1446 1487 1503 1542 id
1564 1487 1784 1559 absque
1838 1485 2016 1541 inter-

360 1570 644 1628 missione
689 1573 763 1630 ab
811 1591 878 1630 eo
925 1576 1221 1647 quaerendi
1263 1576 1326 1647 [ι.
1359 1576 1734 1647 quaarendus]
1779 1573 2021 1631 interior

359 1662 420 1716 et
447 1660 782 1730 continuus,
815 1679 993 1735 quem
1037 1665 1142 1719 tibi
1175 1682 1291 1721 non
1342 1681 1470 1721 esse
1516 1669 1574 1720 et
1618 1663 1913 1721 conﬁteris
1959 1665 2019 1719 et

355 1747 548 1819 video,
579 1752 855 1824 gemitus.
889 1754 947 1809 Si
979 1755 1136 1811 enim
1162 1756 1463 1812 dormiens
1490 1755 1571 1811 nil
1596 1757 1774 1822 videt,
1798 1760 1888 1811 est
1914 1754 2021 1809 uti-

361 1854 476 1910 que
506 1840 801 1911 naturale;
825 1842 1162 1916 vigilantem
1184 1844 1335 1917 (592)
1356 1861 1489 1901 vero
1522 1848 1587 1900 ut
1614 1849 1845 1901 constat
1864 1844 2018 1901 280

364 1925 583 1999 videre,
613 1927 695 1986 ita
735 1934 794 1987 et
840 1948 949 1987 sua
1014 1933 1247 2002 referre,
1289 1932 1340 1990 si
1385 1933 1862 2008 interemptorem
1928 1932 2020 1990 sui

362 2031 560 2073 coram
588 2032 656 2075 se
684 2020 947 2092 positum
994 2021 1242 2097 negligit
1284 2022 1596 2079 declinare.
1620 2024 1880 2088 Quantos
1910 2022 2022 2095 igi-

361 2108 461 2163 tur
488 2104 696 2164 enim
726 2113 838 2165 tuzs
879 2111 1259 2167 subversores
1289 2116 1425 2167 ante
1454 2117 1512 2169 te
1550 2112 1771 2169 habeas
1800 2111 2023 2185 positos

363 2194 576 2264 cernis,
600 2200 659 2255 et
696 2197 989 2256 declinare
1036 2199 1341 2256 interitum
1389 2202 1675 2274 gemendo
1706 2202 1938 2269 saltem,
1973 2201 2023 2257 si

361 2284 649 2357 condigne
679 2287 1012 2360 pmnitendo
1043 2305 1161 2345 non
1187 2288 1367 2355 vales,
1400 2288 1673 2363 negligis,
1696 2295 1755 2347 et
1784 2306 1877 2347 me
1907 2306 2023 2346 non

363 2370 436 2428 de
464 2377 521 2430 te
565 2374 877 2449 desperare
924 2377 1229 2451 compellis
1252 2378 1422 2450 (593).
1445 2379 1595 2443 Quid
1639 2380 1798 2436 enim
1847 2378 2028 2435 miser

361 2466 537 2534 putas
556 2466 833 2536 prodesse
853 2483 982 2539 qua;
1006 2468 1176 2539 (594),
1197 2467 1510 2524 imminent
1530 2470 1802 2541 crevisse,
1824 2469 1873 2526 si
1896 2485 2031 2525 con.

359 2548 552 2625 tingat
596 2570 714 2611 non
763 2556 1066 2613 evasisse?
1098 2555 1340 2629 Repelli,
1366 2558 1638 2613 sacerdos
1669 2575 1804 2615 cum
1838 2559 1940 2626 sis,
1969 2562 2026 2613 te

363 2639 437 2696 ab
467 2641 783 2703 oll'erendis
817 2645 931 2701 Deo
960 2645 1215 2717 panibus
1242 2644 1426 2712 vides,
1453 2650 1513 2702 et
1543 2646 1788 2703 minime
1819 2647 2026 2720 luges?

365 2726 875 2788 Maledictionibus
895 2735 952 2789 te
973 2733 1206 2789 Domini
1235 2734 1437 2805 impeti
1458 2734 1642 2800 vides,
1664 2740 1719 2790 et
1748 2735 1884 2791 flere
1907 2752 2023 2792 non

366 2814 565 2872 vales?
585 2817 775 2876 furem
798 2823 855 2876 te
881 2821 1062 2878 miser
1081 2827 1256 2893 atque
1286 2822 1571 2879 latronem
1593 2824 1805 2880 veritas
1825 2825 2025 2897 appel-

369 2902 544 2972 lat,et
563 2922 670 2963 nec
689 2907 883 2965 furata
895 2908 982 2964 vis
1004 2910 1263 2977 reddere,
1280 2926 1386 2965 nec
1400 2912 1455 2966 vi
1477 2916 1643 2984 rapta
1662 2912 2021 2985 relinquere;

371 3009 478 3050 nec
498 2992 709 3053 saltem
728 3013 847 3053 non
875 2998 1048 3053 modo
1075 3015 1179 3071 pro
1201 2998 1355 3054 furto
1384 3004 1443 3055 et
1470 2999 1795 3070 latrocinio,
1819 3020 2022 3059 verum

372 3098 480 3156 pro
507 3083 639 3157 ipsa
667 3100 785 3142 non
826 3087 1174 3143 emendandi
1221 3087 1438 3144 duritia
1482 3087 1771 3162 lacrymas
1800 3091 1886 3147 vel
1918 3091 2024 3147 ali-

371 3185 521 3244 quas
551 3171 749 3230 animo
788 3177 1196 3232 consternatus
1236 3175 1510 3248 suspiriis
1538 3177 1823 3235 miscere?
1852 3179 2025 3236 Veste

370 3259 618 3333 nuptiali
649 3266 704 3319 te
724 3263 919 3320 carnis
939 3280 1163 3332 carere;
1195 3268 1252 3321 et
1281 3264 1341 3321 in
1364 3265 1586 3338 nuptiis
1608 3266 1821 3324 Christi
1843 3272 1901 3325 et
1923 3270 2025 3325 Ec-

2116 688 2173 741 et
2191 700 2363 758 agere
2393 700 2765 755 nequaquam
2788 681 3077 738 dimittis?
3095 682 3204 739 Sed
3237 682 3377 755 quid
3388 679 3483 737 ?Si
3503 681 3800 749 dimittis,

2117 775 2188 829 de
2202 772 2600 829 inobedientia
2613 772 2903 843 judicaris
2923 790 2935 841 ;
2962 772 3104 843 quia
3121 771 3276 827 enim
3296 771 3544 827 sortitus
3564 788 3632 828 es
3647 788 3810 844 quo-

2118 880 2233 935 quo
2264 863 2438 918 modo
2469 861 2891 929 ministerium,
2913 861 3236 916 necessitas
3264 860 3368 916 tibi
3393 860 3694 917 incumbit
3722 858 3807 915 il-

2116 950 2219 1007 lud
2242 950 2489 1022 explere,
2515 966 2588 1005 ne
2609 950 2975 1021 injudicium
3001 950 3191 1022 magis
3218 964 3396 1023 quam
3428 948 3491 1005 in
3523 949 3811 1005 ministe-

2120 1040 2273 1095 rium
2305 1039 2450 1095 illud
2480 1038 2731 1096 videaris
2762 1038 3006 1095 sortitus
3038 1038 3241 1095 fuisse.
3271 1038 3390 1094 Hoc
3418 1038 3605 1110 igitur
3633 1038 3805 1093 bivio

2119 1127 2477 1201 interceptus
2507 1144 2687 1201 quam
2724 1126 3111 1200 desperabilis
3145 1127 3230 1184 sis
3260 1131 3440 1199 atque
3468 1125 3803 1194 dolendus,

2122 1217 2457 1274 consideres
2486 1233 2686 1290 quaeso
2719 1215 3031 1273 sollicitus.
3058 1216 3180 1271 Nisi
3204 1231 3340 1272 vero
3370 1220 3434 1271 tu
3464 1214 3625 1271 idem
3650 1230 3809 1271 cono

2124 1306 2275 1361 ﬁteri
2305 1306 2713 1378 anticipasses,
2735 1321 2966 1361 vererer
2992 1308 3213 1373 tamen,
3238 1320 3311 1360 ne
3338 1303 3589 1363 subdole
3612 1304 3808 1377 quid-

2124 1394 2268 1467 quid
2299 1394 2614 1467 Gregorius
2640 1397 2843 1450 contra
2870 1393 3169 1467 reprobus,
3192 1392 3590 1461 simulatores,
3613 1399 3674 1450 et
3701 1407 3814 1448 er-

2124 1487 2397 1556 rogantes
2426 1483 2487 1538 in
2520 1482 2841 1539 Moralibus
2885 1482 3168 1556 loquitur,
3201 1480 3470 1539 absolute
3508 1481 3622 1538 tibi
3651 1497 3811 1537 con-

2122 1572 2319 1629 venire
2367 1572 2709 1645 proferrem.
2732 1571 3166 1645 Loquacitatem
3214 1572 3436 1645 quippe
3480 1576 3599 1628 tua
3649 1586 3811 1628 con-

2126 1662 2394 1718 siderans
2454 1662 2821 1734 arrogantiae,
2878 1660 3009 1717 Eliu
3066 1661 3238 1733 quasi
3295 1659 3472 1718 audio
3529 1658 3729 1719 dicere
3788 1676 3809 1716 :

2128 1752 2284 1809 290
2311 1752 2515 1807 Plenus
2561 1767 2681 1807 sum
2732 1751 3092 1817 sermonibus,
3125 1754 3178 1807 et
3218 1753 3465 1807 coarctat
3501 1763 3592 1805 me
3620 1750 3813 1822 spiri-

2128 1848 2215 1897 tus
2234 1842 2380 1895 uteri
2401 1843 2532 1909 mei,
2553 1857 2623 1897 en
2641 1845 2834 1896 ventus
2866 1841 2929 1912 [l.
2951 1837 3173 1913 venter]
3191 1854 3345 1895 metis
3365 1840 3530 1912 quasi
3544 1846 3809 1899 mustum

2127 1929 2327 2001 absque
2366 1931 2663 2002 spiracula,
2690 1930 2833 2002 quod
2879 1929 3206 2001 lagunculas
3253 1942 3422 1985 novas
3464 1928 3803 2000 disrumpit.

2132 2018 2326 2091 loquar
2376 2023 2427 2075 et
2473 2019 2750 2091 respirabo
2801 2019 3098 2092 paululum
3138 2018 3255 2090 (Iob
3294 2033 3493 2085 χχχιιι,
3528 2018 3648 2089 18.)
3676 2015 3805 2073 Sed

2132 2106 2385 2163 multum
2418 2109 2600 2164 vereri
2649 2113 2771 2164 tam
2802 2112 2866 2164 tu
2913 2108 3223 2173 debueras,
3244 2121 3424 2180 quam
3470 2105 3807 2179 complices

2132 2195 2194 2252 in
2225 2195 2567 2268 hujusmodi
2586 2196 2695 2264 tui,
2718 2196 2821 2270 qui
2841 2197 2981 2252 dum
3009 2194 3274 2252 aemulari
3292 2193 3641 2267 eloquentes
3658 2209 3808 2251 cono

2132 2285 2374 2342 tenditis
2391 2286 2757 2359 vaniloquos,
2781 2284 3098 2344 imitamini
3116 2283 3310 2358 magis
3330 2282 3721 2358 philosophos
3742 2287 3809 2341 et

2133 2374 2450 2447 sequimini
2480 2375 2913 2450 philopompos,
2936 2374 3126 2431 notari
3154 2374 3215 2430 in
3245 2389 3362 2430 uno
3393 2389 3509 2430 non
3535 2387 3643 2431 vos
3663 2389 3807 2447 per-

2134 2464 2474 2535 pendentes,
2496 2481 2631 2520 cum
2662 2465 2778 2521 dici
2809 2463 3026 2520 auditis
3059 2479 3074 2518 :
3109 2462 3323 2519 Stultus
3360 2465 3536 2518 totum
3575 2464 3809 2535 pro/nt

2132 2569 2354 2609 sensum
2380 2570 2544 2609 suum
2572 2555 2757 2626 (Prov.
2788 2569 2945 2620 χχιχ,
2969 2552 3081 2624 11),
3100 2556 3162 2607 et
3190 2555 3255 2607 ut
3281 2551 3557 2623 adjiciam
3588 2567 3607 2606 :
3637 2550 3810 2611 Sicut

2132 2643 2262 2698 urbs
2278 2650 2468 2715 patens
2497 2651 2549 2699 et
2573 2645 2777 2715 absque
2804 2657 3092 2698 mitrarum
3114 2641 3412 2705 obstaculo,
3443 2642 3526 2696 sic
3552 2642 3653 2711 qui
3674 2628 3804 2698 sio»

2128 2736 2305 2804 potest
2325 2734 2384 2787 in
2417 2733 2682 2803 loquendo
2708 2732 2956 2788 cohibere
2981 2732 3242 2804 spiritum
3267 2746 3432 2786 suum
3448 2731 3635 2800 (Prov.
3656 2720 3802 2799 xiv,

2130 2824 2245 2889 28).
2269 2821 2342 2877 Ut
2369 2821 2487 2876 dixi
2516 2838 2674 2888 vero,
2693 2821 2877 2876 vereri
2910 2820 3219 2888 debueras,
3243 2833 3319 2875 ne
3346 2834 3482 2874 cum
3512 2817 3635 2888 illo,
3658 2816 3803 2879 imi-

2132 2911 2244 2965 tari
2277 2928 2451 2983 quem
2501 2910 2743 2983 satagis,
2765 2911 2838 2965 de
2866 2913 2922 2965 te
2952 2909 3067 2965 dici
3106 2908 3373 2977 audires;
3398 2908 3663 2985 [subaudi
3695 2908 3802 2969 de-

2132 2998 2366 3071 bueras]
2398 3001 2606 3056 timere
2633 3000 2832 3066 etiam,
2854 3015 2928 3056 ne
2964 3002 3024 3055 et
3063 2997 3207 3054 illud
3239 2997 3312 3053 de
3340 2995 3579 3059 turbine
3607 3012 3805 3070 neque

2131 3105 2235 3160 per
2263 3088 2497 3161 aliquod
2519 3089 2695 3145 etiam
2724 3087 3079 3146 sacriﬁcium
3100 3084 3551 3143 reconciliandis
3569 3085 3806 3157 [subasp-

2130 3177 2189 3233 ἀί
2215 3178 2506 3250 audires]:
2535 3178 2665 3247 Quis
2695 3182 2776 3234 est
2805 3178 3083 3235 involvens
3121 3177 3425 3233 sententias
3453 3174 3807 3232 sermonibus

2134 3269 2444 3339 imperitis?
2473 3268 2592 3340 (Job
2618 3283 2857 3335 χχχνιιι,
2895 3268 2978 3339 2.)
3007 3268 3194 3334 Quam
3241 3281 3376 3323 vero
3424 3263 3580 3320 infra
3626 3280 3806 3321 eum-

368 3349 579 3423 clesiai,
603 3352 850 3425 pedibus
894 3356 953 3409 et
994 3353 1269 3411 manibus
1301 3353 1498 3427 ligatis
1528 3373 1601 3411 ne
1629 3355 1689 3411 in
1721 3358 2019 3415 caminum
2051 3349 2097 3419 C
2131 3356 2289 3423 dem,
2322 3373 2498 3429 quem
2553 3356 2837 3430 sequeris,
2884 3356 3091 3428 utique
3144 3354 3250 3424 sis,
3294 3352 3806 3427 comprehendere

365 3439 520 3513 ignis
539 3440 863 3499 mittendus
896 3442 1146 3515 turpiter
1162 3442 1493 3499 extrudaris
1515 3460 1630 3501 non
1651 3462 1876 3514 verens,
1899 3449 2028 3505 sine

363 3528 639 3602 lacrymis
660 3531 842 3589 audes
861 3530 1072 3589 saltem
1095 3532 1437 3589 recumbere
1452 3533 1480 3589 ?
1499 3534 1827 3592 Anathema
1856 3537 2029 3596 audis

366 3618 688 3690 recipienti,
711 3624 770 3676 et
794 3620 929 3676 ﬂere
948 3620 1316 3694 impossibile
1353 3627 1443 3677 est
1481 3623 1629 3679 tibi?
1660 3626 1904 3682 Pecunia
1932 3636 2032 3683 tua

369 3710 545 3763 tecum
573 3708 661 3769 fsil
708 3709 771 3763 in
811 3709 1177 3779 perditionem
1225 3711 1508 3781 (Act.vm,
1535 3714 1650 3784 20),
1693 3714 2028 3786 apostolum

370 3793 544 3850 audis
570 3793 809 3853 Petrum
834 3797 1057 3853 Simoni
1084 3814 1255 3870 mago
1279 3798 1592 3869 dicentem,
1616 3806 1674 3857 et
1695 3808 1759 3858 ut
1779 3809 1885 3861 ate
1906 3822 2033 3877 per-

372 3882 518 3937 ditio
546 3886 862 3953 avertatur,
886 3901 1002 3941 non
1041 3886 1307 3957 postulas
1346 3905 1575 3959 precem
1598 3889 1677 3960 [id
1705 3900 1781 3948 est
1810 3894 2033 3966 orem]?

306 4018 313 4025 .
369 3969 660 4029 Ananiem
702 3976 760 4029 et
807 3973 1117 4045 Sapbiram
1166 3991 1271 4046 pro
1318 3975 1624 4049 sacrilegio
1655 3995 1691 4034 a
1719 3984 1773 4035 te
1798 3996 2031 4055 quoque

372 4058 690 4119 commisso
713 4062 1009 4136 conspicis
1032 4063 1315 4136 expirare,
1330 4069 1390 4120 et
1408 4064 1511 4121 tibi
1535 4066 1673 4124 flere
1693 4068 2032 4129 nullatenus

370 4154 460 4208 est
490 4150 809 4223 possibile?
837 4152 994 4210 Giezi
1033 4152 1325 4226 conspicis
1371 4152 1623 4227 lepram;
1652 4161 1711 4213 et
1738 4156 2030 4231 leprosam

371 4238 607 4299 ﬂetibus
637 4257 757 4298 non
788 4240 981 4299 deluis
1010 4241 1313 4299 animam?
1340 4243 1650 4317 Templum
1675 4245 1778 4302 Dei
1800 4247 1859 4302 in
1888 4252 1945 4305 te
1975 4253 2034 4306 et

366 4326 429 4385 in
449 4327 583 4387 aliis
600 4328 848 4400 violasti,
864 4329 1224 4388 oblationem
1246 4331 1436 4388 Patris
1457 4333 1544 4389 tui
1570 4334 1816 4391 Domino
1836 4337 2033 4395 abstu-

366 4416 518 4477 listi:
550 4422 609 4477 et
651 4418 714 4476 in
757 4420 932 4478 domo
967 4420 1239 4478 Ecclesia:
1288 4421 1386 4477 Dei
1431 4422 1786 4481 ﬁducialiter
1825 4443 2027 4499 agens,

369 4505 540 4571 alteri
556 4507 689 4577 ejus
712 4507 839 4565 sine
857 4508 1134 4580 lacrymis
1155 4509 1480 4567 oblationes
1501 4512 1762 4569 fidelium
1788 4532 2030 4574 securus

373 4593 671 4666 imponis?
708 4595 922 4654 Deesse
950 4596 1057 4653 tibi
1100 4599 1392 4671 conspicis
1438 4600 1698 4659 lactucas
1743 4611 2026 4677 agrestes,

2138 3445 2319 3513 vales,
2346 3461 2482 3503 cum
2513 3449 2570 3501 te
2607 3444 2924 3518 prophetia:
2953 3444 3228 3519 spiritum
3259 3442 3495 3509 habere,
3527 3447 3594 3499 ut
3622 3439 3802 3502 illum

2136 3534 2441 3603 habuisse,
2472 3534 2810 3591 nullatenus
2856 3534 3037 3601 vides,
3067 3532 3128 3588 Si
3165 3548 3300 3588 vero
3330 3530 3675 3602 hujusmodi
3722 3532 3803 3587 de

2138 3623 2422 3697 propheta
2458 3624 2522 3678 fit
2564 3621 2961 3695 exprobratio;
2994 3622 3065 3678 de
3093 3619 3474 3693 compiletore
3520 3623 3578 3676 et
3625 3636 3807 3693 syco-

2139 3712 2379 3785 phanta,
2401 3711 2524 3785 qui,
2548 3716 2613 3768 ut
2642 3712 2927 3784 scriptum
2957 3714 3067 3779 est,
3091 3712 3155 3765 in
3172 3708 3606 3766 similitudinem
3621 3711 3806 3765 arioli

2139 3811 2190 3858 et
2218 3803 2537 3873 conjccloris
2571 3802 2812 3858 aestimat
2851 3800 2993 3872 quod
3037 3801 3258 3869 ignorat
3303 3798 3488 3867 (Prov.
3518 3812 3685 3864 χχιιι,
3720 3800 3802 3866 7),

2141 3891 2296 3963 quod
2328 3890 2442 3947 dici
2470 3889 2625 3948 valet
2651 3889 2969 3946 vanissimo
3009 3893 3089 3958 et,
3122 3886 3279 3961 quod
3326 3887 3520 3959 pejus,
3538 3886 3806 3945 .mends-

2140 3978 2379 4036 cissimo
2393 3980 2423 4035 ?

2210 4069 2299 4123 39.
2324 4068 2397 4124 Ut
2424 4083 2559 4124 vero
2589 4067 2895 4141 agnoveris
2921 4082 3102 4140 quam
3139 4063 3391 4122 vilescat.
3428 4062 3807 4136 sapientibus

2138 4157 2368 4213 vanitas
2394 4158 2507 4213 ista
2535 4157 2659 4213 haec
2679 4161 2802 4223 tua,
2824 4156 3132 4213 considam
3159 4169 3295 4212 cum
3324 4152 3444 4210 illis
3472 4153 3699 4226 pariter
3721 4169 3806 4210 re-

2140 4245 2452 4318 probatum
2480 4246 2639 4315 Saul,
2671 4246 3051 4320 prophetasse
3091 4243 3405 4317 Caiphem;
3451 4242 3632 4299 redde
3671 4258 3803 4299 me-

2141 4334 2341 4390 moria:
2372 4335 2625 4392 rationis
2647 4335 2826 4392 verba
2856 4334 3093 4391 asinam
3130 4348 3202 4389 ex
3228 4331 3454 4390 visione
3478 4329 3683 4404 angeli
3715 4348 3805 4389 ae-

2139 4424 2384 4495 cepisse,
2430 4424 2736 4492 demonia,
2769 4425 3001 4493 Scimus,
3042 4423 3165 4494 quis
3208 4422 3304 4490 sis,
3349 4418 3602 4476 Christus
3643 4420 3802 4490 ﬁlius

2137 4513 2236 4569 Dei
2264 4513 2416 4584 (Luc.
2441 4529 2517 4581 iv,
2542 4514 2655 4584 34),
2679 4514 2917 4581 dixisse,
2940 4515 2998 4568 et
3044 4508 3271 4567 nullius
3301 4509 3377 4565 ob
3406 4508 3518 4565 hoc
3563 4511 3623 4564 te
3668 4526 3799 4567 mo~

2138 4602 2343 4669 menti,
2376 4602 2425 4658 si
2471 4601 2772 4674 loquacior
2818 4602 2903 4658 sis
2949 4600 3192 4669 caeteris,
3214 4613 3364 4667 esse,
3387 4596 3608 4670 poteris
3656 4613 3799 4656 con-

371 4684 431 4783 et
450 4694 671 4783 agnum
686 4682 788 4783 Dei
810 4684 1111 4741 comedere
1131 4686 1350 4783 audes?
1369 4705 1631 4783 azymam
1650 4708 1766 4783 non
1789 4692 2024 4763 habere,
2054 4717 2103 4783 Ι)
2136 4692 2367 4783 iactare.
2403 4690 2734 4783 Virenim,
2772 4692 2873 4783 qui
3193 4688 3424 4749 seminis
3475 4687 3801 4783 patiebatur

371 4773 430 4829 et
457 4770 530 4826 de
554 4770 780 4829 Pascha
809 4774 1200 4846 praesumam?
1228 4775 1602 4834 Fermentum
1646 4780 1705 4835 in
1742 4785 1800 4838 te
1840 4784 2025 4840 sentis

370 4858 609 4919 malitia:
636 4864 694 4917 et
723 4860 1025 4931 nequitiae;
1049 4866 1106 4919 et
1133 4862 1356 4934 epulari
1389 4864 1448 4920 in
1480 4867 1725 4924 Domino
1755 4872 1938 4929 audes
1968 4877 2025 4929 te

368 4952 554 5009 autem
602 4950 691 5022 υἱ,
713 4949 945 5022 saltem]
968 4950 1059 5008 vel
1078 4951 1357 5008 credere?
1386 4952 1610 5010 Habere
1628 4957 1939 5016 adversum
1969 4966 2027 5018 te

369 5034 590 5094 multos
620 5036 810 5095 multa
846 5050 964 5096 non
994 5039 1252 5112 ignoras,
1282 5043 1342 5094 et
1372 5056 1615 5101 munera
1662 5049 1795 5101 ante
1841 5048 2023 5106 altare

437 5140 587 5218 (592)
617 5142 904 5203 Construe
929 5162 943 5201 :
983 5145 1176 5201 Verum
1203 5149 1267 5200 ut
1294 5150 1502 5218 constat
1530 5149 1848 5218 vigilantem
1877 5157 2023 5212 vide-

366 5229 448 5278 re,
481 5214 563 5269 ita
584 5222 635 5290 et
662 5219 875 5271 constat
904 5218 1111 5286 referre
1136 5233 1261 5283 sua,
1293 5217 1343 5290 si
1369 5214 1603 5290 negligit
1626 5220 1902 5282 declinare
1932 5230 2022 5283 in-

366 5289 744 5357 teremptorem
771 5290 861 5343 sui
884 5302 1069 5342 coram
1097 5303 1155 5342 se
1180 5288 1439 5357 positum.

435 5355 588 5497 (593]
622 5356 685 5414 ld
716 5360 808 5412 est
833 5358 1107 5428 compellit
1135 5355 1190 5414 et
1211 5373 1299 5411 me
1326 5374 1435 5412 non
1469 5359 1756 5432 desperare
1783 5366 1848 5422 de
1877 5376 1944 5425 te.

457 5428 561 5482 594
615 5428 679 5486 In
713 5444 825 5484 ms.
877 5430 1008 5497 quia
1055 5434 1340 5497 corrupta:-
1388 5446 1491 5497 pro
1537 5449 1682 5497 qius.
1734 5437 1944 5497 Explica

457 5428 584 5509 594)
615 5428 847 5509 In.ms.‘
877 5430 1340 5509 quiacorrupta‘:
1388 5446 1491 5500 pro
1537 5428 1682 5503 tiniae.
1734 5437 1968 5509 Explica
2002 5460 2015 5497 :

362 5498 595 5583 crevisse
651 5498 707 5555 id
765 5498 1135 5556 est‘vidisse
1194 5498 1248 5555 a_
1281 5498 1462 5569 conio,
1521 5498 1639 5575 qua:
1705 5498 2015 5583 imminent,

363 5572 432 5637 si,
467 5574 578 5626 etc.

435 5642 581 5713 (595)
607 5641 711 5698 Hic
734 5641 899 5713 locus
927 5640 1162 5698 luxatus
1181 5640 1369 5709 valde,
1398 5647 1454 5697 et
1482 5644 1623 5700 forte
1643 5648 1817 5705 etiam
1852 5670 2017 5710 men-

361 5712 1310 5808 dosus,‘dum‘Ecc]'esi‘am.inquit
1338 5731 1374 5796 ρ.
1401 5714 1676 5808 ἓθιὴθτὶο
1709 5724 2015 5808 ampliﬁca-

361 5788 493 5861 tam,
528 5789 586 5843 et
631 5789 834 5861 postea
864 5784 1139 5861 (factiosis
1190 5785 1532 5861 hominibus
1579 5784 2019 5861 postulantibus

358 5856 519 5930 regia
566 5856 911 5915 auctoritate
958 5857 1236 5929 dirutam,
1269 5873 1412 5917 num
1443 5859 1515 5917 de
1543 5856 1679 5921 vera
1726 5867 2014 5927 materiali

2136 4778 2326 4852 (Leuit.
2362 4796 2456 4848 xv,
2482 4780 2563 4852 2),
2592 4780 2909 4837 immundus
2935 4780 3108 4850 juxta
3148 4776 3358 4851 legem,
3390 4790 3511 4831 non
3550 4776 3800 4849 conspi-

2133 4886 2282 4925 euus
2309 4869 2398 4941 (ut
2422 4868 2607 4924 videri
2651 4868 2868 4941 inbias)
2898 4870 3041 4931 erit;
3064 4866 3234 4924 sicut
3263 4870 3323 4923 et
3368 4864 3443 4919 de
3484 4861 3797 4920 laboribus

2133 4958 2580 5031 inquietissimo:
2595 4957 3031 5031 inquietudinis
3043 4954 3403 5029 manibus
3414 4954 3613 5009 erecto
3623 4951 3796 5021 collo,

2132 5047 2468 5120 superciliis
2521 5046 2759 5104 elevatis
2794 5047 2949 5121 (595)
2989 5044 3427 5119 ampliﬁcatam.
3464 5040 3793 5099 Ecclesium

2132 5153 2376 5228 ecclesia
2404 5153 2824 5228 intelligendus
2847 5154 2943 5221 sit,
2980 5150 3382 5228 v9he_menter_
3403 5145 3790 5228 ambigimus.

2130 5226 2328 5297 Neque
2357 5224 2513 5297 enim
2547 5218 2847 5297 probabile
2875 5218 2968 5281 est
3010 5223 3323 5297 factionem
3367 5218 3684 5297 hominum
3716 5218 3789 5297 ad

2126 5289 2332 5353 versus
2365 5289 2701 5352 ltathei-ium
2749 5297 2893 5353 adeo
2922 5296 3252 5360 desaevlsse,
3277 5298 3344 5348 ut
3367 5289 3788 5363 templum-Aab

2128 5386 2194 5425 eo
2232 5366 2657 5439 amplificatum
2699 5367 3138 5424 demoliendum
3179 5360 3569 5439 duxerintfet
3596 5360 3787 5418 multo

2129 5433 2798 5514 minus'verisimileest,
2822 5439 3309 5514 Ottonem_iegem
3334 5433 3783 5514 intentum-qen-

2126 5511 2433 5584 erilegium
2462 5504 2880 5584 auctoritatem
2909 5504 3224 5584 etqmillte's
3243 5504 3621 5584 praestitisse.
3650 5504 3785 5584 llaec

2125 5574 2324 5658 itaque
2361 5581 2669 5658 allegorice
2698 5580 3091 5658 verisimilius
3116 5574 3478 5658 _accipienda
3522 5574 3785 5658 suntude

2127 5645 2373 5727 mystica
2403 5645 2508 5709 seu
2540 5654 2667 5736 viva
2697 5653 2954 5710 Ecclesia
2981 5645 3344 5716 Leodicen'si,
3370 5648 3431 5703 in
3463 5663 3586 5774 qua
3612 5645 3784 5702 ωειίῆ-

2127 5726 2309 5781 cauda
2338 5739 2439 5780 seu
2489 5722 2906 5787 amplificanda
2934 5725 3077 5780 dum
3109 5721 3421 5787 laboraret,
3446 5734 3485 5774 e
3560 5723 3648 5773 ita
3691 5730 3779 5775 res

2124 5740 2309 5781 081108
2338 5740 2439 5780 SOU
2489 5740 2906 5781 amnuucanaa
2934 5740 3077 5780 dum
3111 5740 3167 5779 la

2124 5741 2309 5781 canoa
2338 5741 2439 5780 seu
2489 5741 2906 5796 ampuucanoa
2934 5741 3077 5780 dum
3111 5741 3421 5787 laboraret,
3446 5741 3519 5774 et
3560 5741 3648 5773 ua
3691 5741 3779 5775 res

2124 5796 2271 5853 bene
2300 5796 2640 5865 cederet,~ut
2668 5812 2784 5854 non
2805 5796 3017 5869 exigua
3044 5794 3157 5868 ipsi
3174 5791 3364 5867 gloria
3390 5790 3528 5866 post
3555 5788 3780 5849 obitum
