3896 6384
150 384 257 452 83⁸1

1002 385 1492 456 EXGERP'I‘UM
1532 386 1640 453 EX
1681 384 2030 454 DIALDGO
2067 387 2710 458 CONFESSIONALI.

3448 386 3571 460 438

144 519 383 598 spatiolo
414 521 790 593 minantem,
830 523 1058 584 meritis
1104 525 1429 595 dilatatam,
1483 527 1792 583 structurae
1819 523 1878 594 Α
1905 528 2078 598 veris,
2113 528 2258 586 dum
2289 528 2612 603 premissis
2637 528 2978 588 {artioribus
2998 544 3232 604 semper
3263 529 3334 587 ad
3365 529 3566 605 super-

144 613 440 671 vilissimae
468 613 529 670 in
557 615 993 688 comparatione
1014 615 1397 673 millumlicet
1426 616 1796 684 enormitate,

146 704 298 762 nulla
319 714 458 762 vero
471 702 772 777 religionis
782 704 1186 762 melioratione
1205 706 1510 777 (concedat
1531 705 1800 762 omniva—

145 793 264 850 lens
293 793 658 866 pejoratione
689 810 805 850 non
836 793 1057 866 aliqua)
1086 795 1678 852 Nabuchodonosoris
1707 794 1797 850 tui

151 900 306 940 more
334 883 575 940 dicebas
606 882 666 939 in
713 882 969 940 intimis:
1029 886 1220 941 Nonne
1248 886 1366 942 hinc
1394 892 1474 940 est
1527 884 1794 956 Babylon,

154 989 312 1044 quam
367 971 647 1042 aediﬁcavi
702 975 764 1027 in
810 973 1002 1030 robore
1051 973 1339 1045 dignitatis
1369 983 1422 1030 et
1453 973 1798 1046 fortitudinis

139 1063 291 1118 mae!
319 1061 488 1135 (Dan.
523 1078 600 1128 IV,
630 1062 750 1130 27.)
773 1060 920 1117 Vide
950 1061 1150 1136 igitur,
1183 1079 1363 1135 quam
1397 1062 1684 1119 universis
1712 1062 1796 1118 vi-

144 1149 332 1220 luerit,
372 1150 531 1224 quod
562 1150 1022 1208 tibiimmaniter
1045 1151 1464 1225 complacebat,
1490 1169 1625 1208 cum
1648 1168 1798 1224 quos

139 1245 448 1314 putaveras
478 1239 815 1297 laudatores
843 1241 1074 1298 futuros
1105 1246 1236 1314 post
1266 1242 1516 1310 obitum,
1561 1240 1797 1315 conglo-

141 1330 256 1386 bati
287 1335 347 1387 te
404 1329 632 1386 vivente
658 1347 694 1386 a
723 1329 980 1388 maximo
1039 1348 1229 1403 usque
1289 1331 1360 1388 ad
1393 1330 1685 1387 mininum
1735 1331 1796 1386 in

141 1423 369 1476 tantum
397 1419 750 1477 exstiterunt
793 1421 1221 1493 vituperatores
1267 1437 1493 1491 eorum,
1543 1423 1609 1477 ut
1637 1420 1800 1492 regia

139 1509 484 1566 auctoritate
515 1508 758 1565 militari
791 1527 971 1565 manu
1013 1511 1463 1583 depoposcerint
1513 1509 1800 1582 sacrilega

137 1598 310 1668 dirui,
338 1616 468 1672 quae
491 1603 554 1655 tu
582 1599 887 1656 ambiebas
908 1600 1311 1656 sacratissima
1338 1598 1511 1655 laude
1532 1598 1799 1655 omnium

135 1687 439 1745 celebrari.
475 1690 628 1744 Bene
648 1688 759 1743 tibi
772 1688 1052 1756 fecerunt,
1067 1688 1215 1743 bene
1237 1687 1342 1742 tibi
1365 1687 1633 1760 contigit,
1649 1685 1802 1741 cine-

133 1782 256 1835 rate
286 1780 452 1851 (596)
482 1779 632 1834 29‘!
667 1780 724 1832 et
767 1777 1062 1844 uacabate,
1113 1776 1213 1848 qui
1263 1793 1396 1832 cum
1440 1792 1544 1832 nec
1594 1774 1801 1831 saltem

1906 635 2092 676 vacua
2113 621 2291 677 verba
2320 619 2621 678 relaberis.
2656 620 2970 690 Considera,
3011 619 3226 694 inquit,
3258 637 3422 694 opera
3470 622 3571 679 Dei

1906 709 2049 782 quod
2102 724 2260 766 nemo
2312 713 2484 782 possit
2551 713 2846 783 corrigere,
2905 726 3065 783 quem
3094 711 3192 766 ille
3265 711 3573 783 despexerit

1909 799 2104 871 (Boote.
2135 816 2236 868 vn,
2272 800 2381 872 14).
2411 799 2471 857 Si
2505 800 2662 856 enim
2681 800 2837 872 quod
2857 800 2965 856 tibi
2983 801 3172 874 magis
3195 805 3571 872 competeret,

1865 962 1868 964 γ
1907 887 2304 961 cogitasses,a
2335 889 2646 945 scribendo
2681 889 3566 963 tantadesisteres.Magisenim

1908 993 2045 1033 cum
2072 978 2302 1034 interno
2332 979 2552 1052 rugitu,
2586 977 2888 1035 recollecto
2917 978 2978 1034 in
2997 979 3214 1035 talibus
3237 979 3572 1052 quispargi-

1883 1070 2008 1123 ‘tur
2037 1068 2235 1123 animo
2265 1067 2489 1140 utique,
2521 1069 2677 1140 quod
2708 1071 2906 1124 tamen
2939 1085 3056 1124 non
3087 1068 3280 1125 valere
3296 1073 3350 1124 te
3372 1070 3566 1138 video,

1907 1156 2157 1213 orationi
2190 1160 2248 1213 et
2275 1153 2510 1214 ﬂetibus
2539 1157 2786 1224 obtalia,
2804 1174 2930 1231 quae
2949 1156 3572 1230 scriptitas,deluenda

1908 1246 2101 1302 fuerat
2131 1246 2693 1319 instandum,quam
2708 1246 3308 1319 hujusmodivanitati
3335 1249 3572 1303 studen-

1906 1335 2071 1391 dum.
2105 1336 2256 1392 Dum
2283 1335 2440 1392 enim
2470 1339 2526 1393 te
2555 1335 2615 1391 in
2647 1336 2869 1392 talibus
2888 1353 3146 1409 perszepe
3175 1337 3571 1394 aestimaslau—

1905 1425 2065 1494 dari;
2098 1425 2312 1498 magis,
2345 1426 2516 1482 crede
2547 1426 2718 1492 mihi,
2751 1441 2918 1482 verso
2949 1424 3010 1482 in
3041 1426 3402 1483 contrarium
3437 1430 3570 1482 voto

1904 1513 2257 1585 vituperaris
2284 1529 2351 1569 ac
2382 1514 2694 1570 derideris.
2730 1514 2972 1586 Legitur
3011 1515 3310 1586 quondam
3351 1513 3571 1570 vidisse

1907 1603 2229 1673 quemdam
2260 1601 2758 1670 infelicissimum,
2812 1602 2954 1657 dum
3010 1607 3337 1658 moreretur
3383 1602 3570 1658 maxi-

1911 1706 2076 1746 mum
2107 1690 2325 1746 librum
2357 1689 2470 1745 sibi
2502 1706 2536 1746 a
2557 1690 2925 1746 daemonibus
2947 1691 3465 1764 oii‘erri,scriptum
3487 1692 3569 1747 in-

1909 1782 2009 1834 tus
2038 1782 2096 1834 et
2123 1779 2284 1846 foris;
2317 1780 2419 1834 sed
2451 1783 2516 1834 ut
2544 1779 2603 1834 in
2635 1778 2744 1834 hoc
2775 1779 2879 1834 tibi
2905 1777 3184 1851 alludam,
3217 1797 3334 1836 non
3367 1780 3571 1838 eriteis

131 1865 314 1923 homo
344 1867 461 1935 sis,”
485 1865 732 1921 rationis
757 1865 965 1964 utique
995 1864 1052 1919 in
1087 1864 1356 1937 pluribus
1373 1870 1602 1936 expers,
1624 1863 1804 1962 hono-
1832 1896 1883 1964 Β
1905 1883 2082 1940 opus,
2117 1867 2300 1926 alium
2329 1867 2436 1922 tibi
2455 1868 2873 1940 oiierre,quam
2895 1885 3072 1942 quem
3085 1869 3405 1942 scripseras
3423 1871 3568 1943 ipse,

125 1971 388 2028 remque
416 1959 586 2010 tuum
617 1970 734 2009 non
757 1951 1804 2026 intelligens,comparatusjumentis
1833 1951 1881 1964 “’
1912 1958 2012 2030 qui
2045 1961 2102 2014 et
2133 1957 2694 2029 interpretabuntur,
2727 1957 2978 2025 noveris,
3014 1958 3154 2030 quid
3186 1958 3248 2014 in
3279 1958 3364 2015 eis
3386 1961 3473 2031 υἱ,
3503 1960 3566 2015 in

124 2043 563 2116 insipientibus
593 2045 650 2098 et
696 2041 814 2098 illis
863 2059 981 2098 non
1029 2041 1338 2099 dissimilis
1389 2043 1578 2098 factus
1627 2041 1798 2111 (Psai.

130 2149 331 2202 XLVIII,
365 2131 478 2204 13).
510 2133 629 2187 Deo
655 2131 763 2188 soli
796 2130 1010 2188 debitis
1039 2130 1316 2188 laudibus
1345 2135 1404 2187 te
1429 2131 1621 2187 efferri
1641 2129 1802 2187 adul-

132 2222 323 2279 terina
343 2220 576 2286 fraude,
609 2219 660 2276 si
687 2219 948 2290 daretur,
985 2219 1273 2277 ambibas.
1306 2220 1424 2276 Hoc
1460 2222 1586 2276 erat
1622 2219 1798 2275 nimi-

137 2317 288 2378 rum,
318 2309 482 2384 quod
513 2308 650 2365 ﬂere
681 2309 993 2382 nequibas,
1029 2308 1168 2382 quia
1197 2314 1253 2365 te
1301 2308 1527 2365 scilicet
1571 2307 1796 2381 aliquid

285 2397 638 2471 hujusmodi
668 2397 1008 2470 deceptione
1037 2398 1307 2471 putabas;
1338 2397 1440 2456 sed
1471 2397 1798 2472 deprehen-

139 2489 369 2556 derunt,
402 2487 519 2544 Deo
547 2485 791 2560 gratias,
824 2486 1042 2559 dignus
1065 2491 1134 2543 ut
1163 2487 1379 2556 fueras,
1411 2487 1694 2544 veraciter
1715 2490 1794 2556 te,

141 2577 235 2651 qui
262 2577 336 2634 ad
365 2592 434 2633 se
460 2575 550 2632 vel
574 2577 648 2632 ad
699 2578 942 2633 caeteros
972 2575 1143 2649 talpa:
1197 2577 1258 2632 in
1287 2578 1346 2634 te
1377 2579 1436 2634 et
1482 2591 1796 2650 caprarum

141 2669 272 2725 sunt
299 2665 528 2724 lumine
556 2665 672 2732 usi,
701 2667 998 2722 scribimus
1027 2666 1240 2723 indocti
1267 2666 1519 2740 doctique
1542 2670 1800 2739 poemata

140 2759 334 2831 passim
355 2755 605 2829 '(Hona'r.
631 2757 674 2811 ἰ.
711 2772 772 2823 n,
801 2771 886 2828 ep.
921 2771 962 2824 ι,
992 2755 1420 2828 v,lii7).0uam
1451 2755 1634 2829 igitur
1652 2771 1797 2828 que-

142 2845 448 2904 rimoniam
469 2844 647 2900 etiam
660 2843 1031 2917 sapientibus
1043 2843 1242 2900 saeuuli
1254 2845 1479 2918 irroges
1501 2844 1798 2912 vide,cum

142 2933 310 2993 libros
337 2935 568 3008 absque
584 2933 868 2990 ductrinze
876 2933 1089 3008 peritia
1101 2933 1417 3006 praesumis
1425 2951 1634 3007 compo
1642 2950 1797 3004 nere,

144 3029 214 3092 et,
243 3041 276 3081 o
305 3023 726 3097 quot'bestias',
761 3024 906 3080 dum
935 3027 995 3080 te
1009 3023 1157 3079 tanti
1181 3024 1414 3096 pendis,
1448 3022 1798 3080 atte'ndislSi

141 3111 289 3171 enim
316 3113 594 3171 homines
623 3113 1000 3181 attendisses,
1029 3113 1266 3186 peccavi
1302 3113 1504 3186 utique
1525 3108 1795 3182 dixisses;

143 3202 191 3260 si
216 3202 404 3262 lucem
433 3202 689 3272 videres,
717 3203 993 3258 tenebras
1023 3218 1140 3258 non
1169 3200 1314 3258 tanti
1345 3204 1608 3274 putares.
1643 3201 1796 3258 Dum

1910 2048 2002 2118 eo]
2035 2045 2392 2102 afi’ectaverls
2424 2047 2578 2104 292
2611 2061 2865 2119 quoque.
2887 2051 2961 2102 De
2978 2046 3240 2104 librotuo
3269 2050 3326 2104 te
3337 2049 3565 2120 judico,

1910 2150 1984 2191 ne
2011 2134 2116 2191 tibi
2167 2135 2467 2207 contingat
2512 2134 2736 2203 audire,
2787 2135 2889 2192 sed
2911 2129 3149 2205 moneo,
3207 2137 3338 2194 vide
3389 2139 3563 2207 (597).

1907 2223 2053 2279 Cum
2085 2223 2245 2280 enim
2273 2223 2347 2280 de
2376 2239 2552 2280 cursu
2583 2223 2782 2280 debito
2814 2224 3160 2296 saepissime,
3190 2229 3248 2282 et
3291 2226 3467 2282 etiam
3500 2229 3566 2282 ut

1906 2311 2080 2370 modo
2109 2313 2182 2370 de
2213 2312 2418 2384 missa,
2450 2312 3026 2386 inquietudinisvitio
3047 2329 3383 2388 resurgens,
3405 2315 3565 2387 quod

1905 2400 2395 2458 mentrlcanondo
2423 2401 2602 2458 etiam
2657 2415 3029 2475 conceperas,
3072 2404 3326 2460 scribere
3372 2404 3563 2472 Vadis,

1907 2491 2009 2548 ubi
2038 2507 2179 2564 rogo
2211 2495 2304 2548 est
2329 2489 2488 2564 quod
2519 2489 3069 2564 supraScripseras?
3098 2492 3340 2549 hocest:
3367 2493 3569 2549 Omnia

1907 2598 2034 2640 vero
2062 2597 2180 2654 qua!
2207 2579 2517 2654 discipulos
2543 2577 2788 2637 docuerit
2833 2595 2950 2636 esse
2999 2582 3299 2649 miraris,
3348 2582 3416 2636 in
3445 2584 3564 2637 suis

1906 2673 2072 2744 factis
2096 2671 2300 2727 indicet
2320 2685 2433 2727 non
2459 2670 2690 2742 agenda.
2724 2667 3047 2726 Dicendum
3079 2669 3295 2742 quippe
3315 2664 3571 2742 discipu-

1893 2761 1984 2818 ‘l'is
2016 2775 2190 2817 nemo
2219 2754 2990 2832 ejusdemreligionisqnam
3009 2753 3456 2832 ambibatsaape,
3475 2761 3568 2815 ni-

1909 2849 1993 2907 hil
2023 2849 2181 2922 operi
2212 2849 2315 2905 Dei
2345 2851 2740 2921 preponatur.
2780 2847 2841 2905 Si
2889 2846 3058 2913 nihil,
3115 2845 3309 2906 inanis
3366 2849 3565 2922 gloriae

1911 2939 2162 3013 qualiter
2189 2938 2446 3012 pompa?
3029 2981 3031 2983 .

1980 3030 2069 3085 40.
2103 3027 2252 3093 Quid
2297 3043 2433 3084 vero
2488 3026 2712 3094 laboro,
2743 3025 2879 3083 eum
2940 3026 3086 3085 nihil
3133 3044 3230 3085 me
3286 3027 3567 3101 proﬁcere

1905 3117 2106 3174 video?
2140 3118 2382 3174 Restare
2395 3131 2582 3171 unum
2599 3114 2972 3173 solummodo
2983 3132 3178 3186 cerno,
3203 3117 3350 3174 alias
3366 3112 3570 3191 despe-

1900 3223 2039 3265 rare
2067 3212 2124 3263 te
2151 3206 2490 3263 nullatenus
2519 3204 2746 3274 desino,
2777 3209 2837 3261 et
2864 3205 2976 3261 hoc
3006 3221 3188 3262 suasu
3215 3201 3361 3280 legis
3386 3200 3569 3264 atten-

149 3293 295 3350 enim
323 3297 381 3349 te
410 3291 622 3350 bestiis
653 3267 956 3360 excellere,
987 3291 1130 3347 dum
1161 3291 1329 3348 omnis
1345 3267 1578 3349 clarius
1605 3295 1795 3348 atten-
1825 3267 1870 3338 c-
1907 3296 2032 3355 tare
2061 3310 2374 3370 praesumo,
2407 3309 2590 3367 quam
2619 3298 2677 3350 te
2694 3267 3127 3366 prmerieasse,
3145 3291 3214 3350 ut
3241 3267 3568 3368 praetende-

149 3381 234 3438 dis
260 3382 475 3452 videre,
510 3383 710 3454 quem,
734 3397 897 3454 rogo,
917 3381 1055 3437 inde
1085 3381 1584 3438 cordistumorem
1604 3385 1798 3438 socor-

151 3470 378 3529 dissime
406 3471 570 3528 vales
602 3470 936 3544 concipere?
967 3469 1108 3542 quid
1139 3471 1334 3544 magni
1366 3471 1550 3538 enim,
1572 3470 1623 3526 si
1651 3469 1800 3526 stul-

154 3563 244 3616 tus
271 3561 576 3634 pecudem,
611 3577 716 3617 seu
739 3559 947 3616 videns
1005 3576 1224 3616 caecum
1274 3559 1617 3633 praecellat?
1653 3560 1802 3617 Cum

157 3663 280 3707 vero
305 3651 574 3709 conferre
600 3652 661 3707 te
684 3647 773 3706 vel
805 3649 1058 3722 sapienti
1073 3648 1250 3706 alicui
1279 3648 1366 3706 vel
1379 3650 1543 3721 justo
1559 3649 1804 3705 minime

159 3739 356 3812 possis,
387 3741 572 3798 unde.
606 3755 768 3813 rogo,
800 3738 1075 3811 superbis
1097 3738 1126 3794 ‘i
1156 3741 1230 3794 an
1261 3739 1418 3810 quod
1434 3737 1804 3794 stultissimis

159 3831 322 3900 atque
349 3827 775 3904 perditissimis
793 3844 911 3883 non
944 3826 1156 3884 saltem
1183 3827 1464 3899 aquaris?
1481 3826 1612 3883 vide
1641 3843 1714 3882 ne
1744 3826 1805 3881 in

161 3914 244 3972 bis
271 3917 502 3976 stultior
529 3921 710 3989 atque
740 3916 1025 3990 perditior
1052 3917 1127 3973 ab
1158 3916 1387 3971 interno
1417 3913 1637 3971 arbitro
1650 3915 1810 3987 judi-

159 4004 316 4064 eeris.
346 4007 567 4065 Iisdem
586 4005 744 4062 enim
758 4005 948 4061 acutis
975 4003 1306 4074 sententiis,
1339 4003 1560 4076 quibus
1577 4004 1805 4061 hostem

166 4093 319 4166 quasi
343 4094 700 4168 prosternis.
731 4093 993 4150 Eleazari
1021 4091 1286 4165 exemplo
1317 4096 1374 4149 te
1403 4093 1602 4166 ipsum
1629 4094 1806 4150 inter-

167 4180 302 4252 tibia,
333 4185 473 4242 dum
501 4186 564 4241 in
596 4183 716 4252 his,
745 4200 880 4257 quae
909 4186 1064 4240 recte
1093 4182 1164 4238 de
1195 4182 1314 4239 Deo
1329 4182 1575 4240 forsitan
1599 4183 1806 4255 sentis,

171 4272 340 4345 tuam,
367 4288 482 4332 non
513 4273 621 4332 Dei
651 4272 899 4347 gloriam
929 4271 1164 4345 quaris,
1185 4271 1448 4344 gaudens
1464 4273 1634 4345 quasi
1651 4289 1809 4346 quae-

173 4358 294 4418 dam
323 4363 461 4435 quia
490 4361 775 4437 repererit
805 4378 1020 4418 manus
1047 4365 1172 4429 tua,
1187 4377 1301 4418 non
1319 4361 1536 4434 potius,
1561 4366 1628 4419 ut
1647 4378 1813 4435 opor-

175 4451 366 4520 tuerat,
395 4453 631 4527 lugens,
663 4451 806 4525 quia
856 4467 973 4507 non
1018 4449 1225 4507 feceris
1267 4465 1355 4518 ea;
1413 4455 1472 4507 et
1509 4451 1813 4508 oeculatus

176 4540 327 4609 quasi
355 4557 450 4597 ore
485 4540 728 4614 proprio
786 4552 1034 4596 manum
1065 4539 1396 4612 procaciter
1444 4543 1636 4612 tuam,
1696 4555 1814 4598 non

1909 3388 2036 3453 bas,
2069 3401 2203 3440 cum
2221 3381 2502 3449 dolueris,
2517 3381 2882 3454 praevaricari
2894 3383 3157 3440 omnimo
3183 3399 3300 3438 non
3321 3383 3565 3440 desinis.

1902 3471 1971 3533 Si
2003 3473 2269 3531 exhibuit
2297 3471 2606 3537 i‘ormenta,
2641 3469 2693 3526 si
2722 3469 3115 3526 medicamina
3132 3471 3570 3543 Scripturarum

1911 3560 2265 3629 divinarum,
2299 3558 2351 3617 si
2375 3559 2486 3615 hoc
2514 3559 2604 3616 vel
2634 3557 2803 3626 illud,
2843 3562 2902 3615 et
2951 3556 3119 3615 suam
3168 3559 3314 3616 nihil
3361 3560 3574 3617 viderit

1914 3649 2222 3725 praevalere
2249 3647 2626 3714 industriam,
2659 3647 2960 3714 adhibeat,
3012 3649 3168 3721 quod
3216 3644 3412 3721 majus
3458 3655 3568 3720 est,

1915 3754 2088 3798 suam
2116 3738 2387 3796 videlicet
2415 3741 2591 3810 atque
2619 3737 2885 3794 omnium
2917 3753 3022 3811 pro
3045 3753 3120 3794 eo
3141 3739 3484 3810 orationem,
3506 3745 3575 3798 ut

1916 3831 2090 3897 Deus,
2116 3827 2217 3901 qui
2247 3826 2448 3884 omnia
2472 3830 2684 3899 potest,
2712 3829 2985 3901 operetur
3013 3827 3264 3886 salutem
3297 3829 3454 3886 circa
3482 3829 3574 3886 in-

1917 3919 2156 3976 ﬁrmum
2187 3915 2449 3974 fratrem.
2480 3916 2690 3973 Veniat
2708 3914 2907 3991 igitur,
2938 3918 3194 3992 ﬂagitor,
3225 3923 3414 3976 mater
3431 3919 3577 3976 Cha-

1913 4024 2121 4066 nanaea
2139 4007 2458 4081 quondam,
2474 4006 2533 4062 id
2549 4009 2641 4063 est
2656 4006 2772 4063 nisi
2785 4006 2974 4078 fallor,
3007 4025 3042 4064 a
3070 4008 3380 4067 maledicto
3391 4009 3575 4066 Cham

1915 4100 1990 4156 ad
2022 4096 2491 4154 benedictionem
2507 4094 2723 4152 Christi
2739 4111 3040 4162 conversa,
3059 4097 3153 4152 cui
3183 4097 3391 4153 merito
3417 4098 3577 4153 dica-

1915 4193 2041 4246 tur:
2073 4188 2269 4258 Magna
2293 4193 2375 4241 est
2393 4184 2525 4256 fides
2549 4189 2650 4240 tua
2677 4182 2886 4252 (Matth.
2937 4198 3034 4252 xv,
3077 4185 3194 4256 28),
3239 4199 3347 4256 pro
3374 4200 3493 4256 qua
3521 4187 3580 4240 et

1917 4275 2192 4349 discipuli
2223 4270 2458 4330 Domini
2487 4287 2623 4328 eum
2654 4272 3045 4344 interpellent.
3079 4271 3430 4329 sanctorum
3452 4288 3580 4327 om-

1923 4367 2086 4423 nium
2107 4359 2484 4436 congregatio
2529 4361 2736 4433 utique
2785 4361 2990 4416 saneta
3038 4360 3277 4417 clamet:
3329 4358 3582 4418 Miserere

1920 4458 2051 4512 mei.
2078 4456 2205 4510 Iern
2233 4453 2344 4523 ﬁlii
2374 4448 2572 4518 David,
2603 4449 2725 4520 ﬁlia
2751 4464 2878 4505 mea
2902 4449 3050 4505 male
3076 4447 3395 4506 adaimonio
3415 4465 3583 4506 vexa-

1923 4552 2017 4600 tur
2047 4541 2228 4614 (Ibid,
2257 4540 2374 4608 52),
2407 4538 2465 4593 id
2479 4541 2568 4595 est
2596 4536 2796 4593 anima
2820 4536 3104 4610 istius(de
3129 4541 3188 4595 te
3219 4543 3414 4596 autem
3433 4537 3584 4610 dico)

178 4623 394 4688 laudare
419 4631 604 4689 etiam
636 4628 763 4704 ipse
793 4628 958 4702 quod
975 4627 1140 4700 facis,
1172 4628 1316 4684 dum
1345 4645 1462 4685 non
1493 4629 1673 4687 etiam
1695 4641 1818 4690 meo
1847 4635 1899 4707 ξ)
1929 4629 2254 4706 peccatoris
2280 4643 2350 4684 ex
2362 4643 2457 4684 me
2483 4643 2586 4700 per
2605 4626 2969 4700 baptismum
2982 4627 3198 4701 genita,
3225 4631 3283 4684 et
3310 4628 3587 4685 doctrina;

183 4707 304 4783 tuis,
343 4719 687 4777 testimonio
737 4717 988 4792 propria:
1045 4715 1362 4774 locutionis
1405 4716 1683 4776 virtutem
1713 4721 1823 4777 tibi
1934 4737 2076 4778 meae
2107 4719 2254 4775 laete
2299 4717 2543 4784 nutrita,
2598 4733 2728 4788 quze
2787 4715 3034 4774 scilicet.
3061 4716 3211 4774 male
3239 4733 3275 4774 a
3303 4717 3589 4782 daemonio

184 4804 373 4864 tribuis
401 4807 701 4882 sperantis
729 4807 877 4879 (Job;
901 4821 1054 4874 xxxx,
1083 4805 1196 4877 27).
1229 4805 1447 4861 Verum
1479 4805 1588 4864 hoc
1628 4809 1821 4868 scelus
1929 4809 2190 4874 vexatur,
2219 4822 2353 4862 cum
2385 4805 2585 4872 etiam,
2619 4806 2774 4878 quod
2806 4806 2896 4862 est
2919 4848 2923 4852 .
2948 4805 3297 4878 pessimum,
3337 4806 3591 4862 obdura-

188 4895 482 4954 niaximnm
513 4901 573 4954 et
600 4897 975 4970 negationem
1005 4895 1297 4952 Altissimi
1347 4895 1669 4954 assertione
1714 4899 1824 4956 Job
1932 4905 2048 4967 tur;
2096 4898 2355 4953 miserere
2405 4897 2536 4962 mei,
2569 4895 2678 4950 etsi
2737 4893 3078 4967 dedignaris
3136 4893 3258 4962 illi;
3305 4909 3474 4950 meus
3505 4897 3596 4950 est

188 4985 516 5043 sanctissimi
548 4985 895 5058 esse'(lbid.,
926 4983 1042 5056 28),
1076 4981 1229 5051 dico,
1263 4984 1630 5053 memineris,
1658 4991 1716 5043 et
1731 5004 1822 5043 ar-

191 5074 493 5144 lugentium
524 5081 580 5133 te
612 5091 798 5132 unum
827 5072 1427 5146 expmstahtioribds
1447 5090 1564 5130 non
1579 5075 1832 5150 denega,

1935 4989 2092 5046 enim
2123 4985 2294 5060 quasi
2309 4985 2573 5041 defectus
2585 4982 2864 5055 baptizati
2886 4984 3298 5055 cujuscunque
3320 4983 3592 5055 perditio,

1934 5079 2090 5135 sicut
2117 5075 2412 5148 profectus
2441 5071 2705 5129 salvatio.
2737 5071 2898 5128 Idem
2929 5087 3119 5144 usque
3149 5072 3221 5128 ad
3242 5069 3597 5143 importuni-

193 5221 520 5301 proventura
535 5222 722 5301 esset,
756 5221 997 5301 repente
1029 5219 1214 5298 totam
1239 5216 1532 5301 ejusmodi
1578 5218 1827 5301 aedifica-
1941 5220 2040 5301 ubi
2073 5219 2144 5274 de
2173 5218 2456 5301 daemone,
2491 5231 2667 5301 quem
2682 5215 2909 5301 lidqy-ses
2925 5213 3597 5301 monachus‘expulerat,

193 5286 384 5348 tionem
416 5290 644 5351 factiosi
675 5286 951 5350 homines
974 5286 1300 5360 amaximo
1329 5299 1517 5360 usque
1547 5289 1621 5345 ad
1654 5289 1731 5344 nti

2065 5307 2137 5346 :oe
2194 5289 2480 5345 habetur:
2510 5286 2657 5345 7'05:
2687 5286 2892 5360 ἐξελθὼν
2923 5295 3091 5358 ἔληγεν
3121 5296 3280 5357 ἐαυτῷ
3335 5293 3496 5347 καλῶς
3527 5309 3603 5360 eat

195 5369 340 5442 nium
369 5360 717 5442 cpnglobati,
742 5359 984 5442 militari
1015 5363 1284 5442 manust
1303 5356 1651 5442 auptoritate
1671 5377 1733 5417 re

2065 5366 2514 5442 nosvhwm§6§epne
2539 5366 2749 5442 μέλιιληζ
2928 5356 3046 5415 dub
3069 5363 3391 5442 postrema
3412 5356 3603 5442 verba

197 5424 515 5505 diruendam
547 5424 851 5505 curarunt,
885 5447 1022 5490 cum
1045 5431 1101 5486 vi
1125 5429 1360 5503 publica
1375 5429 1501 5503 ipse
1521 5424 1834 5505 episcopus
1944 5435 2004 5490 in
2037 5424 2150 5489 me.
2182 5424 2518 5505 Corbeie'nsi
2542 5424 2638 5505 sic
2653 5424 3156 5505 Palladiusvertit,
3179 5429 3424 5505 ornet-ate
3452 5441 3606 5504 caca-

197 5503 501 5577 θπὲἓβθρθ
534 5505 744 5577 ρυιευε
771 5495 900 5577 fuit"
1202 5571 1214 5577 _
1558 5495 1590 5577 ί
1723 5495 1742 5505 ’
1948 5507 2088 5570 bate,
2118 5502 2393 5577 Auti‘idem
2426 5500 2744 5577 Cotelerius
2774 5504 3016 5577 monet._
3042 5499 3188 5577 _Vide
3239 5495 3608 5577 Qlossariu_m

258 5567 700 5649 (596)_Mendosa
727 5575 978 5632 lectione
1027 5576 1154 5649 erat
1199 5571 1259 5627 in
1292 5571 1490 5628 codice
1538 5575 1833 5649 cinerente.
1947 5567 2151 5649 Cangii
2183 5573 2606 5649 V._Cacabatys,
2643 5573 2968 5649 Cineratus,
3001 5572 3061 5626 id
3091 5574 3181 5649 est
3227 5567 3420 5649 cinere
3462 5567 3609 5620 infe-

199 5635 542 5705 Correiimus
568 5649 838 5704 cinerate.
866 5662 1004 5704 cum
1036 5645 1160 5700 haec
1191 5652 1538 5717 θράξαι-,ναις
1567 5647 1841 5717 copulata
1950 5635 2107 5710 ctus:
2135 5645 2446 5710 cacabatus,
2481 5643 2538 5698 id
2571 5635 2663 5717 est
2689 5642 3028 5717 denigratus
3060 5643 3124 5694 ut
3145 5636 3418 5717 cacabus.
3446 5705 3482 5717 ﬂ

201 5720 319 5791 et}!!!
339 5719 598 5791 sequenti
628 5719 889 5791 uacabate-
916 5720 1239 5791 usurpatur
1259 5714 1592 5791 aEalIadio.
1621 5707 1688 5774 In
1710 5735 1843 5791 apo-
2024 5707 2171 5791 (597)
2202 5707 2526 5791 Qonstrue:
2559 5713 2664 5791 Sed
2690 5707 2898 5791 W50,
2931 5713 3071 5779 vide,
3101 5723 3170 5766 ne
3199 5707 3303 5764 tibi
3331 5707 3621 5770 contingat

205 5779 792 5858 minatibusenim
808 5791 1049 5850 Patrum
1066 5779 1246 5866 editis
1271 5779 1839 5864 aCoteleriomap‘J.
1951 5779 2199 5860 audire;
2218 5789 2293 5846 De
2320 5785 2458 5844 libro
2489 5788 2584 5842 tuo
2613 5788 2665 5842 te
2685 5783 2896 5852 judico.
