3896 6378
294 367 428 443 ,439

1150 434 1153 441 λ
1244 374 1624 443 RATHERII
1664 370 2222 439 EPISGVERON.
2267 374 2442 439 OPP.
2489 374 2692 439 PARS
2736 370 2786 438 Ῑ.

3606 372 3741 444 ue

292 512 486 565 .tatem
518 510 740 583 repetat
771 509 1127 566 familiarum
1159 512 1372 569 Christi
1399 512 1693 585 precibus,
1733 510 1957 582 impos-
1976 510 2041 578 Α
2069 525 2228 581 gero,
2261 509 2319 564 in
2352 509 2570 565 talibus
2600 510 2853 581 graviter
2880 512 2937 564 et
2952 507 3264 566 erubescas
3285 506 3495 566 notari.
3521 510 3735 567 Sican-

309 597 480 654 sibile
511 600 667 671 quod
701 599 843 655 mihi
875 601 1122 668 videtur,
1155 602 1331 669 abeo,
1365 600 1620 657 cuinihil
1646 600 1961 671 estimpos-

311 684 501 755 sibilo,
536 687 627 744 sui
653 689 860 744 merito
892 690 1098 746 saltem
1119 689 1475 745 velclamore
1495 691 1646 760 (meo
1673 692 1845 760 atque
1864 692 1961 741 tuo

311 771 612 844 impetrari
644 776 784 847 quia
811 794 926 831 non
953 776 1124 847 valet)
1157 777 1435 831 obtineat.
1472 777 1633 832 Puna
1658 792 1798 831 sane
1828 792 1962 830 con-

314 862 492 918 fessio
526 864 663 936 quia
690 864 897 920 liberat
927 883 961 920 a
990 870 1196 931 morte,
1231 867 1469 937 antique
1520 866 1763 932 dictum,
1798 866 1961 932 dum,

317 954 384 1004 ut
411 968 527 1006 non
559 953 781 1020 dubito,
816 954 1189 1026 amplectaris
1219 961 1274 1011 et
1305 959 1358 1010 te
1382 955 1739 1025 fecissequia
1771 958 1967 1025 gratu-

298 1037 474 1111 lleris.
510 1040 615 1109 Qui
643 1043 925 1098 maledicit
951 1046 1100 1115 patri
1130 1045 1209 1099 vel
1239 1046 1423 1109 matri,
1478 1053 1651 1099 morte
1695 1045 1969 1099 moriatur

323 1128 513 1198 (Exod.
545 1148 663 1199 xxx,
699 1132 807 1202 17),
843 1149 981 1205 rogo
1011 1134 1233 1189 dictum
1284 1134 1640 1199 memineris;
1695 1137 1751 1188 et
1780 1137 1835 1187 te
1867 1149 1967 1203 pa-

290 1270 295 1275 .
322 1220 474 1273 trem
502 1222 672 1275 tuum
703 1220 827 1275 heri
855 1223 1132 1292 fellonem,
1167 1224 1319 1294 quod
1352 1222 1484 1294 plus
1539 1222 1740 1294 utique
1790 1237 1969 1292 quam

292 1360 297 1363 .
320 1308 475 1378 fatue
497 1312 587 1364 est
616 1314 865 1366 matrem
896 1314 1057 1366 tuam
1086 1321 1278 1384 putum
1307 1312 1644 1383 (3598),quod
1678 1312 1841 1365 raeba
1868 1310 1973 1364 im-

322 1396 575 1453 maniter
603 1404 861 1471 superat,
887 1401 1221 1473 frequenter
1251 1402 1321 1456 ad
1371 1401 1615 1455 aliorum
1665 1398 1969 1454 cumulum

320 1484 635 1542 criminum
660 1505 895 1561 quoque
926 1493 979 1545 te
1011 1490 1231 1546 recolas
1269 1490 1573 1557 vocitasse;
1624 1490 1806 1543 Adam
1838 1504 1971 1543 vero

294 1578 376 1631 .ct
403 1575 581 1631 Evam
608 1576 757 1643 dico,
792 1582 857 1634 ut
889 1579 1035 1634 ratio
1067 1580 1270 1651 utique
1301 1597 1429 1635 reor
1458 1596 1574 1633 non
1597 1579 1857 1643 dedocet,
1909 1576 1969 1631 in

292 1661 632 1730 .cmlestem,
664 1682 841 1737 quam
858 1672 1092 1738 peccato
1112 1668 1503 1740 perdiderant,
1538 1667 1968 1739 ereptionejam

315 1757 716 1824 recuperatam
731 1755 943 1810 Christi
958 1758 1308 1811 constitutos
1323 1758 1386 1827 [γ’.
1399 1800 1411 1817 .
1428 1756 1789 1827 emptione...
1808 1754 1970 1810 resti-

315 1841 519 1912 tutos],
551 1841 785 1915 Deoque
814 1844 1217 1901 reconciliatos
1247 1847 1375 1917 (etsi
1406 1844 1487 1899 ibi
1509 1844 1823 1916 nequeant)
1865 1860 1968 1915 pa-

316 1927 514 1985 triam.
546 1934 766 1988 Versus
795 1934 867 1988 de
884 1934 1286 2005 puriﬁcatione
1316 1938 1529 1990 sanctae
1548 1934 1648 1989 Dei
1672 1933 1971 2004 genitricis

317 2017 511 2075 Mariae
543 2020 737 2076 nescio
768 2038 802 2077 a
831 2039 945 2094 quo
974 2022 1439 2079 luculentissime
1452 2023 1803 2094 compositos
1818 2039 1973 2077 com-

300 2107 696 2175 ‘mendatione
716 2110 951 2183 tui,regi
965 2112 1198 2167 cuidam
1213 2112 1553 2168 adolescens
1566 2112 1719 2183 quod
1736 2129 1835 2182 pro
1854 2110 1972 2165 tuis

321 2196 577 2268 indeque
606 2201 663 2253 et
685 2198 942 2271 perditos
959 2199 1272 2256 obtuleris:
1304 2200 1594 2272 inquibus
1617 2199 1971 2271 perpendere
2058 2238 2065 2243 .

319 2285 927 2344 valeszoaresedisse
940 2288 1279 2363 multa,quae
1292 2289 1588 2345 contratui
1604 2288 1968 2361 propositum

321 2377 645 2433 accusatori
676 2378 749 2433 de
779 2379 1087 2450 praeteritis
1129 2378 1347 2435 habeas
1396 2378 1704 2445 derelicta;
1755 2395 1889 2433 cum
1916 2378 1967 2433 ei

316 2466 463 2522 satis
487 2467 755 2524 futurum
788 2484 916 2525 esse
947 2470 1283 2541 promittere
1304 2468 1549 2537 valeam,
1579 2468 1627 2522 si
1651 2466 1751 2523 illa
1775 2468 1970 2523 obser-

312 2559 407 2611 vet
437 2572 565 2628 qua:
595 2558 870 2631 deinceps
892 2558 1088 2625 facies,
1108 2559 1157 2613 si
1177 2558 1309 2614 talis
1331 2558 1504 2614 modo
1535 2561 1599 2613 ut
1619 2574 1681 2612 es
1713 2558 1882 2628 (599),
1904 2560 1969 2611 ut

312 2645 641 2702 timendum
669 2647 837 2703 valde
857 2648 1182 2714 considero,
1202 2664 1355 2720 quon
1371 2648 1575 2702 abesse
1597 2651 1793 2701 tamen
1812 2646 1965 2701 Deus

313 2736 611 2803 concedat,
644 2737 945 2808 perdures,
979 2754 1113 2792 eum
1145 2751 1251 2792 nec
1283 2736 1491 2793 saltem
1522 2735 1581 2790 in
1612 2740 1667 2790 te
1707 2735 1963 2807 comple-

310 2826 461 2890 tum,
485 2825 640 2895 quod
670 2826 892 2881 cantari
917 2826 1247 2897 frequenter
1271 2824 1961 2891 audisti,confessusfue-

312 2910 417 2979 ris,
450 2911 561 2967 hoc
590 2916 706 2968 est:
739 2915 889 2982 Ignis
918 2931 1204 2969 succensus
1234 2923 1311 2969 est
1342 2916 1401 2968 in
1419 2916 1609 2984 furore
1628 2930 1765 2981 meo,
1790 2922 1841 2968 et
1868 2930 1959 2967 ar-

309 3000 457 3056 debit
484 3017 654 3075 usque
697 3002 768 3057 ad
797 3004 1007 3073 infami
1059 3005 1357 3059 novissima
1406 3005 1587 3065 (Deut.
1622 3019 1796 3070 χχχιι,
1847 3002 1960 3073 22),

312 3092 422 3145 etc.
457 3090 519 3145 In
552 3104 669 3147 uno
700 3107 933 3164 quoque
986 3096 1040 3148 te
1082 3092 1421 3147 immaniter
1466 3090 1585 3147 falli
1635 3090 1958 3156 considero,

2071 599 2295 665 tuderis,
2332 598 2543 670 inquit,
2561 600 2793 653 stultum
2824 600 2881 653 in
2907 600 3224 670 pila,quasi
3236 601 3488 670 ptisanas
3498 602 3741 672 feriente

2071 688 2298 757 desuper
2326 690 2461 759 pilo,
2488 706 2594 743 non
2628 692 2915 765 auferetur
2944 688 3012 743 ab
3042 704 3102 744 eo
3123 689 3363 743 stultitia
3392 692 3510 762 ejus
3545 697 3737 762 (Prov.

2073 794 2246 845 xxvn,
2279 781 2407 849 22):
2444 778 2491 830 si
2525 782 2845 848 contraque
2880 780 2933 831 te
2967 777 3170 847 tuique
3209 778 3549 835 consimiles
3599 797 3744 835 con-

2077 871 2413 937 querentem
2444 883 2513 920 ne
2543 865 2931 921 trauscursim
2964 865 3144 937 legas,
3176 882 3404 935 moneo,
3442 868 3623 923 etiam
3657 869 3746 925 ita

2077 956 2451 1026 prephetam:
2488 956 2761 1009 Attrivisti
2798 971 2905 1018 eos,
2956 962 3332 1011 ctrenuerunt
3369 958 3619 1028 accipere
3655 958 3744 1013 di-

2076 1046 2373 1114 sciplinam
2405 1046 2535 1112 (Jer,
2566 1061 2621 1110 v,
2655 1044 2730 1113 3);
2764 1044 3037 1098 eumdem
3070 1044 3744 1116 quoqueinspiratorem

2079 1137 2135 1188 et
2166 1132 2481 1187 Dominum
2513 1132 2931 1205 prephetarum
2959 1149 2971 1187 :
3006 1134 3259 1203 Inter/"cci
3281 1138 3332 1189 et
3370 1134 3596 1205 perdidi
3636 1152 3748 1208 po-

2074 1224 2271 1292 pulum
2302 1225 2485 1288 istum,
2528 1231 2579 1277 et
2627 1231 2810 1277 tamen
2840 1238 2872 1276 a
2904 1224 3008 1277 viis
3058 1224 3172 1277 suis
3201 1240 3311 1278 non
3355 1229 3489 1279 sunt
3538 1240 3749 1281 reversi

2081 1310 2214 1381 (Jcr.
2243 1329 2335 1377 xv,
2370 1312 2439 1381 7).
2481 1314 2637 1365 Versa
2670 1318 2747 1366 est
2776 1312 2920 1365 mihi
2949 1312 3138 1366 domus
3168 1313 3339 1368 Israel
3371 1314 3437 1368 in.
3472 1316 3749 1369 scoriam:

2081 1416 2262 1455 omnes
2294 1402 2389 1454 isti
2416 1416 2514 1464 ιῖιις,
2547 1409 2597 1455 et
2648 1405 2943 1465 stannum,
2987 1403 3201 1471 ferrum
3245 1406 3297 1456 et
3342 1403 3637 1473 plumbum
3686 1405 3753 1459 in

2078 1490 2255 1544 medio
2312 1492 2553 1561 fornacis
2606 1490 2820 1552 (Ξῖ-θεὴ.
2883 1507 3023 1557 XXII,
3085 1490 3214 1563 l8):
3272 1490 3471 1547 nullus
3525 1492 3755 1548 scilicet

2081 1578 2335 1651 [subaudi
2364 1582 2473 1649 est]
2506 1583 2815 1649 argentum
2850 1583 2907 1633 et
2938 1596 3150 1634 aurum
3168 1596 3272 1651 per
3292 1580 3489 1653 ignem
3503 1581 3754 1637 tribula-

2078 1668 2275 1734 tionis,
2311 1672 2373 1722 ut
2402 1672 2457 1722 te
2491 1671 2685 1739 putas,
2719 1672 3058 1739 purgatum.
3080 1668 3457 1742 Rursumque
3474 1675 3753 1728 contrate

2079 1761 2135 1811 et
2166 1758 2235 1812 de
2266 1761 2321 1811 te
2352 1756 2798 1828 specialissimo.
2833 1758 2997 1812 Multo
3029 1758 3213 1814 labore
3259 1758 3522 1815 sudatum
3563 1763 3669 1826 est,
3700 1776 3759 1830 et

2078 1862 2185 1901 non
2218 1847 2388 1900 exivit
2416 1846 2480 1900 de
2510 1861 2573 1899 ea
2603 1848 2797 1917 rubigo
2829 1849 2951 1917 ejus
2994 1862 3169 1917 neque
3214 1863 3317 1918 per
3371 1849 3559 1917 ignem
3609 1850 3748 1920 (Jer.

2080 1952 2229 2003 xxw,
2266 1937 2375 2003 12).
2407 1935 2705 2006 Itemque:
2744 1937 2969 1990 Frustra
3004 1938 3259 2006 conﬂavit
3304 1938 3588 2007 con/lator,
3624 1955 3749 1994 ma-

2082 2025 2216 2079 litia)
2246 2041 2433 2080 eorum
2462 2024 2592 2085 (tum
2627 2024 2829 2095 utique
2859 2024 3064 2096 tuique
3097 2024 3411 2101 sodalium)
3462 2043 3574 2083 non
3615 2031 3749 2085 sunt

2079 2122 2415 2185 consumpta:
2446 2116 2573 2184 (Jer.
2607 2130 2684 2179 v1,
2717 2116 2831 2179 29).

2152 2204 2239 2257 41.
2273 2203 2395 2258 Nisi
2443 2219 2575 2257 vero
2624 2205 2681 2256 te
2714 2200 2900 2257 Flacci
2961 2200 3059 2257 illo
3109 2202 3379 2274 superius
3438 2205 3749 2263 confutas-

2081 2308 2175 2347 ses
2206 2292 2360 2348 294
2390 2290 2635 2347 dicentis
2672 2289 2981 2359 versiculo,
3034 2308 3215 2363 quam
3262 2290 3566 2349 vilesceret
3613 2294 3750 2368 ipsa

2058 2384 2179 2435 tua
2210 2398 2243 2436 a
2273 2380 2525 2453 peccatis
2551 2397 2667 2435 non
2699 2397 2733 2434 a
2762 2396 2923 2435 more
2952 2378 3265 2449 virtutum,
3297 2381 3398 2436 sed
3414 2381 3743 2455 supplicio-

2078 2486 2208 2525 rum
2243 2474 2401 2525 metu
2458 2469 2529 2539 [si
2556 2485 2673 2540 qua
2702 2473 2897 2523 tamen
2931 2472 3037 2537 est,
3096 2468 3411 2525 dicendum
3460 2471 3572 2542 est]
3607 2490 3748 2529 con-

2074 2558 2292 2613 versio‘?
2323 2558 2434 2613 Sed
2466 2557 2606 2629 quia
2630 2562 2685 2612 te
2716 2556 3098 2612 exterioribus
3129 2558 3423 2630 conspicio
3464 2560 3652 2617 etiam
3682 2561 3745 2618 in

2075 2647 2188 2703 ista
2201 2651 2300 2701 tua
2310 2646 2622 2703 criminum
2638 2651 2874 2701 tuorum
2892 2645 3284 2719 descriptione
3301 2647 3446 2704 adeo
3466 2649 3739 2708 deditum

2074 2737 2367 2804 sensibus,
2403 2740 2468 2791 ut
2499 2736 2653 2807 quod
2687 2736 2803 2791 scis
2835 2736 3073 2806 optime,
3108 2736 3220 2791 nisi
3242 2752 3376 2791 cum
3401 2737 3738 2808 videas,re-

2072 2825 2360 2892 corderis;
2396 2825 2679 2896 Spiritum
2714 2830 2767 2879 te
2799 2842 2912 2879 non
2944 2824 3157 2880 habere
3196 2824 3450 2893 Domini,
3497 2843 3736 2897 moneo,

2072 2914 2463 2985 conspexeris,
2499 2914 2547 2968 si
2582 2913 2847 2969 libertate
2874 2913 3151 2969 carueris.
3190 2915 3289 2971 Ubi
3316 2917 3464 2970 enim
3491 2918 3736 2988 Spiritus

2070 3004 2309 3070 Domini,
2344 3004 2424 3058 ibi
2454 3004 2678 3059 libertas
2709 3004 2785 3071 (II
2813 3003 2934 3059 Cor.
2970 3020 3047 3072 ιιι,
3083 3004 3191 3069 17).
3224 3004 3469 3060 Servum
3510 3022 3653 3079 ergo
3674 3011 3731 3063 te

2070 3108 2325 3163 nequam
2356 3109 2471 3148 non
2506 3092 2714 3160 ﬁlium,
2746 3091 3072 3148 inimicum.
3105 3109 3222 3149 non
3236 3092 3493 3149 amicum
3514 3110 3733 3169 cogno-

294 3177 453 3249 .quia
482 3178 708 3237 dicente
736 3180 1017 3237 veraciter
1068 3181 1316 3237 Domino
1348 3198 1450 3253 per
1497 3180 1825 3253 Sapientiae,
1858 3180 1959 3249 qui
2000 3247 2031 3254 Α
2066 3182 2237 3248 veris,
2273 3181 2321 3236 si
2350 3180 2655 3253 suppliciis
2687 3182 2759 3235 ad
2792 3180 3082 3253 quinlibet
3114 3182 3407 3254 agendum
3437 3182 3529 3239 vel
3552 3184 3733 3241 decli-

312 3268 515 3340 utique
539 3269 771 3343 estipse
790 3270 1289 3338 mentirinescius,
1314 3269 1561 3325 librum:
1588 3270 1756 3337 Quem
1774 3270 1962 3339 diligit
1990 3247 2033 3315 θ
2069 3271 2331 3325 nandum
2364 3269 2752 3342 compelleris.
2772 3271 2917 3326 Nam
2942 3271 2988 3326 si
3024 3288 3257 3343 pinnam
3276 3288 3393 3327 non
3407 3276 3728 3346 metueres,

300 3360 469 3424 Deus,
503 3360 727 3431 corripit
757 3361 939 3432 (Prov.
974 3376 1061 3427 ιιι,
1094 3361 1217 3427 12);
1252 3364 1306 3415 te
1340 3358 1455 3414 illic
1488 3376 1589 3430 pro
1624 3359 1955 3413 innumera-

296 3444 517 3503 bilibus
545 3447 606 3504 in
631 3448 741 3504 hoc
767 3448 978 3505 saeculo
1009 3452 1112 3504 tua
1133 3448 1276 3504 reris
1308 3447 1640 3520 (600)culpa
1660 3448 1954 3520 perpessis

297 3536 467 3608 (falso
493 3554 565 3595 ne
588 3542 786 3595 tamen
811 3538 1007 3595 videas
1039 3538 1267 3609 moneo)
1300 3554 1430 3593 esse
1479 3537 1861 3609 descriptum,
1894 3542 1953 3592 et

292 3629 351 3683 te
381 3627 551 3699 quasi
581 3627 839 3684 vindicta
865 3627 1090 3699 perlata
1119 3628 1317 3684 reddis
1359 3643 1655 3693 securum,
1712 3644 1827 3682 non
1859 3644 1947 3682 re-

291 3715 489 3771 colens
519 3720 772 3786 quatuor
802 3731 930 3771 esse
959 3732 1172 3786 genera
1214 3715 1685 3788 percussionum,
1735 3732 1863 3787 quae
1896 3716 1944 3771 si

290 3820 411 3859 non
441 3804 787 3871 recordaris,
821 3804 893 3859 ad
926 3804 1292 3875 Gregorium,
1326 3803 1753 3871 dico,redieris;
1788 3803 1943 3860 solos

288 3895 514 3960 autem,
549 3894 616 3946 ut
645 3891 716 3946 de
758 3892 1103 3961 compendio
1134 3891 1344 3963 loquar
1391 3891 1551 3946 illius
1593 3895 1836 3960 asserto,
1869 3892 1942 3948 ab

291 3977 526 4036 aeternis
551 3977 896 4051 temporalia
938 3978 1168 4051 ﬂagella
1215 3978 1485 4045 liberant,
1549 3995 1696 4050 quos
1726 3979 1941 4035 immu-

290 4072 439 4125 tant.
471 4068 620 4123 Nam
645 4067 781 4123 licet
810 4068 883 4122 ab
912 4068 1069 4124 exitu
1099 4068 1182 4123 sis
1197 4067 1444 4134 viarum,
1478 4068 1535 4122 id
1566 4072 1673 4135 est,
1701 4072 1940 4125 tuorum

290 4158 617 4214 defectibus
649 4161 891 4215 vocatus
942 4155 1356 4225 moliminum;
1390 4161 1583 4212 tamen
1626 4157 1766 4228 quia
1813 4157 1940 4213 sine

287 4252 448 4304 veste
477 4264 540 4305 es
569 4246 837 4320 nuptiali,
872 4263 966 4315 ne,
996 4247 1199 4312 Amice,
1248 4247 1508 4318 quomodo
1564 4247 1671 4301 huc
1702 4249 1941 4302 introisti

289 4338 519 4409 (Matth.
550 4354 692 4408 xxn,
724 4339 832 4405 12),
856 4336 964 4392 tibi
980 4336 1228 4403 dicatur,
1254 4352 1369 4391 non
1391 4335 1538 4391 nihil
1562 4338 1934 4408 potesvereri.

282 4426 414 4482 .Tibi
440 4442 575 4482 vero
604 4426 700 4482 hic
743 4426 1008 4496 subjecta
1037 4440 1108 4479 ne
1138 4441 1252 4480 non
1286 4424 1745 4491 disconveniant,
1792 4427 1934 4481 dum

287 4515 359 4570 ab
384 4514 694 4587 iniquitate
723 4529 913 4585 neque
943 4511 1173 4585 flagella
1222 4518 1622 4586 compescunt,
1670 4514 1931 4583 solerter,

2069 3364 2133 3414 ut
2160 3361 2244 3415 tui
2277 3363 2499 3415 asserto
2534 3359 2721 3431 ipsius
2753 3360 2981 3430 agnovi,
3016 3360 3217 3432 pejora
3241 3359 3419 3416 etiam
3433 3378 3616 3433 quam
3649 3362 3730 3420 fa-

2066 3450 2187 3504 cias
2220 3453 2604 3521 perpetrares.
2639 3448 2797 3503 Bona
2826 3466 2959 3504 vero
2990 3449 3099 3505 etsi
3132 3466 3249 3505 non
3281 3448 3341 3504 in
3388 3450 3631 3521 divinis,
3666 3452 3726 3507 in

2064 3538 2237 3593 Tullii
2272 3538 2477 3593 saltem
2511 3542 2568 3592 et
2596 3542 2935 3593 caeterorum
2970 3536 3313 3608 hujusmodi
3335 3540 3653 3596 sententiis
3672 3546 3730 3597 et

2059 3627 2347 3697 ejusdem,
2378 3643 2554 3698 quem
2586 3625 3256 3698 noviterprotulisti,pro
3270 3626 3613 3700 semetipsis
3637 3629 3725 3686 di-

2058 3715 2272 3771 dicisse
2302 3720 2575 3787 potueras
2606 3714 2922 3787 diligenda.
2942 3720 3001 3770 et
3017 3732 3132 3770 non
3160 3715 3347 3786 pcenis
3370 3718 3723 3789 cogentibus

2055 3804 2447 3876 exsequenda.
2480 3804 2763 3870 Erubesce,
2795 3804 2982 3859 Sidon.
3032 3805 3114 3859 ait
3144 3820 3292 3870 vero,
3345 3804 3718 3874 memineris,

2053 3908 2204 3948 mare
2236 3895 2385 3955 (lsai.
2417 3910 2576 3960 xxm,
2611 3894 2686 3957 4).
2720 3892 2954 3947 Certum
2986 3896 3076 3947 est
3117 3909 3272 3959 vero,
3323 3892 3464 3965 quia
3514 3910 3720 3951 coram

2054 3980 2170 4036 Deo
2220 3982 2553 4037 innocentia
2609 3981 2901 4036 amittitur
2956 3982 3235 4054 corporis,
3284 3980 3345 4036 in
3378 3983 3553 4054 cujus
3582 4001 3721 4040 con-

2052 4075 2255 4141 spectu
2288 4070 2544 4125 motibus
2573 4069 2937 4141 delinquitur
2966 4071 3178 4127 cordis.
3229 4071 3440 4139 Manus,
3494 4072 3716 4145 inquit,

2051 4160 2112 4213 in
2139 4176 2331 4223 manu,
2365 4158 2412 4213 si
2446 4158 2590 4213 nihil
2616 4160 2842 4230 agenda
2863 4160 3208 4231 [f.,agendo]
3222 4159 3399 4215 etiam
3421 4161 3715 4219 subaudis

2050 4252 2336 4313 teneatur,
2364 4263 2475 4301 non
2503 4249 2607 4302 erit
2633 4250 2890 4303 innocens
2920 4249 3100 4303 malus
3128 4250 3309 4314 (Prov.
3343 4265 3420 4314 x1,
3444 4250 3563 4321 21).
3600 4251 3713 4307 Re-

2050 4340 2273 4409 pugnat
2301 4335 2474 4391 etiam
2507 4336 2622 4391 Deo
2654 4354 2757 4407 pro
2789 4354 2978 4408 posse,
3012 4337 3111 4408 qui
3131 4335 3302 4392 vellet
3322 4339 3711 4395 tormentaab

2048 4442 2113 4480 eo
2146 4428 2339 4479 creata
2368 4441 2481 4479 non
2516 4425 2717 4492 fuisse,
2742 4429 2807 4479 ut
2829 4424 2941 4481 sibi
2962 4423 3415 4497 liceretimpune
3441 4441 3711 4497 peccare.

2020 4502 2107 4567 'ln
2141 4530 2207 4569 eo
2239 4529 2379 4569 sane
2409 4514 2564 4585 quod
2597 4517 2653 4568 te
2686 4514 2820 4568 ﬁere
2851 4517 3090 4585 peccata
3118 4518 3222 4569 tua
3252 4531 3367 4570 non
3419 4530 3618 4586 posse,
3654 4520 3713 4571 et

284 4618 446 4673 rogo,
479 4603 714 4657 attende
763 4602 1066 4674 praemisso
1116 4603 1293 4674 quod,
1355 4603 1768 4674 procacitatem
1819 4604 1934 4660 nisi
1963 4613 2011 4683 Β
2043 4601 2213 4658 dictis
2244 4601 2362 4657 tuis
2392 4607 2451 4657 et
2479 4600 2699 4657 intuitu
2733 4618 2861 4657 meo
2890 4601 3140 4674 percepi;
3176 4619 3291 4657 non
3343 4604 3711 4675 perpendam

283 4688 762 4763 prazcipitationis
817 4689 1030 4763 linguae
1092 4690 1349 4763 corrigas
1398 4696 1532 4759 tuae,
1603 4709 1751 4747 vana
1807 4697 1927 4759 tua,

279 4778 513 4836 etiamsi
543 4783 699 4835 esset
728 4778 945 4851 aliqua,
976 4780 1091 4835 ista
1119 4779 1600 4835 cstconfessionis
1614 4781 1815 4853 religio
1846 4786 1928 4837 at-

279 4870 530 4924 testante
558 4866 824 4941 apostolo
854 4867 1071 4923 Jacobo
1103 4870 1235 4929 (Jac.
1270 4885 1307 4934 ι,
1357 4868 1467 4938 26).
1522 4869 1682 4931 Quod
1727 4873 1923 4923 autem

274 4973 492 5012 vanum
521 4961 634 5025 est,
664 4955 1155 5013 remuneratidnis
1184 4958 1440 5029 pondere
1471 4963 1682 5025 careat,
1722 4974 1922 5014 conse-

275 5059 464 5116 quens
494 5045 711 5117 pariter
740 5049 847 5101 est.
883 5044 954 5099 Ut
982 5044 1122 5115 dixi,
1155 5050 1426 5105 caeterum
1457 5044 1655 5099 videas
1688 5050 1743 5100 te
1791 5061 1925 5117 sug-

2042 4695 2099 4745 te
2130 4690 2272 4747 satis
2304 4691 2553 4757 intueor,
2584 4707 2764 4762 quare
2798 4690 3102 4762 prohibita:
3129 4691 3250 4745 sint
3281 4691 3453 4761 (601),
3497 4696 3565 4746 ut
3614 4710 3708 4749 ra-

2037 4779 2353 4835 tiocinatur
2382 4779 2683 4851 propheta,
2719 4779 2893 4834 stillae
2921 4783 3022 4835 ate
3040 4778 3435 4851 lacrymarum
3460 4780 3593 4846 (Jer.
3614 4798 3704 4852 ιιι,

2035 4868 2089 4930 3)
2116 4868 2338 4939 utique,
2362 4868 2489 4938 jam
2528 4884 2657 4922 sero
2689 4867 2910 4923 scilicet
2935 4867 3145 4923 saltem
3178 4872 3418 4940 peccata
3447 4885 3579 4940 qua:
3612 4869 3706 4925 di-

2033 4955 2261 5012 luerent
2290 4961 2409 5021 tua,
2442 4973 2761 5028 semenque
2777 4955 2934 5013 verbi
2954 4955 3014 5011 in
3046 4962 3101 5012 te
3122 4957 3379 5013 facerent
3401 4956 3701 5030 (ipsaque:

2030 5045 2139 5113 tibi
2173 5045 2364 5100 inesse
2384 5045 2615 5101 videtur
2643 5046 2913 5101 ariditate
2944 5045 3264 5117 compluta,
3290 5048 3470 5117 atque
3501 5048 3704 5106 made?

344 5268 494 5337 (598)
522 5267 647 5343 Vox
688 5276 900 5343 putum,
945 5285 1096 5343 quae
1127 5285 1326 5343 vocem
1386 5268 1550 5322 racha
1602 5268 1921 5343 immaniter
2028 5267 2177 5343 deas)
2208 5277 2259 5343 te
2290 5270 2406 5343 illic
2434 5268 2774 5343 descriptum
2797 5284 2907 5323 esse
2922 5285 3024 5339 pro
3038 5268 3540 5325 innumerabilibus
3564 5287 3695 5343 per-

266 5347 507 5410 superat,
541 5339 601 5394 in
629 5339 850 5395 malum
870 5339 1326 5394 etcenviciosum
1350 5356 1589 5393 sensum
1613 5340 1915 5408 accipitur,

264 5427 332 5465 ao
362 5410 731 5483 meretricem,
758 5411 1069 5483 signiﬁcat,
1099 5428 1226 5483 quae
1261 5426 1683 5483 nuncquoque
1724 5410 1916 5483 ltalice

258 5489 399 5551 puta
426 5485 685 5536 vocatur.
718 5481 861 5536 Hin'c
882 5488 1049 5537 vetus
1097 5482 1275 5551 hujus
1310 5481 1519 5535 Italica:
1568 5481 1721 5535 vocis
1754 5481 1913 5551 origo

262 5552 519 5606 notanda
550 5557 657 5618 est,
690 5553 841 5607 sicut
864 5553 1037 5607 etiam
1067 5552 1307 5607 alterius
1336 5554 1612 5623 fcllonrm,
1655 5566 1782 5622 qua:
1808 5552 1911 5607 La-

263 5623 385 5676 tine
416 5624 700 5691 perﬁdum
733 5624 1045 5693 signiﬁcat.

338 5694 483 5763 (599)
519 5694 578 5747 [d
609 5699 716 5761 est,
749 5692 955 5749 sitatis
986 5694 1263 5765 perdures,
1296 5703 1355 5749 ut
1384 5692 1537 5747 modo
1567 5710 1637 5757 cs,
1674 5698 1781 5748 etc.

338 5765 486 5835 (000)
513 5767 824 5823 Construe:
858 5767 1011 5821 lteris
1059 5770 1268 5837 (moneo
1325 5770 1505 5821 tamen
1540 5782 1606 5819 ne
1659 5766 1797 5835 falso
1833 5768 1909 5820 vi-

2022 5341 2192 5410 pessis
2223 5341 2281 5393 in
2314 5340 2411 5394 hoc
2464 5340 2659 5395 sseculo
2685 5341 2846 5409 culpa
2877 5349 2994 5395 tua.

2032 5444 2037 5447 Α
2100 5411 2247 5479 (601)
2279 5412 2495 5465 Textus
2525 5410 2820 5482 propheta:
2877 5410 3146 5467 Jeremize
3196 5427 3281 5477 ιιι,
3336 5412 3389 5477 3,
3423 5411 3520 5466 hic
3569 5415 3690 5467 est:

2028 5482 2385 5548 Quamobrem
2412 5482 2699 5552 pro/tibiae
2728 5490 2856 5537 sunt
2885 5484 3057 5538 stilla?
3077 5483 3418 5553 pluviarum,
3467 5487 3519 5537 et
3540 5499 3692 5538 sero-

2026 5555 2175 5606 tinus
2206 5554 2381 5607 imber
2408 5569 2514 5605 non
2546 5555 2677 5622 fuit.
2710 5552 2995 5607 Construe
3043 5552 3204 5607 vero:
3265 5558 3452 5623 Quare
3494 5553 3692 5623 prohi-

2022 5623 2154 5705 bitee
2183 5627 2295 5677 sint
2327 5625 2681 5695 (utprapheta
2709 5625 3278 5706 ratiocinatur)still42
3308 5626 3693 5749 lacrimarum

2022 5703 2211 5749 utzaue
2231 5713 2263 5749 (ι
2286 5704 2355 5749 te.
2385 5712 2505 5749 aue:
2537 5712 2650 5749 1am
2696 5696 2914 5749 saltem.
2956 5712 3074 5749 sero
3130 5696 3360 5749 scilicet.
3446 5697 3691 5749 iluereut

2020 5696 2211 5763 utique
2231 5713 2263 5749 (ι
2286 5704 2355 5761 te,
2385 5712 2505 5765 qua:
2528 5712 2650 5765 jam
2696 5696 2914 5766 saltem,
2956 5712 3100 5766 sero,
3130 5696 3360 5760 scilicet,
3406 5696 3465 5750 di

2014 5770 2380 5838 peccatatua,
2408 5767 2761 5839 et‘compluta
2809 5765 2931 5839 ipsa
2978 5765 3260 5837 ariditate,
3303 5784 3422 5839 qua:
3468 5768 3689 5831 videtur

3467 5697 3691 5751 luerent
