3896 6398
142 392 252 477 ω

983 410 1467 483 EXCERPTUM
1508 414 1615 480 EX
1659 413 2001 480 DIALOGO
2041 404 2679 481 CONFESSIONALI.

3444 400 3570 482 ω

142 530 295 600 Tacta
321 543 539 602 duritie
570 546 762 606 cordis
808 548 917 623 tui)
950 551 1153 624 utique
1197 567 1458 608 crescere
1489 568 1522 608 a
1546 534 1793 608 Domino
1821 549 1877 617 Α
1906 548 2021 615 nia,
2056 566 2191 605 cum
2217 554 2281 605 ut
2309 548 2770 608 clementissime
2803 549 2885 607 ita
2941 550 3061 608 sint
3091 553 3149 609 et
3190 537 3565 609 veracissime

146 632 638 706 fructificandum,
672 642 729 693 et
758 638 887 695 cceli
939 640 1171 707 horreo,
1193 641 1591 697 criminositas
1623 645 1679 697 et
1708 641 1798 696 in-

145 724 601 782 convertibilitas
633 731 735 783 tua
778 729 1127 787 interdicere
1174 731 1287 786 nisi
1321 730 1671 796 miserrime,
1703 748 1799 785 re-

147 812 538 870 condendum.
573 816 722 882 Quid
754 819 913 873 enim
946 836 1149 875 censes
1181 821 1252 875 de
1283 819 1475 892 culpa,
1510 837 1686 892 quam
1729 821 1799 875 de

138 900 250 957 isto
282 901 480 959 solum
509 905 721 977 probro
748 908 1288 980 contraxisti,cujus
1307 910 1589 981 nunc'pro
1604 910 1803 965 anima

138 989 388 1063 vigilias,
406 996 471 1048 ut
502 995 684 1051 moris
715 1001 877 1066 est,a
898 998 1178 1053 fratribus
1210 999 1333 1054 ﬁeri
1367 1000 1630 1064 audiens,
1655 1017 1797 1071 pro:-

151 1078 467 1152 cipitanter
493 1084 703 1139 tuatim
735 1086 886 1156 (002)
918 1087 1138 1154 dixisti,
1168 1105 1283 1143 non
1312 1105 1416 1161 pro
1446 1105 1512 1144 eo
1559 1107 1621 1145 se
1670 1106 1797 1145 ora-

139 1172 366 1240 turum,
406 1170 547 1242 quia
579 1173 759 1229 scires
786 1190 920 1229 eum
952 1175 1011 1230 in
1042 1176 1269 1232 inferno
1295 1194 1443 1243 esse,
1481 1195 1583 1250 pro
1604 1195 1670 1233 eo
1693 1178 1802 1233 sci-

145 1255 295 1324 licet,
314 1260 475 1331 quod
500 1278 632 1317 cum
651 1263 774 1333 jam
800 1263 1028 1320 diutino
1047 1265 1402 1322 monachum
1426 1284 1486 1323 se
1510 1267 1633 1322 fieri
1653 1267 1798 1324 velle

139 1346 274 1402 adeo
295 1349 659 1419 promiserit,
680 1355 746 1406 ut
766 1352 944 1408 etiam
977 1354 1268 1428 stipendio
1311 1357 1557 1413 cmnobii
1597 1358 1798 1413 introi-

137 1437 257 1490 tum
292 1437 457 1504 dato,
492 1439 838 1512 acquisierit
866 1444 1032 1510 (603),
1050 1459 1120 1500 ex
1147 1462 1262 1517 quo
1292 1446 1397 1500 tibi
1431 1463 1663 1519 quoque
1681 1464 1800 1503 una

128 1521 277 1579 libra
312 1528 619 1598 provenit;
654 1528 934 1586 dilatione
964 1533 1199 1588 corvina
1231 1534 1600 1591 miserrimus
1647 1536 1800 1592 facta

131 1609 185 1667 in
215 1611 542 1673 clericatus
572 1615 780 1673 habitu
815 1619 1035 1688 infelix,
1071 1627 1136 1676 ut
1166 1623 1270 1677 tibi
1290 1623 1538 1688 videtur,
1569 1623 1796 1680 obierit.

126 1701 307 1773 Cujus
344 1704 507 1760 enim
538 1705 715 1778 culpa
747 1712 878 1779 post
906 1708 1106 1781 ipsum
1132 1712 1323 1783 magis
1364 1714 1454 1767 est
1507 1712 1697 1784 ipsius
1728 1712 1799 1784 (si

124 1793 211 1845 est
240 1794 455 1847 tamen
481 1794 772 1865 perditus)
807 1797 1083 1867 perditio,
1103 1814 1283 1869 quam
1300 1802 1402 1853 tua
1418 1799 1802 1871 omniumque

1907 638 2135 712 prolata
2157 638 2308 694 male
2323 640 2707 715 intelligentis
2727 641 2895 698 vitiat
2917 641 3294 715 negligentia,
3313 645 3567 714 autprte-

1907 728 2097 783 missa
2157 729 2397 797 scilicet,
2442 736 2549 785 aut
2598 732 3020 804 subsequentia
3043 731 3241 788 minus
3261 748 3568 805 tequoper-

1906 817 2188 889 pendens.
2224 818 2265 872 E
2299 819 2513 890 quibus
2546 823 2612 874 ut
2642 838 2758 876 uno
2816 826 3022 876 caetera
3047 821 3563 893 comprehendam,

1907 905 2188 978 gaudium
2245 923 2374 963 esse
2404 908 2463 962 in
2496 908 2639 964 caelo
2680 910 2971 982 promittit
3000 926 3179 982 super
3208 927 3324 966 uno
3356 927 3566 983 pecca-

1908 1000 2054 1061 tore,
2089 1012 2264 1067 quam
2301 1014 2478 1069 super
2527 999 2848 1071 nonaginta
2876 1016 3081 1054 novem
3107 1000 3346 1070 justos;
3383 1001 3481 1055 sed
3515 1000 3565 1057 si

1908 1084 2148 1157 gaudes
2180 1085 2309 1141 ideo
2341 1085 2585 1153 dictum,
2620 1088 2759 1159 quia
2789 1090 2844 1143 te
2893 1093 3257 1160 peccatorem
3290 1088 3563 1155 attendis,

1909 1174 2052 1229 audi
2084 1190 2262 1246 super
2291 1192 2407 1247 quo
2431 1181 2728 1248 peccatore
2746 1178 3027 1249 gaudium
3048 1177 3242 1251 ipsum
3266 1194 3394 1234 esse
3410 1178 3567 1234 dicat

1907 1262 1965 1317 in
1989 1262 2160 1330 ccnlo;
2186 1266 2243 1318 et
2262 1268 2323 1318 tu
2348 1269 2617 1337 peccator
2645 1282 2775 1321 esse
2806 1265 2959 1332 talis,
2978 1265 3187 1322 saltem
3219 1266 3565 1339 quiajustus

1907 1367 2037 1407 esse
2068 1369 2183 1407 non
2212 1352 2391 1422 vales,
2427 1360 2647 1425 satage,
2678 1355 2747 1409 de
2775 1372 2890 1427 quo
2935 1355 3150 1411 dicitur
3206 1355 3354 1429 ipso,
3382 1358 3565 1429 paeni-

1905 1443 2153 1506 tentiam,
2185 1441 2398 1515 inquit,
2431 1452 2622 1514 agente
2653 1444 2838 1516 (Ibid)
2863 1445 3024 1511 Quod
3053 1445 3279 1517 usque?
3300 1446 3423 1501 Non
3456 1445 3563 1501 tibi

1907 1528 2060 1597 dico,
2093 1530 2231 1600 quia
2246 1530 2340 1585 hic
2371 1532 2597 1586 dictum
2632 1549 2745 1587 non
2778 1534 2971 1589 audio.
3006 1533 3152 1589 Cum
3176 1551 3311 1589 vero
3344 1534 3403 1589 in
3436 1533 3562 1606 lege

1909 1617 1980 1672 de
2003 1619 2305 1673 mundatis
2327 1636 2430 1688 per
2450 1620 2680 1675 diversa
2707 1622 2996 1676 sacriﬁcia
3014 1621 3226 1694 culpis,
3251 1623 3567 1695 immundus

1909 1706 2018 1758 erit
2050 1721 2217 1776 usque
2259 1707 2330 1762 ad
2380 1725 2659 1779 vesperam
2692 1708 2884 1780 (Levii.
2913 1726 3007 1777 xv,
3043 1709 3155 1782 11),
3188 1710 3363 1769 audio
3396 1711 3512 1767 dici
3550 1730 3563 1781 ;

1911 1795 2381 1867 unumquodque
2412 1801 2716 1867 peccatum
2749 1798 2926 1853 etiam
2947 1798 3263 1855 dimissum
3280 1817 3468 1873 usque
3491 1802 3565 1858 ad

116 1877 413 1946 fratrum,
447 1881 549 1952 qui
578 1882 850 1953 receptis,
887 1900 1015 1955 quae
1048 1885 1236 1957 ipsius
1266 1888 1540 1953 erant,de
1567 1888 1663 1944 illo
1686 1906 1800 1944 non
1830 1923 1878 1988 B
1910 1881 2454 1955 horamlugendum
2472 1890 2792 1941 extremam
2809 1886 2976 1958 mihi,
2997 1888 3564 1953 fateor,videri'Pec-

120 1968 417 2034 curastis,
450 1969 550 2024 sed
585 1986 719 2025 cum
751 1970 986 2027 diabolo
1020 1972 1352 2030 dimisistis.
1386 1975 1502 2031 Vos
1533 1976 1688 2033 enim
1716 1977 1800 2033 in-

120 2060 369 2112 cessant
384 2073 449 2112 er
480 2057 768 2115 debuistis
801 2077 934 2115 eum
970 2078 1228 2131 monere,
1256 2064 1406 2121 295
1434 2069 1519 2133 ut,
1540 2068 1799 2139 quodvo—

123 2147 317 2215 verat,
375 2144 495 2201 Deo
541 2147 782 2203 reddere
840 2149 1161 2218 festinaret,
1191 2157 1504 2225 antequam
1563 2154 1671 2210 hoc
1719 2156 1792 2223 ei,

129 2233 288 2305 quod
325 2234 507 2305 modo
555 2234 714 2290 novit
744 2238 1003 2307 [subaudi
1037 2239 1373 2312 contigisse]
1406 2243 1790 2316 contingeret.

129 2320 191 2375 Et
219 2320 366 2401 quia
398 2337 515 2377 non
546 2322 789 2390 fecistis,
823 2325 1176 2399 interrogate
1202 2334 1570 2402 prophetam,
1590 2331 1717 2404 ipso
1732 2331 1790 2388 in

122 2398 363 2481 peccato
377 2426 487 2466 suo
505 2415 758 2480 mortuo,
776 2414 845 2469 de
864 2415 1034 2485 cujus
1048 2398 1227 2472 manu
1242 2418 1589 2492 sanguinem
1603 2420 1793 2494 ipsius

130 2496 282 2553 Deus
315 2498 532 2556 debeat
562 2502 859 2573 requirere
889 2504 1104 2567 (EI-86h.
1130 2523 1214 2575 ιιι,
1250 2507 1363 2578 18),
1396 2525 1531 2564 cum
1556 2510 1790 2566 etiamsi

133 2586 332 2643 datum
363 2592 543 2656 esset,
558 2594 625 2645 ut
653 2588 885 2661 faceret,
918 2594 1212 2650 Sententia
1241 2595 1343 2652 illa
1372 2614 1473 2653 vos
1488 2598 1790 2655 Dominiin

135 2674 236 2731 hoc
268 2676 354 2733 ita
387 2679 846 2753 constringeret:
873 2683 963 2738 Vae
992 2684 1140 2739 vobis
1169 2685 1447 2743 Pharisaei
1465 2688 1789 2759 hypocritze,

137 2766 261 2837 quia
287 2768 545 2823 circuitis
575 2785 729 2824 mare
758 2774 810 2825 et
843 2772 1082 2839 aridam,
1114 2777 1165 2828 et
1190 2776 1380 2845 facitis
1411 2793 1583 2831 unum
1603 2794 1790 2848 prose-

139 2855 327 2926 lytum,
351 2860 566 2912 etcum
609 2861 786 2930 fuerit
832 2860 1031 2930 factus,
1060 2864 1245 2933 facitis
1292 2880 1418 2919 eum
1471 2866 1654 2935 ﬁlium
1700 2884 1791 2936 ge-

140 2942 329 3002 hennae
351 2945 522 3019 duplo
546 2963 713 3019 quam
756 2964 844 3004 vos
873 2951 1091 3019 (Matth.
1126 2968 1284 3021 xxiii,
1321 2954 1430 3021 15).
1463 2954 1793 3011 Miserrime

140 3032 309 3104 igitur
338 3035 802 3109 misereor,quia
824 3042 930 3094 tua
960 3056 1075 3094 non
1106 3045 1271 3112 potes
1300 3042 1510 3098 deflere
1532 3048 1789 3115 peccata,

140 3122 231 3194 qui
278 3123 563 3198 plangere
618 3126 927 3196 debueras,
971 3129 1111 3185 dum
1172 3130 1349 3186 etiam
1399 3132 1787 3205 compelleris,

138 3208 334 3268 aliena.
366 3213 442 3269 Et
476 3218 695 3286 quanto
717 3215 914 3272 minus
947 3221 1002 3273 te
1033 3218 1171 3273 ﬂere
1204 3236 1318 3275 non
1346 3221 1593 3289 sufficis,
1627 3226 1789 3279 tanto

1907 1973 2067 2035 casti,
2099 1972 2199 2040 ait;
2233 1976 2446 2045 quiesce
2503 1976 2691 2044 (Eceti.
2745 1992 2860 2043 xxx,
2922 1977 2993 2047 1).
3036 1976 3323 2032 Dimisisti
3378 1995 3564 2034 unum

1906 2065 2234 2132 peccatum,
2268 2061 2502 2133 quiesce
2536 2079 2608 2118 ne
2662 2063 2841 2119 facias
2873 2065 3049 2133 idem,
3085 2070 3187 2121 aut
3216 2066 3429 2134 simile,
3461 2071 3565 2125 aut

1906 2148 2150 2204 forsitan
2175 2151 2364 2223 pejus.
2390 2153 2563 2224 Pejus
2595 2157 2790 2209 autem
2823 2157 2933 2221 est,
2955 2155 3005 2210 si
3039 2156 3192 2228 quod
3218 2155 3560 2225 fecisti,non

1902 2236 2180 2311 plangas;
2206 2256 2445 2311 peccare
2489 2241 2705 2314 quippe
2754 2258 2869 2298 non
2923 2260 3143 2311 cessas,
3177 2244 3225 2301 si
3259 2246 3413 2303 296
3443 2264 3560 2304 non

1901 2326 2207 2397 pmniteas.
2223 2329 2420 2401 Neque
2432 2329 2587 2385 enim
2602 2330 2995 2405 dclesti,quod
3012 2333 3560 2407 scripsisti,etiamsi

1901 2415 2160 2473 scribere
2191 2417 2418 2475 desiisti
2441 2419 2845 2487 ;contumeliis
2872 2437 2977 2477 nec
3008 2422 3181 2477 alicui
3206 2421 3562 2496 illatis,quia

1900 2506 2140 2561 tacuisti
2171 2523 2269 2561 cas
2292 2508 2461 2578 (605),
2478 2507 2606 2563 ideo
2638 2509 3281 2586 emepdasti.Planxisti
3317 2511 3583 2595 forsitan.

1902 2594 1975 2649 ad
2006 2596 2241 2666 tempus
2270 2594 2509 2666 aliquod
2540 2595 2783 2662 crimen,
2818 2613 2918 2651 cor
2948 2597 3297 2653 contrivisti.
3339 2599 3395 2653 Si
3428 2616 3558 2657 vero

1902 2683 2124 2739 crimen
2159 2700 2276 2738 non
2308 2684 2622 2741 deseruisti
2647 2684 2734 2740 vel
2760 2686 3083 2757 pcenituisti
3109 2704 3122 2754 ;
3147 2703 3247 2742 cor
3273 2688 3413 2759 quia
3443 2706 3557 2745 non

1903 2771 2081 2827 etiam
2114 2772 2463 2842 bumiliasti,
2487 2790 2521 2829 a
2542 2774 2657 2831 Deo
2684 2778 2738 2830 te
2770 2780 3032 2847 spretum
3057 2781 3221 2848 potes
3253 2794 3441 2850 neque
3471 2780 3557 2835 in-

1904 2860 2313 2918 convenientcr
2340 2866 2397 2918 et
2448 2880 2560 2918 non
2610 2863 2737 2920 sine
2784 2865 3127 2923 auctoritate
3180 2866 3384 2923 vereri.
3431 2870 3556 2935 Qua

1903 2966 2036 3005 vero
2067 2950 2255 3007 fronte
2286 2951 2438 3008 inter
2466 2953 2787 3025 nonaginta
2818 2955 3236 3026 novemjustos
3265 2959 3319 3012 te
3349 2958 3553 3026 audes,

1903 3038 2131 3096 etiamsi
2192 3040 2609 3110 invenirentur,
2646 3042 2957 3109 ascribere,
2990 3047 3056 3099 ut
3094 3043 3296 3117 utique
3327 3047 3555 3119 majora

1900 3128 2004 3183 tibi
2038 3145 2215 3201 quam
2262 3129 2381 3186 illis
2412 3147 2528 3186 non
2559 3132 2781 3205 cogites
2813 3132 3104 3205 espedire,
3138 3134 3238 3206 qui
3270 3137 3327 3191 et
3348 3136 3552 3207 justus

1904 3217 2211 3288 debueras,
2246 3222 2311 3274 ut
2342 3220 2476 3292 ipsi,
2510 3221 2787 3277 manere?
2815 3222 2961 3286 Quia
2996 3238 3131 3278 vero
3185 3240 3298 3279 non
3338 3224 3553 3294 fecisti,

136 3301 317 3375 magis
346 3320 381 3360 a
409 3304 590 3360 bonis
619 3304 896 3362 omnibus
925 3310 982 3363 te
1012 3307 1273 3364 ﬂendum
1304 3308 1471 3378 (604),
1497 3327 1783 3383 pcrpenso
1815 3294 1859 3363 C
1896 3307 2298 3379 pcenitentiam
2321 3309 2534 3365 debeas
2548 3310 3054 3383 [f.,debes]agerc,
3074 3315 3132 3366 et
3147 3312 3430 3383 gaudium
3444 3313 3553 3369 sal-

134 3389 301 3447 etiam
330 3392 613 3466 colapho,
639 3396 795 3466 quod
827 3395 1000 3452 hodie
1056 3397 1268 3453 dedisti
1311 3400 1384 3454 ad
1440 3404 1496 3455 te
1554 3401 1786 3472 procla-

133 3480 307 3534 manti
343 3481 596 3549 rustico,
630 3482 949 3539 decernens
1011 3488 1299 3556 quantum
1355 3487 1515 3543 absis
1573 3488 1689 3555 his,
1714 3490 1786 3544 de

134 3567 336 3637 quibus
361 3568 625 3625 Jacobus
653 3571 954 3643 apostolus
985 3573 1127 3629 dicit
1151 3591 1163 3629 :
1194 3574 1258 3629 Si
1284 3577 1408 3646 quis
1433 3592 1488 3630 se
1514 3584 1674 3648 putat
1704 3593 1787 3633 re-

134 3654 374 3727 ligiosum
404 3675 546 3728 esse,
578 3676 687 3716 non
718 3665 1008 3734 refrenans
1065 3664 1317 3733 linguam
1366 3681 1545 3733 suam,
1578 3672 1671 3721 sed
1699 3682 1786 3722 se-

132 3744 316 3803 ducens
344 3764 438 3804 cor
468 3765 654 3819 suum,
688 3751 911 3807 scilicet
942 3751 1249 3825 cogitando
1281 3753 1436 3825 quod
1472 3754 1784 3827 religiosus

137 3833 223 3903 sit,
256 3837 418 3910 hujus
447 3855 597 3894 vana
626 3847 704 3895 est
734 3841 929 3910 religio
960 3839 1095 3913 (Jac.
1127 3858 1170 3909 ι,
1202 3842 1314 3914 26),
1350 3843 1603 3912 noveris,
1637 3844 1805 3899 dum-

136 3923 190 3977 tu
211 3925 422 3983 nedum
455 3926 748 4001 linguam,
777 3946 991 3986 manus
1020 3928 1227 3986 saltem
1254 3948 1370 3986 non
1400 3930 1558 3987 vales
1581 3932 1781 3989 miser-

136 4011 307 4071 rimus
338 4017 657 4073 refrenare.

198 4103 279 4159 42.
303 4104 473 4163 Falsa
506 4110 781 4163 caeterum
814 4125 918 4181 spe
950 4108 1139 4181 decipi
1170 4112 1225 4165 te
1247 4126 1480 4182 quoque
1510 4110 1568 4164 in
1586 4112 1779 4168 verbis

136 4186 459 4263 hujusmodi
523 4196 691 4253 video
749 4197 1019 4254 Domini:
1055 4200 1316 4263 Peccasti,
1375 4201 1607 4270 quiesce,
1654 4203 1776 4257 nolo

134 4289 352 4338 mortem
401 4287 711 4356 peccatoris
760 4286 948 4354 (Eccli.
1003 4303 1145 4355 xxx,
1181 4288 1254 4357 1).
1297 4288 1366 4343 Et
1400 4306 1412 4343 :
1448 4289 1779 4363 Quacunquo

137 4364 257 4425 hora
307 4378 564 4444 peccator
618 4391 906 4432 conversus
957 4377 1151 4447 fuerit,
1199 4378 1385 4432 salvus
1426 4381 1533 4434 erit
1561 4379 1771 4450 (Επειδὴ.

135 4471 315 4529 xxxm,
348 4464 459 4535 12).
510 4464 578 4519 Et
608 4481 622 4520 :
658 4465 1057 4522 Convertimini
1081 4466 1152 4521 ad
1178 4483 1286 4535 me,
1315 4471 1368 4522 et
1396 4484 1491 4537 ego
1534 4473 1781 4526 revertar

136 4544 196 4599 ad
220 4563 304 4605 vos
332 4553 519 4614 (Zach.
553 4569 591 4620 ι,
625 4553 701 4625 3).
734 4554 806 4609 Et
833 4553 979 4610 illud
1012 4555 1082 4611 de
1114 4554 1422 4628 Evangelia
1455 4571 1468 4609 :
1505 4555 1776 4613 Gaudium

134 4642 203 4689 est
227 4638 283 4692 in
309 4642 440 4697 caelo
468 4658 637 4715 super
656 4660 767 4699 uno
787 4648 1087 4717 peccatore,
1104 4660 1270 4716 quam
1292 4660 1456 4716 super
1472 4648 1779 4715 nonaginta
1805 4666 1854 4731 Ι)

136 4738 305 4783 novem
328 4730 500 4795 iustos
532 4733 683 4802 (Luc.
714 4749 808 4802 xv,
842 4733 898 4805 7)
931 4748 945 4787 :
979 4739 1034 4789 et
1076 4732 1168 4788 his
1224 4731 1521 4789 similibus
1568 4735 1771 4792 multis

137 4825 226 4881 per
248 4831 481 4890 campos
512 4819 847 4878 divinorum
878 4821 1105 4894 sparsis
1135 4821 1422 4878 librorum
1449 4838 1463 4890 ;
1499 4839 1627 4894 quis
1650 4840 1771 4880 om-

137 4951 290 5037 inesse
311 4962 431 5032 tibi,
461 4968 626 5037 atque
676 4964 985 5036 madefacta
1022 4964 1229 5019 duritie
1262 4963 1440 5020 cordis
1485 4965 1590 5037 tui)
1618 4967 1770 5037 face-

136 5034 244 5107 rent
268 5045 497 5107 crescere
527 5036 593 5090 in
634 5043 686 5091 te
712 5034 897 5107 semen
926 5038 1083 5092 verbi
1110 5037 1301 5107 utique
1320 5034 1770 5107 fructz'ﬁcandum

137 5096 427 5176 abomino,
456 5108 513 5161 et
539 5106 944 5164 recondendum
979 5108 1171 5163 horreo
1205 5096 1373 5173 ‘cceli,
1404 5096 1520 5163 nisi
1574 5111 1767 5165 miser-

136 5179 259 5223 nme
279 5176 643 5234 criminositas
667 5182 719 5234 et
749 5180 1241 5235 inconvertibilitas
1272 5186 1366 5233 tua
1397 5180 1763 5237 interdiceret.

197 5240 589 5321 (692)1'uatim,
621 5249 678 5303 id
711 5255 799 5307 est
828 5268 988 5306 more
1018 5256 1138 5315 tuo,
1176 5249 1259 5303 uti
1294 5250 1448 5319 apud
1470 5250 1761 5321 Plautum,

346 5318 401 5393 ἓ,
422 5320 441 5374 1
462 5360 478 5385 ,
502 5311 713 5393 βίαια
744 5338 859 5378 rem
878 5324 1001 5393 jam
1017 5311 1218 5377 tuatim
1243 5311 1403 5390 facis.

196 5381 331 5467 (693)
353 5381 1038 5467 Legebatur_stipen2lium
1065 5381 1317 5467 είιειηοέἰίί⁸
1353 5394 1589 5448 introitu
1636 5393 1763 5467 dato

134 5457 886 5535 gfquﬁieﬂthorrectionem
917 5481 1130 5520 sensus
1160 5462 1575 5535 suasit;neque
1603 5465 1761 5521 enim

131 5518 236 5606 ηιξ,
255 5528 359 5606 ,εἶμί
393 5518 1222 5606 ωοῐιαοδύώὴέὸἶιίᾶαίὼίυὼ
1244 5518 1633 5606 promiserat,
1665 5553 1760 5592 ac-

133 5599 349 5675 qufifivit
376 5603 731 5675 stipendium
762 5609 899 5663 dato
931 5607 1172 5663 introitu
1207 5599 1449 5661 coinobii
1482 5624 1494 5673 ;
1522 5599 1627 5663 sed.
1653 5626 1761 5663 eae-

131 5665 267 5751 ἷξρθίί
291 5665 578 5751 ξηιζοῖ’τψη
605 5681 901 5751 acquisivit
926 5678 1375 5751 stipendionato,
1406 5665 1619 5749 ex'quo
1643 5697 1762 5737 una

134 5728 1756 5834 [ξειεεειιρεξείρςεπιίὶῑῇέδίεξξθξλλξιίδῑέέβξεξῇῑρεξῑξ

133 5811 339 5870 cwnobii
387 5815 675 5879 introitum
731 5811 1003 5897 stipendio
1058 5811 1182 5880 dato
1234 5811 1571 5895 acquisieril.
1614 5811 1757 5884 Cum

1896 3399 2014 3451 tem
2038 3396 2297 3468 aliquod,
2332 3396 2389 3451 id
2420 3402 2529 3463 est,
2562 3399 2887 3453 secundum
2922 3397 3276 3468 pcenitentias
3306 3400 3555 3471 modum

1893 3481 1953 3538 in
1986 3483 2127 3539 coelo
2157 3484 2379 3557 angelis
2412 3484 2591 3541 facias
2623 3484 2947 3555 [f.,facies].
2984 3486 3146 3549 Quod
3180 3486 3239 3540 in
3266 3491 3322 3542 te
3352 3491 3549 3544 tamen

1894 3588 2031 3626 cum
2062 3572 2162 3627 Dei
2193 3572 2383 3644 gratia
2412 3588 2560 3640 esse,
2586 3573 2955 3628 considerata
2983 3572 3213 3628 arbitrii
3257 3572 3545 3646 libertate,

1892 3659 2050 3715 vales
2081 3660 2459 3731 perpendere.
2493 3663 2617 3726 Qua
2645 3677 2779 3716 vero
2811 3666 3005 3717 mente
3036 3664 3100 3717 tu
3148 3660 3353 3735 culpas
3411 3663 3549 3721 ﬂere

1892 3747 2155 3821 negligas
2168 3752 2299 3821 post
2315 3748 2676 3820 baptismum
2690 3749 3004 3816 admissas,
3018 3752 3256 3823 quando
3272 3768 3548 3811 summus

1890 3841 2091 3908 pastor
2147 3838 2436 3909 quosdam
2488 3837 2777 3894 malorum
2809 3856 3051 3895 suorum
3080 3840 3547 3899 consideratione

1888 3925 2123 3982 territos
2155 3927 2488 3999 admonere,
2521 3931 2584 3983 ut
2617 3928 3075 4002 baptizarentur,
3103 3931 3379 4004 gestiens,
3399 3950 3545 4005 prte-

1890 4016 2051 4072 misit
2081 4017 2283 4072 dicens
2319 4035 2331 4073 :
2360 4018 2753 4092 Paenitentiam
2795 4021 2939 4090 agite
2967 4020 3104 4093 (Act.
3144 4038 3206 4091 11,
3237 4022 3328 4083 38)
3365 4039 3379 4090 ;
3407 4038 3543 4077 cum

1889 4122 2003 4161 non
2036 4105 2350 4174 dubitaret,
2374 4111 2742 4163 sacramento
2774 4108 3151 4179 baptismatis
3182 4109 3380 4165 omnia
3414 4127 3544 4182 pecs

1888 4200 2037 4261 cata,
2083 4194 2314 4251 etiamsi
2358 4193 2521 4249 nulla
2550 4195 2943 4267 praecessisset
2982 4196 3343 4267 pmnitentia,
3369 4212 3541 4252 mun-

1889 4284 2015 4340 dari
2035 4284 2245 4340 valere.
2279 4282 2445 4339 Talia
2472 4298 2607 4338 vero
2638 4281 2746 4347 tibi
2776 4282 3100 4348 inculcans,
3129 4283 3347 4354 quibus
3360 4284 3538 4340 etiam

1890 4374 2107 4429 ferrum
2140 4372 2387 4429 emolliri
2420 4371 2649 4443 loquar,
2666 4372 2827 4426 utita
2849 4373 3540 4446 potuerat,tecompungi

1888 4463 1959 4519 ad
1994 4463 2195 4518 ﬂetum
2227 4461 2367 4534 quia
2395 4478 2513 4515 non
2536 4459 2853 4527 cerno,tibi
2876 4459 3097 4514 dictum
3122 4459 3408 4531 suspicari
3423 4478 3539 4518 non

1886 4552 2125 4619 desino;
2159 4552 2331 4622 Plaga
2388 4550 2611 4605 inimici
2662 4550 2908 4621 percussi
2965 4553 3016 4605 te
3074 4550 3206 4622 (Jer.
3258 4566 3387 4617 xxx,
3425 4552 3537 4614 14).

1883 4641 2157 4696 Attamen
2183 4656 2255 4695 ne
2313 4656 2462 4694 saevo
2490 4654 2781 4693 venenum
2812 4638 3063 4710 adjicere
3092 4639 3291 4695 videar
3318 4639 3534 4712 gladio,

1884 4730 1940 4785 id
1973 4733 2063 4785 est
2107 4728 2335 4785 duritiae
2365 4727 2451 4783 tui
2504 4728 2698 4783 cordis
2751 4727 3218 4801 desperationem
3247 4727 3533 4800 ingerere,

1883 4835 2023 4875 curo
2053 4822 2109 4874 te
2141 4822 2275 4886 Deo,
2300 4818 2428 4889 jam
2461 4833 2616 4872 nunc
2660 4816 3001 4873 confutandi
3049 4816 3301 4873 termino
3359 4818 3531 4887 facto,

1877 4959 2308 5032 vero~syntaxis
2340 4958 2600 5032 Ratherii
2634 4958 2945 5032 peculiaris
2968 4957 3066 5032 sit,
3099 4957 3249 5013 nihil
3275 4959 3333 5014 in
3365 4957 3536 5032 collo-

1880 5029 2107 5088 catione
2138 5031 2448 5115 verbqrum
2490 5029 2805 5115 lmmutare
2834 5030 3534 5115 voluimus.‘Stipendium

1879 5105 2134 5187 speciem
2183 5102 2338 5159 dotis
2390 5102 2705 5175 significat,
2730 5118 2909 5174 quam
2951 5102 3308 5159 monasteria
3335 5102 3532 5175 ingre-

1878 5177 2101 5247 dientes
2132 5175 2453 5230 offerebant
2472 5190 2485 5228 :
2504 5174 2661 5229 unde
2682 5190 2822 5247 cum,
2849 5174 3011 5247 pueri
3032 5173 3533 5247 monasteriistra-

1876 5216 2063 5303 δ
2074 5253 2169 5320 tur
2181 5247 2295 5302 Deo
2314 5251 2594 5320 perpetuu
2606 5262 2660 5300 m
2677 5246 2823 5320 servi
2836 5216 2893 5301 ti}
2902 5246 2947 5300 ri
2958 5289 2970 5313 ,
2987 5246 3280 5320 oblationis
3291 5246 3530 5320 nomine

1876 5320 2096 5392 aliquid
2132 5317 2550 5392 datumfu_isse
2581 5318 2833 5392 antiquas
2862 5317 3127 5392 formulis
3170 5318 3526 5390 exprimunt.

1874 5388 2017 5447 Vide
2065 5394 2207 5445 tom.
2241 5388 2578 5462 IX‘Collcct.
2606 5388 2963 5462 vetIScript.
2996 5388 3257 5445 Martene
3302 5393 3360 5444 et
3407 5392 3526 5444 Du-

1874 5463 2040 5530 rand,
2113 5479 2147 5515 a
2193 5503 2204 5514 .
2241 5459 2362 5515 159.
2883 5459 2899 5462 ’

1946 5478 2305 5613 (694))Vgoces
2334 5540 2384 5613 te
2411 5531 2972 5613 [lcndumreguntur
3000 5548 3034 5588 a
3062 5531 3238 5586 verbo
3286 5530 3523 5596 noveris,

1873 5604 2024 5678 qugd
2060 5604 2625 5684 posteasubjectum
2656 5604 2940 5684 invenies.
3033 5675 3071 5684 __
3155 5674 3166 5684 .
3314 5669 3351 5684 ι,
3418 5669 3427 5679 ,

1942 5667 2088 5748 (005)
2124 5667 2547 5757 Σζίάᾳξίοῡιέηᾳσ
2585 5676 2934 5757 contumeliis
2988 5674 3166 5730 alicui
3200 5669 3375 5728 illatis
3406 5667 3524 5725 ideo

1871 5748 1961 5807 eas
1983 5748 2301 5815 emendasti,
2335 5748 2470 5819 quia
2494 5748 2734 5802 tacuisti.
2772 5765 2781 5771 ·
