3896 6386
161 438 272 509 us

1360 439 1869 511 EXHOR-TATIO
1910 437 2015 508 ET
2055 437 2384 508 PRBCES.

3460 429 3582 508 Μ

163 578 220 640 in
273 575 562 654 propheta
616 576 690 637 de
741 577 962 636 talibus
1006 576 1243 654 legitur,
1275 572 1570 637 nonnihil
1615 597 1818 638 vereor
1844 567 1900 652 λ
1928 573 2350 649 misericordia,
2383 582 2442 636 et
2469 578 2540 637 de
2572 575 2798 636 meritis
2819 579 3157 636 sanctorum
3179 581 3420 636 tuorum
3440 590 3581 636 con-

159 669 334 744 (κίονι.
367 687 470 740 vn,
503 670 617 742 16).
647 669 852 728 Moneo
883 672 1102 738 tamen,
1137 668 1353 726 sinihil
1377 670 1535 726 aliud
1560 671 1814 740 invenis,

143 760 311 834 quod
365 759 595 816 facias:
630 760 731 816 Dei
771 765 849 828 te,
896 759 1126 832 perdita
1173 760 1530 817 omnimodis
1580 760 1817 817 aliunde

160 848 394 918 ﬁducia,
426 852 616 904 totum
671 849 854 904 dedas
903 847 1246 919 clementiae,
1289 853 1348 904 et
1394 865 1534 916 non,
1574 854 1638 904 ut
1667 850 1816 922 (610)

162 938 339 1010 prius,
396 937 619 1011 ignavae
666 953 911 1010 prorsus
964 937 1204 994 desidias
1252 956 1265 1006 ;
1313 939 1416 994 sed
1465 938 1816 996 elaboratio-

162 1041 290 1084 nem
345 1027 652 1096 continua,
704 1026 1135 1083 abrenuntiatis
1193 1026 1390 1083 animo
1441 1027 1534 1084 his
1583 1028 1813 1098 saltem,

163 1132 282 1188 quia
321 1116 602 1188 Apostolo
640 1120 876 1172 auctore
923 1115 1198 1173 mortalia
1246 1133 1362 1174 non
1408 1116 1660 1191 ambigis
1705 1119 1816 1173 cri-

162 1205 318 1260 mina
361 1207 508 1262 fore.
567 1207 640 1261 Et
695 1203 834 1278 quia
877 1221 994 1261 non
1051 1205 1318 1262 sufficit:
1353 1207 1598 1275 Declina,
1652 1206 1814 1274 dicit,

157 1298 393 1361 amato,
442 1303 496 1351 et
551 1296 643 1367 fac
701 1295 900 1350 bonum
959 1295 1010 1368 (Ι
1055 1295 1176 1352 Cor.
1207 1295 1346 1367 vr,);

159 1382 302 1455 (scio
327 1385 489 1440 enim
521 1383 682 1456 quod
714 1400 830 1439 non
861 1381 1043 1456 vales)
1073 1385 1400 1440 secundum
1425 1386 1668 1441 modum
1694 1385 1816 1441 cul-

158 1487 366 1545 parum
399 1485 575 1545 agere
623 1472 1058 1544 paenitentiam;
1092 1473 1310 1529 desunt
1351 1473 1511 1529 enim
1561 1477 1817 1546 tempus,

157 1564 316 1629 ictas,
351 1561 582 1618 sanitas
627 1559 909 1634 corporis,
961 1559 1235 1617 alacritas
1283 1562 1519 1630 mentis,
1573 1562 1821 1620 facultas

154 1648 546 1723 expletionis;
581 1649 632 1705 si
676 1666 794 1705 non
853 1647 1014 1705 vales
1067 1650 1239 1721 (611),
1303 1649 1392 1704 fac
1447 1650 1824 1721 quantulum-

157 1754 416 1813 cunque,
447 1739 687 1797 et'hanc
715 1737 1079 1794 continuam.
1102 1737 1285 1793 Licita
1333 1754 1395 1794 se
1444 1755 1507 1794 se
1536 1735 1827 1810 ingerunt

153 1823 519 1902 aliquoties;
552 1833 851 1882 memento
899 1826 1106 1882 illicita
1134 1830 1192 1882 te
1237 1826 1451 1898 saepius
1479 1842 1822 1901 usurpasse.

1924 669 2093 735 fisus,
2146 668 2284 725 licet
2328 672 2588 726 tremens
2639 674 2699 726 et
2753 669 3026 742 pavidus,
3077 685 3370 742 praesumo
3416 684 3581 727 acce-

1925 759 2063 815 dere
2094 759 2166 813 ad
2198 759 2496 815 offerenda
2524 763 2729 815 sancto
2773 758 2998 815 nomini
3037 763 3139 814 tuo
3171 757 3478 814 sacriﬁcia.
3511 759 3584 816 Et

1923 847 2077 915 ideo,
2111 847 2351 904 Domine
2377 853 2603 904 creator
2633 847 3278 921 piissime,Redemptor
3325 847 3582 904 clemen-

1924 936 2174 1005 tissime,
2225 936 2325 1010 qui
2378 953 2613 993 omncm
2662 937 2923 993 animam
2969 929 3344 994 confitentem
3375 940 3580 1011 et~pm~

1926 1025 2212 1081 nitentem
2267 1027 2456 1099 magis
2503 1026 2592 1083 vis
2634 1027 2948 1082 emendare
2997 1040 3175 1098 quam
3220 1023 3482 1099 perdere,
3527 1029 3586 1083 et

1925 1114 2030 1186 qui
2063 1129 2181 1170 non
2212 1131 2316 1188 pro
2339 1115 2542 1187 justis,
2576 1116 2678 1172 sed
2710 1131 2815 1188 pro
2845 1113 3251 1187 peccatoribus
3279 1113 3585 1185 .incarn‘ari

1922 1203 2185 1271 voluisti,
2218 1208 2276 1260 et
2304 1203 2515 1261 latroni
2548 1205 2608 1260 in
2640 1219 2812 1260 cruce
2833 1202 3111 1277 pendenti
3146 1218 3214 1259 ac
3243 1207 3409 1261 tuam
3457 1213 3582 1261 ma-

1399 1295 1448 1351 si
1500 1311 1618 1352 non
1657 1296 1817 1353 vales
1916 1293 2197 1365 jestatem
2219 1293 2519 1350 confitenti
2553 1310 2669 1350 non
2702 1293 2895 1350 solum
2927 1291 3371 1366 pepercisti,sed
3402 1293 3583 1350 etiam

1923 1382 2268 1454 paradisum
2300 1387 2495 1439 tecum
2530 1383 2750 1439 intrare
2780 1381 3128 1455 promisisti,
3169 1398 3264 1439 me
3292 1381 3448 1442 που
3480 1381 3584 1440 mi-

1925 1487 2125 1527 serum
2183 1475 2242 1528 et
2296 1475 2663 1545 peccatorem
2725 1472 3122 1537 conﬁtentem,
3183 1475 3240 1528 et
3293 1471 3588 1531 desidiose

1924 1559 2063 1615 licet
2091 1561 2470 1632 poenitentem
2503 1565 2742 1633 peccata
2788 1577 2941 1630 mea,
2996 1577 3031 1615 a
3075 1563 3181 1616 tua
3218 1573 3290 1614 ne
3337 1559 3588 1632 repellas

1929 1648 2145 1720 pietate
2192 1654 2251 1704 et
2308 1648 2756 1718 misericordia;
2788 1664 2896 1704 nec
2946 1647 3170 1704 frustra
3225 1647 3586 1722 accipi-asti-

1929 1736 2089 1801 dem,
2146 1751 2332 1808 spem,
2387 1753 2456 1792 ac
2513 1735 2814 1803 fiduciam,
2876 1752 3056 1808 quam
3113 1735 3173 1791 in
3236 1736 3588 1795 thainaasti-

1934 1823 2138 1880 mabili
2193 1824 2506 1881 clementia
2551 1825 2785 1882 habeo:
2821 1826 2924 1882 sed
2974 1825 3126 1882 sicut
3170 1823 3448 1882 omnibus
3483 1827 3590 1884 cri-

152 1918 438 1976 Mendica
469 1915 741 1972 alicunde
790 1916 940 1988 (612)
973 1915 1223 1988 cepiam,
1257 1920 1360 1972 aut
1399 1916 1517 1972 vim
1549 1918 1826 1988 extorque
1855 1955 1903 2024 Β
1933 1914 2182 1970 minosis
2241 1919 2297 1971 et
2343 1915 2747 1987 peccatoribus
2788 1915 2847 1971 in
2891 1919 2948 1972 te
2974 1915 3366 1984 credentibus,
3401 1933 3468 1973 ac
3518 1910 3591 1974 de

149 2006 535 2063 lactucarum
565 2005 911 2078 agrestium,
942 2020 1128 2076 eoque
1157 2020 1443 2077 azymam,
1469 2003 1824 2062 fermentum
1856 2003 1903 2024 ”
1933 2005 2038 2058 tua
2065 2003 2468 2060 misericordia
2498 2005 2933 2060 conlidentibus
2957 2003 3269 2078 pepercisti
3293 2021 3308 2074 ;
3332 2007 3416 2062 ita
3444 2005 3590 2063 mihi

150 2093 407 2151 malitias
439 2093 651 2162 abjice,
683 2108 855 2150 renes
894 2092 1154 2166 accinge,
1196 2093 1473 2149 baculum
1520 2093 1826 2167 regiminis

155 2197 341 2241 manu
375 2181 594 2238 adhibe
624 2181 892 2249 rationis,
928 2181 1144 2237 festina
1174 2197 1277 2253 per
1306 2181 1684 2251 desiderium,
1709 2199 1825 2255 quo

161 2271 378 2344 nequis
407 2269 672 2342 aspirare
686 2285 792 2342 per
823 2267 1123 2324 meritum.
1157 2268 1552 2326 Reconciliare
1583 2271 1826 2343 quibus-

161 2361 295 2418 dam
307 2358 715 2417 satisfactione
725 2356 1017 2413 universis
1029 2358 1824 2427 aii‘ectu,immolans,dehinc

160 2453 324 2508 tanto
347 2446 816 2518 formidolosius,
849 2450 1070 2519 quanto
1118 2446 1518 2520 petulantius;
1542 2450 1692 2522 (613)
1733 2466 1825 2506 ex-

164 2543 437 2612 torquere
464 2537 688 2602 animo,
723 2541 789 2592 ut
819 2536 1012 2591 fuerat
1042 2535 1388 2606 consultius,
1408 2538 1548 2610 quia
1578 2556 1695 2595 non
1722 2557 1824 2596 va-

168 2626 270 2700 les,
301 2624 733 2685 cessassionem
758 2643 771 2694 ;
796 2625 949 2681 hanc
978 2625 1351 2698 promitte;si
1372 2628 1708 2696 datur,cum
1739 2629 1825 2686 la-

171 2716 458 2791 crymisgsi
491 2732 632 2783 non,
663 2731 799 2770 cum
837 2714 1106 2786 singultu
1139 2715 1390 2772 interno.
1423 2720 1602 2774 Detur
1624 2719 1696 2773 de
1724 2722 1826 2775 tuo

171 2806 387 2878 aliquid
419 2821 526 2879 pro
549 2803 1306 2876 necessitate,interjaciens
1328 2805 1608 2862 orationis
1629 2807 1828 2879 piissi-

172 2896 248 2951 mi
272 2893 681 2967 Redemptoris
701 2892 1060 2965 legationem
1080 2893 1306 2948 auditui
1329 2894 1646 2968 (614).0uis
1668 2897 1828 2952 enim

173 2985 296 3052 scit,
346 2984 395 3040 si
429 2986 828 3052 convertatur,
857 2986 917 3038 et
964 2981 1250 3055 ignoscat,
1301 2987 1358 3038 et
1403 2987 1704 3040 avertatur
1753 2986 1827 3042 ab

171 3072 254 3130 ira
277 3073 516 3142 furoris,
550 3077 610 3128 et
636 3089 754 3129 non
785 3087 991 3144 pereas
1018 3072 1371 3129 aiternaliter
1388 3072 1416 3128 Τ
1436 3073 1663 3130 Periisti
1695 3075 1827 3148 qui-

173 3161 297 3219 dem
319 3159 731 3219 criminaliter.

775 3260 783 3264 ’
849 3293 1140 3354 PRECES.

240 3430 380 3489 Ecce
419 3446 554 3504 ego,
617 3423 888 3494 Domine,
935 3443 1246 3502 ecce'ego,
1276 3429 1380 3502 qui
1436 3429 1656 3504 dignus
1709 3449 1828 3489 non

177 3519 391 3576 fueram
425 3519 614 3576 miser
638 3522 699 3574 et
727 3517 928 3573 infelix
957 3516 1185 3591 ingredi
1223 3519 1374 3574 atria
1399 3519 1660 3576 ecclesia:
1691 3525 1826 3590 tuae,

178 3622 278 3664 nec
307 3625 407 3681 per
434 3607 649 3664 limina
678 3611 884 3664 sancta
912 3607 1131 3662 intrare
1151 3607 1394 3663 domum
1422 3611 1829 3665 tuam.accedo

177 3697 242 3751 ad
295 3695 758 3754 ministmndum
809 3696 1038 3752 sanctis
1084 3694 1371 3752 altaribus
1425 3697 1564 3763 tuis,
1616 3701 1674 3752 et
1701 3703 1828 3753 asto

169 3800 299 3842 reus
327 3790 384 3844 et
410 3789 690 3859 peccator
737 3789 872 3841 ante
923 3789 1305 3857 conspectum
1361 3783 1570 3839 divinas
1611 3787 1830 3857 majes-

142 3874 306 3932 vlatis
329 3879 462 3948 tum,
491 3875 627 3932 sine
674 3873 793 3930 ullo
851 3878 1061 3930 ornatu
1120 3873 1258 3929 boni
1313 3873 1527 3945 operis,
1586 3878 1645 3930 et
1701 3876 1828 3932 sine

177 3958 284 4017 ullo
310 3961 504 4020 fructu
541 3961 724 4035 digno
771 3960 1148 4034 pmnitentiaa,
1181 3965 1239 4017 et
1268 3961 1395 4018 sine
1434 3961 1555 4017 ulla
1582 3961 1670 4020 vel
1702 3963 1830 4020 sola

177 4049 508 4123 cogitatione
545 4050 790 4106 munda.
825 4050 1110 4123 Indignus
1144 4049 1303 4107 enim
1337 4055 1396 4106 et
1443 4050 1826 4110 sceleratissi-

179 4151 300 4196 mus
319 4156 458 4198 sum
509 4139 737 4209 nimis;
771 4139 874 4196 sed
915 4140 989 4196 de
1019 4143 1124 4197 tua
1171 4139 1454 4196 ineffabili
1504 4140 1718 4213 pietate
1769 4147 1829 4201 et

181 4281 379 4342 codicis
403 4282 734 4344 Lobiensis.
766 4282 835 4340 In
860 4281 999 4339 edit.
1041 4281 1305 4339 Martene
1359 4285 1420 4338 et
1461 4282 1700 4342 Durand
1753 4285 1828 4344 ad

183 4349 304 4422 hac,
327 4355 624 4416 mendose.
658 4354 790 4410 Haec
821 4357 1023 4410 autem
1072 4353 1251 4412 editio
1299 4354 1455 4410 intra
1499 4373 1685 4413 uncos
1715 4358 1824 4414 ad-

183 4422 260 4498 dit
281 4442 402 4498 qua:
428 4432 565 4484 ante
596 4427 815 4498 legisti;
839 4441 949 4482 nec
967 4430 1163 4498 tamen
1187 4427 1257 4481 ad
1271 4426 1604 4483 sanandum
1627 4429 1821 4486 locum

182 4493 394 4575 videtur
413 4493 714 4575 sufﬁcere.
746 4493 808 4552 Si
830 4513 967 4553 vero
1019 4495 1206 4575 initio
1236 4514 1342 4570 pro
1391 4499 1543 4575 Quid
1562 4499 1825 4575 corrigas

186 4565 316 4638 ρεαδ,
345 4586 557 4630 sensus
587 4569 738 4627 satis
767 4583 970 4644 aequus
1000 4565 1255 4638 redibit;
1287 4565 1423 4626 cum
1451 4570 1611 4626 enim
1643 4565 1826 4628 invo-

186 4641 398 4700 stremis
425 4640 718 4700 nrzemissi
748 4639 1127 4698 Paschasiani
1169 4640 1362 4700 oneris
1406 4641 1700 4700 capitibus
1726 4589 1823 4700 fex

186 4641 398 4715 eti-emis
425 4640 718 4715 praemissi
748 4639 1362 4715 Paschasianipperis
1406 4641 1700 4715 capitibus
1728 4639 1823 4701 lex

186 4707 246 4795 de
267 4725 364 4795 esu
381 4699 511 4787 agni
531 4710 833 4795 paschalis
853 4711 1116 4795 exposita
1137 4699 1330 4795 fuerit,
1347 4717 1458 4795 out“
1449 4699 1659 4795 modus
1676 4699 1824 4795 indi;
1851 4699 1904 4767 D

188 4786 396 4862 curetur
418 4781 702 4862 sumendi
723 4781 985 4862 corporis
1007 4781 1398 4862 etsanguinis
1417 4783 1675 4862 Domini,
1699 4786 1822 4862 haec

188 4854 358 4931 prima
383 4854 1119 4931 eshortationisverbausic
1149 4854 1544 4931 construenda
1565 4861 1623 4912 et
1651 4858 1828 4931 expli-

189 4925 703 5011 candaovidentur;
695 4928 903 5011 Legisti
1150 4934 1202 4982 et
1223 4927 1528 5011 perlegisli,
1561 4943 1591 4984 ο
1619 4925 1828 5011 charis-

189 4997 1826 5148 ῗέἱῖῗέῗεὲἐῖιίἱῗαεῖδιῗῗξὲἓέἒηὲᾚοὲἔὲξέἷὲἓιῗζεῗέἔῗρέῗῖ

191 5149 386 5349 ΜΞἕῖῗή
410 5207 763 5296 Addidimus
790 5219 856 5269 ut
880 5227 950 5269 ex
979 5215 1181 5296 nostro
1203 5212 1560 5295 apographo.

263 5319 266 5322 ~
309 5279 390 5349 ll)
417 5284 844 5349 Repetitionem
869 5300 1082 5342 vocum
1110 5300 1158 5340 δι
1178 5299 1291 5340 non
1321 5285 1472 5342 vales
1502 5285 1559 5340 ιὰ

263 5279 390 5359 βῌ)
417 5284 844 5359 Repetitionem
869 5300 1082 5342 vocum
1110 5286 1160 5340 si
1178 5279 1291 5340 no'n
1318 5279 1472 5342 cales
1502 5285 1657 5342 idem
1688 5303 1825 5359 apo-

191 5351 454 5477 graéihum
483 5351 772 5412 exhibuit.
1724 5351 1740 5359 ’

250 5425 269 5477 (
307 5419 388 5477 ίὲὶ
415 5426 502 5477 Ita
527 5426 740 5477 melius
778 5443 849 5477 ax
899 5427 1104 5477 eadem
1154 5436 1267 5477 ms.
1319 5439 1497 5477 quam
1545 5425 1604 5477 in
1651 5428 1740 5477 edi

527 5426 740 5485 melius
778 5443 850 5485 ex
899 5427 1104 5484 eodem
1154 5436 1267 5482 ms.
1319 5439 1498 5498 quam
1545 5425 1606 5484 in
1651 5428 1816 5501 edit.,

147 5619 152 5623 Α
193 5539 697 5642 Ῐὶῖίξῖάοιιωυθ
726 5587 744 5628 :
774 5571 909 5642 quia
935 5586 1050 5627 non
1071 5570 1244 5635 vales,
1273 5573 1340 5625 ut
1364 5571 1570 5642 fuerat
1599 5573 1818 5630 consul-

191 5634 294 5715 είιξί
319 5657 339 5704 ;
363 5634 680 5715 διεξιοτᾳμενθ
725 5634 912 5699 animo
957 5634 1313 5715 cessationem
1349 5634 1598 5715 (scilicet
1635 5661 1674 5715 a
1723 5661 1816 5703 sa.

191 5706 538 5786 criticando);
571 5713 712 5788 hanc
736 5716 994 5788 promitte
1039 5731 1197 5788 cum_
1218 5706 1498 5788 lacrumis.
1533 5715 1587 5773 si
1612 5713 1777 5772 datur
1792 5732 1820 5783 ἶ

189 5784 564 5871 {Lunam
606 5784 855 5871 εέῖιοάιεειι
900 5784 1505 5871 {Nemi-8951mm
1563 5801 1817 5871 aposta-

191 5845 354 5917 phum
383 5845 676 5931 suggessit
695 5845 882 5922 "verba
912 5858 1056 5919 hanc
1075 5858 1361 5934 Wa”:
1390 5872 1526 5922 θυῖε
1579 5845 1644 5921 ﬁ'
1671 5845 1817 5939 Ed“?
1868 5953 1874 5958 .

1934 2090 2150 2148 misero
2180 2092 2251 2148 ad
2278 2097 2336 2148 te
2367 2092 2611 2166 fugienti
2633 2094 2698 2165 [f.
2733 2093 3134 2166 confugienti],
3168 2096 3227 2150 et
3274 2098 3410 2166 post
3451 2109 3591 2168 pec-

1933 2184 2065 2237 cata
2113 2196 2181 2236 ac
2219 2180 2439 2238 scelera
2486 2197 2620 2238 mea
2676 2182 2863 2238 multa
2919 2181 3152 2238 diabolo
3199 2182 3590 2254 renuntianti,

1933 2273 2112 2341 atque
2143 2269 2218 2325 ad
2265 2273 2324 2326 te
2353 2269 2665 2327 revertenti
2690 2286 2928 2344 parcere
2971 2274 3029 2327 et
3055 2269 3383 2344 indulgere,
3415 2276 3592 2346 atque

1931 2357 2005 2413 ad
2036 2356 2455 2415 celebrandum
2477 2359 2814 2432 injunctum
2835 2359 3096 2416 ofﬁcium
3115 2364 3356 2434 paterna
3377 2362 3594 2435 pietate

1932 2445 2180 2519 dignum
2212 2461 2305 2504 me
2338 2448 2526 2504 facere
2573 2452 2632 2504 et
2678 2448 2980 2521 suscipere
3027 2449 3308 2520 digneris.
3343 2447 3413 2507 Et
3457 2449 3597 2508 licet

1931 2527 2355 2608 importunius,
2389 2553 2570 2609 quam
2618 2540 2998 2610 competeret,
3047 2552 3143 2592 me
3192 2537 3480 2610 ingeram,
3515 2539 3595 2595 si-

1935 2625 2176 2696 quidem
2207 2625 2583 2681 interdictum
2623 2625 2771 2681 mihi
2810 2629 2934 2681 tam
2956 2624 3191 2693 veteris,
3226 2637 3403 2698 quam
3437 2643 3595 2684 nova

1935 2704 2085 2788 legis
2115 2731 2365 2771 censura
2411 2715 2682 2788 ignorare
2737 2731 2854 2770 non
2892 2713 3096 2782 valeo;
3125 2729 3263 2771 cum
3309 2719 3367 2772 et
3409 2720 3594 2774 exter~

1937 2802 2258 2859 minatores
2287 2803 2604 2876 impiorum
2636 2807 2812 2876 atque
2833 2803 3106 2860 custodes
3136 2816 3437 2861 sacrorum
3458 2804 3598 2862 alta-

1935 2890 2092 2947 rium
2123 2896 2360 2950 tuorum
2387 2892 2647 2967 angelos,
2695 2882 2838 2949 vasa
2883 2892 3308 2950 inici-factionis
3357 2894 3420 2952 in
3468 2911 3600 2951 ma-

1935 2981 2112 3037 nibus
2135 2987 2452 3055 gestantes,
2487 2982 2673 3039 sacris
2703 2981 2960 3040 oraculis
3006 2981 3124 3039 tuis
3155 2999 3273 3040 non
3319 2983 3597 3041 incredu-

1934 3068 2028 3126 lus
2058 3070 2241 3128 sciam
2265 3071 2505 3129 omnino
2553 3075 2870 3145 praesentes
2900 3061 3154 3145 (Eezech.
3188 3083 3267 3142 ix,
3302 3072 3394 3142 4);
3427 3079 3599 3147 capta

1937 3163 2134 3217 tamen
2167 3163 2314 3235 (615)
2341 3163 2468 3234 jam
2499 3161 2639 3218 olim
2688 3161 3166 3235 praeumptionis
3214 3162 3473 3235 quadam
3523 3164 3596 3220 de

1935 3252 2038 3307 tua
2066 3267 2200 3308 vera
2230 3250 2633 3308 misericordia
2679 3250 2918 3318 ﬁducia,
2951 3250 3093 3322 quia
3144 3250 3370 3308 scilicet
3408 3268 3598 3324 usque

1857 3327 1902 3395 Ο
1938 3339 2115 3396 etiam
2147 3340 2220 3397 ad
2250 3339 2431 3405 istud,
2466 3355 2582 3412 quo
2621 3339 2978 3396 inveteratus
3025 3338 3255 3395 dierum
3304 3337 3598 3398 malorum

1939 3427 2175 3499 perveni
2233 3432 2288 3484 te
2331 3443 2566 3500 semper
2612 3427 2873 3493 irritans,
2925 3425 3184 3493 senium,
3234 3442 3329 3482 me
3376 3425 3598 3487 ultores

1939 3514 2025 3570 illi
2057 3515 2314 3582 [subaudi
2342 3513 2558 3587 angeli]
2610 3518 2872 3580 tuarum,
2919 3512 3188 3580 Domine,
3221 3512 3596 3586 iniuriarum,

1941 3620 2078 3670 non,
2112 3607 2177 3659 ut
2207 3603 2452 3674 dignum
2482 3603 2693 3667 fuerat,
2727 3600 3166 3670 interfecerunt,
3196 3600 3450 3659 scientes
3481 3603 3597 3660 for-

1940 3692 2116 3761 sitan,
2169 3691 2310 3763 quia
2356 3689 2690 3765 benignitas
2742 3693 2846 3746 tua
2893 3690 2965 3746 ad
3028 3689 3431 3762 pmnitentiam
3481 3707 3596 3763 me,

1939 3781 2432 3850 thesaurizantem
2472 3779 2606 3836 licet
2636 3779 2784 3836 iram
2829 3779 2889 3835 in
2933 3779 3026 3836 die
3081 3780 3179 3837 irae
3209 3784 3266 3837 et
3296 3779 3600 3839 revelatio-

1940 3870 2032 3927 nis
2081 3870 2233 3942 justi
2287 3869 2501 3942 judicii
2562 3869 2665 3935 lui,
2723 3867 3159 3943 patientissime
3216 3874 3597 3943 exspectaret,

1937 3959 2292 4018 habentibus
2321 3959 2500 4018 etiam
2533 3959 2848 4016 adversum
2896 3975 2990 4016 me
3037 3949 3244 4016 multis
3293 3959 3450 4018 mala
3481 3961 3596 4019 fra-

1936 4050 2162 4122 tribus;
2213 4048 2375 4124 quie,
2424 4049 2692 4117 Domine,
2743 4052 2892 4126 asto,
2934 4065 3139 4106 verum
3181 4054 3496 4127 suspectus
3541 4053 3600 4108 et

1934 4144 2216 4208 tremens,
2247 4154 2320 4197 ne
2351 4138 2548 4195 subito
2577 4137 2805 4210 utique,
2853 4141 2920 4194 te
2960 4135 3023 4194 in
3071 4153 3317 4212 corpore
3361 4140 3419 4196 et
3458 4153 3596 4198 san-

1935 4284 2167 4340 deesset
2197 4282 2356 4346 hanc,
2389 4283 2446 4336 et
2473 4278 2795 4351 haberetur
2820 4279 3118 4351 promitte.

2003 4354 2344 4426 (614)1dem
2395 4349 2835 4426 apographum;
2879 4352 3058 4426 intus_
3076 4350 3297 4426 jacieiis
3350 4351 3597 4426 orationi

1926 4420 2193 4498 piissimo
2213 4420 2582 4498 Redemptoris
2617 4420 2902 4498 lcgatioue
2932 4420 3190 4498 auditui.
3239 4423 3596 4498 construen-

1932 4494 2075 4553 dum
2106 4497 2337 4552 videtur
2366 4515 2384 4550 :
2409 4494 2768 4566 ‘interjacieus
2797 4494 3122 4566 legationem
3137 4494 3417 4566 orationi:
3434 4494 3597 4552 audi-

1931 4578 2012 4642 tui
2029 4569 2276 4642 piissimi
2306 4562 2674 4642 liedmploris
2695 4562 3039 4642 ;legationis
3059 4562 3217 4642 enim
3247 4566 3591 4642 nggi_en_Ra-

1928 4631 2154 4712 therius
2177 4640 2450 4712 precibus
2482 4631 2837 4712 frequenter,
2859 4631 3437 4696 accommodati/ide
3463 4636 3593 4696 loca

1932 4653 2154 4698 tnerius
2177 4653 2450 4712 precibus
2482 4653 2818 4762 treqluenter
2859 4653 2890 4695 a

1932 4713 1990 4767 in
2014 4711 2210 4784 indice
2235 4710 2545 4784 designata
2629 4751 2642 4765 .
2678 4711 2890 4766 Oratio.

2004 4784 2153 4856 (615)
2184 4780 2468 4856 Construe
2501 4797 2515 4856 ξ
2546 4788 2707 4856 capta
2752 4789 2936 4840 tamen
2966 4780 3203 4856 quadam
3237 4780 3446 4856 ﬁducia
3466 4783 3594 4856 jam

1935 4855 2069 4910 olim
2093 4853 2541 4926 praesumptionis
2568 4853 2635 4907 de
2665 4857 2761 4907 tua
2789 4865 2918 4926 vera
2939 4853 3476 4924 misericordia,quia
3491 4855 3594 4909 sci-

1936 4927 2062 4984 licet
2090 4924 2181 4983 illi
2212 4924 2452 5000 (angeli)
2467 4925 2674 4981 ultores
2694 4925 3039 5000 injuriarum'
3053 4932 3296 5000 tuarum,
3327 4926 3588 5000 Domine,

1932 5015 2046 5056 non
2074 4995 2470 5070 interfecerunt
2510 5012 2616 5062 me,
2670 4995 2755 5050 ut
2777 4995 3014 5070 dignum
3054 4997 3262 5070 fuerat,
3307 5010 3480 5068 usque
3519 4997 3594 5054 ad

1933 5070 2079 5127 istud
2095 5067 2445 5141 senium,quo
2461 5070 2796 5141 inveteratus
2819 5067 3037 5141 dicrum
3050 5067 3325 5141 malorum
3335 5067 3590 5139 perveni,

1931 5159 2145 5214 semper
2173 5139 2404 5198 irritaiis
2425 5148 2517 5208 le;
2546 5155 2657 5214 non
2705 5140 3122 5214 interfecerunt,
3177 5139 3428 5214 inquam,
3479 5156 3588 5214 me,

1931 5210 2160 5294 scieiues
2212 5214 2483 5294 forsitan,
2519 5211 2653 5294 quia
2699 5210 3010 5294 benignitas
3059 5219 3154 5294 tua
3186 5210 3593 5294 patientissime

1930 5282 2261 5358 exspectaret
2287 5300 2408 5358 me,
2441 5282 2566 5358 licet
2595 5282 3069 5358 thesaurizanth
3093 5284 3239 5358 iram
3285 5284 3352 5358 in
3373 5282 3592 5358 dicina

1930 5362 1983 5436 et
2011 5351 2360 5436 reuelationis
2381 5353 2745 5436 justijudicii
2767 5355 2868 5418 tui,
2899 5355 3094 5436 multis
3137 5355 3309 5436 etaiam
3307 5351 3592 5436 fratribus

1929 5429 2256 5491 habentibus
2285 5425 2435 5484 mala
2463 5425 2752 5482 adversum
2798 5441 2884 5480 me
2906 5443 2928 5487 ,'
2958 5427 3111 5497 quia,
3161 5425 3422 5497 Domine,
3449 5431 3585 5497 asto,

1930 5516 2119 5558 verum
2141 5505 2419 5572 suspectus
2468 5502 2522 5554 et
2567 5501 2822 5572 tremas,
2849 5512 2929 5552 ne
2959 5495 3142 5572 subito
3168 5495 3584 5572 uliqueferiar,

1928 5578 1988 5635 ut
2009 5565 2350 5646 justum‘est,
2380 5572 2651 5646 prasente
2680 5577 2732 5646 te
2760 5569 3064 5646 incorpore
3089 5570 3144 5622 et
3167 5565 3442 5646 sanguine
3470 5571 3584 5646 tuo,

1925 5639 2048 5702 cuin
2081 5639 2518 5718 nusquam-desis
2539 5656 2644 5718 pq:
2659 5639 3007 5718 divinitatem
3031 5654 3046 5705 ;
3059 5650 3227 5718 par-ce
3247 5643 3454 5718 tamen,
3471 5640 3585 5692 etc.

1927 5718 2058 5794 meo
2087 5703 2211 5772 iani
2239 5711 2466 5794 prolisa
2493 5703 2562 5770 ac
2591 5709 2846 5768 difficilis
2866 5703 3128 5787 syntaiis
3158 5703 3585 5765 Batherianum

1928 5788 2159 5866 stylum-
2178 5784 2440 5845 exhibet.
