3896 6456
100 483 113 497 .
127 436 275 502 457-

1050 432 1481 512 INVECTIVA
1523 440 1629 509 DE
1670 442 2109 509 TRANSLAT.
2159 448 2222 509 S.
2267 444 2696 511 MATRONIS.

3466 438 3587 521 438

125 574 241 630 Sed
277 575 450 632 δυσ
481 590 805 631 reveranon
820 576 1005 645 doles;
1029 579 1129 634 sed
1144 546 1341 636 dolore
1365 584 1422 635 te
1444 580 1515 635 ad
1539 593 1817 652 quorum-
1840 577 1899 645 Α
1926 583 2142 651 gasset,
2174 580 2324 636 307
2362 580 2533 651 cujus
2564 579 2663 635 ille
2693 579 2902 634 beatus
2921 577 3094 634 fuerit
3114 576 3464 644 sanctitatis,
3486 575 3585 632 ille

125 665 274 720 dam
311 663 761 737 sugillationem
794 666 1043 722 subdola
1073 668 1425 740 fingis.Nam
1457 669 1506 724 si
1538 667 1818 723 veraciter
1925 685 2039 723 non
2072 669 2142 724 ad
2175 668 2392 724 librum
2418 686 2480 724 se
2501 665 3233 739 contulitgestorumillius
3264 664 3462 721 studio
3485 663 3586 721 ali-

123 754 401 810 amissos
431 753 681 822 doleres,
704 755 1241 813 relictosdevotiore
1259 756 1420 815 cultu
1453 762 1627 830 atque
1650 757 1814 813 obse-

121 842 267 915 quio
303 843 737 915 frequentares.

193 933 250 987 4.
289 932 455 989 Vere
482 937 702 1005 tamen,
727 951 1070 1007 quanquam
1102 935 1390 992 invidiose
1408 936 1513 991 tibi
1540 936 1812 1007 praelatos

119 1020 325 1077 valeas
361 1020 764 1094 obloquendo,
794 1028 861 1079 ut
889 1024 1141 1092 conaris,
1176 1024 1618 1096 reprehendere,
1645 1029 1699 1081 te
1722 1029 1808 1081 ta-

124 1127 260 1165 men
309 1110 621 1179 meliores,
659 1113 900 1181 suadeo,
942 1113 1160 1187 cogites
1205 1113 1450 1170 minime
1495 1114 1803 1171 meruisse.

120 1199 370 1255 Dictum
405 1200 566 1255 enim
593 1201 665 1256 de
697 1201 814 1257 Deo
846 1201 1061 1275 legitur
1090 1203 1490 1269 veracissime,
1522 1204 1680 1274 quod
1712 1220 1804 1259 re-

120 1305 296 1359 gnare
324 1290 513 1361 faciat
539 1289 889 1362 hypocritam
915 1297 1143 1364 propter
1178 1301 1397 1363 peccata
1437 1293 1633 1364 populi
1663 1292 1799 1364 (Job.

119 1394 316 1445 xxxiv,
354 1378 477 1446 30).
513 1381 760 1451 Ipseque
789 1380 860 1435 de
892 1396 954 1435 se
980 1397 992 1435 :
1027 1382 1191 1449 Dabo,
1217 1380 1429 1453 inquit,
1461 1382 1540 1437 eis
1572 1398 1719 1453 reges
1742 1383 1801 1437 in

116 1468 311 1536 furore
342 1484 492 1535 meo,
526 1472 580 1523 et
610 1470 665 1523 in
700 1471 787 1523 ira
818 1486 937 1524 mea
980 1470 1122 1539 (Ose.
1181 1488 1302 1532 xm,
1339 1472 1463 1537 ll):
1520 1475 1586 1525 ut
1636 1487 1801 1542 reges

118 1573 228 1611 non
263 1574 378 1613 eos
413 1556 631 1624 solum,
665 1557 767 1629 qui
791 1558 1443 1614 itaconsueludinaliter
1462 1576 1802 1630 nuncupan-

116 1650 211 1701 tur
242 1646 308 1702 in
346 1646 591 1714 saeculo,
625 1647 728 1702 sed
761 1651 819 1702 et
848 1634 1091 1703 cunctos
1118 1647 1413 1719 intelligas
1445 1648 1707 1719 quolibet
1740 1648 1799 1702 in

114 1735 325 1791 ordine
361 1735 596 1791 caeteris
614 1735 687 1790 ad
707 1735 1155 1806 gubernandum
1170 1735 1458 1807 praelatos.
1485 1737 1800 1808 Martyrem

116 1841 255 1881 sane
287 1828 482 1882 tuum
514 1824 565 1880 si
596 1828 903 1895 tantopere
921 1823 1225 1895 diligebas,
1259 1827 1325 1878 ut
1345 1825 1485 1895 quid
1510 1828 1629 1879 tam
1652 1824 1801 1880 male

1923 758 2093 829 cujus
2124 762 2360 814 tuorum
2392 758 2699 821 dictatum,
2724 758 2826 812 sed
2844 756 2916 811 ad
2935 755 3150 811 famam
3180 752 3581 811 veridicamil-

1921 846 2138 915 lorum,
2174 847 2274 919 qui
2307 864 2440 903 cum
2465 846 2779 902 Psalmista
2805 844 3078 901 valebant
3122 849 3384 901 cantare:
3417 844 3579 912 Deus,

1921 938 2152 993 auribus
2183 939 2383 993 nostris
2412 937 2745 1003 audivimus,
2774 939 2959 1007 patres
2988 936 3167 991 nostri
3211 936 3581 990 annuntiave-

1920 1034 2052 1081 runt
2079 1028 2235 1083 nobis
2264 1027 2440 1094 (Psal.
2472 1043 2627 1093 XLIII,
2656 1025 2755 1097 ,l).
2789 1025 3014 1090 Quibus
3070 1024 3459 1080 referentibus
3488 1024 3578 1079 di-

1918 1115 2080 1185 dicit,
2116 1103 2270 1187 quod
2294 1118 2533 1171 sanctus
2551 1114 2808 1170 isdemin
2824 1112 3219 1168 adolescentia
3233 1112 3578 1185 hujusmodi

1916 1204 2087 1260 fuerit
2119 1206 2345 1260 actibus
2367 1203 2564 1260 saeculi
2581 1203 2936 1274 implicatus,
2953 1204 3023 1257 de
3041 1201 3256 1274 quibus
3277 1201 3576 1259 libercon-

1911 1294 2060 1350 tinet
2093 1294 2173 1349 ita
2201 1294 2436 1349 divinus
2463 1309 2476 1348 :
2513 1294 2621 1361 Qui
2648 1294 2877 1364 cupiunt
2905 1292 3101 1347 divites
3136 1293 3197 1347 in
3225 1291 3324 1346 hoc
3368 1291 3574 1349 sazculo

1911 1383 2053 1451 ﬁeri,
2089 1384 2345 1438 incidunt
2376 1384 2433 1437 in
2482 1382 2851 1453 muscipulam
2881 1390 2932 1437 et
2990 1382 3248 1453 laqueum
3292 1380 3501 1436 diaboli
3531 1379 3580 1451 (Ι

1914 1473 2045 1526 Tim.
2079 1489 2156 1539 v1,
2188 1473 2266 1541 9),
2300 1472 2463 1537 Quod
2497 1488 2630 1526 cum
2664 1471 2714 1526 ei
2739 1471 2904 1541 justo
2952 1469 3066 1524 Deo
3116 1468 3576 1525 misericorditer

1914 1560 2307 1630 permittente,
2343 1564 2406 1613 ut
2440 1559 2642 1614 multis
2672 1576 2823 1630 saepe
2854 1558 3008 1626 aliis,
3044 1557 3408 1629 contigisset,
3442 1574 3575 1614 rea-

1910 1652 2009 1702 tus
2045 1648 2135 1703 sui
2169 1647 2636 1703 consideratione
2667 1650 2990 1718 permotus,
3024 1662 3085 1701 se
3132 1650 3337 1702 contra
3366 1662 3428 1702 se
3456 1664 3573 1703 non

1910 1735 2164 1790 tardavit
2196 1736 2435 1806 erigere,
2470 1735 2677 1790 mundi
2709 1735 2889 1804 hujus
2920 1733 3119 1789 omnia
3140 1732 3485 1806 relinquere,
3510 1739 3576 1792 ut

1912 1824 2217 1895 expeditus
2247 1828 2305 1878 et
2335 1823 2502 1889 liber,
2533 1821 2639 1878 soli
2673 1821 2919 1877 Domino
2943 1826 3141 1895 posset
3167 1839 3392 1879 vacare.
3418 1823 3574 1880 Sico-

114 1912 534 1970 custodieras‘?
563 1911 940 1967 Consenserit
970 1928 1130 1979 sane,
1164 1911 1539 1968 utcriminari
1571 1917 1802 1968 conten-
1830 1943 1879 2010 B
1910 1928 2144 1967 morum
2174 1912 2373 1983 itaque
2405 1911 2597 1966 crucis
2629 1927 2762 1966 cum
2796 1910 3056 1977 Zachzno,
3092 1914 3157 1966 ut
3185 1911 3389 1967 Jesum
3420 1911 3571 1969 libe-

114 2003 228 2070 dis,
258 1999 480 2057 altiori
511 2000 659 2056 forte
705 2000 972 2067 consilio,
1024 2000 1243 2072 Deique
1293 2000 1547 2073 amplius
1592 2017 1797 2057 conve-

115 2090 303 2148 nienti
342 2088 643 2161 disposito
674 2093 814 2144 tuus
845 2089 1174 2161 episcopus:
1196 2095 1281 2157 tu,
1311 2108 1436 2162 qna“:
1467 2095 1695 2146 tantum
1713 2092 1794 2147 fa-

115 2182 283 2236 cinus
316 2178 958 2252 perhorrueras,nosse
975 2178 1101 2233 volo
1131 2178 1795 2245 curabhorrueris.Quia

117 2265 872 2341 pessimum,inquis,quod
890 2266 968 2321 ita
980 2271 1210 2321 sanctos
1224 2266 1523 2337 perdimus
1537 2272 1788 2324 nostros.

118 2356 467 2414 Verissime:
502 2353 604 2411 sed
637 2353 1081 2410 convenientius
1112 2354 1354 2422 diceres,
1399 2356 1551 2428 quod
1602 2358 1785 2411 sancti

124 2447 197 2502 ita
223 2463 337 2503 nos
360 2443 607 2516 fugiunt
636 2443 845 2499 nostri.
880 2444 1094 2515 Turpis
1144 2460 1286 2500 sane
1338 2443 1486 2500 lucri
1537 2446 1788 2517 cupidus

122 2552 249 2591 cum
280 2550 467 2591 nemo
498 2532 578 2589 sit
606 2535 884 2599 sanctus;
909 2532 1222 2588 honestum
1237 2535 1525 2591 relutasse
1552 2534 1785 2591 lucrum

129 2641 288 2681 nemo
320 2622 629 2679 invenitur
659 2626 1020 2677 sanctorum.
1054 2625 1376 2678 Honestum
1397 2640 1532 2680 vero
1553 2623 1784 2680 lucrum

127 2721 225 2778 est,
257 2712 420 2785 quod
436 2708 653 2767 coelum
668 2709 1006 2783 locupletat,
1027 2714 1313 2766 tartarum
1326 2711 1560 2783 spoliat.
1580 2713 1635 2768 Si
1653 2730 1787 2769 vero

129 2804 178 2856 te
207 2801 456 2874 fugienti
487 2815 724 2873 quoquo
756 2799 968 2855 adnisu
998 2799 1135 2855 illuc
1163 2799 1248 2856 ire
1279 2800 1633 2873 complacuit
1656 2819 1789 2858 san-

128 2892 344 2945 ctorum
376 2886 582 2953 alicui,
616 2886 714 2942 ubi
750 2903 854 2959 pro
901 2887 1237 2954 reverentia,
1292 2904 1470 2967 qgam
1518 2906 1698 2962 penes
1729 2895 1786 2947 te

132 2976 357 3032 minime
388 2976 673 3043 habebat,
706 2975 821 3031 sibi
854 2991 1053 3031 amore
1082 2975 1297 3032 Christi
1321 2976 1581 3033 exhibita
1612 2996 1785 3051 para-

130 3066 281 3124 disus
307 3069 379 3123 de
410 3064 733 3122 animabus
752 3064 1074 3137 repleretur
1101 3066 1323 3122 devotis
1344 3067 1638 3134 aetherius,
1664 3072 1782 3124 tar-

132 3157 309 3212 tareus
337 3157 701 3211 vacuaretur
730 3154 1028 3223 infernus;
1064 3171 1198 3210 cum
1229 3171 1334 3227 per
1380 3160 1464 3212 tot
1488 3173 1778 3213 annorum

134 3244 406 3301 curricula
436 3261 548 3317 pro
561 3242 869 3300 devotione
880 3242 1172 3299 consimili
1186 3243 1385 3300 nullus
1405 3244 1513 3301 hoc
1534 3247 1781 3303 meruis-

1911 2002 2131 2057 randus
2161 2001 2397 2067 videret,
2419 2000 2685 2055 ascendit
2713 2006 2996 2067 (Lucxnx,
3019 2000 3093 2071 4);
3127 2003 3267 2055 etne
3299 2002 3567 2058 eamdem

1908 2091 1967 2145 in
1999 2090 2241 2163 angaria
2270 2106 2405 2145 cum
2438 2088 2673 2144 Simone
2704 2090 3102 2160 (Mutth.xxvn,
3135 2090 3247 2160 32),
3283 2091 3385 2145 sed
3412 2106 3569 2147 eam-

1904 2180 2036 2235 dem
2070 2196 2203 2234 cum
2217 2178 2374 2233 vitiis
2389 2182 2441 2233 ct
2456 2177 2944 2249 concupiscentiis
2972 2178 3413 2236 mortiﬁcandus
3426 2189 3564 2238 c’um

1901 2268 2150 2335 Christo,
2185 2284 2302 2323 non
2328 2267 2526 2338 aliquo
2554 2271 2835 2338 tempore,
2860 2267 2962 2322 sed
2985 2267 3264 2339 quotidie,
3286 2267 3406 2325 imo
3430 2286 3565 2327 con-

1901 2356 2063 2413 tinue
2098 2358 2300 2425 ferret;
2334 2354 2449 2411 tale
2490 2356 2603 2412 sibi
2654 2356 2839 2411 fertur
2885 2355 3242 2428 supplicium
3290 2357 3560 2430 elegisse,

1899 2448 2055 2519 quod
2087 2445 2318 2502 etiamsi
2333 2446 2526 2501 carnis
2541 2445 2867 2518 petulantia
2880 2445 3277 2511 victusvellet,
3299 2448 3563 2504 omnimo

1900 2537 2169 2608 nequiret
2199 2536 2464 2591 evadere.
2497 2532 2886 2589 Publicanum
2920 2549 2983 2588 se
3014 2532 3172 2589 enim
3208 2537 3266 2589 et
3295 2539 3563 2605 peccato-

1898 2641 2021 2680 rem
2055 2625 2209 2679 ultra
2239 2639 2445 2678 omnes
2470 2620 2805 2692 dijudicans
2837 2620 3128 2688 homines,
3161 2620 3415 2677 ecclesiae
3448 2622 3562 2678 sibi

1897 2713 2106 2768 limina
2136 2712 2455 2767 obstruxit:
2490 2728 2524 2765 a
2574 2709 2746 2782 longe
2784 2714 2849 2764 ut
2898 2710 3135 2781 stando,
3185 2711 3325 2765 Deus
3366 2713 3558 2783 propi-

1898 2805 2009 2857 tius
2040 2808 2152 2857 esto
2207 2802 2352 2855 mihi
2404 2801 2677 2871 peccaturi
2725 2799 2878 2870 (Luc.
2931 2815 3090 2865 XVIII,
3125 2800 3239 2870 13),
3293 2817 3425 2856 cum
3457 2800 3557 2857 illo

1896 2892 2009 2947 alio
2037 2890 2494 2946 misericorditer
2525 2888 2841 2960 iustiﬁcato
2874 2891 3072 2960 posset
3102 2888 3377 2959 clamare,
3421 2907 3555 2963 pro-

1892 2981 2038 3036 vidit
2069 2981 2235 3052 (645).

1962 3071 2016 3125 6.
2051 3070 2161 3125 Sed
2193 3085 2297 3123 cur
2337 3086 2439 3141 pro
2490 3083 2725 3141 magno,
2788 3068 2943 3140 quod
2977 3068 3245 3125 convenit
3302 3069 3548 3126 minime

1889 3158 2083 3237 stando
2103 3161 2128 3211 γ
2158 3157 2329 3230 quasi
2363 3161 2519 3225 ante,
2548 3156 2635 3213 vel
2669 3160 2802 3229 post
2832 3173 3192 3229 quemquam
3218 3162 3552 3215 nostratum

1891 3248 2002 3304 sibi
2024 3246 2136 3319 ipsi
2150 3246 2408 3318 aliquem
2426 3246 2606 3318 hujus
2623 3246 3034 3301 aestimationis
3075 3246 3364 3305 audierim
3397 3247 3552 3303 intu-

138 3338 212 3387 set
237 3338 490 3403 tuorum,
526 3333 853 3389 cavendum
888 3349 960 3388 ne
991 3332 1119 3388 coeli
1146 3333 1397 3390 videaris
1418 3336 1778 3406 profectibus
1810 3314 1852 3382 (ἶ
1892 3336 2032 3393 lisse
2064 3335 2436 3408 martyrium,
2468 3334 2901 3407 Congruentius
2934 3351 3077 3399 sane
3105 3335 3362 3391 dicerem
3405 3337 3557 3392 volu-

141 3421 294 3489 aﬂici,
326 3423 571 3480 damnis
600 3421 803 3478 laetari.
838 3422 957 3478 Hoc
998 3422 1232 3494 quippe,
1281 3424 1435 3495 quod
1486 3431 1780 3481 monstras

143 3512 404 3586 exemplo,
437 3529 550 3569 nec
582 3511 739 3584 apud
770 3514 827 3566 te
856 3510 966 3579 vis,
1002 3527 1108 3567 nec
1137 3510 1349 3567 alicubi
1381 3512 1660 3569 honorem
1683 3514 1784 3570 ha-

145 3597 298 3656 beant
323 3602 534 3659 sancti.

204 3690 252 3742 5.
282 3690 324 3745 0
352 3696 554 3747 autem
587 3705 804 3762 magna
831 3688 1080 3756 Verona,
1110 3688 1248 3745 villa
1264 3690 1561 3761 quondam
1586 3690 1782 3746 Plato-

152 3776 261 3833 nica
288 3778 380 3835 illa
407 3779 681 3849 Athenis,
708 3776 795 3834 vel
820 3776 1003 3833 altera
1029 3794 1144 3849 prae
1160 3778 1541 3834 multitudine
1560 3779 1786 3850 sapien-

151 3864 279 3922 tium
307 3868 617 3937 (estimata,
651 3867 1025 3941 grandisonis
1078 3872 1349 3923 sanctum
1399 3871 1568 3922 tuum
1603 3884 1784 3939 quare

154 3969 250 4010 non
276 3958 562 4017 extuleras
593 3956 828 4013 modis?
859 3955 975 4011 Cur
1004 3955 1319 4024 mirabilia,
1354 3973 1480 4028 quae
1513 3971 1616 4028 per
1647 3972 1783 4012 eum

154 4040 288 4100 Deus
315 4046 496 4103 fuerat
526 4049 826 4120 operatus,
859 4044 968 4101 etsi
1000 4061 1117 4109 non
1152 4045 1392 4100 metrico
1421 4044 1570 4117 stylo
1590 4045 1789 4118 vulga-

156 4133 446 4191 rassaltem
485 4134 798 4209 prosaico?
827 4134 988 4198 Quod
1022 4132 1189 4205 plebs
1230 4133 1464 4189 indocta
1514 4135 1783 4204 canebat,

157 4216 463 4282 honoratius
474 4222 1100 4296 tu,crede,legisses,et
1112 4238 1222 4277 aere
1235 4221 1581 4294 Taphnitico
1599 4224 1785 4279 taber-

162 4310 401 4367 naculum
432 4314 540 4371 hoc
558 4313 657 4370 Dei
673 4330 968 4378 ornasses,
986 4310 1463 4383 Gessenietquod
1480 4317 1784 4370 mutuave-

164 4401 236 4451 rat
246 4402 496 4473 cespistis
510 4405 973 4476 cultor,argento
985 4401 1071 4457 vel
1086 4418 1228 4457 auro
1242 4417 1367 4457 com
1376 4405 1594 4473 psisses
1612 4403 1782 4474 (644).

165 4479 284 4541 Nam
308 4490 373 4545 ad
402 4492 658 4550 dedecus
690 4492 779 4548 tui
805 4508 938 4548 cum
981 4491 1223 4563 quidam
1277 4490 1583 4563 prazsulem
1636 4492 1786 4563 (645)

170 4575 419 4645 conscius,
433 4581 625 4640 dicam
636 4623 650 4649 ,
664 4587 786 4638 tam
800 4580 1039 4653 pretiosi
1058 4578 1333 4636 facinoris
1347 4584 1516 4636 tuum
1538 4580 1790 4636 interro-

229 4696 692 4777 (6ﬁ4)_Construe:
744 4710 797 4761 et
845 4706 1160 4777 compsisses
1207 4715 1452 4777 argento,
1494 4706 1579 4760 vel
1625 4721 1783 4775 auro,
1814 4681 1863 4747 D

177 4769 287 4846 φαμι
309 4769 471 4850 cultor
495 4780 714 4850 cespitis
746 4769 985 4850 Gesseni',
1015 4776 1071 4831 id
1105 4769 1461 4849 estpopulus
1487 4769 1784 4850 Hebraeus,

181 4842 258 4921 Qui
284 4842 522 4921 Oplucrat
551 4842 770 4906 terram
801 4842 1042 4917 Gessen,
1076 4865 1179 4904 seu
1205 4842 1533 4921 -IE'gyptum
1590 4842 1784 4921 (Exod.

180 4919 277 4983 vui,
299 4914 379 4983 2'2)
407 4929 767 4977 mutuaverat.

239 4980 371 5063 (04.5)
395 4988 697 5048 Ratherius
728 5008 886 5057 eum,
919 4990 1058 5063 quia
1088 5006 1149 5045 se
1182 4989 1428 5062 praesule
1468 4992 1787 5046 Veronensi

187 5059 466 5136 gymsierat,
498 5066 654 5136 cujus
686 5059 996 5136 illepbeatus
1041 5059 1271 5135 (Metro)
1293 5065 1599 5136 sanctitatis
1620 5064 1791 5134 fuerit

187 5130 417 5209 fﬁcium
445 5130 630 5209 ipsius
663 5134 801 5209 furti
831 5130 1186 5209 suspicatur.
1219 5130 1328 5209 Qui
1356 5134 1514 5209 enim
1555 5130 1787 5189 sancto-

189 5200 297 5277 ξιξῐιξ
324 5198 599 5277 reliquias,
635 5207 725 5262 vel
756 5198 1001 5277 corpora
1030 5205 1144 5260 alio
1176 5205 1549 5277 perferenda,
1570 5220 1789 5277 quaere-

190 5253 320 5353 !ﬂll‘tg
350 5253 698 5353 acia-silium
729 5253 949 5349 scripta
978 5253 1208 5353 essent:
1228 5276 1314 5331 vel
1334 5253 1792 5353 actis_d_ejficien-

190 5329 319 5421 initiis
345 5329 1793 5421 notitiis:asa;assuag'an'igsnte;stalagmia-

193 5411 412 5484 (imljere:
438 5411 600 5488 cujus
619 5411 699 5476 rei
720 5411 905 5475 multa
918 5411 1097 5491 hujus
1123 5411 1309 5474 aetatis
1326 5434 1487 5474 exem
1535 5417 1793 5491 lalegere

196 5474 267 5524 est
291 5491 340 5530 In
367 5481 666 5544 Inventione
692 5496 1002 5544 sanctorum
1053 5508 1087 5544 a
1115 5491 1311 5544 domno
1356 5435 1649 5544 Deoferica
1685 5494 1793 5544 eni-

291 5474 671 5559 injnveiaéae'
688 5474 1017 5547 sanctorum,
1053 5508 1087 5545 a
1115 5491 1311 5546 domno
1356 5474 1794 5559 DeoJerz‘caUepi-

198 5552 322 5627 δςορρ
346 5549 547 5616 Metensi
597 5571 956 5636 repertarum,
1014 5566 1156 5618 tom.
1191 5562 1238 5617 Il
1267 5560 1559 5633 Spicilegii
1611 5549 1793 5617 Ache-

201 5621 320 5688 ΜΨ
345 5636 464 5688 ρας.
494 5632 593 5688 133
620 5640 676 5688 et
706 5652 830 5688 seu.

258 5636 320 5669 Iul
452 5669 464 5683 .
494 5636 593 5688 133
620 5640 676 5691 et
706 5652 830 5707 seq.

258 5636 704 5775 liliélagonstrue:
734 5706 996 5775 providit,
1028 5708 1088 5759 ut
1132 5704 1326 5761 stando
1355 5721 1389 5759 a
1420 5704 1578 5772 longe
1618 5708 1798 5775 posset

202 5747 398 5825 elimar'e
419 5747 546 5829 ἱέιὶνῖ
555 5747 1574 5852 ἓὶῖὄὶιῶνῆιᾘὲῖίεῖνά“ίὲἶῖἶιέὶίὶῖὶᾶἵᾶ
1594 5747 1798 5840 ς’ῧέἷὲ

469 5895 728 5994 uno».
772 5900 1082 5991 cum

1891 3427 2075 3494 tando,
2110 3442 2226 3481 non
2258 3425 2416 3480 enim
2449 3429 2731 3479 consonat
2760 3423 2972 3478 stando.
2997 3422 3071 3477 Ut
3085 3421 3243 3477 enim
3267 3440 3367 3479 eos
3388 3424 3555 3479 omit-

1891 3520 2034 3583 tam,
2068 3512 2168 3585 qui
2196 3513 2268 3567 ad
2296 3517 2580 3579 ventrem,
2611 3510 2699 3565 vel
2730 3509 3102 3565 stomachum
3136 3510 3392 3565 attinent
3417 3527 3552 3566 cru-

1892 3604 2104 3668 ciatus,
2138 3599 2553 3663 (consideranti
2595 3598 2752 3653 enim
2802 3602 3009 3652 caetera
3059 3596 3206 3652 illud
3258 3598 3553 3655 aestimare

1892 3690 2146 3759 dimitto)
2179 3689 2253 3743 ad
2284 3687 2568 3744 exteriora
2589 3703 2924 3754 conversus,
2945 3702 3178 3757 poenam
3201 3686 3312 3743 sibi
3332 3686 3556 3745 illatam

1893 3780 2163 3849 referam,
2197 3781 2253 3833 et
2277 3776 2428 3831 hanc
2478 3774 2828 3831 inauditam.
2880 3775 3059 3839 Quasi
3111 3776 3270 3832 enim
3314 3776 3555 3834 tortoris

1890 3866 2230 3941 impiissimi
2263 3870 2319 3921 et
2350 3863 2743 3920 crudelissimi
2777 3864 2889 3919 sibi
2935 3864 3157 3921 diceret
3203 3882 3361 3922 voce:
3412 3868 3556 3935 Quia

1892 3973 2018 4013 cum
2043 3957 2104 4011 in
2134 3956 2335 4010 honore
2361 3970 2521 4021 esses,
2556 3968 2665 4007 non
2696 3953 3025 4008 intellexisti
3075 3960 3423 4024 comparatus
3452 3955 3552 4025 ju-

1894 4046 2088 4101 mentis
2137 4044 2552 4115 insipientibus,
2601 4046 2653 4096 et
2680 4043 2885 4097 similis
2936 4042 3053 4096 illis
3100 4042 3321 4113 effectus
3374 4043 3549 4112 (Psal.

1891 4150 2086 4201 XLVIII,
2121 4134 2234 4202 t3);
2256 4132 2637 4202 jumentorum
2690 4131 2805 4185 loro
2835 4138 2884 4185 te
2930 4131 3264 4199 restringere
3308 4131 3448 4199 volo,
3484 4145 3554 4188 ne

1888 4223 2166 4296 petulanti
2192 4222 2307 4275 ritu
2336 4219 2577 4289 amplius
2598 4220 2776 4289 possis
2810 4219 3045 4285 vagari;
3094 4222 3361 4273 catenam
3418 4218 3554 4289 pedi

1895 4309 2179 4384 imposuit
2209 4310 2381 4377 (647),
2415 4306 2658 4379 plumbo
2690 4321 2818 4361 eam
2851 4305 2912 4359 in
2943 4321 3179 4376 magno,
3213 4305 3315 4376 qui
3361 4305 3555 4361 adhuc

1896 4406 2032 4457 ante
2053 4401 2301 4470 jannam
2332 4395 2586 4452 basilicae
2603 4395 2782 4465 jacet,
2805 4394 2958 4450 808
2983 4392 3175 4465 lapide
3201 4393 3554 4463 obﬁrmavit,

1896 4487 2184 4545 circulum
2215 4484 2549 4556 capularem
2585 4483 2717 4556 pedi
2760 4480 3242 4553 circompositum
3291 4484 3558 4539 seratura

1896 4576 2183 4634 ostiorum
2217 4573 2489 4641 ﬁrmavit,
2524 4570 2733 4627 clavim
2761 4569 2820 4625 in
2852 4570 3084 4643 gurgite
3114 4567 3364 4642 proximi
3384 4568 3560 4629 Athe-

1895 4700 2192 4778 pmpitius.
2214 4703 2360 4778 esto,
2393 4701 2502 4753 ειε-

1970 4764 2118 4845 (647)
2150 4764 2442 4826 Usitatum
2477 4767 2616 4822 olim
2648 4766 2761 4845 hoc
2787 4770 2911 4845 erat
2937 4764 3184 4845 publica:
3200 4766 3556 4845 pmnitentjge

1896 4835 2111 4919 genus;
2136 4859 2256 4919 quo
2303 4845 2636 4919 peccatores
2666 4836 2899 4919 publici.
2937 4835 3145 4919 catena
3187 4835 3253 4893 ac
3304 4835 3557 4893 vinculis

1896 4908 2101 4973 Terreis
2123 4908 2585 4994 jussu—episcopi
2602 4908 2902 4994 constricti
2921 4925 3031 4990 per.
3054 4908 3196 4994 loca,
3210 4924 3378 4994 sacra
3395 4924 3557 4981 pere-

1899 4978 2305 5062 grinarevntur:
2330 4978 2564 5062 vincula
2575 4986 2795 5062 autem,
2824 4978 2941 5034 nisi
2956 4978 3236 5062 miraculo
3267 4978 3559 5062 solveren-

1898 5050 2015 5126 tur,
2050 5075 2084 5113 a
2115 5056 2237 5113 solo
2267 5056 2543 5126 episcopo
2574 5057 2705 5126 post
2727 5052 3003 5126 idoneum
3024 5056 3259 5126 tempus
3289 5050 3436 5126 solvi
3458 5067 3555 5124 po-

1900 5122 2112 5198 terant,
2146 5132 2211 5184 ut
2232 5122 2425 5182 videre
2438 5122 2528 5181 est
2557 5122 2711 5198 apud
2728 5122 3185 5198 Mabiloniumin
3207 5122 3558 5198 prtefatione

1901 5204 1973 5258 ad
2008 5195 2289 5257 smculum
2319 5195 2645 5253 secundum
2678 5196 2901 5251 ordinis
2926 5195 3245 5265 Benedicti,
3276 5211 3440 5250 num.
3465 5196 3555 5260 41,

1901 5278 1958 5329 et
1989 5272 2142 5345 apud
2175 5270 2583 5345 Muratorium,
2613 5267 2899 5345 Antiquit.
2920 5266 3105 5345 italis.
3127 5265 3360 5345 dissert.
3382 5266 3472 5320 23.
3493 5265 3557 5345 Ifl

1900 5335 2055 5421 vero_
2068 5342 2253 5421 nostri
2284 5335 2576 5421 Metroni
2591 5335 2896 5421 peculiare.
2914 5339 3043 5405 fuit,
3076 5337 3234 5421 quod
3250 5335 3560 5421 ejusmodi

1903 5415 2307 5490 pmnitentiam
2340 5413 2475 5490 ipse
2494 5408 2611 5466 sibi
2628 5415 2834 5490 sponte
2882 5408 3184 5490 imposuit,
3212 5411 3270 5462 et
3319 5424 3423 5479 pro
3456 5423 3557 5490 pe-

1904 5476 2296 5560 regrinatione
2342 5476 2412 5539 ad
2463 5482 2590 5538 loca
2636 5476 2851 5560 sancta
2902 5476 3035 5537 ante
3065 5476 3341 5560 Ajanuam'
3375 5476 3561 5560 eccle-

1905 5548 2004 5616 θῙῶ
2034 5562 2091 5631 S.
2123 5555 2578 5631 V_italis_catena
2633 5553 2895 5631 illigatus
2954 5548 3340 5631 septennium.
3376 5548 3562 5631 stetit,

1947 5630 2099 5687 uoad
2128 5627 2328 5702 clavis,
2343 5625 2456 5684 Deo
2468 5618 2835 5702 disponente.
2850 5624 2911 5681 in
2922 5618 3124 5681 ventre
3136 5618 3315 5693 piscis
3325 5618 3342 5672 i
3351 5618 3571 5694 eventa

1928 5702 2035 5764 itit.

3165 5882 3246 5961 ﬂ
