3896 6372
335 408 472 475 ’159
1068 506 1072 512 _
1218 448 1229 461 ι
1274 407 1655 473 RATHEBII
1699 405 1923 472 EPISC

2206 403 2290 469 N.
2333 406 2508 470 OPP.
2551 404 2755 517 PAitS
2798 403 2849 471 Ῑ.
3662 399 3803 469 λιῡο

359 550 440 607 sis
468 565 583 604 non
613 546 797 620 ignoti
831 545 1112 614 fluminis,
1140 545 1588 617 incujuslittorc
1604 543 1728 616 jam
1752 541 1905 599 dicta
1920 547 2009 598 est
2035 540 2092 610 λ
2120 542 2313 614 ginis:
2350 558 2488 598 nam
2522 543 2572 598 si
2604 536 2739 599 cum
2792 536 3185 616 cognovisses,
3236 552 3356 599 non
3393 537 3481 598 sié
3519 540 3797 614 pessime

357 642 470 696 sita
500 636 741 694 basilica
763 636 1064 699 (rusticius
1086 635 1311 708 loquor,
1331 635 1580 708 intelligi
1600 639 1665 690 ut
1688 633 2009 689 valeatme-
2117 633 2498 687 custodisses.

354 729 491 799 lius)
519 727 680 799 jecit,
714 741 927 798 rogans
962 725 1107 780 forte
1138 724 1239 780 Dei
1266 723 1751 791 misericordiam,
1801 738 1872 777 ne
1902 737 2010 776 un-
2190 720 2245 775 7.
2279 721 2363 776 Ad
2396 736 2499 777 vos
2530 724 2802 777 caeterum
2833 720 3113 777 intuitum
3147 720 3336 790 ﬂecto,
3368 714 3472 791 qui
3500 715 3796 774 maximis

358 832 534 889 quam
568 832 697 871 eam
736 814 978 881 videret,
1032 813 1217 868 donec
1266 816 1522 885 peccata,
1571 828 1695 884 qua:
1738 811 2013 883 plangere
2123 809 2342 882 gravati
2375 809 2753 876 facinoribus,
2778 826 3009 865 mecum
3034 806 3476 882 parvipenditis,
3504 808 3666 881 quod
3690 821 3797 864 ve-

362 901 1189 977 disposuerat,0mnipotentis
1203 901 1513 957 clementia
1535 899 2014 956 dimisisset.ldeo
2125 896 2426 953 racissime
2440 896 3167 971 fateturApostolus(quod
3193 912 3308 955 non
3322 898 3502 955 surdo
3522 894 3801 971 percepit

363 1011 498 1049 vero
529 992 838 1049 dubitandi
869 1007 1002 1046 sum
1033 990 1303 1046 adverbio
1352 1007 1519 1057 usus,
1553 990 1691 1062 quia
1736 986 1871 1044 licet
1908 987 2017 1042 hoc
2127 986 2331 1042 auditu
2361 986 2489 1053 iste,
2524 984 2596 1042 de
2626 1002 2740 1059 quo
2770 1003 2864 1043 res
2894 987 3105 1061 agitur,
3139 987 3424 1057 sanctus),
3455 982 3521 1043 Si
3545 994 3800 1043 mantel-

368 1100 485 1138 non
510 1081 814 1137 didicerim
844 1080 1052 1145 relatu,
1085 1078 1353 1134 miraculi
1386 1078 1475 1134 est
1515 1082 1711 1135 tamen
1762 1092 2020 1148 comper—
2130 1078 2290 1146 ipsos,
2323 1074 2615 1146 inquiens,
2648 1075 3094 1144 dijudiearemas,
3123 1090 3233 1131 non
3267 1077 3458 1147 utique
3498 1074 3802 1147 judicare-

369 1176 497 1227 tum
527 1171 607 1225 ita
637 1170 687 1224 ei
720 1168 1054 1239 contigisse,
1086 1168 1242 1223 Deus
1264 1173 1328 1223 ut
1354 1167 1659 1232 concessit,
1677 1169 1904 1221 eventu.
1927 1166 2000 1220 Se
2130 1178 2257 1219 mur
2286 1165 2333 1226 (I
2362 1164 2481 1218 Cor.
2511 1180 2571 1219 ιι.
2604 1164 2715 1225 3i).
2750 1164 2927 1221 Istius
2971 1178 3182 1237 nempe
3234 1162 3683 1236 multorumque
3712 1160 3803 1219 si-

370 1264 529 1332 ptem
559 1259 756 1330 itaque
785 1256 954 1313 annis
986 1256 1096 1311 sub
1126 1255 1256 1311 divo
1288 1257 1435 1319 (648)
1464 1254 1641 1327 lapidi
1676 1254 1756 1309 ita
1783 1252 2023 1308 haesisse
2132 1248 2363 1307 milium
2393 1268 2506 1307 non
2535 1252 2816 1308 recordati
2836 1250 3174 1309 sanctorum
3188 1256 3244 1309 et
3273 1251 3807 1309 curtantaactalia

373 1350 557 1404 fertur
586 1348 1026 1411 concatenatus,
1070 1344 1252 1399 donec
1301 1344 1525 1399 volente
1571 1342 2027 1399 misericorditer
2135 1340 2254 1397 sint
2285 1356 2401 1396 non
2434 1337 2883 1413 perpendentes,
2916 1343 3234 1415 perditum,
3267 1342 3478 1408 fateor,
3510 1341 3635 1408 itis,
3665 1355 3807 1415 per-

373 1438 509 1506 Deo,
534 1436 662 1506 jam
676 1434 853 1489 ﬁnem
874 1431 967 1488 his
989 1430 1237 1499 mittere,
1266 1448 1392 1504 qua:
1417 1430 1759 1503 hujusmodi
1781 1430 2024 1486 comita-
2134 1429 2312 1502 pessi.
2344 1430 2507 1491 (652).
2541 1429 2677 1486 Sine
2699 1430 2877 1486 dubio
2893 1446 3025 1486 vero
3040 1430 3301 1502 [subaudi
3319 1429 3583 1503 perpessi
3608 1430 3805 1501 sunt],

372 1527 589 1581 bantur
616 1521 974 1595 supplicium
1007 1522 1301 1590 crucibus,
1322 1525 1378 1577 et
1409 1522 1681 1593 supernis
1712 1524 2026 1593 martyrem
2137 1520 2277 1592 quia
2307 1535 2421 1574 non
2455 1518 3006 1591 perfunctorieillud
3028 1518 3615 1577 auribushauserunt
3632 1517 3809 1575 Psal-

371 1630 547 1669 suum
572 1611 717 1683 (649)
749 1610 999 1665 infulare
1028 1608 1373 1676 honoribus,
1408 1610 1726 1681 piscatores
1757 1609 2026 1681 episcopo
2139 1608 2346 1663 mistazz
2371 1610 2445 1663 Tu
2478 1606 2752 1663 mandasti
2779 1609 3045 1664 mandata
3071 1613 3169 1664 tua
3196 1606 3464 1665 custodiri
3482 1604 3658 1664 nimis
3678 1609 3803 1681 (P3.

372 1702 592 1775 piscem
606 1699 915 1766 deferrent,
942 1698 1001 1753 in
1017 1700 1186 1769 cujus
1200 1704 1397 1754 ventre
1411 1703 1612 1754 sancta
1628 1698 1727 1753 illa
1738 1694 1917 1753 clavis
1940 1697 2026 1750 in-

372 1792 562 1859 venta,
590 1790 718 1861 ejus
732 1784 1935 1843 omnianuntiavitdimissafacinora.Nam
1962 1801 2031 1841 ea

376 1879 691 1951 recognita,
716 1877 1111 1948 compedeque
1141 1875 1386 1931 catcnali
1417 1892 1451 1931 a
1479 1876 1733 1933 civitatis
1759 1875 2030 1948 pontiﬁce

378 1970 655 2034 reserato,
688 1967 856 2021 beato
887 1964 985 2020 illo
1016 1964 1153 2033 loto,
1187 1964 1413 2032 induto,
1464 1964 1733 2021 Ecclesia:
1780 1960 2028 2033 reddito,

294 2078 301 2085 ί
381 2059 755 2113 sacrosancta
784 2054 1046 2125 corporis
1074 2058 1131 2108 et
1150 2054 1457 2125 sanguinis
1472 2054 1703 2109 Domini
1726 2047 2034 2126 participa-

382 2146 542 2202 tione
571 2136 806 2209 refecto,
840 2158 975 2197 cum
1005 2134 1036 2197 e
1066 2142 1306 2215 vestigio
1345 2142 1755 2215 acceptissima
1791 2142 1892 2198 illa
1921 2144 2033 2199 Do-

386 2233 531 2288 mini
564 2231 760 2287 hostia
786 2229 1099 2287 emissione
1130 2231 1375 2302 spiritus
1405 2231 1664 2303 angelico
1696 2235 1849 2288 esset
1869 2230 2038 2287 remi-

384 2322 477 2394 gio
504 2320 664 2377 oculis
695 2310 943 2391 invecta,
975 2318 1124 2374 nulli
1150 2324 1238 2375 est
1256 2319 1522 2376 dubitare
1543 2330 1907 2385 concessum,
1932 2321 2034 2392 qui

380 2410 469 2467 vel
502 2409 754 2466 infantili
786 2407 1173 2464 rationalitate
1204 2408 1442 2479 vigeret,
1477 2402 1621 2480 quin
1655 2414 1893 2464 sanctus
1911 2408 2034 2481 pal-

381 2515 537 2554 mam
570 2498 819 2553 victoriae
851 2497 907 2551 in
939 2496 1101 2552 cmlis
1130 2510 1233 2568 pro
1267 2496 1693 2568 expugnatione
1723 2496 1904 2565 illius,
1936 2497 2035 2569 qui

381 2605 583 2643 secum
614 2587 889 2642 certando
921 2586 993 2641 ad
1026 2585 1228 2641 horam
1258 2601 1393 2640 eum
1428 2602 1490 2640 se
1536 2585 1745 2641 vicisse
1785 2585 2038 2641 inaniter

382 2679 572 2732 fuerat
602 2674 955 2747 gratulatus,
1004 2688 1137 2728 cum
1187 2689 1402 2728 corona
1450 2674 1712 2746 martyrii
1763 2675 2037 2746 indeptus

377 2760 601 2822 fuisset.
636 2762 905 2834 Corporis
936 2776 1076 2817 sane
1113 2760 1451 2817 illiusterras
1465 2758 1752 2818 mandata:
1776 2762 2035 2835 reliquiae

378 2850 803 2909 miraculorum
820 2850 1079 2905 efficacia
1096 2850 1205 2905 hoc
1221 2850 1524 2906 testificari
1542 2850 1880 2908 nullatenus
1896 2852 2039 2908 omi-

382 2958 529 2999 sere.
565 2940 699 3009 Sed,
732 2944 797 2994 ut
822 2938 962 3009 dixi,
995 2937 1106 2993 hoc
1135 2937 1367 2994 illorum
1400 2936 1656 2994 occuluit
1684 2941 1911 3008 inertia,
1936 2941 2037 3013 qui

387 3033 436 3087 si
468 3030 625 3102 quod
656 3028 811 3084 nacti
841 3027 1073 3083 fuerant
1102 3026 1354 3083 scientia:
1399 3026 1678 3084 divinitus
1724 3028 2035 3096 talentum,

388 3118 577 3191 magis
597 3117 705 3173 hoc
728 3120 969 3172 terrena
985 3114 1259 3171 vanitatis
1279 3115 1842 3189 sudarioinfossum,
1863 3132 2040 3174 saecu-

361 3207 613 3264 -laribus
645 3204 977 3260 maluerunt
1004 3205 1320 3260 concedere
1351 3205 1423 3261 ad
1455 3202 1801 3276 placendum
1828 3200 2039 3263 saeculo

388 3296 621 3370 pompis
675 3295 821 3367 (650)
873 3306 1052 3366 quam
1090 3293 1163 3349 ad
1220 3292 1553 3365 exemplum
1602 3294 2034 3369 auditurorum,
2067 3279 2109 3347 C

358 3383 619 3442 -iaudem
650 3388 705 3439 et
725 3382 973 3456 gloriam
992 3382 1089 3438 Dei
1107 3382 1603 3450 desiderantibus,
1619 3384 2041 3441 nummulario-

385 3488 517 3530 rum
546 3473 681 3540 ritu,
714 3471 1079 3527 committere
1128 3470 1385 3543 populis.
1438 3472 1583 3527 Ecce
1636 3474 1791 3544 quod
1835 3475 2035 3543 decus,

383 3561 557 3634 quale
586 3556 933 3633 patrocium,
966 3558 1201 3630 qualem
1246 3559 1575 3631 perdidisti,
1608 3560 1809 3617 infelix
1838 3562 1898 3618 in
1928 3563 2039 3619 hoc

382 3644 591 3707 saltem
620 3646 871 3716 Verona,
902 3647 1270 3703 thesaurum!
1320 3648 1485 3712 Quod
1513 3665 1662 3719 reor,
1712 3650 1761 3707 si
1794 3650 2037 3723 legendo

358 3736 711 3805 didicisses,
739 3737 827 3793 vel
844 3731 1133 3791 audiendo
1154 3735 1361 3792 saltem
1378 3735 1595 3794 diserto
1618 3756 1651 3792 a
1671 3739 1930 3811 quolibet
1951 3755 2040 3796 co-

386 3827 712 3900 gnovisses;
747 3831 868 3880 tam
898 3820 1295 3879 necessarium
1322 3818 1448 3881 tam
1487 3825 1687 3882 leviter
1733 3844 1848 3883 non
1882 3826 2036 3886 809

386 3914 741 3988 perdidisses
763 3917 1097 3985 patronum.
1117 3908 1373 3979 Utinam,
1392 3913 1640 3980 ccelitus,
1659 3914 1873 3986 quibus
1892 3917 2036 3973 forte

388 4009 478 4060 est
507 4003 699 4068 datus,
732 4001 841 4057 hoc
872 3996 1203 4068 exaudiant,
1220 4004 1277 4056 et
1307 3998 1597 4057 sibiaDeo
1624 4002 1896 4075 largitam
1912 4009 2035 4061 tam

386 4092 701 4166 pretiosam
734 4108 849 4146 non
874 4088 1171 4161 negligant
1191 4091 1507 4161 gemmam!
1526 4091 1815 4148 Succense
1834 4094 2032 4165 igitur,

383 4184 535 4250 dico,
566 4196 842 4237 succense
870 4179 1015 4250 (651)
1047 4179 1232 4251 poetis
1261 4182 1318 4233 et
1346 4179 1729 4251 scriptoribus
1761 4181 1895 4251 illis,
1933 4183 2035 4255 qui

380 4278 514 4328 tuos
533 4270 902 4347 repleverunt
917 4267 1110 4324 inanis
1126 4268 1322 4340 gloriae
1340 4268 1536 4341 cupidi
1556 4264 2034 4330 murosversibus

379 4361 526 4431 suis,
558 4364 615 4416 et
634 4359 805 4417 istius
826 4374 942 4414 non
970 4354 1254 4412 dederunt
1280 4361 1465 4429 gesta,
1496 4373 1599 4414 seu
1627 4358 1912 4416 miracula
1930 4377 2032 4433 pa-

454 4512 602 4583 (648)
632 4509 815 4583 Scribi
846 4508 993 4583 solet
1018 4509 1119 4563 sub
1148 4508 1258 4583 dio,
1294 4508 1349 4563 id
1382 4512 1471 4583 est
1497 4510 1671 4583 cmlo:
1706 4513 1808 4568 sed
1838 4513 2031 4571 verius

379 4579 481 4638 sub
511 4582 633 4634 divo
662 4579 1038 4635 scribendum
1070 4579 1311 4650 quidam
1342 4579 1695 4638 existimant.

2139 1712 2330 1762 cxvm,
2364 1696 2841 1765 4).Quarenimis,
2858 1714 3049 1770 rogas.
3083 1691 3372 1753 Nimirum
3387 1696 3548 1769 quia,
3571 1696 3808 1754 utanbe
3886 1726 3887 1735 ι

2140 1802 2255 1841 non
2288 1790 2380 1842 est
2412 1786 2787 1842 veracissime
2807 1786 3803 1858 dictum,admagnapmnidperve-
3885 1814 3888 1841 ε

2138 1877 2255 1930 m’ri
2282 1891 2391 1931 non
2419 1877 2741 1947 potest,nisi
2746 1891 2844 1947 per
2862 1890 3088 1945 magnos
3102 1877 3313 1932 labores
3338 1872 3424 1945 (8.
3441 1874 3627 1931 Gneo.
3652 1876 3799 1931 hom.
3886 1886 3887 1913 ξ

2140 1967 2209 2020 37
2240 1966 2300 2019 in
2328 1969 2558 2035 Evang.,
2592 1980 2650 2019 n.
2685 1964 2756 2035 1).
2790 1966 2905 2020 Νοη
2930 1958 3057 2020 suat
3092 1967 3241 2020 enim
3268 1963 3575 2033 condigna,
3621 1969 3689 2019 ut
3717 1963 3805 2019 ait
3886 1994 3888 2003 ι

2140 2052 2473 2125 Apostolus,
2502 2055 2781 2124 passiones
2810 2054 2976 2124 hujus
3000 2052 3259 2126 temporis
3285 2048 3358 2109 ad
3383 2050 3646 2125 futuram
3682 2052 3809 2123 glo-
3886 2058 3890 2093 ¹

2140 2144 2306 2207 riam,
2340 2156 2457 2212 quae
2488 2142 2821 2197 revelabitur
2848 2143 2908 2197 in
2936 2142 3096 2198 nobis
3131 2148 3312 2214 (Rom.
3359 2138 3485 2198 vui.
3534 2141 3655 2212 1-8).
3689 2140 3813 2197 Hoc
3886 2146 3889 2181 ἰ

2144 2230 2414 2304 apostoli,
2448 2230 2557 2286 hoc
2587 2236 2893 2303 martyres,
2926 2231 3035 2287 hoc
3048 2227 3661 2302 sancticogitaverunt
3680 2230 3816 2286 abs-
3886 2258 3890 2269 -

2145 2336 2259 2391 que
2286 2319 2465 2375 dubio
2496 2335 2720 2375 omnes.
2748 2318 2867 2375 Hoc
2896 2320 2998 2391 qui
3032 2334 3147 2376 non
3200 2318 3497 2392 cogitavit,
3540 2316 3817 2392 seipsum
3888 2336 3889 2341 π

2146 2408 2406 2463 omnimo
2438 2402 2711 2479 neglexit.
2768 2406 3061 2464 Ponamus
3109 2420 3365 2479 namque
3411 2404 3551 2463 ante
3608 2406 3817 2463 oculos
3889 2414 3891 2451 ὲ

2146 2495 2488 2569 quemlibet,
2519 2501 2575 2551 et
2605 2496 2704 2569 qui
2736 2497 2891 2552 idem
2913 2496 3415 2567 incurrerit,quod
3431 2500 3684 2552 sanctus
3705 2495 3818 2552 iste

2144 2591 2263 2641 tam
2298 2586 2528 2658 magnis
2560 2585 2781 2641 diluere
2800 2585 3013 2642 meruit
3029 2585 3388 2643 cruciatibus
3417 2582 3819 2657 ﬂagitium,et

2144 2680 2307 2731 tanto
2334 2672 2697 2741 sceleratius,
2731 2679 2953 2747 quanto
2984 2676 3100 2731 non
3126 2673 3351 2730 inscius
3380 2673 3618 2735 (beatus
3655 2675 3815 2730 enim

2144 2764 2256 2819 iste
2278 2763 2337 2817 in
2369 2762 3018 2833 eoincideratnescius),
3052 2762 3154 2835 qui
3168 2762 3438 2818 videlicet
3458 2762 3816 2836 antesepal-

2146 2868 2310 2908 crum
2341 2852 2467 2923 ejus
2491 2852 2717 2923 jacens,
2747 2851 2957 2907 tundat
2988 2855 3191 2923 pectus
3221 2865 3397 2908 suum
3446 2850 3728 2909 clamans
3759 2855 3814 2907 et

2147 2940 2375 2996 dicens:
2411 2939 2605 2995 Sancte
2635 2940 2817 3007 Metro,
2851 2940 3119 2996 intercede
3141 2955 3244 3011 pro
3271 2954 3361 2995 me
3385 2941 3589 2997 misero
3615 2954 3808 3012 pawn-

2147 3038 2278 3085 tore.
2307 3029 2510 3084 Nonne
2541 3028 3449 3101 tibivideturposseillisanctum
3467 3043 3539 3084 ex
3565 3026 3808 3102 obliquo

2147 3121 2465 3191 martyrem
2514 3117 2905 3189 respondere:
2956 3119 3061 3174 Fac
3089 3117 3232 3189 quod
3278 3118 3406 3190 feci,
3437 3126 3491 3174 et
3540 3119 3810 3192 impetras

2146 3207 2287 3279 quod
2311 3207 2642 3278 impetravi?
2668 3204 2817 3270 Quid
2846 3221 2955 3263 nos
2986 3206 3058 3262 ad
3090 3206 3212 3261 hinc
3241 3206 3545 3278 pejoribus‘
3568 3205 3812 3278 irretiti,

2148 3300 2223 3365 et,
2259 3296 2414 3367 quod
2436 3295 2696 3367 gravius,
2718 3293 3277 3349 consuetudinaliter
3297 3293 3685 3363 facinoribus,
3710 3300 3816 3353 su-

2147 3400 2253 3457 per
2262 3380 2526 3456 plumam
2539 3383 2842 3451 sudantes,
2860 3387 2919 3439 et
2936 3380 3297 3455 psalmorum
3318 3381 3584 3439 carmina
3602 3382 3817 3456 (quan-

2148 3474 2220 3529 do
2251 3473 2361 3529 hoc
2385 3473 2565 3528 etiam
2596 3484 2729 3527 rara
2756 3472 2882 3527 avis
2910 3475 3020 3540 est)
3071 3472 3519 3538 murmurando,
3571 3474 3815 3531 veniam

2149 3561 2319 3626 nobis
2348 3560 2691 3633 hujusmodi
2722 3559 3065 3633 pmnitentia
3094 3559 3350 3617 inaniter
3366 3555 3811 3634 promittentes;

2290 3684 2424 3745 Ante
2445 3688 2624 3745 locum
2655 3693 2697 3742 si
2722 3693 2890 3757 frigus
2920 3694 3038 3753 erit,
3068 3692 3114 3743 si
3141 3690 3331 3744 messis
3356 3693 3412 3743 in
3446 3694 3661 3745 umbra.

2144 3833 2447 3903 gementes
2476 3832 2533 3883 et
2561 3827 2993 3901 indulgentiam
3025 3827 3150 3885 sola
3192 3827 3654 3900 praesumptione
3702 3828 3807 3886 de-

2146 3918 2297 3989 cepti
2326 3914 2663 3990 sperantes?
2691 3917 2943 3973 Sanctus
2972 3916 3085 3973 iste
3136 3916 3297 3973 nuda
3337 3915 3720 3986 seminudus,
3751 3922 3805 3975 et

2132 4003 2605 4079 inaequalissima
2633 4005 3010 4061 volutabatur
3041 4005 3251 4061 diebus
3288 4020 3357 4062 ac
3393 4005 3671 4063 noctibus
3702 4004 3806 4081 per

2145 4094 2518 4167 septennium
2550 4093 2751 4150 humo.
2784 4094 2904 4150 Νοο
2934 4090 3236 4150 eriminosi
3262 4094 3496 4151 veniam
3536 4095 3802 4168 rogaturi

2143 4182 2362 4255 pileum
2395 4180 2667 4239 villosum
2680 4181 2926 4255 capillis,
2941 4198 3090 4254 quos
3100 4180 3401 4239 extrahere
3431 4182 3692 4255 lugendo
3705 4184 3804 4240 de-

2144 4272 2481 4340 bueramus,
2510 4286 2583 4329 ne
2628 4270 3058 4345 infrigidemur,
3105 4268 3593 4344 superinduimus
3648 4272 3805 4329 ³10

2142 4358 2284 4432 Ejus
2315 4360 2528 4433 cuphia
2558 4361 2707 4424 (653)
2738 4361 2858 4430 nix,
2891 4361 3135 4434 grando,
3156 4365 3217 4417 et
3242 4374 3385 4417 aura
3400 4356 3526 4417 erat
3550 4359 3805 4419 nimbri-

2122 4560 2141 4569 ς
2212 4515 2362 4583 (650)
2393 4513 2697 4570 Construe:
2730 4514 3055 4570 Maluerunt
3083 4512 3369 4570 concedere
3398 4511 3497 4583 hoc
3534 4513 3807 4583 talentum

2143 4580 2409 4656 infossum
2437 4585 2662 4641 sudario
2679 4593 2913 4641 terrenae
2928 4585 3207 4657 vanitatis,
3225 4581 3530 4657 comedere,
3550 4580 3807 4657 inquam

454 4651 604 4731 (67:9)
637 4650 757 4705 Etsi
788 4654 842 4723 S.
879 4650 1059 4737 ΜεδιΓο
1089 4646 1151 4703 in
1183 4649 1546 4737 ‘Kal’en‘dar‘iis
1572 4655 1861 4737 _antiquis
1892 4673 2029 4725 eon-
2059 4646 2107 4714 D
2137 4646 2315 4737 magis
2334 4658 2549 4737 pompis
2576 4657 2931 4737 saecularibus
2960 4646 3809 4737 adplacendum.

378 4718 643 4794 fes'soris,
675 4737 790 4777 non
814 4718 1018 4775 autem
1049 4721 1322 4794 martyris
1352 4722 1522 4780 titulo
1554 4718 1819 4794 donetur,
1862 4724 2025 4785 eum-

352 4811 493 4867 ~que
522 4792 831 4849 Ratherius
862 4808 1095 4869 quoque
1139 4792 1532 4869 confessorem
1579 4792 1896 4869 aliquando
1926 4816 2029 4856 no-

378 4863 584 4943 minet;
605 4869 933 4943 martyrem
964 4863 1162 4943 tamen
1190 4863 1558 4943 libentiusac
1590 4863 1805 4943 saepius
1830 4871 2028 4943 appel-

378 4937 478 5002 lat,
514 4933 809 5007 hujusque
829 4933 1239 5006 appellationis
1268 4934 1556 4991 vindicias
1586 4933 1727 4993 texit
1756 4933 2023 4998 num:i2.

378 5009 523 5062 Hinc
554 5010 701 5062 forte
730 5009 948 5077 factum
981 5011 1097 5077 est,
1124 5010 1189 5077 ut
1214 5007 1489 5077 martyris
1538 5009 1779 5077 quidam
1830 5012 2026 5069 cultus

380 5078 464 5154 illi
494 5077 761 5154 tributus
783 5076 922 5154 olim
952 5075 1128 5131 fuerit
1159 5076 1226 5154 in
1250 5075 1450 5154 nostra
1490 5075 1791 5154 Ecclesia,_
1822 5099 2023 5154 quem-

377 5148 695 5203 admodum
726 5146 911 5216 liquet
940 5162 1008 5199 ex
1037 5150 1368 5217 pervetusto
1390 5148 1653 5217 ejusdem
1667 5146 1931 5209 EcClesize
1956 5156 2027 5210 ri-

374 5216 522 5273 tuali
553 5218 718 5294 libro,
754 5216 851 5287 qui
884 5233 918 5270 a
945 5216 1237 5294 ﬁtephano
1268 5216 1457 5294 ipsius
1476 5221 1810 5294 presbytero
1824 5230 1880 5280 et
1895 5243 2025 5281 can-

373 5294 502 5368 tore
530 5286 784 5368 scriptus
815 5286 1024 5368 saeculo
1056 5286 1543 5368 xr,‘.atqueninter
1585 5286 2024 5368 codiceshcapi-

372 5360 484 5415 tuli
544 5356 1280 5430 cathedralis”custoditus
1340 5358 1601 5430 Carpsum
1656 5356 2020 5424 inscribitur.

374 5431 646 5508 lbienim
680 5428 1108 5508 ordoofficiiet
1137 5428 1627 5508 misszenejusdem
1657 5436 1843 5508 sancti
1877 5455 2020 5508 prae-

370 5503 558 5583 fertur
586 5517 727 5584 cum
749 5498 1094 5585 antipbonis.
1117 5498 1457 5556 etversibus
1477 5504 1829 5585 symptisex
1848 5498 2017 5565 (iam-

346 5574 536 5653 .muni
569 5570 746 5653 unius
776 5570 1064 5653 martyris.
1080 5573 1340 5653 tempgre
1367 5570 1648 5653 paschali.
1683 5575 1827 5653 Vide
1877 5596 2016 5653 opu-

366 5588 536 5628 muni
569 5588 746 5627 unius
776 5586 1052 5695 manyis
1080 5586 1340 5642 tempore
1367 5588 1437 5643 pa

366 5643 594 5699 sculum
623 5642 845 5698 editum
875 5658 909 5696 a
989 5682 1001 5693 .
1034 5641 1202 5695 Joan.
1237 5642 1437 5697 Franci

353 5714 593 5776 (titulus:
626 5716 835 5775 Noti/sie
863 5714 1083 5773 intomo
1112 5727 1147 5770 α
1175 5713 1240 5771 D.
1272 5712 1525 5789 Metrcme,
1560 5733 1694 5797 pag.
1727 5720 1815 5783 [ιϐ’

2142 4726 2254 4784 ritu
2278 4726 2782 4785 nummulariorum
2809 4726 3145 4784 committere
3189 4727 3408 4798 populis
3428 4726 3804 4784 desideranti-

2142 4799 2565 4873 buslaudemet
2619 4800 2861 4873 gloriam
2893 4799 2991 4854 Dei
3028 4798 3099 4854 ad
3145 4798 3802 4873 egqnplumpudituro-

2320 4870 2577 4942 Respicit
2605 4866 2999 4942 evangelicam
3030 4866 3370 4942 parabolam
3408 4866 3796 4939 talentorum,

2189 4961 2220 4996 a
2310 4986 2321 4996 .
2356 4958 2483 4996 xxv.

2189 4951 2321 4997 atth.
2356 4958 2483 4996 XXV.

2207 5015 2356 5081 (651)
2386 5012 2529 5067 Hinc
2559 5010 2829 5084 colligere
2860 5011 3020 5084 licet,
3045 5011 3155 5066 hoc
3186 5016 3245 5067 et
3267 5009 3544 5084 anteriori
3568 5012 3794 5084 saeculo

2135 5090 2267 5157 post
2296 5089 2351 5139 S.
2386 5082 2943 5163 Metronislfnortem
2974 5082 3211 5163 Veronae
3254 5083 3531 5163 frequens
3580 5082 3791 5155 fuisse,

2135 5154 2516 5211 monumenta
2546 5155 2811 5209 versibus
2841 5170 3114 5226 expressa
3144 5154 3333 5209 muris
3360 5154 3648 5221 inserere,
3764 5182 3765 5187 η

2205 5227 2350 5298 (652)
2410 5226 2719 5281 Consirue:
2772 5227 2971 5297 Nempe
3019 5242 3129 5281 non
3160 5226 3469 5281 recordati
3516 5226 3687 5298 istius
3742 5228 3794 5283 et

2128 5294 2430 5353 multorum
2459 5298 2729 5378 similium
2756 5294 3095 5378 sanctorum,
3136 5304 3187 5353 et
3213 5313 3325 5378 pan
3365 5294 3792 5378 perpendentes,

2127 5386 2227 5494 fur
2246 5370 2489 5441 perpessi
2521 5370 2633 5424 sint
2686 5373 2841 5425 tanta
2896 5386 2963 5425 ac
2993 5368 3147 5424 talia.
3201 5371 3397 5440 fateor,
3457 5368 3550 5423 itis
3591 5368 3794 5440 perdt-

2154 5456 2266 5494 um.
3714 5490 3719 5493 .

2154 5456 2346 5583 “$53)
2369 5510 2580 5585 Cuphia
2610 5509 2771 5582 parvi
2797 5507 2993 5585 galeri
3041 5508 3289 5585 species,
3345 5506 3547 5585 Italica

2124 5578 2408 5664 construe
2432 5578 2457 5637 ε’
2683 5578 2916 5664 cuphia“
2940 5578 3233 5664 eratinix,
3272 5578 3510 5664 υθνᾱπᾴσ,
3560 5578 3792 5643 et

1034 5641 1220 5731 {oang
1237 5641 1543 5731 Ff'aticisco
1566 5646 1890 5731 Manzopio,
1914 5641 2011 5710 cui
2112 5653 2483 5731 ‘nimbrz'fera;
2507 5641 2659 5731 rigbr
2687 5641 2942 5713 nmio
2966 5654 3103 5711 satis
3130 5641 3523 5713 τηὸονῆηιοάαέ.
