3896 6404
122 421 226 501 464

1010 424 1438 519 Iuvac'rm
1480 430 1583 501 es
1627 426 2066 521 reamur.
2112 434 2180 499 ε.
2226 430 2665 505 METRONIS.’

3425 442 3547 509 462

124 558 249 649 fera,
282 547 567 617 hiemalis
586 556 732 617 satis
763 561 1392 636 rigorincommodus,
1425 567 1526 639 qui
1559 566 1776 624 lavaret
1804 572 1859 642 Α
1890 566 2132 641 quidam
2175 568 2328 626 inter
2376 589 2517 629 suos
2566 571 3012 648 metrographiw
3054 572 3547 649 diligentissimus

123 647 308 720 utique
355 649 518 721 quod
569 651 946 709 commiserat
986 655 1202 712 scelus.
1237 656 1346 712 Pro
1395 656 1546 728 pileo
1597 674 1773 729 quem
1842 656 2014 714 ’ita:

119 736 281 793 moris
303 742 396 794 est
438 737 669 797 incesta
720 741 900 799 etiam
957 743 1327 819 generalitati
1388 745 1651 815 adversa,
1684 746 1773 802 vel

115 826 361 897 ejusdem
383 826 807 888 aestimationis
846 831 1161 890 innumera
1208 832 1553 908 plangentes
1602 834 1769 908 pelli-

115 915 243 981 culis
271 916 522 974 exoticis
578 917 743 976 intus
798 920 1027 992 farcire,
1060 922 1318 980 brumali
1350 927 1524 998 caput
1582 923 1771 997 ipsius

112 1005 472 1078 operiebatur
528 1006 811 1083 lanugine
872 1011 1040 1084 (654).
1091 1011 1408 1085 Stipularis
1464 1012 1566 1069 illa
1619 1014 1767 1071 ritus

110 1094 360 1161 Santonici
410 1113 671 1165 camera,
713 1114 895 1170 quam
944 1100 1143 1156 vertici
1192 1117 1297 1173 pro
1340 1101 1577 1158 vitando
1625 1101 1766 1158 solis

108 1182 406 1256 imponunt
451 1187 683 1248 ardore.
718 1186 967 1247 Phaebus
1014 1187 1098 1244 illi
1149 1194 1276 1247 erat
1328 1189 1764 1248 ﬂammivomus

108 1273 232 1345 ipse.
266 1272 410 1348 Ejus
444 1275 765 1332 tentorium
808 1278 1024 1334 coelum
1055 1283 1179 1336 erat
1221 1280 1377 1335 istud
1408 1280 1655 1347 aerium,
1690 1298 1763 1337 ne

105 1360 175 1418 illi
214 1361 444 1421 scilicet
496 1364 643 1421 illud
700 1366 1107 1425 occluderetur
1162 1368 1489 1425 aetherium.
1522 1369 1619 1426 Sol
1676 1369 1761 1427 illi

102 1468 191 1524 pro
235 1453 479 1524 umbra,
518 1471 731 1517 cauma
760 1457 911 1529 (655)
942 1474 1045 1530 pro
1093 1457 1392 1531 refrigerio
1420 1463 1564 1525 erat,
1606 1457 1758 1515 lunae

97 1541 383 1611 profectus
436 1548 613 1616 atque
662 1544 949 1615 defectus,
982 1546 1125 1619 quid
1158 1563 1192 1604 a
1221 1547 1482 1619 profectu
1534 1548 1757 1604 deiece-

92 1630 176 1705 rit,
209 1631 280 1687 ad
337 1631 641 1690 defectum
692 1634 897 1703 ruerit,
932 1635 1389 1709 improperabat.
1441 1636 1758 1692 Stellarum

88 1718 623 1790 innumerabilitas,
652 1721 698 1777 si
730 1724 970 1795 quando
1020 1724 1286 1781 siderum
1331 1724 1633 1780 ordinator
1665 1742 1756 1781 as-

88 1808 362 1881 trigerum
426 1809 944 1883 splendiﬁcaverat
997 1810 1397 1868 luminaribus
1445 1812 1760 1870 auricomis

84 1898 320 1969 caelum,
387 1897 747 1968 innumeras
820 1898 934 1955 sibi
1008 1904 1279 1972 reputare
1350 1900 1761 1957 commonebat

1788 1947 1835 2013 B

2132 811 2375 864 Oderunt
2401 826 2623 878 peccare
2653 815 2782 867 boni
2801 817 3015 869 virtutis
3042 830 3245 869 amore.

2933 882 3146 944 (Honu,
3168 880 3315 947 epist.
3344 881 3448 945 16.)

1948 1014 2002 1068 8.
2037 1013 2182 1070 Ecce
2213 1015 2272 1071 in
2304 1031 2422 1088 qua
2467 1016 2669 1075 schola
2697 1020 3064 1091 educabaris,
3094 1022 3379 1096 discipule
3406 1023 3544 1081 obe-

1877 1101 2251 1159 dientissime
2282 1122 2347 1160 ac
2378 1107 2842 1165 vercundissime
2873 1110 3121 1179 Christi;
3155 1111 3295 1184 quia
3324 1127 3545 1168 exerce-

1875 1191 2034 1249 baris
2064 1191 2359 1265 palaestra,
2393 1195 2549 1268 regis
2598 1195 2759 1254 illius
2808 1199 3065 1257 caelestis
3117 1199 3368 1270 athleta;
3422 1216 3540 1273 quo

1872 1278 2379 1338 holocaustabaris
2406 1284 2697 1354 incendio,
2726 1288 3138 1361 acceptissima
3160 1289 3356 1346 hostia
3380 1289 3541 1346 Chri-

1871 1372 1981 1425 sto.
2014 1369 2162 1435 Quid
2218 1370 2538 1444 cogitabas,
2574 1375 2972 1445 sanctissime,
3005 1377 3148 1451 quid
3201 1376 3537 1451 loquebaris

1871 1463 2074 1514 contra
2098 1476 2232 1515 eum
2264 1464 2487 1527 tamen,
2521 1464 2624 1533 qui
2678 1467 2791 1520 tua:
2824 1465 3094 1522 invidens
3142 1466 3342 1535 saluti,
3372 1471 3430 1524 te
3462 1468 3534 1524 ad

1868 1545 1979 1602 hoc
2029 1546 2367 1619 impulerat,
2400 1556 2640 1621 propter
2687 1554 2844 1623 quod
2904 1554 3069 1610 mille
3118 1555 3410 1611 mortibus
3456 1555 3535 1611 si-

1870 1633 2010 1689 mile
2040 1636 2277 1707 aggredi
2309 1653 2370 1691 es
2421 1638 2766 1710 compulsus
2810 1643 3214 1699 tormentum?
3244 1641 3536 1700 Nimirum

1869 1723 2184 1779 revocabas
2227 1724 2286 1778 in
2336 1740 2494 1794 eum,
2529 1743 2656 1799 qua:
2705 1729 2826 1800 pati
2866 1730 3176 1801 jubebaris
3222 1736 3535 1802 tormenta,

1870 1828 2005 1866 cum
2033 1812 2105 1867 de
2135 1811 2243 1867 tibi
2284 1813 2691 1872 misericordia
2741 1817 2837 1873 Dei
2890 1835 2993 1891 pro
3024 1822 3268 1878 ventura
3294 1820 3540 1879 victoria

1871 1899 2161 1957 indicibili
2195 1917 2331 1957 eum
2363 1905 2577 1960 urebas
2620 1904 2841 1962 invidia
2870 1907 3040 1981 (657).
3066 1909 3214 1975 Quid
3246 1910 3402 1983 quod
3433 1928 3539 1968 ur-

80 1985 363 2057 indeficue
395 1985 640 2058 culpas,
663 1991 721 2045 et
757 1986 1203 2060 ingratitudinis
1250 1987 1584 2045 inculcabat
1630 1989 1758 2045 sine
1788 1985 1835 2013 ”
1865 2006 2091 2057 serum,
2132 1988 2391 2058 leonum,
2431 1992 2878 2065 pantherarum,
2900 1996 2989 2053 vel
3032 1998 3433 2071 Hyrcanarum
3462 2000 3537 2057 ti-

84 2074 533 2145 intermissione
578 2074 866 2149 querelas.
899 2076 1048 2141 Quid
1096 2077 1291 2150 fragor
1338 2077 1753 2145 tonitruorum,

90 2164 338 2238 impetus
390 2163 807 2239 procellarum,
843 2164 1070 2237 lapides
1127 2166 1505 2238 grandinum,
1555 2165 1756 2238 jacula

97 2252 433 2322 fulminum,
470 2251 604 2319 .pisi
653 2254 1027 2311 tremendum
1076 2253 1221 2309 illud
1272 2253 1481 2313 divinae
1529 2254 1752 2311 anima-

93 2341 408 2400 dversionis
454 2341 584 2413 ejus
628 2341 789 2399 cordi
836 2343 1187 2401 intonabant
1234 2342 1568 2415 judicium?
1612 2344 1751 2401 Tec-

96 2438 205 2497 tum
234 2431 401 2491 illius
434 2429 701 2500 stellifer,
735 2447 889 2506 saepe
933 2430 1220 2501 imbrifer,
1255 2432 1566 2505 aliquoties
1598 2434 1751 2490 nim-

95 2520 279 2589 bosus,
324 2520 682 2597 plerumque
729 2537 975 2578 serenus
1025 2521 1141 2577 Deo
1191 2522 1448 2579 volente:
1498 2540 1751 2595 quorum

99 2608 384 2676 alternitas
446 2609 786 2669 habitacula
837 2609 1119 2666 mortales
1178 2610 1462 2683 compulit
1519 2612 1750 2681 excogi-

103 2701 234 2767 tare;
269 2704 520 2769 tectum,
555 2698 824 2771 inquam,
857 2698 945 2755 illi
988 2703 1109 2755 tam
1140 2700 1338 2756 varius
1371 2698 1468 2756 ille
1501 2701 1753 2758 caelestis

106 2792 212 2843 erat
260 2774 553 2845 indeﬁcue
610 2788 806 2858 orbis;
840 2805 956 2844 non
984 2805 1192 2845 arcens
1252 2793 1452 2845 tamen
1507 2789 1750 2858 imbres,

105 2876 192 2931 sed
239 2877 520 2946 fundens,
550 2877 701 2934 dans
758 2876 952 2935 nivem
1013 2877 1168 2933 sicut
1222 2877 1444 2947 lanam,
1478 2878 1753 2935 nebulam

108 2971 164 3021 ut
188 2965 433 3024 cinerem
468 2983 779 3041 spargens,
811 2966 1091 3025 emittens
1132 2966 1489 3024 cristallinas
1520 2985 1634 3024 non
1666 2985 1753 3024 re-

108 3053 330 3129 fugienti
363 3054 687 3125 buccellae,
718 3060 854 3113 ante
894 3072 1148 3129 quarum
1185 3054 1373 3129 frigus
1404 3055 1501 3113 ille
1530 3060 1751 3129 persta-

108 3141 194 3207 bat
218 3144 647 3216 patientissime
690 3143 875 3215 solus,
900 3162 1089 3219 usque
1138 3146 1280 3202 dum
1310 3145 1410 3202 Dei
1440 3146 1625 3203 solius
1654 3163 1753 3219 po-

108 3235 265 3295 testas
294 3234 475 3292 misso
508 3251 581 3290 ea
626 3233 1007 3308 liquefaceret
1060 3235 1257 3307 verbo,
1291 3230 1459 3293 ﬂaret
1503 3234 1748 3309 Spiritus

1865 2077 2061 2149 grium
2097 2094 2258 2135 more
2290 2085 2498 2136 catena
2537 2081 2594 2136 in
2627 2083 2941 2156 propatulo
2977 2088 3354 2160 constrictus,
3378 2105 3537 2162 spec-

1865 2165 2127 2243 taculum
2156 2167 2382 2241 angelis
2413 2174 2471 2225 et
2500 2169 2844 2230 hominibus
2874 2175 3085 2243 factus,
3114 2175 3271 2239 circa
3300 2182 3353 2234 te
3384 2178 3535 2235 mul-

1862 2255 2174 2312 titudinem
2203 2256 2464 2326 videbas,
2485 2259 2572 2315 vel
2594 2260 2878 2318 audiebas
2900 2262 3254 2335 ludentium,
3277 2267 3532 2341 gauden-

1862 2342 2036 2410 tium,
2058 2343 2298 2419 nuptias
2327 2362 2503 2419 saepe,
2539 2349 2789 2419 prandia
2816 2350 3185 2410 incessanter
3225 2354 3529 2417 celebran-

1861 2431 2032 2503 tium,
2063 2432 2337 2506 symbola
2368 2436 2518 2507 (658)
2558 2437 3041 2510 frequentissima
3083 2445 3529 2502 commessatio-

1862 2539 2008 2577 num
2046 2521 2354 2579 illecebras
2399 2525 2791 2595 actitantium,
2829 2528 3149 2587 cachinnos
3196 2535 3254 2587 et
3301 2528 3531 2588 ludicra

1863 2607 2045 2679 moris
2074 2607 2247 2681 longe
2278 2607 2521 2665 alterius
2552 2611 2657 2665 tibi
2702 2613 2954 2670 nimium
2984 2615 3366 2689 importuna?
3391 2623 3529 2675 Sur-

1864 2697 1937 2751 do
1967 2696 2088 2752 haec
2135 2696 2467 2753 sirenarum
2501 2702 2800 2771 quondam
2851 2703 2948 2760 ille
2992 2710 3203 2763 cantus
3251 2710 3317 2762 ut
3362 2707 3529 2776 alter,

1865 2785 2251 2858 percipiebas,
2304 2787 2497 2855 credo,
2549 2790 2756 2846 auditu
2815 2792 3092 2866 (659).Ad
3153 2795 3276 2852 haec
3332 2796 3534 2855 omnia

1866 2874 2000 2949 quis
2033 2873 2137 2930 tibi
2172 2876 2432 2932 sansus?
2477 2895 2603 2950 qum
2654 2880 2900 2951 passio?
2930 2884 3083 2954 quod
3137 2890 3263 2941 erat
3306 2890 3528 2960 marty-

1864 2963 2064 3019 rium?
2094 2963 2224 3019 Scio
2255 2968 2475 3033 tamen,
2509 2966 2629 3023 scio
2678 2972 2735 3023 et
2781 2968 3207 3042 incunctanter,
3232 2973 3422 3030 sciant
3467 2978 3533 3032 ut

1864 3052 1983 3123 alii,
2018 3052 2277 3125 proferre
2333 3054 2474 3127 quid
2507 3056 2722 3129 agebas
2782 3076 2898 3116 non
2957 3065 3176 3119 metuo.
3234 3062 3529 3120 Nimirum

1862 3144 2133 3215 precibus
2174 3143 2437 3216 angelos,
2468 3144 2745 3220 lacrymis
2777 3149 2850 3204 ad
2895 3150 3299 3210 auxiliandum
3332 3153 3529 3211 ciebas

1863 3231 2270 3305 archangelos,
2302 3234 2597 3307 apostolos
2636 3236 2955 3309 gemitibus
2987 3241 3337 3310 advocabas,
3369 3259 3528 3299 mar-

111 3321 239 3392 ejus,
255 3328 311 3380 et
347 3324 607 3381 fluerent
650 3340 815 3397 aqua:
854 3324 1466 3396 (Psal.cxr.vn,16-18)
1514 3324 1747 3382 lavatri-
1780 3319 1822 3387 C
1858 3326 2036 3395 tyres,
2070 3320 2456 3391 confessores,
2491 3341 2555 3380 ac
2585 3325 2863 3398 virgines,
2899 3331 2964 3382 ut
2992 3344 3096 3401 pro
3127 3333 3183 3384 te
3226 3328 3526 3386 invidissi-

110 3424 187 3469 (es
212 3416 323 3469 tam
352 3417 732 3470 externarum
767 3429 947 3485 quam
979 3413 1346 3470 internarum
1376 3414 1564 3471 sancti
1594 3414 1750 3487 capi-

109 3497 173 3571 tis
198 3501 473 3559 sordium.
501 3501 566 3557 Si
599 3502 835 3575 quando
876 3499 1193 3576 pluvigerae
1241 3503 1428 3560 nubes
1458 3503 1754 3560 obduxere

110 3588 358 3647 nebulosa
387 3591 648 3665 caligine
686 3589 922 3665 polum;
958 3590 1096 3648 inde
1137 3590 1375 3664 aliquod
1412 3591 1754 3649 minitantes

109 3673 387 3741 imminere
414 3678 763 3737 infelicibus
809 3678 1082 3737 ruricolis
1127 3674 1432 3750 damnum,
1456 3697 1632 3738 suum
1664 3696 1755 3738 re-

111 3766 326 3835 putabat
372 3770 492 3828 fore
549 3772 878 3843 peccatum,
908 3770 1064 3842 quod
1121 3770 1265 3826 adeo
1312 3769 1500 3826 Deum
1551 3769 1757 3841 utique

112 3855 403 3929 otl‘enderit,
437 3863 505 3915 ut
542 3875 664 3915 non
709 3857 821 3914 sibi
861 3856 1079 3927 solum,
1109 3858 1211 3915 sed
1244 3863 1301 3915 et
1329 3875 1509 3931 quam
1540 3856 1755 3913 incole-

114 3940 215 4014 bat,
241 3945 379 4005 illud
411 3946 822 4023 importaverit
850 3946 1055 4021 patriae
1080 3945 1326 4003 malum.
1352 3947 1447 4003 Sic
1470 3946 1648 4018 enim,
1672 3947 1758 4004 sic

121 4031 283 4091 solent
310 4039 492 4096 sancti
521 4036 881 4113 plerumque
921 4035 1036 4093 sibi
1085 4034 1228 4092 talia
1273 4039 1642 4109 computare;
1675 4036 1759 4093 sic

117 4119 291 4193 eulpae
320 4125 570 4184 aliorum
606 4126 665 4181 in
699 4125 927 4198 seipsos
954 4124 1193 4191 referre,
1222 4142 1337 4181 non
1365 4129 1498 4182 voto
1525 4124 1783 4183 menda?

120 4208 316 4280 ciit,sed
342 4215 742 4274 sollicitudine
763 4213 996 4271 timoris
1017 4213 1144 4278 Dei.
1170 4232 1285 4272 non
1309 4232 1442 4271 vero
1465 4214 1624 4272 illius
1645 4234 1762 4272 ser-

117 4296 244 4367 vilis,
273 4318 439 4375 quem
471 4307 634 4364 foras
665 4302 922 4361 charitas
955 4303 1160 4370 mittit,
1190 4304 1291 4360 sed
1325 4303 1488 4360 illius
1520 4305 1665 4361 casti
1698 4305 1758 4361 in

120 4388 368 4455 saeculum
414 4393 618 4451 saeculi
660 4391 1095 4466 permanentia;
1129 4409 1237 4448 nec
1283 4393 1424 4465 quia
1471 4397 1757 4463 metuant,

123 4488 271 4544 quam
298 4484 674 4543 conversione
698 4482 827 4556 jam
872 4485 989 4537 Deo
1028 4480 1409 4554 promittente
1440 4499 1503 4539 se
1539 4500 1759 4555 praesu-

120 4571 266 4623 munt
291 4571 561 4643 evasisse,
590 4588 856 4645 poenam;
889 4570 991 4627 sed
1033 4587 1106 4626 ne
1158 4570 1475 4629 securitate
1524 4575 1758 4644 torpen-

123 4652 213 4762 ξς,
236 4656 512 4762 claritatis
542 4661 649 4719 Dei
696 4660 843 4717 fiant
878 4658 1109 4762 indigni
1142 4659 1481 4759 conspicere
1510 4652 1756 4762 gloriam
1787 4694 1835 4762 Ι)

126 4739 248 4815 (656)
276 4752 604 4809 sanctitatis
635 4750 764 4807 sine
815 4747 1126 4805 dilectione
1158 4766 1171 4805 :
1206 4748 1348 4804 vitia
1394 4766 1511 4805 non
1562 4749 1755 4805 solum

130 4839 305 4889 cavent
322 4844 553 4913 propter
566 4839 840 4913 jubentis
858 4836 1094 4894 Domini
1120 4837 1198 4892 im
1208 4836 1457 4909 perium,
1476 4839 1578 4895 sed
1599 4839 1693 4895 8‘!
1707 4840 1749 4897 ι

128 4919 173 4969 et
195 4920 420 4984 nimium
450 4931 832 4988 exsecrantur
862 4943 969 5000 per
1008 4926 1233 4994 odium,
1268 4930 1333 4983 ut
1362 4943 1479 4983 non
1506 4928 1758 4985 dedocet

186 5042 623 5126 (35‘)_Construe
651 5071 665 5111 :
695 5054 870 5126 Caput
901 5053 1075 5126 ipsius
1103 5052 1459 5126 operiebatur
1486 5053 1755 5123 lanugine

132 5110 337 5199 {famuli
361 5110 648 5199 propitiae,
678 5110 841 5198 quem
866 5110 1043 5199 meris
1086 5110 1172 5199 est
1205 5123 1526 5194 plangentes
1557 5110 1649 5199 (idu
1664 5128 1757 5199 est

132 5140 337 5192 gramm:
476 5140 648 5199 pileo,
678 5141 841 5198 quem
866 5140 1043 5180 moris
1086 5140 1164 5178 ese
1205 5140 1526 5194 pumgemes
1557 5140 1635 5196 (ια
1664 5140 1749 5180 est

133 5196 192 5237 ιιι
215 5191 304 5268 qui
329 5140 629 5271 pmgunt)
660 5200 868 5253 incesta
903 5196 1073 5251 etiam
1103 5194 1330 5250 adversa
1375 5198 1749 5266 generalitati,

132 5255 199 5340 ῑξει
224 5274 494 5340 innumera
536 5269 782 5340 ejusdem
823 5266 1451 5340 wstimatz'oais,_quem,
1485 5267 1749 5340 inquam,

135 5288 199 5307 ιιι
226 5288 494 5340 innumera
536 5288 782 5342 ejusdem
823 5288 1236 5331 wsumatwms,
1272 5288 1451 5338 quem,
1486 5288 1750 5340 Inquam,

132 5338 273 5413 τξρηες
316 5341 392 5413 ut
445 5342 516 5396 iis
567 5342 775 5413 [ατ-σίνε
821 5338 1309 5413 ἰηιιιξηρςμίοαιίδ
1355 5339 1603 5395 ewoticis.
1626 5341 1756 5413 ipse

135 5393 330 5482 rigatus
355 5393 763 5477 πανῆὴιὼὧιὶέέέ
780 5393 901 5466 emt
930 5393 1039 5465 ita"
1061 5409 1161 5482 illa
1183 5393 1439 5482 camera?
1462 5393 1753 5482 capularis

136 5464 268 5559 (pilai
290 5464 391 5559 gen
399 5464 474 5536 us
599 5464 889 5559 stipulis,
906 5464 1013 5559 seu
1024 5555 1031 5559 _
1044 5464 1255 5559 paleis)?
1283 5464 1423 5559 ritas

299 5550 578 5634 imponunt
596 5550 797 5634 vertici
817 5550 924 5634 pro
954 5550 1178 5634 uitanda
1206 5551 1404 5634 ardore
1429 5554 1581 5616 solis.
1621 5555 1754 5611 Ten-

139 5609 307 5691 κηίᾎιζι
333 5609 443 5691 eius
465 5609 583 5682 erat
604 5609 804 5683 betam
817 5609 983 5681 τίσειιὰ
1012 5624 1248 5690 aerium,
1283 5626 1391 5679 etc.

355 5692 554 5767 Qauma
576 5713 648 5757 ex
676 5699 871 5755 Graeco
906 5694 1198 5753 ustionem
1230 5693 1547 5767 significat.

356 5762 415 5820 ln
444 5769 635 5844 codice
655 5773 799 5844 post
830 5756 1674 5844 ςγιρνίαηᾳ-ιιοζιιειιιίἶῂρυῑιίιῐιιιῑ]2
1697 5770 1756 5823 et

350 5849 378 5894 r
414 5854 428 5899 :
475 5837 795 5903 Sancitum
832 5837 958 5900 sive
992 5837 1245 5910 dilectio,
1289 5837 1451 5908 vitia,
1484 5844 1593 5904 etc.
1628 5838 1756 5905 sine

1860 3428 1956 3466 mo
1980 3427 2114 3465 cum
2146 3409 2316 3465 hoste
2359 3412 2762 3485 confligerent,
2794 3416 3098 3472 exorabas.
3132 3416 3280 3480 Quid
3325 3417 3398 3471 de
3426 3416 3527 3473 illa

1860 3499 2270 3555 universorum
2317 3497 2555 3554 illorum
2603 3500 2844 3571 regina?
2887 3500 3324 3571 Subserviente,
3370 3520 3521 3573 reor,

1859 3584 2231 3654 verecundia,
2266 3602 2393 3657 quae
2442 3586 2596 3641 inter
2643 3587 2830 3644 bonos
2877 3587 3309 3662 impetrationis
3355 3590 3523 3649 inne-

1862 3673 2057 3749 gabile
2112 3672 2379 3746 possidet
2448 3674 2646 3743 robur,
2698 3679 2862 3731 tanto
2922 3692 3052 3732 eam
3109 3678 3527 3753 exaudibilius,

1864 3765 2084 3837 quanto
2113 3761 2399 3818 humilius
2432 3779 2498 3818 ac
2527 3765 2917 3822 verecundius
2949 3766 3345 3840 supplicabas.
3380 3770 3527 3828 Puto

1865 3852 2052 3921 enim,
2104 3852 2258 3924 quod
2321 3869 2493 3909 nemo
2543 3854 2763 3910 carnali
2818 3855 3247 3915 oblectamento
3296 3859 3529 3933 (cohors

1866 3947 1933 3998 ut
1987 3942 2208 4013 nostra)
2268 3940 2553 4015 pollutus,
2585 3945 2714 4017 ejus
2773 3945 2899 4002 sine
2955 3947 3178 4020 pudore
3224 3948 3531 4007 inviolabi-

1863 4031 2129 4089 lissimos
2160 4030 2375 4105 pulset,
2406 4033 2521 4089 nisi
2554 4034 2818 4102 demens,
2843 4036 3103 4094 auditus.
3129 4038 3227 4094 Dei
3255 4039 3411 4095 enim
3432 4038 3535 4095 ho-

1867 4122 2088 4177 minem
2120 4119 2311 4175 induti
2342 4137 2446 4192 per
2474 4123 2763 4179 unitatem
2793 4123 2853 4179 in
2885 4126 3118 4182 duabus
3149 4126 3377 4183 naturis
3406 4144 3532 4200 per-

1867 4227 2023 4267 sonae
2056 4212 2246 4265 mater
2277 4208 2405 4265 ideo
2438 4210 2564 4265 fieri
2606 4212 2843 4278 meruit,
2868 4214 3007 4284 quia
3047 4218 3313 4284 respecta
3340 4214 3531 4286 ipsius

1867 4317 1901 4354 a
1921 4300 2037 4354 Deo
2060 4297 2507 4369 incomparabili
2531 4300 2756 4354 caeteris
2778 4299 3131 4368 humilitate,
3155 4317 3284 4372 qua:
3306 4304 3529 4360 statum

1866 4384 2159 4444 bonorum
2190 4386 2316 4443 sola
2344 4387 2498 4459 potis
2529 4391 2619 4443 est
2648 4388 3301 4460 perseverantissimum
3332 4393 3528 4448 custo-

1867 4477 2012 4545 dire,
2042 4480 2109 4531 ut
2137 4480 2272 4532 ante
2304 4480 2561 4548 partum,
2594 4476 2676 4531 ita
2706 4476 2765 4531 in
2798 4482 2994 4549 partu,
3028 4493 3134 4535 nec
3164 4478 3364 4537 minus
3394 4484 3531 4554 post

1867 4568 2102 4639 partum
2124 4563 2287 4636 virgo
2310 4563 2500 4636 potuit
2522 4581 2885 4637 permanere.
2907 4566 3122 4623 Morale
3143 4572 3233 4625 est
3252 4568 3530 4629 omnibus

1868 4672 2033 4724 sane,
2056 4657 2122 4709 ut
2152 4653 2290 4707 huic
2320 4653 2423 4720 rei,
2447 4670 2625 4725 quam
2654 4655 2912 4728 amplius
2942 4656 3216 4732 diligunt,
3245 4660 3532 4717 detesten-

1865 4749 1964 4800 tur
1992 4740 2374 4798 contrarium.
2400 4743 2613 4799 Sancta
2646 4760 2784 4817 ergo
2818 4745 2917 4801 Dei
2961 4746 3242 4803 Ienitrix.
3266 4748 3406 4821 quia
3434 4766 3531 4805 ca-

1866 4834 2127 4892 stitatem
2159 4830 2316 4887 ultra
2344 4847 2551 4889 omnes
2593 4831 3187 4903 dilexit,contrariam
3220 4835 3306 4892 illi
3336 4836 3532 4894 libidi-

1865 4940 2000 4981 nem
2039 4921 2098 4977 in
2151 4920 2428 4977 omnibus
2477 4920 2858 4991 Chrisiicolis,
2893 4924 3086 4990 credo,
3120 4925 3313 4999 magis
3356 4926 3534 4985 habet

1865 5065 2063 5122 sensu.
2087 5045 2571 5122 Emendationem
2598 5063 2667 5104 ex
2697 5046 2933 5122 ingenio
2965 5050 3266 5122 inductam
3301 5056 3532 5110 senten-

1863 5121 1946 5176 tia
1985 5117 2295 5191 contextui
2338 5134 2672 5191 congruens
2729 5117 2937 5177 suasit.
2968 5121 3100 5179 Mox
3150 5140 3262 5181 non
3314 5124 3533 5184 dedocet

1863 5192 2019 5247 idem
2051 5194 2139 5247 est
2166 5206 2233 5245 ac
2261 5189 2429 5245 docet.

1936 5262 2085 5335 (657)
2117 5260 2403 5316 Construe
2434 5278 2446 5317 :
2473 5278 2599 5317 cum
2628 5264 2826 5335 urebas
2854 5281 2977 5321 eum
3006 5266 3219 5323 invidia
3248 5268 3528 5325 indicibz'li

1858 5334 1961 5407 pro
1990 5334 2220 5407 victoria
2252 5342 2478 5407 ventura
2508 5336 2613 5407 tibi
2623 5334 2717 5407 de
2732 5337 3112 5394 misericordia
3137 5339 3254 5395 Dei.

1937 5405 2092 5483 (658)
2119 5405 2379 5483 Symbola
2409 5403 2505 5483 hic
2544 5405 2796 5483 ablativo
2847 5425 2986 5466 casu
3019 5409 3367 5483 accipienda
3396 5410 3524 5483 :‘si-

1864 5475 2104 5553 gniﬁcat
2150 5475 2347 5553 autem
2398 5475 2769 5533 collationem
2824 5475 3257 5553 pecunim,quaa
3304 5482 3379 5553 ab
3428 5479 3522 5547 iis,

1865 5547 1966 5623 qui
1988 5547 2304 5623 communi
2332 5553 2575 5621 sumptu
2607 5547 2901 5622 pransuri,
2924 5550 3012 5607 vel
3034 5547 3318 5608 ccenaturi
3337 5554 3525 5615 erant,

1865 5620 2292 5678 conferebatur.

1937 5693 2086 5772 (659)
2118 5692 2405 5772 Construe
2456 5692 2889 5772 :"Ifercipiebas,
2932 5692 3122 5772 pretio,
3164 5692 3287 5772 haec
3332 5688 3530 5772 auditu

1862 5760 2050 5832 surdo,
2068 5760 2139 5822 ἰιι
2166 5760 2451 5836 quaedam
2483 5763 2581 5823 ille
2609 5760 2752 5820 alter
2784 5763 3129 5838 percipiebas
3157 5767 3348 5820 cantus
3388 5761 3529 5817 sire-

1863 5851 2087 5899 narum.
