3896 6396
371 438 491 502 463

1287 435 1673 503 RATHEBII
1715 440 1965 503 EPISC.
2010 430 2302 503 VERON.
2349 441 2524 503 OPP.
2568 437 2768 504 PARS
2811 433 2864 502 Ῐ.

3680 422 3809 506 464

368 567 624 632 exesam.
651 573 830 630 Labia
849 573 1029 646 igitur
1052 572 1250 630 osculo
1288 572 1628 630 illecebroso
1668 573 1892 646 polluta
1911 572 2020 628 lin-
2050 579 2103 642 Α
2135 574 2436 630 nutriebas
2467 579 2739 648 percepta
2762 572 3204 632 immortalitate
3225 573 3285 631 in
3310 577 3599 634 aeternum
3622 577 3808 634 victu-

368 681 484 738 gua
504 663 844 737 turpiloqua
865 663 1018 720 3’12
1043 663 1402 718 obscenitate
1425 663 1740 731 sordidata,
1765 662 2026 718 castissi-

368 771 477 810 mae
498 753 760 826 Virginis
785 754 1012 825 (praeter
1033 751 1090 807 id
1114 752 1268 824 quod
1291 755 1481 808 mater
1506 752 1719 808 interni
1743 756 1832 807 est
1850 751 2026 806 etiam

360 843 604 916 judicis)
628 859 852 898 nomen.
869 858 988 914 qua
1015 841 1340 897 temeritate
1358 839 1746 896 inverecunde
1777 840 2030 896 audeant

275 989 286 999 .
371 933 712 994 nominare?
743 933 853 988 Cor
883 931 1100 987 lasciva
1138 929 1521 986 meditatione
1551 928 1864 1002 pollutum.
1899 929 2028 999 ejus

374 1025 624 1083 recolere
649 1021 899 1095 qualiter
927 1023 1244 1092 praesumat
1269 1019 1475 1074 saltem
1502 1018 1850 1074 vocabulum
1882 1016 2029 1090 ipsis

375 1115 598 1189 angelis
627 1109 1066 1168 venerandum?
1114 1109 1226 1164 Sed
1269 1109 1424 1180 quod
1459 1109 1786 1164 facinorosa
1816 1105 2030 1178 refugit

376 1201 754 1268 conscientia,
802 1213 1155 1271 praesumere
1213 1198 1350 1252 facit
1406 1195 1850 1253 clementissimi
1899 1194 2028 1250 Filii

376 1297 506 1368 ejus
537 1292 744 1366 pietas,
767 1293 943 1360 atque
970 1285 1390 1342 incarnationis
1420 1286 1608 1358 ipsius
1640 1285 1784 1340 ratio
1816 1283 2030 1340 ﬁdelis-

375 1386 523 1443 sime
553 1379 938 1438 considerata.
973 1375 1271 1448 lndignari
1316 1374 1471 1430 enim
1511 1391 1662 1442 eam,
1699 1373 2030 1430 misericor-

373 1475 540 1540 diter,
575 1487 723 1537 reor,
747 1464 1111 1531 contradicit,
1135 1463 1622 1520 sceleratissimus
1644 1463 1819 1518 etiam
1844 1463 2029 1517 famu-

373 1563 466 1620 lus
496 1563 639 1616 dum
672 1572 908 1612 carnem
955 1552 1040 1608 illi
1085 1557 1479 1624 reprzesentat,
1507 1569 1684 1624 quam
1717 1569 1785 1607 ex
1814 1568 1882 1606 ea
1913 1551 2025 1607 cle-

372 1655 600 1708 menter
629 1644 956 1716 assumpsit
987 1659 1090 1714 pro
1121 1641 1515 1698 cmundandis
1535 1658 1766 1697 reorum
1798 1640 2026 1696 delictis

371 1741 518 1814 (660)
544 1755 558 1794 :
583 1755 649 1793 ac
678 1752 782 1808 per
811 1733 920 1788 hoc
951 1731 1021 1788 de
1052 1735 1108 1786 te
1131 1731 1257 1802 jam
1290 1734 1512 1803 martyr
1542 1746 1764 1799 secure,
1796 1747 1898 1802 pro
1931 1748 2028 1786 no-

368 1831 462 1886 bis
492 1827 645 1901 apud
679 1823 946 1880 eamdem
994 1820 1090 1876 Dei
1123 1819 1476 1876 Genitricem
1519 1820 1721 1875 eadem
1749 1836 2025 1875 verecun-

371 1921 469 1975 dia
495 1933 663 1981 usus,
695 1927 1023 1986 precamur,
1057 1907 1361 1964 humiliter
1389 1908 1701 1964 intercede.
1763 1951 1767 1956 .

439 2009 494 2062 9.
528 2005 638 2077 Sed
671 2001 813 2074 quid
845 1997 1328 2070 imperitissimus
1358 1996 1612 2052 inaniter
1642 1999 1856 2052 conor?

559 2091 738 2142 Defuit
766 2087 1060 2151 eloquium,
1083 2098 1184 2134 nec
1211 2089 1262 2134 te
1292 2084 1569 2134 sustollere
1597 2098 1836 2148 possum.

374 2182 646 2240 Tulliana
679 2177 834 2234 enim
868 2174 1013 2230 mibi
1055 2173 1102 2230 si
1152 2173 1384 2229 adesset
1430 2173 1724 2244 facundia,
1756 2189 2027 2230 enarrare

373 2270 641 2343 nequiret
666 2281 798 2321 mea
821 2264 892 2319 de
922 2267 978 2318 te
1000 2279 1126 2334 quae
1159 2261 1567 2334 gestit,victor,
1585 2260 1886 2318 instantia.
1913 2263 2024 2318 Sed

371 2359 626 2416 conabor
655 2349 1171 2424 iterum,quamvis
1213 2366 1329 2404 non
1369 2354 1650 2422 sequatur
1678 2350 1910 2406 dicendi
1941 2352 2023 2406 fa-

367 2447 579 2514 cultas,
602 2460 776 2516 quem
811 2457 924 2496 non
959 2440 1180 2512 patitur
1199 2437 1371 2494 silere
1390 2438 1680 2494 voluntas.
1711 2439 2020 2509 Studebas,

366 2537 516 2605 dico,
532 2531 790 2608 quotidie
812 2529 1060 2586 Domino
1083 2527 1378 2583 victimam
1401 2527 1726 2595 immolare,
1745 2527 2023 2585 holocau-

364 2631 526 2683 stum
558 2626 834 2686 mactare,
859 2635 973 2674 non
1013 2635 1082 2674 ex
1121 2616 1308 2672 alieno
1338 2621 1536 2672 verum
1570 2633 1794 2688 pecore,
1818 2617 1919 2673 sed
1951 2635 2021 2673 ex

361 2713 598 2788 proprio
647 2725 908 2781 corpore.
930 2707 1018 2762 Tu
1075 2706 1368 2774 sacerdos,
1419 2709 1482 2760 tu
1540 2705 1733 2761 hostia
1761 2723 1918 2775 eras;
1955 2710 2015 2762 tu

364 2801 640 2866 carnifex,
664 2803 728 2853 tu
759 2800 1010 2868 martyr;
1033 2798 1096 2849 tu
1119 2799 1322 2861 tortor,
1347 2797 1411 2848 tu
1435 2794 1712 2850 torsionis
1736 2794 2016 2866 perlator;

363 2895 426 2946 tu
452 2886 754 2960 jugulum,
789 2889 851 2940 tu
888 2882 1221 2954 jugulator;
1255 2882 1410 2937 ultor
1453 2883 1739 2950 criminis,
1762 2889 2021 2939 servator

365 2973 820 3044 alumni,carnis
851 2970 1165 3042 neglector,
1200 2969 1416 3024 mentis
1445 2970 1729 3042 provisor.
1765 2971 2018 3028 Multum

366 3071 422 3122 te
449 3060 856 3134 vero,qualem
889 3059 1408 3126 eensebas,fateor,
1427 3059 1653 3126 oderas,
1679 3059 1822 3114 dum
1854 3065 1908 3116 te
1941 3062 2022 3117 ita

365 3154 649 3212 acerrime
671 3149 994 3205 cruciabas.
1011 3147 1315 3203 Rationem
1339 3146 1497 3202 carni
1517 3149 1784 3223 subigere
1810 3151 2019 3222 gestie-

364 3244 506 3311 bas;
541 3257 668 3296 eam
702 3239 830 3293 ideo
863 3240 983 3291 tam
1015 3235 1286 3291 atrociter
1314 3233 1646 3306 afﬂigebas;
1691 3237 1788 3292 sed
1823 3255 2020 3294 revera

367 3330 616 3388 odiendo
636 3326 938 3393 amabas,d
951 3341 1049 3380 um
1073 3324 1157 3380 sic
1175 3341 1302 3378 eam
1323 3324 1564 3379 Domino
1583 3325 2015 3384 reconciliabas.
2050 3303 2093 3371 θ

366 3421 516 3477 Vera
541 3422 632 3476 est
657 3416 811 3473 enim
835 3413 1084 3470 dicentis
1105 3411 1414 3478 sententia,
1443 3413 1580 3484 quia
1597 3431 1755 3469 nemo
1776 3432 2020 3488 unquam

364 3526 584 3566 carnem
635 3523 796 3564 suam
835 3504 956 3561 odio
1004 3503 1212 3571 habuit,
1241 3503 1342 3558 sed
1385 3505 1565 3558 nutrit
1613 3512 1664 3559 et
1707 3506 1851 3576 fovet
1897 3523 2017 3562 eam

363 3599 579 3672 (Ephes.
605 3614 660 3665 v,
683 3596 774 3666 29)
801 3609 1079 3660 :carnem,
1106 3591 1318 3664 inquit,
1343 3595 1408 3646 ut
1437 3609 1552 3648 non
1583 3591 1720 3649 vitia
1750 3593 2017 3651 intenda-

361 3705 497 3742 mus
514 3684 708 3742 carnis
725 3683 903 3755 (quod
928 3687 984 3736 te
1014 3680 1257 3736 minime
1283 3679 1522 3750 latebat)
1543 3683 1795 3738 amanda
1825 3685 1975 3755 (661)
1999 3700 2012 3738 :

360 3776 463 3830 illa
482 3774 639 3830 enim
661 3790 696 3828 a
714 3770 869 3826 malo
893 3769 1121 3825 sciebas
1143 3769 1475 3839 procedere,
1493 3767 1646 3824 hanc
1665 3787 1798 3826 vero
1822 3773 1894 3827 ab
1915 3771 2016 3829 illo

358 3864 597 3928 factam,
622 3859 721 3932 qui
749 3859 881 3914 vidit
901 3860 1096 3912 cuncta
1119 3872 1238 3927 qua:
1261 3858 1408 3926 fecit,
1437 3860 1484 3911 el
1516 3865 1674 3912 erant
1698 3859 1854 3913 valde
1878 3861 2018 3916 bona

359 3952 512 4024 (Gen.
538 3949 715 4018 1,31).
738 3945 892 4002 Vitia
939 3961 1097 4016 ergo,
1146 3947 1384 4015 martyr,
1422 3944 1580 4010 vitia,
1616 3962 1730 4000 non
1781 3962 2014 4004 carnem

356 4035 784 4112 insequebaris,
819 4035 960 4090 dum
1001 4049 1129 4089 eam
1171 4036 1292 4087 tam
1335 4031 1514 4088 variis
1559 4036 2016 4094 tormentaveras

357 4127 580 4196 modis;
615 4129 680 4182 ut
702 4124 965 4180 medicus
991 4120 1214 4178 scilicet
1236 4121 1506 4189 morbum
1535 4120 1866 4194 insequitur
1885 4142 2017 4182 cau-

357 4217 522 4286 terio,
549 4217 690 4272 dum
723 4212 885 4286 cupit
927 4210 1154 4267 homini
1199 4209 1480 4282 prodesse
1512 4211 1792 4279 remedio,
1821 4215 2014 4271 carnis

353 4305 516 4362 illius
546 4305 682 4361 licet
728 4301 1131 4370 incommodo;
1167 4315 1346 4372 quam
1386 4315 1585 4354 severo
1633 4299 1832 4372 igitur,
1863 4303 2014 4360 bone

352 4395 596 4459 medice,
621 4392 846 4448 urendo
877 4396 932 4446 te
965 4391 1160 4462 ipsum
1197 4386 1408 4444 salutis
1429 4387 1665 4456 dilecto,
1691 4394 2012 4448 tormenta-

351 4483 458 4539 bas
488 4480 774 4547 cauterio;
813 4496 932 4551 qua
963 4478 1268 4550 potionum
1309 4475 1702 4533 amaritudine
1734 4478 2013 4540 interiora

349 4573 462 4625 tua:
483 4585 688 4624 curare
708 4585 822 4623 non
839 4567 1150 4622 omittebas
1167 4565 1429 4638 quotidie
1444 4565 1651 4621 anima:
1664 4567 1692 4621 ‘I
1708 4568 1893 4632 Quam
1916 4588 2012 4628 ne-

2138 679 2286 728 ram,
2318 663 2560 735 longum
2592 669 2683 720 est
2707 663 3012 720 enarrare!

2210 753 2296 806 10.
2320 752 2468 816 Quid
2499 752 2606 808 tibi
2643 757 2704 808 at
2753 747 3061 824 profecerit
3107 757 3312 810 contra
3357 753 3611 811 militem
3644 757 3802 814 318

2137 839 2348 896 Christi
2365 841 2778 908 tamen,hostis
2793 840 3432 914 importunissime,tua
3448 842 3552 899 illa
3567 845 3645 900 ad
3661 849 3808 901 tem-

2137 946 2248 1001 pus
2277 930 2537 999 victoria,
2571 930 2767 986 videre
2797 947 2914 986 non
2946 947 3186 1003 possum
3211 931 3805 1006 (662).Triumpban-

2136 1018 2254 1072 tius
2287 1023 2342 1074 te
2372 1019 2528 1074 enim
2561 1019 2888 1090 gaudemus
2926 1019 3054 1092 ipso
3084 1019 3273 1092 ipsius
3304 1037 3444 1076 casu
3477 1021 3804 1092 devictum,

2137 1124 2316 1179 quam
2348 1107 2394 1164 si
2426 1109 2498 1163 ab
2530 1109 2656 1180 ipso
2688 1126 2754 1164 ea
2784 1107 2928 1164 hora
2959 1109 3354 1165 continuisses
3380 1109 3810 1183 insipientissi—

2137 1211 2230 1251 me
2263 1213 2526 1252 manum.
2562 1197 2791 1252 Oblitus
2830 1197 2976 1252 forte
3022 1197 3237 1266 fueras,
3268 1196 3649 1270 impiissime,
3677 1201 3806 1257 Sal-

2135 1290 2394 1342 vatorem
2426 1284 2883 1342 clementissime
2916 1286 3268 1358 professum,
3295 1287 3564 1356 gaudium
3593 1305 3716 1346 esse
3744 1292 3804 1346 in

2134 1375 2267 1428 ca'lo
2297 1391 2461 1445 super
2501 1391 2610 1429 uno
2653 1378 2933 1446 peccatore
2957 1375 3340 1445 paniitentiam
3380 1381 3598 1446 agente,
3634 1395 3805 1452 quam

2133 1479 2299 1534 supra
2333 1465 2633 1533 nonaginta
2653 1464 3028 1535 novemjustos
3058 1480 3166 1520 non
3200 1464 3504 1536 indigentes
3527 1470 3805 1538 paeniten-

2137 1553 2214 1606 tia
2247 1551 2396 1623 (Luc.
2431 1569 2529 1618 vn,
2562 1552 2676 1621 20).
2705 1551 2812 1616 Qui
2844 1552 3200 1608 desidiosius
3247 1553 3408 1609 enim
3457 1571 3577 1610 sua:
3612 1558 3800 1612 conﬁ-

2136 1641 2282 1696 dens
2311 1641 2506 1696 forsan
2530 1639 2796 1712 justitiaa,
2819 1639 3138 1696 victitando
3167 1642 3262 1697 vix
3287 1642 3359 1698 de
3382 1643 3555 1700 venia
3584 1644 3804 1702 habue-

2137 1734 2226 1784 rat
2256 1746 2371 1784 non
2405 1731 2548 1785 adeo
2578 1729 2864 1802 gravium,
2888 1730 2989 1786 sed
3022 1734 3219 1787 tamen
3268 1731 3800 1792 innumerabilium

2138 1818 2564 1890 peccaminum,
2590 1823 2655 1872 ut
2701 1817 2896 1886 multi,
2930 1834 3303 1890 praesumere,
3326 1820 3459 1876 odio
3507 1821 3708 1892 istius,
3741 1823 3800 1879 in

2055 1944 2104 2008 B
2136 1908 2289 1978 quod
2322 1923 2455 1961 eum
2508 1905 2849 1978 impuleras,
2873 1907 3160 1976 criminis,
3187 1908 3338 1964 vires
3389 1925 3638 1967 exerens
3668 1913 3799 1967 uni-

2136 2012 2254 2063 sas,
2277 1995 2538 2068 gladium
2565 1993 2765 2050 auxilii
2790 1995 3077 2067 arripiens
3098 2001 3153 2052 te
3185 2002 3386 2053 contra
3405 1997 3615 2070 divini,
3635 2007 3798 2057 scuto

2136 2083 2510 2156 protectionis
2531 2082 2847 2139 Dominicis
2876 2087 3087 2151 tectus,
3114 2085 3394 2142 acerrime
3416 2103 3535 2143 non
3567 2089 3804 2145 dubita-

2134 2174 2218 2228 vit
2242 2173 2564 2245 insurgere,
2593 2171 2900 2228 Entellinis
2929 2189 2996 2228 ac
3022 2177 3076 2229 te
3107 2175 3388 2232 caestibus
3420 2177 3689 2250 fatigare,
3705 2180 3798 2250 ja-

2134 2262 2266 2318 cula
2313 2261 2742 2318 incessabiliter
2789 2261 3040 2332 mittere,
3073 2261 3323 2320 missilia
3345 2265 3564 2336 jacere,
3599 2268 3800 2326 nudus

2132 2351 2420 2406 indeﬁcue
2451 2355 2643 2405 tecum
2675 2350 2863 2422 gratia
2892 2350 2991 2406 Dei
3025 2353 3304 2419 nudante,
3329 2353 3552 2410 scilicet
3583 2372 3660 2412 ne
3691 2357 3794 2413 tibi

2135 2441 2290 2495 unde
2332 2443 2628 2495 teneretur
2667 2438 3026 2510 relinqueret
3055 2439 3302 2512 aliquid,
3335 2442 3462 2499 sine
3490 2442 3794 2503 intermis-

2131 2529 2295 2585 sione
2326 2527 2564 2596 luctari;
2599 2527 2796 2599 provid
2809 2545 2996 2600 usque
3026 2546 3060 2584 a
3087 2528 3258 2602 longe
3281 2531 3513 2604 sagittis
3543 2532 3618 2590 de
3647 2534 3794 2607 pha-

2129 2621 2286 2672 retra
2323 2617 2464 2673 Jesu
2496 2615 2731 2672 emissis
2761 2619 2816 2672 te
2847 2633 3080 2689 semper
3099 2617 3399 2690 impetere,
3427 2623 3506 2692 et,
3531 2624 3598 2678 ut
3627 2621 3796 2680 inae-

2129 2705 2417 2762 cessibilis
2446 2705 2505 2760 in
2532 2709 2881 2778 perpetuum
2907 2706 3072 2778 foret,
3093 2706 3244 2762 vallo
3278 2709 3662 2780 protectionis
3694 2711 3790 2769 Dei

2129 2796 2256 2851 sine
2277 2794 2712 2850 intermissione
2733 2793 2997 2850 divinum
3032 2795 3382 2868 postulando
3404 2797 3700 2856 auxilium
3733 2818 3790 2858 se

2129 2883 2496 2940 circumdare
2520 2883 2692 2955 (663).
2717 2883 3058 2956 lgnorabas,
3077 2891 3178 2940 aut
3208 2886 3404 2942 forsan
3429 2905 3548 2944 non
3570 2890 3791 2946 recole-

2130 2973 2254 3040 bas,
2281 2971 2662 3043 nequissime,
2686 2975 2910 3027 asserto
2935 2970 3092 3045 illius
3111 2974 3408 3045 quondam
3433 2975 3789 3034 nobilissimi

2129 3061 2437 3116 devictoris
2460 3059 2517 3114 in
2543 3058 2910 3132 sterquilinio
2933 3059 3041 3129 tui,
3059 3060 3176 3116 imo
3198 3063 3267 3116 ad
3302 3079 3437 3118 eum
3469 3063 3788 3138 loquentis,

2129 3149 2229 3222 qui
2261 3149 2362 3204 tibi
2409 3147 2580 3203 illum
2624 3152 2972 3219 exposuerat
3012 3149 3360 3205 tentandum
3392 3151 3662 3224 quidem,
3693 3155 3790 3212 sed

2130 3239 2374 3294 minime
2392 3235 2767 3304 vincendum,
2791 3237 2861 3292 de
2881 3235 3115 3292 turbine
3138 3242 3350 3307 Deum;
3377 3255 3496 3295 non
3521 3244 3794 3300 reminis-

2131 3325 2377 3394 cebaris,
2401 3325 2664 3398 inquam,
2692 3325 2954 3381 foramen
2977 3325 3037 3380 in
3065 3325 3300 3382 maxilla
3321 3332 3421 3384 tua
3441 3329 3566 3386 fore
3587 3331 3792 3388 armil-

2130 3415 2186 3472 la
2216 3419 2511 3488 patratum
2537 3413 3072 3486 circumplectentis
3093 3433 3199 3471 nos
3229 3416 3438 3472 divinae
3459 3419 3796 3478 misericor-

2129 3505 2236 3562 dite
2285 3505 2431 3576 (664)
2488 3519 2592 3574 per
2649 3503 2804 3574 quod
2864 3504 3106 3560 evadere
3164 3505 3236 3560 de
3291 3509 3530 3563 tuarum
3591 3514 3792 3582 posset

2129 3593 2606 3650 mandibularum
2652 3592 3002 3648 contritione
3033 3593 3154 3661 (Job
3182 3611 3271 3650 XL.
3295 3595 3408 3666 2t),
3433 3599 3500 3651 ut
3530 3598 3790 3656 universi

2127 3685 2333 3755 utique
2363 3681 2588 3736 fructus
2618 3679 2830 3753 dignos
2869 3685 3109 3754 agentes
3147 3683 3504 3755 paenitentiae
3531 3687 3794 3758 [subaudi

2128 3775 2376 3846 possunt
2404 3768 2707 3842 evadere]?
2737 3769 2900 3826 Unde
2943 3771 3122 3839 enim,
3156 3771 3510 3840 miserrime,
3543 3792 3615 3832 ac
3647 3795 3791 3850 pre-

2125 3862 2430 3918 teritorum
2463 3856 2660 3926 oblite,
2701 3859 2875 3924 unde,
2899 3857 3166 3932 inquam,
3187 3860 3418 3933 Petrus,
3450 3864 3612 3920 unde
3641 3865 3790 3923 Pau-

2125 3951 2219 4006 lus
2244 3967 2313 4006 ex
2341 3947 2517 4004 Saulo
2549 3947 2758 4016 factus,
2784 3947 2938 4003 unde
2971 3947 3070 4003 alii
3103 3948 3273 4004 multi
3295 3949 3494 4007 fauces
3515 3955 3654 4010 tuas
3676 3953 3789 4010 nisi

2124 4056 2229 4111 per
2279 4037 2422 4092 illud
2485 4051 2718 4092 evasere
2775 4035 3082 4092 foramen?
3114 4037 3181 4092 Et
3206 4037 3358 4110 vide,
3390 4039 3594 4109 miser,
3647 4042 3786 4116 quid

2124 4127 2229 4183 tibi
2261 4125 2590 4198 contigerit.
2615 4124 2766 4180 Dum
2797 4125 2954 4180 enim
2985 4126 3114 4197 ejus
3153 4142 3254 4182 cor
3297 4127 3628 4200 petulantia
3659 4149 3787 4188 car-

2125 4215 2240 4273 nali
2274 4213 2544 4288 pulsasti,
2579 4212 2687 4268 hoc
2718 4211 2922 4270 nolens
2953 4215 3025 4269 ad
3057 4231 3317 4271 amorem
3347 4215 3609 4288 Domini,
3641 4219 3784 4276 infe-

2122 4304 2426 4370 licissimo,
2460 4301 2668 4357 fortius
2713 4301 3023 4374 impulisti.
3058 4303 3196 4359 Inde
3233 4321 3370 4377 ergo
3403 4305 3708 4364 robustior
3734 4309 3784 4364 ei

2123 4411 2233 4467 pax
2264 4409 2396 4448 cum
2439 4388 2782 4464 poenitentia
2827 4389 3054 4462 placato
3087 4391 3360 4464 piissimo
3399 4393 3604 4464 judice
3655 4397 3780 4466 fuit,
3871 4429 3873 4432 -

2120 4479 2276 4536 unde
2305 4476 2512 4533 durius
2541 4481 2742 4532 contra
2769 4479 2824 4532 te
2857 4481 3172 4544 certamen,
3194 4479 3585 4552 impiissime,
3621 4501 3784 4540 sum-

2119 4568 2259 4642 psit.
2288 4567 2492 4622 Merito
2543 4581 2680 4638 ergo
2707 4565 2860 4636 follis
2889 4566 3037 4636 (665)
3085 4566 3270 4622 latiali
3321 4569 3658 4628 rusticitate
3687 4590 3786 4630 vo-

349 4657 607 4713 cessario
637 4657 759 4712 fotu
792 4670 1028 4712 carnem
1062 4653 1238 4710 etiam
1270 4655 1622 4726 quandoque
1643 4671 1778 4712 cum
1810 4659 2010 4720 anima
2037 4668 2084 4734 Β
2117 4657 2297 4725 caris;
2332 4654 2612 4728 quoniam
2661 4654 2897 4726 quidem
2946 4654 3188 4713 veritate
3229 4673 3473 4726 vacuus,
3529 4659 3785 4718 falsitate

416 4807 564 4878 (660)
593 4810 870 4862 Construe
904 4822 916 4860 :
948 4807 1163 4860 Etenim
1208 4820 1331 4878 reor
1361 4803 1542 4878 (filius
1575 4805 1727 4878 ejus)
1777 4811 1998 4868 miseri-

345 4875 578 4934 eorditer
630 4878 954 4934 contradicit
1023 4893 1145 4930 eam
1199 4875 1512 4949 indignari,
1567 4875 1711 4930 dum
1753 4883 2000 4949 famulus

343 4952 506 5022 etiam
533 4951 984 5004 sceleratissimus
1019 4950 1379 5022 repraesentat
1425 4947 1513 5000 illi
1555 4947 2000 5022 earnem,qnam

343 5020 634 5075 clementer
661 5036 731 5073 ex
771 5036 835 5072 ea
877 5018 1167 5088 assumpsit
1217 5032 1315 5086 pro
1371 5017 1725 5073 emendandis
1782 5017 1998 5082 delictis

345 5105 583 5144 νθονιιηι.

391 5110 583 5143 ιονιιιη.

376 5110 398 5146 ί
417 5160 562 5230 (661)
595 5158 656 5230 Μ
688 5161 796 5230 est,
828 5161 1024 5230 utnon
1054 5157 1402 5211 intendamus
1428 5158 1564 5212 vitia
1593 5163 1779 5216 carnis
1801 5181 1994 5222 aman-

341 5228 436 5294 da,
467 5229 606 5294 quod
637 5229 866 5284 minime
897 5228 1096 5284 latebat
1127 5236 1196 5282 te.

412 5301 560 5388 (p63)
591 5301 876 5388 Qpns‘true
903 5301 1024 5388 τίει⁸
1042 5313 1150 5352 non
1179 5305 1606 5388 passuram-men
1638 5301 1834 5388 videre,
1864 5309 1994 5388 quid

340 5369 571 5446 victoria
599 5371 832 5446 illatua
881 5370 952 5424 ad
1005 5378 1233 5446 tempus,
1273 5369 1464 5446 [tostis
1503 5369 1988 5446 importunissime,

337 5444 627 5516 profecerit
657 5440 760 5495 tibi
781 5441 1229 5516 contramilitem
1261 5439 1482 5516 Christi.

410 5510 872 5588 (663)001153tmg
907 5513 1062 5588 :Qui
1108 5512 1258 5565 enim
1298 5510 1598 5588 pictitando
1645 5511 1986 5588 desidiosius,

333 5582 532 5662 forsan
546 5582 819 5662 conﬁdens
830 5583 1074 5662 justitia:
1093 5596 1230 5662 saw,
1249 5582 1347 5635 via:
1365 5582 1628 5662 habuerat
1635 5582 1986 5662 praesumere,

333 5653 395 5712 ut
415 5655 578 5710 multi
600 5653 960 5726 praesumunt,
1005 5653 1072 5708 de
1098 5654 1257 5708 venia
1277 5653 1668 5726 peccaminum
1699 5674 1811 5714 non
1856 5653 1988 5719 allec

329 5723 610 5796 gravium,
625 5726 717 5780 sed
755 5741 941 5796 tamen
973 5723 1504 5790 innumerabilium;
1531 5727 1652 5782 οίίίο
1682 5730 1843 5785 istius
1871 5735 1986 5788 σνί·

327 5795 520 5878 minis,
546 5799 604 5854 in
623 5795 764 5876 quod
781 5814 909 5857 cum
933 5796 1254 5876 impuleras,
1271 5810 1494 5858 merens
1513 5799 1656 5860 vires
1675 5802 1982 5886 universas,

2111 4810 2388 4880 arripiens
2416 4805 2664 4876 gladium
2687 4806 2898 4880 auxilii
2915 4807 3114 4880 divini,
3137 4812 3301 4864 tectus
3325 4815 3476 4864 scuto
3497 4815 3786 4880 protectio-

2107 4885 2198 4939 nis
2228 4877 2549 4945 Dominae,
2582 4893 2695 4932 non
2725 4877 2994 4950 dubitavit
3033 4881 3306 4950 acerrime
3337 4877 3625 4950 insui-pere
3653 4900 3782 4939 eon-

2109 4961 2195 5011 tra
2225 4961 2292 5016 te,
2319 4966 2383 5004 ac
2411 4951 2649 5019 fatigare
2679 4953 2728 5002 te
2763 4949 2997 5003 cestibus
3017 4949 3328 5016 Entelli-nis,
3355 4949 3574 5006 mittére
3604 4955 3777 5010 inces-

2105 5026 2356 5082 sabilitcr
2375 5021 2612 5094 jaeula,
2612 5021 2798 5090 jacere
2826 5021 3300 5094 missilia,an
3344 5021 3636 5094 inde/ioue,
3669 5042 3772 5080 nu-

2105 5099 2270 5153 dante
2289 5095 2469 5164 gratia
2514 5092 2633 5157 Dei,
2663 5107 2734 5166 ne
2762 5091 2972 5166 scilicet
2997 5093 3332 5166 relinqueret
3380 5091 3486 5166 tibi
3527 5095 3772 5166 aliquid,

2104 5168 2247 5224 unde
2293 5163 2592 5227 teneret-ur,
2623 5163 2745 5216 sine
2797 5163 3204 5218 intermissione
3247 5168 3426 5220 tecum
3463 5163 3689 5235 luctari,
3721 5176 3773 5223 et

2141 5237 2382 5296 rovidus,
2415 5239 2524 5288 etc.

2101 5257 2382 5311 providus,
2415 5257 2524 5288 (3w.

2175 5308 2324 5381 (664)
2358 5306 2419 5381 Id
2463 5307 2574 5367 est,
2595 5305 2722 5381 fore
2764 5306 3048 5381 patratum
3092 5305 3316 5361 armilla
3365 5307 3767 5366 misericorsz

2100 5382 2158 5437 di
2165 5377 2310 5437 Dina?
2337 5377 2828 5446 circumplectentis
2855 5391 2973 5430 nos.

2171 5451 2322 5576 (665)
2355 5447 2519 5503 Follis
2545 5462 2652 5500 vox
2681 5451 2869 5513 vetus,
2894 5462 2964 5501 ex
2983 5462 3101 5518 qua
3139 5446 3334 5530 Italica
3370 5448 3525 5529 felle,
3548 5452 3606 5504 et
3635 5449 3765 5506 Gal-

2177 5541 2207 5576 e
2239 5528 2292 5576 fo
2323 5566 2336 5576 .
2365 5519 2450 5574 vel
2483 5519 2597 5576 [οτι.
2622 5532 2872 5572 vacuum
2895 5522 2951 5572 et
2975 5517 3224 5572 stultum
3254 5519 3576 5576 Signiﬁcat.
3603 5521 3764 5576 Hanc

2099 5517 2207 5580 lice
2235 5517 2450 5595 fol,_vel
2482 5519 2597 5586 fou,
2622 5532 2872 5595 vacuum
2895 5522 2951 5595 et
2967 5517 3224 5595 stultum
3253 5519 3576 5595 signiﬁcat.
3603 5521 3764 5595 Hanc

2097 5611 2131 5649 a
2162 5589 2399 5651 rusticis
2431 5590 2774 5659 usurpatam
2807 5592 3056 5645 testatur
3075 5589 3411 5645 Willelnius
3436 5590 3622 5646 abbas
3654 5592 3766 5648 Με-

2095 5667 2282 5722 tensis
2325 5661 2496 5733 epist.
2529 5661 2564 5733 3
2597 5675 2609 5713 :
2645 5663 2935 5733 Praetereo,
2966 5659 3186 5733 inquit,
3228 5660 3388 5733 quod.
3426 5702 3440 5716 .
3477 5701 3491 5715 .
3527 5703 3558 5733 ,ί
3572 5664 3764 5733 follem

2093 5754 2179 5794 me
2207 5730 2378 5793 verba
2394 5731 2596 5788 rustico
2619 5730 2933 5800 appellasti.
2955 5730 3212 5788 Joannes
3231 5730 3518 5788 diaconus
3546 5730 3607 5788 in
3628 5734 3762 5795 Vita

2095 5809 2154 5868 S.
2187 5803 2448 5894 Gregorii
2475 5801 2578 5860 lib.
2611 5816 2688 5874 Iv,
2712 5817 2764 5863 ο.
2785 5801 2877 5876 96,
2901 5802 3182 5864 usitatam
3232 5802 3294 5869 in
3337 5802 3528 5874 Gallia
3554 5805 3760 5897 tradit,
