3896 6396
159 443 275 507 465

1042 445 1474 517 INVECTIVA
1515 450 1620 515 DE
1661 447 2101 516 TRANSLAT.
2151 453 2218 516 S.
2265 446 2693 518 METBONIS.

3465 438 3586 510 466

157 593 522 656 quamquam
552 578 993 651 refertissimus,
1044 584 1300 658 indeque
1336 584 1728 643 stultissimus
1754 589 1812 643 te
1838 587 1895 654 Α
1924 585 2189 659 ptibilem
2221 604 2336 645 non
2365 586 2575 644 ledere
2597 579 3038 659 jubebaris.Qui
3066 579 3271 657 utique
3302 578 3581 641 absorbes

155 672 352 745 ipsum
386 672 469 729 ita
498 671 825 745 saepissime
853 666 1097 746 decipis.
1134 674 1227 729 Sic
1257 675 1399 731 Abel
1423 680 1814 751 protomarty-

1925 677 2168 733 ﬂuvium
2200 676 2563 751 gentilitatis,
2598 681 2655 732 et
2679 692 2794 731 non
2817 675 3070 742 miraris,
3094 675 3275 731 habes
3300 674 3575 730 fiduciam

152 779 273 820 rem
307 762 461 829 fieri,
495 762 580 817 sic
610 762 744 816 Sem
795 765 852 817 et
879 761 1094 834 Japhet
1141 763 1427 833 benedici,
1461 763 1544 820 sic
1594 764 1812 837 Joseph
1923 767 2301 838 quodinﬂuat
2321 767 2381 822 in
2401 769 2611 822 oretuo
2634 765 3090 821 Christianitatis
3110 765 3431 821 Jordanis?
3452 764 3577 836 (Job
3620 773 3629 782 ’

148 851 465 927 glorificari
521 850 749 907 fecisti:
811 854 868 907 et
897 868 969 907 ne
1018 851 1077 907 in
1104 852 1403 908 inﬁnitum
1436 859 1638 909 nostra
1666 854 1724 909 in
1760 859 1813 909 te

146 942 428 1016 procedat
453 940 727 1009 invectio,
760 940 844 996 sic
875 941 983 997 tibi
1017 942 1424 998 monarchiam
1455 944 1639 999 totius
1690 960 1809 999 cre-

145 1031 414 1088 dentium
444 1029 601 1087 orbis
634 1028 923 1097 alienasti,
957 1031 1114 1087 314
1139 1047 1274 1086 cum
1304 1030 1659 1103 discipulum
1684 1049 1809 1087 ma-

144 1120 402 1195 gistrum
420 1136 596 1176 suum
617 1124 799 1174 Deum
818 1122 875 1174 et
891 1120 1204 1175 Dominum
1223 1122 1491 1190 vendere,
1516 1126 1808 1193 emptores

142 1210 423 1283 cruciﬁge,
455 1210 736 1281 cruciﬁge,
763 1207 1001 1265 suasisti
1033 1208 1316 1265 clamare:
1346 1211 1501 1281 quod
1524 1215 1580 1266 te
1607 1216 1805 1266 tamen

144 1301 345 1357 statim
381 1298 657 1373 paenituit
685 1298 914 1367 fecisse,
937 1315 1071 1354 cum
1094 1315 1335 1355 uxorem
1369 1299 1539 1355 Pilati
1564 1300 1625 1355 in
1653 1316 1806 1355 som-

142 1390 231 1446 nis
261 1389 597 1446 sollicitans
627 1386 987 1461 compulisti,
1012 1388 1300 1462 jugalem,
1332 1406 1365 1444 a
1390 1388 1606 1445 scelere
1638 1394 1703 1443 ut
1722 1406 1804 1445 re-

139 1479 449 1553 sipisceret
477 1477 684 1534 nuntio
716 1477 898 1533 misso
932 1494 1156 1551 rogare.
1189 1478 1297 1534 Sed
1333 1477 1581 1533 ccelestis
1612 1478 1805 1550 diSpo-

137 1570 301 1638 sitor,
329 1570 434 1643 qui
458 1571 696 1624 noverat
713 1566 966 1640 benigne
987 1570 1090 1623 tua
1106 1567 1284 1622 etiam
1308 1567 1390 1621 uti
1413 1566 1798 1639 malignitate,

133 1658 237 1714 tibi
260 1658 779 1731 complicibusque
801 1656 919 1711 tuis
943 1656 1013 1711 de
1042 1659 1207 1711 tanto
1234 1654 1449 1712 scelere
1473 1655 1801 1710 damnatio-

131 1765 290 1820 nem,
328 1748 554 1805 sanctis
583 1744 882 1812 omnibus,
913 1748 981 1800 ut
1009 1749 1066 1799 et
1095 1744 1190 1799 isti
1216 1744 1381 1799 beato
1403 1742 1651 1798 feliciter
1671 1760 1803 1798 con-

128 1838 286 1911 tigit,
322 1841 608 1910 cperutus
638 1838 728 1890 est
749 1833 1230 1905 redemptionem.
1255 1834 1324 1888 Et
1345 1836 1408 1887 ut
1427 1834 1498 1887 de
1521 1833 1801 1887 recentio-

124 1927 304 1982 ribus
338 1923 569 1996 aliquid
601 1922 672 1977 ad
705 1924 781 1988 te,
814 1936 1056 1991 serpens
1078 1919 1337 1991 antique,
1359 1920 1650 1991 proferam
1672 1936 1804 1974 con-

122 2013 480 2081 futandam,
495 2009 914 2068 famosissimis
927 2007 1345 2064 heremitarum
1360 2007 1572 2064 futuris
1586 2008 1801 2064 Moiseo

92 2130 97 2133 -
125 2104 342 2175 utique
374 2106 555 2173 atque
600 2097 897 2155 Machario
928 2098 1070 2170 quid
1102 2098 1370 2153 nocueris
1400 2102 1454 2152 te
1505 2098 1801 2153 attendere

127 2193 280 2260 volo,
318 2191 427 2249 uni
459 2206 665 2246 eorum
697 2187 924 2243 scilicet
950 2184 1517 2252 latrocinium,alteri
1549 2184 1797 2241 homici-

130 2284 292 2339 dium
330 2279 639 2337 suadendo
684 2279 845 2348 (llist.
904 2277 1047 2347 Trip,
1081 2274 1119 2329 1.
1154 2291 1272 2339 vm,
1307 2291 1356 2329 c.
1392 2274 1465 2345 l).
1507 2274 1796 2331 Erubesce

133 2390 264 2446 ergo
288 2370 533 2428 tandem
553 2366 894 2440 aliquando,
915 2364 1211 2431 erubesce,
1233 2363 1486 2418 inaniter
1501 2363 1792 2435 quamvis,

134 2476 498 2527 commoneo,
528 2462 650 2513 tam
674 2452 1079 2526 multipliciter
1096 2452 1274 2519 victe;
1299 2455 1356 2507 et
1380 2452 1451 2508 ab
1474 2451 1673 2508 electis
1695 2452 1793 2512 Dei

135 2550 481 2622 inanesjam
505 2549 773 2610 conatus,
800 2542 1149 2608 miserrime,
1168 2542 1417 2597 contine.
1443 2541 1612 2597 Novit
1634 2541 1792 2597 enim

138 2640 382 2697 cmlestis
416 2636 703 2700 Medicus,
739 2638 806 2688 ut
858 2630 1156 2703 perlepide
1186 2634 1383 2686 orator
1412 2630 1653 2702 quidam
1714 2630 1795 2685 ait

138 2730 403 2795 eximius,
438 2724 629 2782 multa
652 2725 808 2779 bona
833 2722 1020 2777 facere
1044 2719 1219 2775 etiam
1249 2736 1351 2792 per
1372 2718 1628 2791 iniquos,
1658 2736 1793 2775 cum

139 2818 478 2877 converterit
510 2816 581 2871 ad
606 2811 989 2885 adjutorium,
1015 2809 1168 2881 quod
1192 2813 1460 2881 paratum
1485 2812 1574 2865 est
1594 2810 1665 2865 ad
1689 2827 1792 2866 no-

139 2909 402 2966 cendum.
426 2907 629 2978 Neque
655 2919 787 2959 vero
811 2899 1067 2972 aliquem
1093 2915 1338 2954 suorum
1370 2915 1404 2953 a
1428 2903 1480 2954 te
1505 2916 1792 2971 superan-

140 2999 270 3055 dum
301 2997 409 3054 tibi
442 2991 788 3067 exposuisse
819 2987 1224 3055 callidissima,
1247 2991 1312 3041 ut
1341 2992 1395 3042 te
1418 2987 1499 3042 ila
1520 2987 1787 3056 vocitem,

1921 873 2011 925 XL,
2030 856 2107 927 1.)
2123 856 2405 912 Undehoc
2418 855 2574 911 enim
2600 854 2710 910 nisi
2734 871 2838 927 pro
2857 854 3168 910 animabus
3180 854 3575 926 deglutiendis

1921 944 2606 1018 aquabaptismatislotis
2621 960 2871 1015 quarum
2886 942 3176 999 scilicetin
3186 943 3572 1015 perditionem

1920 1031 2695 1090 deﬂuxuminsaturabiliter
2708 1034 2798 1089 31
2817 1032 2860 1089 5
2894 1032 3063 1088 sitis?
3086 1032 3284 1105 Decipi
3311 1036 3366 1087 te
3399 1031 3577 1105 igitur

1918 1123 2262 1195 hujusmodi
2282 1139 2558 1179 concesso
2570 1139 2676 1178 cur
2688 1139 2802 1177 non
2816 1121 3194 1188 intellexeris,
3214 1120 3570 1187 mirandum,

1916 1212 2188 1285 specialis
2201 1212 2462 1284 deceptio
2475 1212 2850 1283 deceptorum
2868 1212 3095 1282 (665).A
3116 1210 3233 1266 tuis
3247 1227 3387 1266 sane
3400 1209 3447 1266 si
3463 1210 3574 1266 exi-

1913 1317 2048 1375 gere
2072 1301 2289 1357 invasze
2320 1300 2500 1358 semel
2531 1300 2954 1356 dominationis
2976 1301 3408 1365 tributum,non
3428 1301 3571 1356 adeo

1911 1391 2616 1463 lueratconquerendum,
2630 1390 2790 1462 injus
2807 1406 2988 1462 quare
3009 1394 3066 1446 te
3079 1390 3296 1446 inferas
3309 1388 3568 1445 alienum

1912 1480 2369 1552 etutique(quod
2383 1483 2473 1534 est
2486 1477 2741 1549 amplius
2755 1477 3568 1550 stupendum)majorisetqui

1912 1585 2052 1624 suos
2084 1567 2304 1641 preprii
2334 1566 2625 1639 promisso
2660 1566 2742 1621 ita
2771 1564 3204 1621 confirmaverit
3235 1565 3352 1620 oris
3384 1566 3567 1637 (667):

1912 1658 2099 1722 Pater,
2121 1671 2251 1728 quos
2270 1655 2471 1711 dedisti
2489 1656 2651 1721 mihi,
2672 1670 2781 1709 non
2799 1654 3014 1727 perdidi
3033 1671 3102 1709 ex
3122 1656 3204 1709 eis
3242 1670 3570 1726 quemquam

1912 1745 2049 1815 (Job.
2084 1760 2243 1810 xvm,
2262 1744 2341 1815 9.)
2365 1743 2477 1799 Sed
2501 1741 2790 1815 prmterito
2815 1759 2990 1797 usum
3013 1744 3186 1797 verbo
3210 1760 3323 1798 non
3346 1745 3565 1815 putasti

1910 1834 1982 1888 de
1997 1831 2837 1898 futuris,stultissime,curare,
2862 1831 2990 1886 ideo
3005 1848 3119 1886 non
3136 1832 3357 1887 desinis
3371 1848 3469 1888 eos
3489 1833 3566 1887 si-

1909 1939 1981 1978 ne
2012 1921 2127 1977 fine
2153 1925 2325 1977 tenus
2346 1919 2755 1976 infestareﬁed
2780 1920 3084 1986 audi,cum
3097 1924 3197 1976 tuo
3211 1921 3454 1977 consilio
3476 1922 3570 1977 de-

1911 2011 2178 2069 testanda
2202 2027 2215 2064 :
2247 2012 2379 2065 Ecce
2405 2025 2498 2081 ego
2530 2005 2804 2065 vobiscum
2822 2026 2944 2064 sum
2974 2010 3226 2065 omnibus
3253 2010 3443 2066 diebus
3468 2028 3566 2065 us-

1908 2120 2013 2175 que
2042 2101 2113 2157 ad
2167 2100 2692 2156 consummationem
2737 2100 2933 2155 sweuli
2961 2100 3180 2169 (Matth.
3215 2116 3413 2169 xxvm,
3446 2104 3559 2174 20).

1907 2191 2147 2247 Nullum
2176 2204 2442 2254 suorum,
2463 2188 2654 2253 crede,
2679 2187 2783 2243 tibi
2806 2189 3160 2260 exponettde
3175 2206 3289 2262 quo
3312 2192 3565 2261 perfecte

1905 2279 2240 2355 gratulcris,
2274 2275 2593 2332 imbellem.
2616 2277 2700 2331 Ad
2725 2276 3030 2332 cumulum
3052 2277 3304 2334 victoriae
3336 2280 3561 2335 diutius

1904 2368 2164 2426 lacessiri
2194 2365 2514 2440 permissos
2544 2366 2813 2438 quamvis
2844 2365 3188 2423 innumeros
3220 2385 3324 2440 per
3342 2373 3455 2424 tuae
3479 2370 3565 2424 in-

1905 2458 2236 2516 festationis
2260 2454 2961 2528 malignam’misericors,
2989 2459 3052 2510 ut
3071 2466 3128 2511 et
3158 2457 3359 2525 istum,
3385 2458 3563 2514 etiam

1904 2554 2036 2623 post
2068 2563 2271 2603 casum
2304 2544 2583 2617 provehet
2603 2543 2870 2598 fraudem
2892 2545 3063 2615 (668).
3092 2545 3175 2599 Ea
3200 2545 3440 2600 demum
3474 2546 3563 2601 in-

1902 2643 1991 2693 ter
2020 2636 2341 2709 potentiam
2368 2637 2422 2688 et
2453 2631 2938 2703 omnipotentiam
2963 2632 3236 2687 discretio
3261 2637 3367 2701 est,
3404 2635 3559 2706 quod

1902 2726 2005 2782 illa
2025 2725 2315 2798 quaedam,
2340 2722 2453 2778 ista
2474 2720 2672 2776 omnia
2695 2725 2902 2793 potest.
2930 2721 3136 2793 Liquet
3158 2738 3294 2796 ergo
3317 2722 3426 2779 hac
3448 2724 3563 2779 dis-

1902 2816 2207 2881 tinctione,
2268 2812 2421 2884 quod
2456 2809 2602 2865 nihil
2635 2809 2786 2866 valet
2815 2811 3076 2883 potentia
3126 2813 3559 2870 contradicente

1902 2901 2351 2977 omnipotentia:
2373 2917 2438 2956 ac
2471 2917 2573 2973 per
2592 2899 2701 2955 hoc
2723 2900 3059 2957 innutanter
3079 2901 3397 2975 colligitur,
3420 2903 3559 2976 quia

1901 2996 1971 3050 de
1996 2994 2136 3059 tuis,
2168 3009 2316 3065 quos
2363 2989 2611 3044 voluerit
2642 2993 2699 3044 et
2728 2991 3259 3064 quomodocunque
3287 2993 3557 3059 voluerit,

142 3088 382 3145 stultitia
404 3085 676 3143 crederes
704 3079 1042 3143 Dominum,
1067 3077 1116 3132 si
1140 3076 1620 3133 tenebrosissime
1643 3077 1788 3134 illud
1814 3096 1825 3109 ν
1897 3084 2049 3140 valet
2070 3088 2221 3138 Deus
2244 3085 2297 3136 te
2322 3078 2557 3135 nolente
2579 3079 2651 3134 ad
2692 3095 2755 3134 se
2789 3079 3048 3148 trahere;
3083 3085 3146 3136 tu
3178 3083 3454 3137 neminen
3487 3082 3559 3139 de

140 3176 193 3233 in
214 3182 267 3234 te
282 3174 538 3233 valuisse
556 3167 1050 3243 comprehendere
1072 3165 1293 3233 lumen,
1320 3183 1432 3238 quo
1457 3170 1512 3221 te
1534 3166 1789 3240 amplius

141 3266 454 3335 excazcavit,
481 3277 619 3319 cum
645 3258 864 3325 omnia,
884 3273 1009 3329 quae
1032 3254 1150 3325 ille,
1175 3271 1349 3326 quem
1372 3254 1785 3311 incessendum

1898 3170 2177 3243 suis,ipso
2201 3168 2313 3224 nisi
2338 3166 2731 3241 permittente,
2752 3167 2960 3224 saltem
2984 3170 3202 3225 audeas
3234 3170 3555 3239 incursare,

1900 3261 2056 3334 quod
2092 3257 2529 3315 evidentissime
2551 3274 2612 3311 cs
2637 3257 2815 3313 miser
2838 3262 3131 3328 expertus,
3156 3275 3291 3313 cum
3311 3276 3413 3315 nec
3435 3277 3560 3331 gre-

141 3329 662 3430 prOposueras,tibi
683 3348 939 3414 tradens,
957 3344 1503 3417 [subaudibabebat]
1526 3344 1785 3401 animam
1819 3329 1862 3397 C
1901 3329 2034 3423 gem
2062 3364 2373 3421 porcorum
2400 3346 2671 3400 invadere
2692 3363 2775 3413 es,
2795 3346 2932 3400 data
2955 3345 3070 3400 nisi
3090 3345 3325 3401 licentia
3348 3329 3556 3419 (Matth.

144 3444 364 3502 illiuste
395 3458 634 3500 servare
664 3436 938 3511 przecepit
981 3434 1117 3507 (Job.
1147 3450 1210 3500 ιι,
1243 3433 1321 3505 6).
1348 3434 1436 3489 Tu
1459 3434 1615 3489 enim
1645 3452 1787 3507 quo-

147 3536 302 3591 modo
331 3548 621 3601 servares,
655 3545 783 3601 quae
816 3527 1047 3582 servata
1073 3526 1248 3594 atque
1279 3523 1566 3579 servanda
1594 3523 1790 3595 potius

146 3626 369 3698 perdere
401 3621 652 3680 festinas
672 3619 700 3673 ‘2
731 3616 843 3673 Sed
872 3630 1047 3680 serva,
1067 3612 1287 3679 dicens,
1312 3628 1382 3667 ne
1404 3616 1612 3683 tangas
1631 3611 1794 3667 intel-

147 3712 237 3787 ligi
268 3714 439 3772 dedit.
476 3710 608 3769 Nisi
638 3723 775 3764 vero
806 3705 935 3776 ejus
967 3702 1228 3757 animam
1260 3700 1636 3773 suggestione
1662 3705 1790 3756 tan-

146 3819 314 3876 geres,
336 3798 725 3859 delectatione
756 3792 1010 3867 qualiter
1039 3791 1110 3845 ad
1162 3806 1516 3845 consensum
1557 3788 1795 3845 maledi-

148 3892 296 3949 cendi
319 3898 525 3959 Deum,
553 3882 963 3958 deceptissime
996 3882 1055 3936 in
1089 3879 1200 3935 hoc
1230 3878 1462 3947 saltem,
1497 3884 1789 3934 converte-

146 3982 267 4037 res?
295 3980 613 4038 Verissime
646 3976 843 4047 itaque
893 3970 1187 4045 (quamvis
1241 3971 1298 4025 et
1338 3968 1410 4022 de
1441 3966 1647 4039 quovis
1702 3968 1788 4023 tui

148 4071 528 4146 complicium)
584 4066 821 4124 credere
870 4063 942 4117 de
972 4065 1029 4115 te
1060 4058 1218 4114 vales
1251 4057 1546 4131 prolatum
1584 4060 1664 4114 Vze
1695 4061 1792 4130 qui

148 4159 348 4233 decipis,
379 4175 563 4218 nonne
587 4162 641 4214 et
672 4156 787 4228 ipse
826 4151 1093 4223 deciperis
1116 4152 1141 4202 γ
1169 4146 1466 4219 Deciperis
1496 4147 1790 4205 enimvero

154 4265 306 4323 saepe,
354 4248 644 4323 deciperis
676 4245 826 4312 dico,
874 4242 1119 4297 formate
1169 4238 1240 4293 ad
1284 4237 1388 4293 tibi
1420 4236 1788 4294 illudendum

157 4340 307 4409 (Psal.
337 4356 452 4408 cm,
483 4340 603 4410 27),
639 4333 951 4393 Psalmista
983 4334 1049 4385 ut
1102 4328 1279 4395 canit,
1330 4327 1792 4384 virulentissime

160 4427 332 4486 draco.
364 4430 517 4487 Inter
572 4423 999 4497 malignitatem
1037 4418 1252 4491 quippe
1283 4420 1340 4472 et
1371 4417 1791 4490 benignitatem

163 4534 278 4574 cum
300 4520 371 4576 sit
384 4520 504 4576 haec
521 4530 760 4591 quoque
782 4508 1079 4575 discretio,
1105 4511 1191 4575 ut,
1213 4505 1309 4561 ille
1330 4522 1479 4577 quas
1502 4506 1793 4579 praecipue

165 4614 321 4678 amat,
340 4615 405 4667 tu
419 4608 675 4666 maxime
686 4602 879 4662 oderis
892 4597 1262 4657 animas.Cur
1274 4613 1390 4652 non
1409 4596 1789 4669 perpendisti,

1900 3458 2019 3507 vui,
2044 3440 2157 3508 3i),
2190 3434 2309 3491 ullo
2341 3435 2513 3489 modo
2537 3450 2739 3497 ausus,
2775 3434 3008 3489 Tractio
3039 3450 3172 3488 vero
3189 3432 3350 3490 illius
3372 3434 3558 3502 salus,

1902 3532 2004 3584 tua
2034 3526 2281 3599 perditio
2312 3527 2423 3590 est,
2458 3538 2491 3576 a
2520 3538 2637 3592 qua
2665 3520 2763 3576 ille
2795 3537 3025 3592 quoque
3055 3522 3356 3577 consuevit
3386 3523 3560 3580 innu-

1903 3632 2096 3672 meros
2127 3610 2581 3668 misericorditer
2600 3608 2865 3665 liberare.
2892 3609 3037 3664 Nam
3056 3608 3165 3665 etsi
3188 3610 3362 3666 catuli
3387 3612 3471 3667 tui
3497 3617 3563 3667 ut

1902 3705 2136 3777 rapiant
2167 3699 2425 3771 rugiunt,
2478 3704 2675 3753 tamen
2708 3714 2742 3754 a
2772 3698 2889 3754 Deo
2940 3715 3109 3754 suam
3153 3716 3368 3768 escam,
3405 3706 3470 3757 ut
3500 3702 3558 3757 in

1903 3792 2134 3851 Psalmo
2166 3789 2398 3864 legitur,
2458 3793 2727 3861 quzerunt
2758 3788 2931 3861 (Psal.
2964 3806 3082 3856 cm,
3129 3791 3243 3862 2t),
3305 3792 3559 3865 optando

1899 3882 2185 3946 videlicet,
2220 3885 2284 3934 ut
2314 3880 2442 3950 ejus
2475 3876 2767 3949 relinquat
2797 3878 3084 3949 custodia,
3108 3896 3258 3952 quos
3289 3880 3559 3953 invadere

1900 3974 2137 4029 illorum
2170 3973 2345 4043 queat
2366 3967 2608 4033 malitia,
2636 3969 2983 4041 Quanquam
3012 3973 3069 4025 et
3098 3974 3159 4025 tu
3191 3968 3405 4044 legaris
3427 3988 3559 4028 vero

1900 4063 2090 4120 cauda
2117 4066 2219 4116 tua
2250 4062 2473 4131 partem
2508 4056 2823 4114 maximam
2860 4058 3165 4114 stellarum
3197 4060 3268 4116 de
3289 4060 3432 4116 caelo
3471 4060 3558 4116 vel

1902 4153 2172 4217 traxisse,
2205 4147 2291 4204 vel
2323 4147 2573 4214 trahere,
2606 4145 2693 4200 vel
2748 4151 3044 4202 tracturus
3093 4164 3222 4203 esse
3254 4149 3311 4203 in
3344 4154 3559 4204 terram

1902 4246 2089 4315 (Apoc.
2123 4254 2225 4307 xu,
2251 4238 2329 4308 li),
2362 4252 2434 4290 ne
2467 4233 2779 4305 decipiaris
2820 4249 3049 4289 moneo.
3099 4235 3223 4290 Non
3278 4236 3436 4292 enim
3490 4237 3561 4292 de

1900 4332 2019 4388 illis
2042 4325 2383 4398 dicitur,qui
2408 4322 2716 4395 fulgebunt
2738 4322 2893 4377 sicut
2912 4322 2997 4378 sol
3016 4324 3074 4377 in
3092 4324 3391 4395 perpetuis
3403 4329 3561 4380 aeter-

1904 4420 2188 4477 nitatibus
2221 4415 2429 4487 (Matth.
2462 4429 2586 4477 xm,
2630 4411 2741 4481 43),
2776 4414 2832 4465 et
2857 4410 3012 4466 sicut
3040 4410 3336 4484 splendor,
3362 4413 3560 4469 ﬁrma-

1904 4509 2085 4566 menti
2108 4510 2269 4580 (Dun.
2294 4522 2394 4571 xu,
2418 4504 2492 4572 3),
2523 4500 2622 4573 qui
2654 4500 2934 4556 erudiunt
2964 4500 3279 4573 plurimos;
3314 4520 3453 4573 non,
3477 4504 3562 4559 in-

1905 4615 2104 4672 quam,
2166 4597 2236 4651 de
2296 4593 2432 4659 illis,
2491 4590 2589 4663 qui
2647 4607 2780 4646 vero
2811 4590 3021 4646 lumini
3069 4593 3351 4650 veraciter
3380 4593 3561 4649 inhae-

165 4696 254 4765 nil,
276 4700 421 4771 quod
450 4716 554 4773 pro
578 4710 793 4768 magno
817 4692 1080 4755 duceres,
1110 4686 1215 4742 tibi
1241 4685 1477 4747 servari,
1502 4702 1637 4740 cum
1661 4702 1790 4741 cor-
1826 4699 1873 4765 D
1906 4693 2099 4746 rentes
2131 4683 2412 4741 veraciter
2440 4679 2638 4736 lucent
2667 4698 2683 4747 ',
2714 4681 2816 4736 sed
2867 4681 2968 4753 qui
3011 4681 3311 4740 imitantes
3353 4686 3564 4757 [supple

166 4801 262 4858 pus
282 4785 768 4861 corrumpendum
791 4778 1130 4852 aliquando,
1152 4774 1382 4832 etiamsi
1398 4774 1503 4830 tibi
1523 4791 1637 4831 non
1665 4792 1796 4831 con-

169 4875 462 4947 cederetur,
485 4876 750 4947 afﬂigere
768 4865 1225 4944 permittebaris,
1250 4863 1509 4920 animam
1532 4864 1796 4921 incorru-

174 5020 225 5072 Αἱ
251 5020 353 5086 ille,
383 5020 481 5087 ait,
512 5034 667 5076 more
720 5016 927 5087 Gallico
970 5018 1233 5087 sanctum
1252 5024 1437 5087 senem
1467 5009 1800 5087 increpitans

177 5080 529 5157 follemlDu'm
573 5106 709 5146 vero
764 5084 1102 5157 Ratherius_
1133 5080 1381 5157 latialem
1436 5081 1801 5157 rusticitatem

178 5150 339 5217 eidem
366 5165 483 5220 voci
516 5161 727 5219 tribuit
754 5158 814 5213 in
863 5152 1143 5223 opusculo
1191 5151 1432 5206 Veronae
1470 5150 1797 5223 lucubrato,

180 5244 291 5307 eam
314 5234 520 5291 indicat
547 5234 728 5307 etiam
761 5223 919 5303 apud
948 5223 1461 5307 nostrosnrusticos
1485 5229 1799 5307 receptam,

180 5305 235 5356 ut
260 5304 564 5378 daemonem
592 5293 913 5378 signarent,
947 5315 1014 5354 ex
1041 5312 1156 5378 quo
1181 5293 1630 5378 ferte-appellati
1647 5293 1804 5378 dein-

183 5377 487 5451 gepsyulgo
516 5365 908 5451 illi_§piri_tus_'
943 5365 1103 5437 mali,
1139 5365 1247 5451 qui.
1266 5366 1447 5446 folleti
1502 5365 1799 5451 dicuntur.

184 5437 452 5521 prigineni
497 5437 735 5521 quidem
786 5444 1119 5521 Latinama
1152 5437 1307 5519 tolle,
1342 5437 1441 5521 qui
1474 5437 1601 5521 sole
1631 5445 1802 5521 vento

185 5508 398 5575 inflatus
417 5508 573 5577 intus
595 5523 939 5583 estvacuus,
962 5510 1351 5589 llatherianus
1376 5510 1567 5589 textus
1589 5508 1800 5566 innuit.

246 5591 376 5663 (φοῦ)
408 5593 663 5663 Specialis
708 5582 946 5663 deceptio
989 5584 1330 5663 deceptorum
1375 5582 1630 5663 vocativo
1664 5597 1803 5636 casu

187 5650 799 5736 diabolus'appellatur,
830 5650 901 5736 de
931 5650 1645 5736 quo_auct.or.mirandum
1679 5669 1808 5709 esse

189 5726 276 5803 ait,
302 5748 398 5788 cur
421 5722 546 5790 non.
562 5722 915 5803 intellexerit
927 5722 1018 5803 se
1032 5725 1232 5803 decipi
1249 5722 1540 5803 ejusmodi
1574 5738 1807 5803 conces-

191 5792 352 5874 sione,
376 5822 487 5878 qua
505 5805 857 5881 permissum
880 5800 965 5858 illi
992 5798 1103 5855 fuit
1127 5792 1186 5853 in
1202 5792 1310 5854 Job
1334 5799 1392 5851 et
1412 5792 1660 5850 aliorum
1676 5794 1807 5865 jus-

1905 4780 2005 4849 tej,
2032 4792 2093 4832 se
2115 4774 2174 4829 in
2198 4770 2437 4845 angelos
2462 4768 2611 4824 lucis
2642 4784 2745 4839 per
2764 4768 3119 4841 bypocrisim
3140 4774 3564 4846 transﬁgurare

1907 4870 1977 4942 (Il
2004 4866 2124 4922 Cor.
2158 4880 2239 4928 χι,
2275 4862 2383 4930 14),
2406 4863 2601 4914 tecum
2626 4857 2684 4912 in
2714 4857 3057 4914 barathrum
3090 4858 3304 4917 inferni
3328 4862 3562 4929 ruituri,

1907 5017 2101 5067 torum
2130 5021 2371 5077 corpora
2403 5000 2620 5077 smvi‘re,
2653 5000 2851 5077 anima
2881 5003 3074 5077 tamen
3107 5007 3355 5060 servata.

1981 5082 2129 5151 (667)
2164 5074 2477 5133 Co’nstrue:
2510 5074 2692 5151 Quare
2722 5081 2770 5127 te
2800 5074 3010 5151 inferas
3056 5076 3124 5151 iri
3149 5077 3246 5147 jus
3294 5077 3561 5151 alienum,

1910 5164 1960 5211 et
1986 5143 2048 5208 in
2072 5143 2167 5223 jus
2194 5151 2376 5223 utique
2406 5146 2632 5223 majoris
2656 5143 2824 5223 (quod
2849 5143 3189 5223 estamplizis
3218 5143 3564 5223 stupendum)

1909 5216 2088 5283 etiam'
2108 5224 2244 5295 ejus,
2280 5216 2376 5292 qui
2404 5216 2499 5273 ita
2533 5216 2941 5285 conﬁrmaverit
2971 5216 3095 5276 suos
3142 5216 3409 5291 promisso
3459 5216 3567 5275 eris

1905 5298 2141 5371 proprii,
2168 5300 2277 5349 etc.

1983 5360 2479 5442 (668)(_Jonst_rue:
2511 5360 2629 5442 {Ven
2677 5370 2907 5442 exponet
2937 5362 3059 5442 tibi,
3105 5363 3280 5442 crede,
3326 5363 3569 5442 aliquem

1911 5431 2135 5497 suorum
2169 5435 2462 5499 imbellem,
2494 5431 2560 5487 de
2601 5448 2705 5503 quo
2745 5434 2980 5503 perfecte
3007 5435 3323 5504 protuleris.
3357 5431 3567 5504 Miseri-

1911 5529 2028 5569 cors
2058 5511 2225 5567 etiam
2255 5512 2371 5575 post
2399 5520 2583 5559 casam
2622 5504 2876 5574 provehet
2904 5505 2974 5558 ad
3009 5503 3294 5559 cumulum
3324 5503 3572 5575 victoriae

1910 5585 2201 5657 permissos
2221 5570 2432 5657 diutius
2462 5570 2729 5656 lacessiri.
2748 5591 2849 5644 per
2876 5576 3178 5657 malignum
3202 5570 3455 5657 fraudem
3486 5572 3572 5649 iu.-

1913 5645 2224 5729 jestationis
2265 5654 2394 5729 tum,
2428 5662 2676 5729 quatinus
2707 5646 3023 5729 imii‘umeros
3055 5645 3136 5713 (id
3184 5646 3273 5695 est
3303 5645 3571 5729 quamvis

1916 5715 2035 5785 sint
2068 5720 2382 5791 innumeri)
2414 5715 2473 5774 ut
2502 5721 2553 5773 et
2584 5718 2749 5773 istum
2778 5717 2835 5772 S.
2874 5717 3191 5772 Metronem
3223 5715 3502 5781 provexit.
