3896 6374
355 422 476 504 M1

1306 432 1684 505 nATHERH
1724 436 1969 503 EPISG.
2014 434 2305 502 vanos.
2346 438 2524 504 opp.
2566 436 2769 503 rans
2810 422 2861 501 ι.

3661 421 3829 493 ΒΘ

357 574 680 632 forinsecus
702 570 902 642 stellae,
923 570 1275 632 intrinsecus
1296 575 1548 631 tenebrae
1570 574 1800 648 (loquar
1818 579 1881 630 ut
1902 574 2005 647 ita)
2035 573 2092 640 Α
2122 573 2180 629 in
2212 590 2350 647 pace
2380 578 2642 645 vocatus,
2665 570 2930 646 martyrii
2961 585 3077 627 non
3099 566 3353 626 caruerit
3381 563 3594 642 gloria,
3630 569 3705 621 ut
3724 569 3815 621 et

356 683 473 721 non
508 665 731 720 timent.
766 665 1064 730 Quomodo
1087 665 1243 719 enim
1267 668 1329 720 ut
1353 665 1631 737 splendor
1651 664 2007 720 ﬁrmamenti

353 756 509 811 316
540 753 848 826 fulgentes,
883 753 983 826 qui
1016 754 1217 824 utique
1252 758 1392 808 sunt
1422 752 1527 820 illi,
1563 753 1663 826 qui
1694 770 1798 826 pro
1842 769 2013 825 posse

352 843 591 899 illorum
624 842 1014 898 constantiam
1038 847 1325 898 conantur
1346 843 1583 911 imitari,
1608 842 1709 915 qui
1730 846 1785 897 te
1809 847 2012 897 ruente

360 930 855 988 immutabilitatis
888 936 1027 986 sunt
1056 932 1309 1004 gratiam
1342 931 1614 1000 assecuti,
1638 930 2012 987 azternalibus

360 1019 570 1077 involvi
584 1037 844 1093 unquam
859 1020 977 1076 tuis
989 1021 1421 1092 possintvidere
1436 1039 1549 1075 non
1564 1020 2007 1088 valeotenebris,

356 1125 608 1183 quorum
637 1126 892 1182 namque
926 1110 1166 1165 nomina
1194 1114 1333 1164 sunt
1364 1110 1581 1182 scripta
1612 1110 1671 1165 in
1698 1109 2005 1181 coelo(Luc.

355 1216 413 1269 x,
444 1200 515 1254 2O
561 1198 753 1270 [669]).
794 1198 859 1253 In
889 1201 1002 1252 tua:
1034 1197 1398 1269 perditionis,
1434 1199 1604 1253 crede
1658 1198 1824 1265 mihi,
1858 1216 2007 1254 nun-

359 1304 539 1361 quam
566 1286 953 1355 invenientur,
976 1287 1191 1341 Lemur
1211 1286 1545 1358 nigerrimo,
1570 1287 1844 1359 diptycho
1862 1286 2012 1359 (mil-

358 1376 491 1432 leno
522 1393 621 1433 eos
646 1375 781 1431 licet
800 1375 1034 1432 inficere
1064 1376 1281 1448 gestias
1306 1376 1621 1432 criminum
1654 1377 1877 1448 morbo)
1912 1393 2012 1448 per

357 1465 619 1521 foramen
648 1464 895 1520 maxilla
928 1465 1212 1520 nimirum
1244 1466 1412 1536 ejecti
1446 1466 1584 1536 (Job.
1620 1483 1710 1535 XL,
1734 1466 1848 1537 21),
1871 1469 2011 1521 utet

353 1554 465 1611 iste
491 1556 708 1622 noster,
743 1554 813 1610 de
847 1556 1086 1628 gutture
1123 1558 1245 1609 tuo.

428 1644 515 1699 11.
548 1643 663 1699 Nec
692 1646 749 1699 te
780 1648 1077 1709 cieterum,
1110 1642 1211 1714 qui
1259 1646 1424 1699 tanta
1472 1642 1804 1715 pertuleris,
1865 1644 2009 1699 satis

352 1732 617 1803 laudare,
648 1736 871 1805 martyr
900 1733 1106 1801 beate;
1139 1748 1245 1787 nec
1268 1732 1456 1800 illum,
1490 1734 1595 1805 qui
1626 1738 1679 1789 te
1707 1734 1779 1788 ad
1812 1750 1879 1789 ea
1910 1749 2011 1789 ne-

356 1822 610 1879 cessario
640 1822 1019 1895 perpetienda
1050 1820 1377 1894 impulerit;
1407 1825 1472 1877 ut
1504 1822 1720 1895 dignus
1742 1827 1849 1889 cst,
1883 1839 2008 1878 car-

353 1927 490 1983 pere
520 1911 872 1981 sufﬂcimus,
915 1914 973 1965 et
1016 1910 1168 1966 odiis
1212 1910 1445 1982 insequi
1494 1912 1620 1982 ejus
1647 1915 1850 1968 contra
1899 1928 2007 1967 nos
2035 1944 2085 2011 Β

355 1999 586 2055 invidiae
633 1999 897 2072 paribus.
949 1999 1146 2055 Miseri
1178 2000 1331 2054 inter
1359 1999 1483 2055 haec
1512 2018 1619 2056 nos
1667 2001 1916 2056 nimium
1948 2006 2008 2057 et

356 2088 642 2156 infelices,
676 2104 809 2143 cum
827 2092 884 2143 te
917 2092 1138 2159 martyr
1160 2087 1399 2144 laudare
1431 2106 1714 2144 conamur
1742 2091 2009 2163 vocibus,

360 2174 639 2233 contrarii
669 2176 963 2242 moribus,
1009 2176 1323 2248 praedicare
1353 2193 1642 2245 sermone,
1689 2179 2007 2236 dissimiles

358 2281 549 2339 opere.
577 2266 658 2321 Te
676 2265 893 2337 quippe
916 2264 1050 2320 felix
1070 2264 1359 2337 glorificat
1388 2266 1585 2338 palma
1610 2286 1621 2323 :
1660 2285 1765 2323 nos
1808 2274 2011 2325 contra

358 2353 561 2410 infelix
604 2358 840 2410 accusat
894 2354 1285 2423 conscientia;
1321 2359 1378 2411 et
1407 2372 1478 2411 ne
1510 2355 1691 2412 cuivis
1742 2361 2010 2415 nostrum

356 2443 605 2500 dicatur.
639 2445 714 2500 De
742 2460 833 2499 ore
876 2447 968 2499 tuo
1021 2451 1072 2499 te
1119 2444 1329 2516 judico,
1386 2462 1539 2501 serve
1588 2461 1825 2518 nequam
1857 2449 2007 2519 (Luc.

353 2549 471 2600 XIX,
494 2533 605 2605 22),
635 2532 913 2589 formidat
943 2533 1182 2589 omnino
1225 2538 1516 2607 suspecta.
1553 2535 1611 2591 Si
1645 2535 1801 2593 enim
1834 2535 2009 2593 talem

355 2622 637 2685 habebas,
669 2638 775 2677 cur
805 2625 923 2677 tam
953 2622 1357 2694 vilipendebas
1378 2625 1405 2678 ?
1453 2640 1557 2680 cur
1601 2625 1828 2697 sublegi
1863 2627 2009 2698 (670)

352 2711 462 2767 tibi
492 2714 611 2767 tam
645 2710 967 2783 pretiosum
991 2728 1202 2783 passus
1232 2729 1294 2768 es
1317 2715 1751 2788 margaretum?
1772 2731 1878 2770 cur
1906 2715 2015 2771 hu-

351 2799 684 2872 juscemodi
698 2798 943 2871 fulgoris
959 2801 1331 2857 tenacissime
1346 2819 1461 2857 non
1476 2803 1838 2860 custodieras
1851 2821 2017 2859 num-

364 2903 529 2943 mum
549 2888 577 2943 ?
608 2887 681 2943 Ut
725 2886 895 2942 illum
938 2905 1081 2944 sane
1111 2891 1391 2962 praedicas
1422 2891 1494 2947 de
1526 2909 1642 2947 uno
1694 2893 1916 2961 fecisse,
1950 2897 2013 2948 tu

363 2991 544 3048 quare
581 2976 652 3032 de
692 2976 1021 3034 innumeris
1062 2995 1252 3050 neque
1282 2978 1591 3036 dissimilis
1622 2980 2016 3037 damnationis

367 3064 571 3122 studes
591 3064 911 3121 sceleribus
937 3066 1176 3122 actitare
1208 3067 1323 3139 (67ft
1337 3068 1384 3139 )‘?
1404 3068 1463 3125 Si
1489 3067 1584 3124 ille
1605 3086 1708 3141 per
1727 3071 2018 3142 paeniten—

366 3153 512 3210 tiam
535 3171 649 3210 non
673 3153 887 3220 solum,
912 3159 977 3211 ut
997 3155 1355 3212 credibiliter
1370 3158 1605 3224 asseris,
1627 3158 1882 3225 veniam,
1915 3162 2016 3217 sed

365 3245 423 3298 et
440 3242 703 3317 martyrii
724 3243 985 3316 accipere
1005 3244 1220 3300 meruit
1239 3245 1495 3318 palmam
1517 3251 1608 3315 ;tu
1630 3264 1733 3319 per
1751 3247 2017 3321 impaeni-

360 3313 613 3388 tentiam
627 3349 810 3405 quare
843 3313 1201 3390 thesaurizas
1223 3313 1328 3390 tibi
1370 3313 1522 3391 iram
1549 3313 1722 3408 (Rom,
1762 3313 1924 3410 11,5),
1957 3342 2015 3396 et
2043 3313 2087 3381 (ἶ

363 3438 476 3477 non
491 3422 976 3496 exstinguendam
991 3424 1050 3479 in
1065 3430 1412 3498 perpetuum
1428 3425 1759 3483 ﬂammam?
1772 3429 1882 3483 Sed
1898 3428 2018 3501 agit

360 3511 491 3578 hoc,
514 3511 733 3568 athleta
761 3514 1222 3585 pugnacissime,
1258 3531 1372 3571 non
1397 3514 1739 3581 difﬁtemur,
1764 3517 1886 3590 agit
1905 3518 2015 3575 hoc

361 3600 716 3659 instabilitas
773 3606 830 3658 et
872 3604 1161 3660 enervitas
1200 3609 1440 3672 nostra;
1474 3611 1779 3662 succurrat
1823 3606 2012 3676 nobis,

362 3706 581 3762 quasso,
613 3691 945 3747 constantia
975 3696 1033 3748 et
1061 3693 1314 3749 firmitas
1338 3696 1459 3749 tua.

436 3779 525 3834 i2.
556 3778 801 3834 Miretur
829 3781 931 3835 sed
965 3779 1201 3853 aliquis,
1235 3783 1392 3853 quod
1423 3786 1481 3838 te
1521 3788 1835 3855 martyrem
1892 3789 2013 3841 tam

366 3866 580 3938 saepius
598 3866 867 3935 vocitem,
882 3884 1017 3923 cum
1030 3870 1311 3926 effusione
1325 3871 1629 3944 sanguinis
1643 3890 1757 3928 non
1772 3874 2016 3930 sortitus

364 3953 566 4023 fueris,
582 3955 880 4011 confessor
890 3956 1159 4012 sanctissi
1168 3959 1484 4022 meﬁnem.
1501 3961 1609 4016 Sed
1627 3960 1842 4033 potius,
1862 3963 2014 4030 dico,

365 4042 463 4099 ille
485 4042 748 4113 miretur,
774 4044 929 4117 quod
953 4045 1211 4102 Zebedmi
1244 4044 1381 4102 filiis
1404 4047 1619 4105 dixisse
1668 4067 1785 4106 non
1816 4050 2016 4106 recolit

362 4132 702 4205 Dominum,
765 4134 1004 4190 Calicem
1063 4153 1243 4192 meum
1303 4136 1493 4192 bibatis
1539 4139 1749 4210 (Matth.
1776 4157 1868 4205 xx,
1900 4141 2013 4212 23),

362 4237 496 4278 cum
528 4239 684 4279 unus
712 4239 914 4279 eorum
947 4223 1140 4279 solum
1186 4224 1465 4281 effusione
1520 4243 1623 4297 pro
1681 4227 1914 4285 Christo
1944 4229 2015 4285 de

360 4312 581 4368 mundo
601 4313 902 4369 transierit
922 4313 1259 4387 sanguinis:
1286 4313 1435 4370 alter
1453 4331 1588 4371 vero
1602 4317 1771 4389 (672),
1796 4321 1860 4373 ut
1876 4323 1932 4373 et
1952 4322 2016 4373 tu

363 4399 918 4470 felicissime,multa
935 4419 1038 4475 pro
1057 4403 1175 4459 Deo
1191 4402 1543 4460 sustinuerit
1568 4408 1877 4477 tormenta,
1912 4407 2012 4463 sed

2124 662 2275 719 inter
2296 663 2539 719 eximios
2572 679 2806 734 quoque
2836 678 2953 717 non
2984 659 3208 726 infimo,
3243 663 3376 714 ante
3407 659 3689 723 mortem,
3723 655 3801 711 in

2125 757 2330 817 morte,
2355 757 2485 825 post
2506 756 2755 808 mortem
2779 751 2992 806 invicto
3013 748 3331 821 contigisse
3350 746 3541 802 levrtaa
3564 744 3803 801 Christi

2122 842 2446 910 Vincentio,
2464 841 2756 914 passionis
2777 839 3057 913 ipsius,ut
3076 842 3135 894 et
3147 837 3280 893 aliis
3303 835 3598 911 pluribus,
3620 848 3809 891 mon-

2124 934 2272 985 strat
2301 931 2566 986 assertio.
2590 932 2739 986 317
2770 929 2933 985 Illius
2960 945 3171 1001 nempe
3198 944 3231 982 a
3251 942 3494 1000 corpore
3515 925 3807 981 animam‘

2120 1021 2461 1091 tyrannicus
2493 1037 2610 1075 non
2640 1018 2864 1092 expulit
2912 1034 3135 1085 mucro,
3159 1017 3262 1073 sed
3291 1016 3438 1071 diris
3460 1018 3811 1071 tormento-

2122 1126 2254 1163 rum
2273 1108 2577 1181 suppliciis
2608 1125 2713 1181 pro
2743 1108 2975 1164 Christo
2994 1106 3263 1163 alacriter
3282 1104 3600 1177 superatis,
3622 1119 3694 1160 ac
3709 1104 3813 1159 fe-

2121 1196 2250 1254 licis
2273 1214 2479 1271 pugnae
2503 1213 2706 1270 agone,
2732 1200 2799 1252 ut
2827 1198 2899 1253 de
2920 1213 2985 1253 eo
3008 1198 3277 1252 cantatur
3306 1193 3627 1268 perlepide,
3652 1209 3807 1250 con-

2121 1289 2346 1342 stanter
2367 1286 2611 1359 expleto,
2635 1287 2872 1342 tandem
2892 1285 3208 1359 pretiosam
3225 1282 3519 1340 resolutus
3546 1283 3608 1338 in
3630 1288 3803 1338 mor-

2119 1379 2262 1444 tem,
2293 1374 2436 1431 coelo
2468 1374 2823 1448 trimphans,
2857 1374 3114 1448 Agatbes
3143 1372 3232 1430 uti
3262 1377 3321 1430 et
3366 1373 3563 1439 beata,
3597 1370 3797 1445 spiri-

2118 1470 2245 1522 tum
2279 1464 2548 1520 reddidit.
2584 1466 2753 1521 Tuam
2783 1466 2955 1537 ipsius
2996 1466 3241 1520 enimam
3263 1463 3630 1536 pera-ansibit
3658 1463 3799 1533 gla-

2120 1556 2243 1611 dius
2266 1555 2416 1627 (Luc.
2452 1570 2515 1621 ιι,
2542 1554 2653 1626 35),
2688 1555 2869 1609 beatae
2889 1553 2991 1609 Dei
3017 1552 3253 1610 Simeon
3284 1550 3555 1626 genitrioi
3584 1549 3794 1624 loqui—

2119 1648 2220 1700 tur
2243 1644 2465 1715 justus,
2490 1643 2867 1699 subeundum
2893 1642 3097 1714 utique
3116 1641 3202 1697 illi
3223 1641 3554 1698 vaticinans
3574 1640 3793 1713 procul

2122 1733 2299 1789 dubio
2330 1730 2572 1800 doloris,
2606 1749 2723 1787 non
2754 1731 2962 1789 mortis
2992 1748 3126 1788 vero
3152 1728 3523 1802 martyrium.

2193 1822 2280 1877 l3.
2314 1821 2517 1877 Gaude
2547 1837 2706 1894 ergo,
2731 1825 2976 1893 martyr.
3018 1821 3230 1893 gaude,
3258 1820 3524 1892 inquam,
3559 1818 3786 1885 laetare,

2121 1914 2179 1966 et
2208 1907 2454 1977 exsulta,
2489 1914 2546 1965 et
2575 1927 2678 1981 pro
2712 1914 2931 1980 nostra,
2964 1925 3265 1983 rogamus,
3295 1908 3596 1965 intercede
3623 1907 3789 1980 apud

2116 2000 2302 2055 Deum
2324 2015 2581 2072 semper,
2605 1999 2859 2055 indebite
2892 1997 3044 2066 licet,
3079 1997 3334 2054 miseria.
3370 1995 3790 2053 Mansuetudi-

2117 2106 2252 2145 nem
2275 2104 2531 2159 namque
2554 2088 2806 2143 imitaris
2829 2088 2910 2159 [id
2947 2096 3042 2156 est,
3076 2085 3303 2159 antiqui
3332 2086 3579 2158 Joseph]
3619 2084 3788 2141 illius

2117 2178 2188 2247 (si
2214 2176 2328 2233 rcis
2346 2176 2536 2250 parcis
2552 2177 2806 2249 gratuito
2827 2176 3086 2250 famulis)
3104 2177 3205 2249 qui
3226 2175 3636 2231 venditoribus
3658 2179 3790 2231 tam

2116 2264 2231 2321 leni
2256 2266 2553 2338 quondam
2584 2265 2932 2334 indulserat,
2948 2265 3202 2322 veridico
3215 2268 3410 2321 tamen
3425 2263 3629 2333 aifatu,
3644 2279 3788 2337 ger-

2119 2354 2348 2411 manis:
2381 2371 2722 2427 quanquam
2744 2354 2975 2410 nullum
2999 2353 3085 2410 tui
3116 2353 3311 2409 adhuc
3338 2351 3787 2426 deprehendere

2108 2444 2476 2500 'valuerimus
2499 2444 2685 2499 sancti
2708 2444 2970 2516 corporis
2988 2444 3374 2510 venditorem,
3396 2442 3556 2514 quod
3576 2442 3792 2513 utique

2121 2533 2327 2589 fecisse
2356 2533 2524 2589 JUdiB
2549 2533 2738 2589 fuerat
2765 2532 3082 2605 proditoris
3108 2531 3359 2600 facinus,
3384 2530 3654 2587 scelerati
3684 2529 3795 2585 ali-

2122 2623 2291 2693 cujus
2323 2622 2409 2678 vel
2438 2621 2778 2694 vespillonis
2812 2622 3186 2696 sacrilegium
3227 2620 3443 2677 imitari
3465 2618 3639 2684 (673).
3672 2620 3789 2676 Sed

2121 2714 2198 2779 te,
2222 2711 2366 2783 proh
2392 2710 2583 2767 nefas!
2611 2711 2692 2766 ita
2707 2715 2879 2767 tenus
2899 2711 3277 2783 deploramus
3294 2728 3328 2765 a
3343 2709 3536 2778 nobis,
3557 2715 3789 2778 sancte,

2124 2800 2475 2872 neglectum,
2510 2804 2575 2855 ut
2605 2800 2758 2856 furto
2790 2800 2938 2855 adiri
2984 2798 3315 2856 venerabile
3344 2803 3517 2854 tuum
3548 2815 3792 2871 quoque

2126 2891 2299 2945 modo
2324 2889 2604 2945 valuisset
2619 2889 2975 2961 sepulcrum,
2998 2889 3154 2963 quod
3171 2888 3648 2961 facinusquoque
3667 2904 3792 2943 non

2126 2978 2462 3034 inficiamur
2492 2978 2673 3034 fuisse
2696 2978 3036 3034 nefandum.
3062 2976 3203 3044 Quis
3220 2977 3379 3034 enim
3399 2975 3580 3033 talem
3607 2976 3792 3049 negli-

2126 3071 2305 3140 geret,
2341 3066 2452 3121 nisi
2474 3068 2736 3133 demens,
2757 3071 3091 3139 patronum,
3114 3065 3347 3123 etiamsi
3370 3082 3506 3121 cum
3533 3081 3602 3122 eo
3624 3065 3793 3123 milia

2127 3174 2438 3228 corporum
2486 3155 2780 3212 vicinitate
2837 3156 3123 3229 potiretur
3164 3155 3555 3212 sanctorum?
3596 3155 3793 3211 Devo-

2126 3245 2271 3301 tiore
2300 3262 2434 3319 ergo
2456 3250 2511 3301 te
2551 3245 2869 3302 recolentes
2890 3247 3121 3315 affectu,
3145 3243 3570 3319 benignissime
3592 3244 3789 3315 Pater,

2126 3335 2426 3392 absentem
2438 3380 2451 3405 ,
2468 3351 2646 3409 quam
2659 3334 2798 3391 olim
2813 3335 3239 3393 excoluerimus
3253 3338 3601 3408 prasentem
3616 3334 3794 3407 dege—

2128 3442 2315 3489 neres,
2341 3425 2479 3497 quia
2496 3442 2647 3497 saepe
2668 3425 2750 3480 ita
2766 3424 3459 3499 contingit,consideraus
3479 3422 3787 3487 ﬁlios,imo

2124 3514 2522 3586 nequissimos
2545 3531 2763 3580 servos,
2789 3515 2976 3571 vicem
3000 3514 3170 3571 nobis
3196 3514 3463 3570 eamdem
3486 3511 3788 3569 malorum

2126 3601 2265 3668 noli,
2294 3606 2349 3657 te
2380 3619 2708 3675 precamur,
2746 3604 3080 3676 rependere,
3114 3620 3230 3659 non
3253 3603 3532 3659 deserens
3560 3600 3789 3658 scilicet

2123 3691 2392 3756 tuitione,
2407 3692 2735 3747 deserueris
2751 3691 3023 3763 quamvis
3038 3690 3485 3763 indignissimos
3497 3690 3783 3756 abitione,

2126 3781 2227 3835 sed
2260 3780 2755 3853 praesentissimus
2788 3782 2958 3837 nobis
2980 3781 3040 3836 in
3075 3784 3176 3836 tuo
3206 3779 3394 3853 capite
3414 3778 3668 3848 Christo,
3695 3796 3786 3835 re-

2125 3868 2436 3926 conciliare
2456 3870 2574 3925 tuis
2597 3885 2731 3925 eum
2754 3870 2980 3927 meritis
3002 3868 3172 3926 nobis
3193 3886 3309 3925 non
3334 3868 3528 3925 solum
3551 3869 3625 3925 de
3645 3868 3784 3935 isto,

2125 3958 2226 4013 sed
2258 3963 2314 4013 et
2339 3959 2651 4031 omnigeno
2682 3958 2989 4030 culparum
3016 3975 3132 4014 non
3163 3959 3424 4025 desinas,
3448 3973 3787 4030 precamur,

2125 4051 2285 4101 reatu
2296 4046 2633 4119 (674).Conti
2640 4047 2790 4121 gerit
2803 4048 2914 4103 hoc
2938 4046 3040 4103 tibi
3054 4064 3194 4103 sane
3208 4047 3594 4119 nostra(quod
3617 4045 3791 4102 nobis

2124 4152 2241 4192 non
2255 4137 2523 4193 convenit
2540 4137 2803 4206 difﬁteri)
2815 4136 2989 4209 culpa
3002 4141 3181 4208 atque
3202 4135 3489 4209 neglecto;
3508 4135 3612 4193 sed
3626 4135 3788 4192 illius

2125 4242 2241 4280 non
2272 4242 2593 4298 possumus
2645 4242 2878 4297 negare,
2939 4225 3041 4297 qui
3083 4230 3314 4280 terrena
3362 4240 3500 4280 cum
3533 4222 3787 4280 coalesti-

2124 4314 2237 4370 bus
2270 4314 2628 4380 moderatur,
2680 4315 2901 4369 factum
2930 4313 3231 4370 voluntate
3264 4316 3442 4385 atque
3471 4312 3783 4386 disposito.

2123 4405 2294 4477 cujus
2324 4402 2680 4461 ordinationi
2714 4402 2937 4459 nullius
2989 4402 3275 4460 resultare
3304 4401 3491 4459 valuit
3515 4418 3784 4476 unquam

430 4684 578 4760 ((569)
607 4685 928 4760 Construe:
964 4687 1066 4743 Sed
1094 4689 1193 4759 qui
1220 4690 1498 4745 imitantes
1520 4698 1587 4758 te,
1607 4694 1821 4750 ruituri
1836 4701 2011 4752 tecum
2030 4685 2091 4750 Β
2120 4705 2145 4743 C

2192 4688 2322 4753 bus,
2350 4702 2465 4740 non
2487 4702 2621 4741 vero
2644 4687 2702 4741 S.
2724 4687 3003 4760 Joannes)
3027 4687 3313 4743 transierit
3330 4686 3396 4741 de
3415 4687 3624 4744 mundo
3642 4690 3780 4760 eﬁ‘u-

358 4756 420 4810 in
436 4756 773 4830 _barathrum
803 4759 1035 4828 inferni,
1055 4756 1358 4829 forinsecus
1376 4756 1923 4830 stellae,intrinsecus
1942 4776 2013 4823 te-

355 4827 545 4884 nebrae
591 4830 675 4955 (ut
705 4832 785 4887 ita
815 4830 1029 4954 loquar)
1056 4827 1167 4885 non
1213 4832 1406 4886 timent
1436 4827 1834 4904 transfigurare
1863 4855 1920 4893 se
1950 4842 2013 4894 in

357 4900 576 4955 anaelos
618 4903 736 4955 uois
756 4916 851 4955 per
909 4902 1455 4955 unocrisim.Etcnim
1475 4905 1657 4955 videre
1693 4923 1804 4955 mm
1836 4911 1988 4955 mlm

357 4846 545 4884 nem-az
591 4846 675 4955 qui
705 4846 785 4887 ua
815 4846 1029 4954 loquar)
1058 4846 1167 4885 non
1213 4846 1406 4886 timent
1436 4846 1834 4904 transﬁgurare
1863 4855 1920 4893 se
1950 4846 2007 4894 in

357 4900 584 4977 angelos_
618 4903 736 4977 uois
753 4916 852 4977 per
907 4902 1223 4977 ypocrisim:
1240 4903 1455 4977 Etenim
1475 4905 1657 4960 videre
1693 4923 1804 4962 non
1836 4911 2007 4977 valeo,

643 4971 913 5053 fulgentes
942 4971 1004 5027 ut
1028 4971 1284 5053 splendor
1311 4976 1665 5053 ﬁrmamenti,
1700 4982 1799 5047 qui
1827 4971 2012 5053 utique

357 5047 486 5113 sunt
514 5042 626 5106 illi,
657 5045 756 5113 qui
775 5058 875 5113 pro
902 5058 1058 5113 posse
1084 5051 1354 5097 conantur
1390 5045 1601 5099 imitari
1646 5042 2010 5108 Constantiam

357 5109 587 5192 illorum
601 5109 965 5192 (angelorum
983 5115 1343 5192 sanctoru‘m)
1368 5117 1466 5185 qui
1485 5122 1717 5192 assecuti
1738 5131 1864 5177 sunt
1882 5140 2010 5192 gra-

358 5182 495 5263 tiam
520 5182 990 5263 immutabilitatis
1020 5190 1069 5236 te
1102 5182 1485 5263 ruentekmon
1537 5188 1709 5263 valeo,
1755 5182 2003 5263 inquam,

354 5250 555 5318 videre,
583 5252 846 5322 quomodo
877 5254 938 5306 hi
962 5254 1172 5323 possint
1220 5255 1424 5309 involvi
1454 5250 2005 5322 tenebrisazternali-1

357 5324 473 5387 bus,
510 5338 742 5394 quorum
769 5339 1008 5394 namque
1034 5325 1281 5387 nomine,
1317 5329 1423 5379 etc.

427 5392 573 5471 (670)
602 5392 836 5471 Sublego
868 5392 972 5471 pro
1003 5394 1266 5471 subripio
1298 5394 1393 5471 hic
1438 5399 1744 5471 accipitur,
1799 5407 1881 5461 uti
1941 5413 1999 5464 et

352 5465 508 5536 apud
541 5464 818 5536 probatos
851 5464 1451 5536 scriptores’invenire
1483 5464 1634 5525 licet.

421 5536 569 5605 (671)
602 5536 924 5592 Construe:
961 5537 1141 5603 Quare
1184 5543 1244 5591 tu
1289 5553 1397 5592 non
1444 5540 1623 5597 studes
1669 5548 1897 5603 actitare
1937 5549 2003 5604 de

344 5608 642 5691 sceleribus
664 5609 973 5691 innumeris
992 5623 1175 5691 neque.
1187 5608 1479 5691 dissirqil
1499 5612 1887 5691 damnatiouis(
1895 5638 1996 5676 seu

344 5677 609 5752 malitia)
634 5684 699 5752 ut
711 5696 844 5736 sane
861 5677 1133 5752 praedicas
1154 5678 1316 5733 illum
1335 5682 1527 5749 fecisse
1540 5684 1604 5739 de
1618 5688 1821 5745 scelere
1848 5677 1957 5747 uno
1973 5697 1999 5747 .9

411 5749 560 5820 (672)
590 5750 652 5806 Id
685 5755 792 5817 est,
824 5749 945 5807 cum
968 5766 1112 5805 unus
1141 5766 1328 5806 eorum
1365 5754 1544 5809 solum
1573 5756 1653 5825 (id
1685 5766 1773 5816 cst
1803 5762 1859 5819 S.
1893 5762 1988 5819 Ja-

2123 4762 2277 4815 sione
2314 4759 2607 4826 sanguinis
2634 4775 2734 4829 pro
2758 4759 2991 4827 Christo,
3023 4761 3163 4815 alter
3190 4775 3333 4825 vero,
3357 4763 3469 4814 etc.

2197 4829 2345 4900 (673)
2376 4830 2643 4903 Congrue
2666 4847 2681 4903 _:
2716 4830 2874 4902 Quod
2918 4833 3110 4902 fecisse
3140 4832 3331 4903 utique
3347 4832 3536 4903 fuerat
3564 4832 3783 4903 imitari

2119 4904 2337 4974 facinus
2365 4900 2525 4974 Judaei
2543 4900 2857 4974 proditoris,
2890 4900 2973 4974 uel
3010 4900 3366 4974 sacrilegium
3393 4902 3639 4974 alicujus
3669 4918 3778 4958 see.

2122 4971 2287 5029 lerati
2315 4973 2651 5042 vespillonis.
2672 4973 2752 5028 Ex
2774 4972 2867 5028 his
2889 4973 3178 5030 incertum
3198 4971 3378 5028 fuisse
3401 4971 3611 5043 liquet,
3636 4990 3776 5030 num

2118 5046 2177 5100 S.
2194 5043 2484 5171 tl’iieti;onis
2499 5060 2713 5116 corpus
2729 5044 3034 5101 venditum
3052 5044 3238 5117 pretio
3261 5044 3457 5113 fuerit,
3476 5060 3559 5099 an
3570 5044 3774 5101 furtim

2118 5134 2186 5171 su
2236 5132 2335 5171 reo
2367 5131 2490 5169 um.

2118 5119 2490 5172 subreptum.

2188 5133 2693 5259 (lfigeéguCrgnstrue:
2722 5188 2881 5256 Ergo,
2908 5188 3300 5259 benignissime
3355 5187 3545 5259 Pater,
3604 5188 3774 5245 consi-

2114 5258 2313 5314 derans
2341 5258 2503 5331 ﬁlios,
2536 5274 2645 5331 imo
2673 5258 3048 5331 nequissimos
3061 5276 3239 5316 servos
3275 5258 3570 5331 recolentes
3598 5267 3650 5316 te
3677 5259 3769 5315 ab-

2111 5340 2317 5402 sentem
2345 5329 2542 5399 a/I‘ectu
2571 5328 2861 5398 devotiore,
2894 5347 3059 5402 quam
3106 5332 3240 5388 olim
3289 5329 3580 5400 degeneres
3609 5346 3769 5388 exco-

2112 5401 2377 5455 luerimus
2395 5406 2739 5474 praesentem,
2772 5401 2914 5473 quia”
2934 5417 3077 5474 swpe
3108 5405 3189 5459 ita
3216 5403 3525 5474 contingit;
3550 5404 3689 5474 noli,
3720 5405 3769 5455 te

2103 5487 2420 5541 precamur,
2453 5472 2746 5542 rependere
2784 5472 2945 5529 nobis
2972 5472 3144 5529 vicem
3185 5472 3442 5529 eamdem
3472 5472 3764 5535 malorum,

2106 5559 2215 5597 non
2245 5544 2493 5598 deserens
2538 5544 2763 5616 scilicet,
2799 5549 2908 5601 etc.
2951 5546 3090 5601 Erat
3120 5545 3178 5599 in
3210 5543 3551 5616 apographo
3581 5545 3763 5610 oblite,

2101 5631 2415 5685 precamur,
2450 5614 2677 5688 repende
2699 5633 2802 5686 pro
2834 5617 2973 5683 noli,
3010 5621 3061 5672 te
3083 5614 3395 5688 precamur,
3429 5614 3762 5686 rependere:

2105 5703 2283 5815 quéim
2299 5686 2788 5767 emendationem
2809 5688 3011 5745 sensui
3034 5686 3426 5745 necessariam
3455 5688 3518 5743 in
3541 5692 3761 5746 textum

2110 5774 2170 5813 1n
2217 5773 2471 5813 ummus.

2110 5773 2471 5813 Indummus.
