3896 6404
212 432 333 499 473

1111 432 1537 506 INVEC’I‘IVA
1578 439 1684 506 DE
1727 436 2163 506 TBANSLAT.
2211 443 2280 506 S.
2322 436 2753 507 METRONIS.

3518 436 3643 503 4⁸74

210 568 527 629 nitentium
551 569 877 631 describere
894 572 1225 649 gestiebant
1245 592 1874 649 conversorum,quam
1905 578 1960 644 Α
1989 574 2224 649 aliquis,
2257 575 2357 649 qui
2382 575 2728 649 praevideret
2754 573 2972 643 locum,
3004 574 3126 631 tam
3153 568 3477 647 pretiosum
3509 588 3643 631 con-

215 658 565 733 eloquentias
593 667 899 721 venustate
951 671 1161 721 cuncto
1191 665 1403 723 saeculo
1456 666 1755 739 praedicati
1805 665 1875 721 li-

212 746 508 807 beralium
539 751 754 808 artium
786 753 872 809 illi
897 753 985 810 vel
1016 755 1369 825 inventores,
1401 756 1489 811 vel
1529 760 1875 829 propagato-

212 854 331 907 res,
366 857 516 912 quos
545 842 800 899 mendax
831 842 1076 916 protulit
1123 844 1499 917 potissimum
1551 845 1788 913 Graecia,
1821 848 1878 901 et

212 928 446 1000 poetica
472 930 793 1003 garrulitas
817 948 1052 1005 semper
1080 934 1152 989 de
1182 932 1436 989 falsitate
1485 934 1728 990 inﬂabat
1777 951 1877 990 or—

210 1029 378 1094 nata,
411 1043 551 1083 suos
602 1026 881 1085 laudibus
912 1028 1187 1086 extollere
1217 1047 1332 1087 non
1366 1031 1614 1087 cessavit
1642 1027 1871 1088 heroas.

212 1115 385 1171 Nunc
416 1132 573 1184 vero,
599 1117 747 1190 proh
773 1118 993 1189 pudor!
1023 1118 1242 1175 nostris
1265 1118 1486 1192 utique,
1516 1136 1875 1193 avorumque

213 1205 585 1276 temporibus
618 1206 707 1278 (ut
736 1207 1027 1278 conjicere
1058 1224 1339 1281 cogamur
1369 1226 1484 1265 non
1517 1209 1689 1283 longe
1717 1211 1875 1268 822

212 1289 382 1349 illius
435 1294 642 1351 abesse
698 1295 1012 1351 adventum
1045 1297 1117 1352 de
1174 1313 1289 1369 quo
1321 1302 1410 1353 est
1437 1298 1873 1371 prophetatum,

215 1395 339 1452 qua
373 1384 575 1454 [aciem
603 1385 721 1456 ejus
745 1384 1011 1455 prwcedct
1051 1390 1257 1454 egestas
1302 1387 1419 1457 (Job
1460 1405 1571 1456 xu,
1595 1389 1680 1461 13)
1712 1393 1878 1444 tanta

214 1470 419 1527 orbem
441 1471 641 1545 inopia
660 1473 808 1545 (687)
830 1474 1045 1529 invasit
1064 1473 1442 1547 scriptorum,
1467 1479 1532 1531 ut
1553 1475 1601 1531 si
1643 1493 1758 1549 qua
1787 1476 1877 1531 vel

214 1568 458 1637 nostris,
490 1567 580 1625 vel
612 1568 873 1638 illorum,
897 1587 1045 1643 quos
1077 1571 1314 1644 protuli,
1347 1573 1733 1644 temporibus,
1773 1574 1879 1629 ali-

214 1673 337 1729 qua
366 1658 718 1713 meritorum
750 1658 1040 1715 effulserit
1076 1661 1477 1732 praerogativa,
1530 1661 1718 1733 magis
1769 1661 1880 1717 hoc

210 1744 454 1818 vulgus,
477 1762 658 1819 quam
681 1746 931 1817 quilibet
958 1746 1772 1804 extuleritlitteratus.Dicant
1798 1766 1884 1805 er-

210 1848 316 1906 go,
344 1833 568 1906 ﬂagito,
602 1833 675 1888 ad
702 1850 852 1905 quos
874 1851 1022 1890 usus
1045 1835 1116 1889 ab
1146 1835 1429 1908 {Egyptiis
1452 1834 1554 1891 illa
1581 1842 1882 1894 mutuave-

1985 666 2265 722 tinentem
2299 665 2663 722 thesaurum.

2141 756 2255 805 Heu
2285 754 2460 804 dolor!
2497 754 2743 805 orbicolte
2775 752 3041 816 Ingentes,
3072 753 3310 816 obsecro,
3343 753 3479 803 ﬂete.

2059 843 2201 910 Quis
2231 843 2389 899 enim
2415 847 2473 899 te
2504 844 2649 899 satis
2680 858 2937 914 carpere,
2978 841 3098 897 imo
3127 841 3428 914 deplorare
3457 840 3638 913 (quod

1984 936 2075 988 est
2102 933 2309 999 tutius,
2344 937 2401 988 et
2448 931 2879 1001 rationabilius)
2930 930 3144 987 misera
3187 936 3379 1003 potest
3425 930 3640 987 Italia?

1984 1020 2353 1093 Principibus
2372 1019 2785 1093 indignissime
2816 1018 3075 1075 abuteris
3098 1018 3514 1092 apostolorum,
3547 1036 3642 1076 su-

1985 1126 2090 1183 per
2117 1115 2403 1181 martyres
2433 1109 2718 1182 graderis,
2750 1107 3113 1163 confessores
3162 1107 3380 1180 plantis
3425 1108 3637 1176 calcas,

1982 1198 2276 1272 virginum
2308 1198 2637 1255 veneranda
2664 1197 2916 1270 pedibus
2953 1197 3108 1253 323
3138 1196 3639 1254 immundissimis

1983 1288 2125 1345 teris
2145 1286 2435 1358 sepulcra,
2459 1292 2516 1344 et
2535 1303 2747 1343 canum
2771 1302 2932 1342 more
2954 1285 3155 1342 fenum
3171 1285 3304 1342 aliis
3323 1287 3640 1358 prohiben-

1982 1376 2155 1443 tium,
2187 1376 2402 1433 latratu
2437 1376 2772 1450 praainvido,
2807 1392 2958 1447 quos
2988 1375 3248 1431 venerari
3279 1376 3641 1432 detrectave-

1986 1482 2082 1522 ras
2129 1470 2467 1537 praesentes,
2528 1464 2857 1521 maledictis
2907 1463 3276 1535 persequeris
3334 1464 3641 1535 abeuntes,

1986 1554 2129 1620 imo,
2163 1555 2319 1626 quod
2349 1553 2635 1621 veracius,
2662 1558 2720 1608 te
2752 1552 3064 1624 fugientes,
3089 1550 3236 1608 alios
3253 1552 3640 1624 requirentes.

1988 1643 2194 1698 Nonne
2215 1641 2625 1698 infelicissima
2638 1640 2726 1696 vel
2743 1640 3110 1713 congaudere
3131 1640 3416 1696 debueras
3440 1658 3644 1700 eorum

1992 1730 2075 1802 [id
2103 1738 2181 1786 est
2209 1730 2594 1801 sanctorum],
2630 1728 2733 1800 qui
2762 1728 2868 1784 tibi
2898 1744 3017 1799 prae
3056 1728 3434 1786 multitudine
3461 1729 3645 1787 vilue-

1992 1822 2151 1886 runt,
2185 1818 2417 1884 honori,
2460 1834 2565 1873 nec
2594 1816 2853 1873 invidere
2881 1833 3107 1886 eorum,
3142 1816 3244 1890 qui
3287 1834 3421 1873 cum
3452 1817 3646 1875 nullos

209 1931 344 1987 rint
372 1947 535 1999 vasa,
569 1947 698 2004 qua:
745 1932 1052 2004 possident
1089 1906 1271 1989 aurea
1296 1906 1384 1989 vel
1416 1938 1712 2006 argentea,
1744 1936 1792 1991 si
1824 1935 1883 1991 in
1914 1949 1962 2015 Β
1992 1907 2298 2015 litigarem:
2320 2013 2333 2015 _
2352 1906 3006 2015 ἦῙἮῨΫΠῘΗῙῩῗῙΨΫΡΔῙΠΔ
3021 1906 3579 2015 ξξξίξίξίξξθηξ(δεῗξ)ν
3608 1926 3650 2008 ξι

208 2018 604 2076 tabernaculo
631 2020 722 2076 vel
779 2020 1000 2093 templo
1049 2020 1270 2095 aliquid
1319 2022 1456 2079 inde
1493 2028 1737 2080 ornatus
1767 2040 1884 2084 DCI

210 2105 501 2164 exhibent
543 2107 800 2162 Domini.
855 2108 1032 2165 Orma
1089 2109 1207 2166 illis
1254 2127 1471 2179 vereor,
1508 2110 1685 2168 Orma
1714 2114 1879 2185 (688),

208 2196 489 2268 inquam,
540 2195 661 2252 illis
703 2214 807 2269 pro
856 2197 1055 2253 futura
1082 2199 1210 2253 auri
1242 2199 1443 2271 regula
1474 2202 1601 2272 (los.
1634 2218 1732 2269 vn,
1766 2203 1879 2274 21),

209 2301 324 2341 nec
376 2284 564 2356 Moysi
622 2285 1044 2342 demonstrata.
1106 2289 1241 2342 Erat
1278 2289 1541 2343 Dominus
1595 2291 1749 2345 Iesus
1777 2292 1878 2363 eji-

211 2377 366 2431 oiens
394 2373 753 2442 daemonium,
787 2383 839 2429 et
869 2375 1014 2429 illud
1063 2384 1181 2431 erat
1208 2380 1423 2431 mutum
1446 2396 1469 2442 ;
1494 2386 1547 2434 et
1600 2395 1727 2434 cum
1777 2382 1881 2452 eje-

208 2466 375 2520 cisset
404 2463 764 2532 dwmorzium,
829 2464 1038 2519 locutus
1085 2472 1166 2522 est
1211 2474 1395 2521 mutus
1425 2467 1576 2539 (Luc.
1633 2485 1711 2540 x1,
1765 2469 1875 2541 14).

209 2552 391 2608 Iteret
421 2551 529 2607 hoc
561 2545 737 2620 Deus,
768 2568 1098 2625 precemur,
1149 2553 1522 2622 miraculum,
1556 2559 1614 2611 et
1642 2556 1878 2614 laudem

210 2640 452 2697 Domini
482 2639 762 2713 loquatur
790 2658 856 2697 os
887 2646 1158 2697 nostrum
1201 2643 1371 2714 (Psal.
1406 2661 1586 2712 cxuv,
1617 2647 1732 2715 21).

289 2756 342 2811 3.
613 2757 740 2829 jam
773 2756 957 2830 igitur
981 2758 1114 2828 jure
1148 2775 1524 2816 succenseam
1560 2761 1744 2817 nostri
1776 2780 1881 2835 pa-

210 2849 603 2919 truorumque
616 2845 899 2918 temporis
913 2846 1283 2903 scholasticis
1307 2849 1482 2904 etiam
1498 2866 1654 2906 nunc
1673 2856 1880 2908 mmsto

211 2936 560 3009 depromam
592 2933 775 2990 relatu
808 2934 980 3007 (689).
1012 2935 1338 3009 Contigisse
1381 2937 1641 3011 primum
1696 2939 1882 2996 fateor

209 3041 424 3098 nuper,
456 3024 567 3080 hoc
614 3028 704 3080 est
752 3027 1034 3095 tempore,
1071 3042 1184 3098 quo
1231 3032 1439 3083 cuncto
1486 3028 1879 3100 praedicabilis

209 3113 432 3171 saeculo
454 3112 941 3187 gloriosissimus,
967 3113 1548 3189 mquissimus,atque
1571 3117 1878 3190 piissimus

209 3205 347 3261 Otto
377 3202 700 3275 imperator
717 3203 1019 3274 Augustus
1044 3203 1271 3260 Italiam
1295 3204 1539 3262 feliciter
1562 3205 1878 3264 intraverat

1995 1995 2243 2053 Domino
2275 1996 2537 2068 accipere
2580 1999 2942 2061 meruerunt,
2974 1994 3282 2065 desiderio,
3331 1996 3645 2067 devotioni,

1993 2082 2369 2156 atque......?
2411 2082 2597 2147 Quare
2622 2082 2683 2137 in
2732 2082 2845 2139 isto
2874 2080 3083 2138 saltem
3115 2081 3273 2140 illius
3305 2100 3421 2140 non
3453 2101 3645 2142 recor-

1990 2172 2116 2228 dari
2169 2173 2339 2243 juvat
2393 2170 2735 2244 apostolici:
2801 2172 2910 2240 Qui
2962 2170 3219 2228 habuerit
3274 2174 3646 2231 substantiam

1987 2260 2203 2329 mundi,
2234 2268 2287 2317 et
2335 2260 2534 2316 viderit
2578 2261 2812 2331 fratrem
2860 2277 3025 2316 suum
3080 2277 3291 2318 necesse
3345 2263 3563 2332 habere,
3593 2271 3645 2321 et

1987 2350 2249 2405 clauserit
2290 2350 2498 2405 viscera
2524 2365 2626 2405 sua
2677 2349 2746 2404 ab
2798 2365 2879 2416 eo,
2932 2350 3196 2421 quo-modo
3249 2352 3490 2408 Charitas
3544 2354 3646 2409 Dei

1985 2443 2171 2495 manet
2199 2441 2258 2494 in
2287 2455 2348 2496 eo
2367 2442 2393 2492 ?
2431 2439 2479 2510 (Ι
2499 2441 2655 2494 Joan.
2691 2455 2775 2499 In.
2810 2437 2926 2510 17.)
2959 2438 3055 2492 Et:
3090 2440 3296 2510 Diliges
3322 2443 3644 2511 proximum

1988 2537 2148 2584 tuum
2183 2530 2326 2584 sicut
2363 2529 2595 2599 teipsum
2624 2527 2836 2596 (Matth.
2862 2544 2980 2597 xxx,
3006 2528 3114 2598 19).
3159 2527 3279 2582 Cur
3319 2528 3483 2585 doles
3512 2545 3645 2600 per-

1989 2617 2202 2683 ditum,
2225 2617 2380 2688 quod
2411 2632 2544 2670 cum
2578 2614 2845 2681 haberes,
2863 2630 2980 2670 non
3003 2615 3146 2670 adeo
3164 2614 3451 2687 diligebas
3472 2615 3500 2671 ?
3529 2617 3644 2674 Sed

1988 2722 2189 2762 revera
2207 2721 2325 2761 non
2348 2704 2533 2771 doles,
2557 2704 2658 2760 sed
2683 2702 2876 2760 dolerc
2906 2707 2963 2759 te
2994 2704 3065 2759 ad
3096 2704 3490 2776 quorumdam
3511 2722 3646 2780 sug-

1988 2794 2353 2867 gillationem
2383 2792 2567 2865 impia
2594 2793 2791 2865 ﬁngis.
2825 2792 2971 2848 Nam
3002 2792 3364 2849 siveraciter
3392 2795 3645 2853 amissos

1989 2884 2239 2949 doleres,
2274 2882 2504 2939 relictos
2530 2882 2822 2938 devotiore
2851 2881 3011 2938 cultu
3043 2882 3355 2940 excoleres.

2061 2975 2113 3029 4.
2149 2973 2291 3029 Vere
2321 2977 2541 3037 tamen,
2574 2988 2913 3044 quanquam
2949 2971 3230 3028 invidiose
3250 2972 3353 3029 tibi
3373 2973 3643 3046 praelatos

1986 3063 2182 3120 valeas
2209 3061 2601 3134 obloquendo,
2636 3064 2700 3116 ut
2720 3059 2971 3128 conaris,
2994 3062 3437 3134 reprehendere,
3467 3068 3526 3120 te
3552 3068 3642 3120 ta-

1987 3169 2122 3209 men
2155 3151 2426 3208 meliores
2455 3150 2673 3207 suadeo
2701 3149 2922 3223 cogites
2953 3150 3194 3207 minime
3216 3150 3523 3208 meruisse.
3544 3151 3642 3208 Di-

1988 3246 2147 3298 ctum
2202 3241 2360 3297 enim
2421 3241 2491 3295 de
2522 3240 2637 3296 Deo
2667 3238 2884 3313 legitur
2930 3239 3326 3308 veracissime,
3377 3241 3531 3313 quod
3564 3256 3645 3297 re-

207 3291 714 3407 ξτῗυῗὲδῗῖῗῖῗῗ
731 3291 1055 3407 Χῖῗὶπῗῗῗ
1077 3292 1874 3407 ξῗὲἷδῗΞὙΪῖῗῗῗὶῗῗὲῖῗἮζ
1907 3318 1950 3386 C
1987 3291 2167 3407 ξιῖιέἓὲι
2182 3291 2364 3403 [die
2395 3291 2990 3401 ιιῖιῷοὲιῖὲιιῖνὶῗῷὧῷιὲὲ
3002 3291 3641 3400 eaeeae-ia.

210 3398 443 3457 panon
494 3379 688 3437 solum
738 3379 921 3449 illius,
956 3380 1056 3452 qui
1088 3386 1229 3438 tunc
1277 3383 1420 3439 inibi
1461 3382 1877 3458 indignissime

205 3472 479 3546 praeerat,
512 3469 613 3526 sed
644 3473 703 3525 et
744 3486 1051 3543 sexageno,
1102 3471 1202 3544 qui
1242 3488 1378 3528 eum
1429 3479 1872 3546 praecesserant,

209 3584 511 3628 annorum
537 3565 852 3636 curriculo,
886 3568 1194 3624 damnum.
1219 3568 1541 3641 Cujusdam
1562 3572 1718 3628 enim
1741 3573 1879 3644 (hae-

209 3676 315 3716 reo
347 3656 707 3717 confessoris
729 3657 941 3724 dicam,
961 3675 1035 3713 an
1058 3659 1357 3731 martyris)
1388 3660 1667 3717 Metronis
1688 3661 1877 3727 sancti

207 3763 433 3821 corpus
453 3762 523 3801 ex
553 3745 837 3802 suburbio
863 3746 1112 3802 civitatis
1142 3748 1432 3819 ejusdem,
1456 3749 1611 3820 quod
1634 3749 1879 3805 basilica

208 3837 372 3894 beati
401 3834 680 3909 martyris
728 3834 1065 3890 continebat
1090 3834 1321 3904 Vitalis,
1369 3837 1524 3892 furto
1569 3836 1873 3909 laudabili,

210 3933 538 3992 amissione
550 3932 871 3990 damnabili
894 3932 1084 3989 fuerat
1095 3934 1673 4006 asportatum.Cujus
1687 3936 1875 3992 sancti

211 4021 567 4081 memoriam
598 4038 704 4094 pro
726 4021 1033 4093 signorum
1065 4020 1586 4078 innumerabilium
1610 4024 1875 4095 ejusdem

208 4112 369 4171 beati
402 4115 637 4184 patratu
670 4110 813 4166 inibi
845 4110 1259 4180 exhibitorum,
1297 4128 1431 4169 cum
1454 4112 1711 4187 vulgaris
1742 4115 1874 4171 reli-

211 4204 379 4277 gioso
410 4216 611 4258 amore
636 4200 1033 4272 frequentaret
1075 4204 1327 4269 caterva,
1361 4200 1502 4258 solis
1528 4203 1877 4261 miserrimis

212 4300 529 4375 episcopis,
554 4302 611 4354 et
641 4297 743 4370 qui
762 4297 1081 4354 vanissimo
1103 4296 1300 4355 labore
1322 4300 1554 4372 siliquis
1573 4300 1876 4358 incumbe-

211 4392 359 4448 bant
388 4404 701 4462 porcorum
733 4388 996 4454 edendis,
1052 4404 1231 4460 quam
1262 4387 1379 4445 illis
1410 4388 1646 4445 triticea:
1679 4389 1877 4447 dulce-

210 4479 372 4538 dinis
392 4476 670 4551 panibus,
690 4475 906 4549 quibus
920 4477 1416 4533 mercenariorum
1436 4470 1878 4535 multitudinem

212 4567 520 4626 abundare
550 4560 835 4639 prodigus
874 4565 946 4621 ad
978 4570 1204 4639 patrem
1236 4567 1555 4635 rediturus,
1588 4585 1651 4625 se
1678 4571 1877 4625 autem

210 4666 372 4722 fame
393 4662 604 4755 perire,
628 4662 1171 4755 deplorabat‘filius,
1205 4662 1463 4755 italocus
1486 4666 1698 4755 isdem,
1732 4664 1878 4738 proh
1912 4689 1959 4755 Ι)

210 4752 437 4826 nefas!)
457 4752 730 4824 viluerat,
766 4755 831 4807 ut
861 4751 1149 4809 militibus
1180 4753 1370 4811 reditu
1395 4756 1542 4827 (690)
1566 4754 1756 4812 eidem
1787 4772 1878 4812 ec-

96 4832 141 4923 l/
211 4842 405 4902 clesiaa
430 4841 784 4915 competenti
831 4841 1068 4912 donato,
1110 4844 1413 4916 presbyter
1442 4861 1549 4900 nec
1579 4843 1697 4900 illic
1728 4850 1884 4902 esset

214 4985 504 5070 antiquis,
520 5002 649 5070 qua;
670 4983 949 5068 leguntur
968 4985 1026 5070 iu
1048 5000 1176 5070 ms.‘
1194 4986 1282 5041 33.
1319 4986 1569 5070 Capituli
1586 4987 1881 5070 Veronen-

214 5060 298 5143 sis
328 5055 466 5131 post
491 5055 981 5139 sanctaeo’virgines
1010 5055 1260 5112 habetur
1287 5055 1493 5115 sancta?
1521 5062 1882 5127 continentes,

214 5131 399 5210 1d__est
429 5128 1058 5210 sanctaa_v1_duze..l’ost
1079 5128 1368 5210 nonnulla
1395 5131 1657 5188 extollere
1678 5149 1781 5204 pro
1804 5140 1884 5188 at-

215 5203 409 5260 tollere
442 5217 515 5257 ex
543 5199 783 5256 laudato
808 5199 1005 5255 codice
1027 5198 1342 5256 edidimus.

311 5273 443 5343 687)
476 5270 961 5344 PiriAmaiRatherii
986 5287 1162 5326 manu
1192 5272 1479 5344 scriptum
1508 5278 1632 5329 erat
1654 5283 1879 5344 egestas.

311 5341 445 5412 688)
474 5341 634 5409 Vul.,
668 5343 825 5399 Orma
854 5343 973 5397 illis
1006 5359 1193 5398 vereor
1223 5341 1416 5400 Onam.
1445 5345 1636 5400 Codex
1667 5341 1878 5402 habet:

216 5414 372 5475 om
401 5416 522 5487 illis
549 5429 738 5472 vereor
774 5430 988 5487 omam.
1038 5414 1247 5487 Melius
1301 5416 1587 5487 scriptum
1647 5416 1883 5473 fecisset

214 5492 444 5555 Hor-ma,
470 5486 529 5559 id
561 5490 652 5542 est
671 5486 987 5552 anathema,
1009 5486 1290 5559 vocabulo
1313 5486 1549 5559 sumpto
1573 5505 1642 5543 ex
1663 5489 1881 5544 Nume-

213 5576 423 5619 rorum
444 5558 599 5615 libro
622 5573 749 5630 cap.
777 5574 940 5625 xxm,
970 5572 1122 5630 vers.
1151 5562 1201 5610 3.
1226 5558 1370 5630 Cum
1399 5558 1570 5630 p0r_ro
1594 5558 1884 5616 indicetur

210 5634 443 5690 furtum
478 5627 943 5701 regulis—aureae,
976 5629 1048 5683 de
1080 5645 1196 5701 quo
1225 5628 1282 5684 in
1312 5627 1460 5684 libro
1489 5628 1667 5685 Josuc
1696 5647 1747 5686 c.
1781 5649 1879 5698 vn,

210 5698 573 5777 hisprimis
607 5699 766 5777 curis
797 5698 1115 5777 Ratherius
1149 5698 1319 5773 lapsu
1368 5701 1663 5777 memoriae
1713 5704 1885 5777 Moysi

212 5772 456 5850 εθΐίβείί
486 5789 596 5850 ριᾯ
623 5773 823 5840 Ιοειιθ;
855 5772 1022 5850 quod
1042 5772 1239 5850 tamen
1271 5772 1585 5850 postremis
1616 5773 1773 5850 curis
1800 5772 1880 5830 ab

212 5866 279 5908 eo
310 5843 705 5907 emendatum
736 5861 806 5901 ex
835 5860 946 5900 ms.
982 5843 1339 5917 Frisingensi
1372 5845 1799 5918 perspeximus.

1986 3438 2178 3486 XXXIV,
2201 3420 2291 3490 30)
2344 3419 2589 3490 Ipseque
2620 3417 2690 3472 de
2721 3432 2820 3472 se:
2853 3417 3021 3480 Dabo,
3048 3416 3262 3487 inquit,
3289 3418 3370 3471 eis
3398 3432 3551 3486 reges
3581 3419 3641 3473 in

1983 3512 2173 3583 furore
2202 3523 2338 3574 meo,
2379 3513 2431 3562 et
2460 3508 2520 3560 in
2551 3507 2639 3558 ira
2667 3520 2791 3558 mea
2834 3502 2984 3574 (Oss.
3016 3520 3136 3569 xm,
3170 3503 3279 3575 11).
3331 3502 3393 3558 Si
3423 3507 3644 3577 marty-

1988 3614 2112 3654 rem
2144 3611 2286 3651 sane
2336 3598 2507 3649 tuum
2537 3596 2844 3663 tantOpere
2891 3590 3199 3665 diligebas,
3245 3594 3311 3647 ut
3349 3590 3491 3663 quid
3520 3595 3642 3650 tam

1990 3685 2143 3742 male
2174 3681 2591 3739 custodiebas?
2641 3679 3035 3749 Consenserit,
3066 3684 3133 3736 ut
3174 3678 3472 3735 criminari
3505 3698 3642 3737 con-

1988 3772 2204 3841 tendis,
2224 3771 2414 3827 altiori
2434 3771 2578 3827 forte
2600 3767 2845 3826 consilio
2867 3767 3124 3842 amplius
3145 3769 3509 3826 convenienti
3531 3771 3646 3828 dis-

1987 3863 2199 3939 posito,
2234 3865 2373 3917 tuus
2432 3860 2781 3933 episcOpus:
2832 3862 2917 3925 tu,
2977 3875 3104 3931 qua:
3136 3862 3365 3915 tantum
3413 3858 3642 3918 facinus

1987 3952 2398 4018 abhorrueras,
2423 3966 2596 4006 nosse
2622 3947 2751 4005 volo
2775 3965 2880 4004 cur
2909 3947 3309 4005 abhorrueris.
3341 3947 3489 4013 Quia
3518 3966 3645 4022 pes-

1987 4042 2231 4108 simum,
2253 4040 2475 4112 inquis,
2503 4038 2658 4111 quod
2690 4039 2774 4094 ita
2803 4041 3038 4095 sanctos
3058 4036 3360 4110 perdimus
3386 4040 3641 4095 nostros.

1987 4129 2328 4196 Verissime,
2383 4128 2486 4184 sed
2525 4127 2964 4182 convenientius
2996 4126 3218 4182 diceres
3273 4125 3444 4197 (692).
3477 4126 3641 4192 Quod

1988 4218 2176 4277 sancti
2196 4217 2276 4273 ita
2296 4233 2403 4272 nos
2435 4214 2669 4287 fugiunt
2698 4213 2902 4270 nostri.
2924 4213 3141 4285 Turpis
3170 4230 3311 4269 sane
3335 4212 3484 4268 lucri
3514 4231 3644 4270 cru-

1989 4308 2165 4382 pidus
2191 4323 2327 4362 cum
2360 4321 2532 4360 nemo
2563 4304 2640 4359 sit
2672 4306 2931 4367 sanctus,
2956 4301 3268 4357 honestum
3300 4300 3523 4373 fugisse
3552 4301 3642 4357 lu-

1990 4414 2156 4454 crum
2190 4412 2361 4451 nemo
2414 4393 2712 4448 invenitur
2741 4394 3100 4446 sanctorum.
3134 4389 3457 4445 Honestum
3509 4407 3644 4448 vero

1987 4486 2220 4543 lucrum
2252 4490 2359 4554 est,
2393 4482 2548 4556 quod
2581 4479 2792 4537 cmlum
2824 4478 3158 4552 locupletat,
3190 4482 3476 4536 tartarum
3509 4497 3643 4555 spo-

1990 4576 2115 4632 liat.
2149 4575 2210 4631 Si
2241 4590 2373 4629 vero
2403 4576 2460 4628 te
2482 4570 2728 4644 fugienti
2748 4586 2984 4642 quoquo
3006 4569 3219 4626 annisu
3252 4568 3391 4625 illuc
3423 4569 3507 4626 ire
3528 4570 3647 4643 pla-

1989 4664 2112 4722 cuit
2136 4662 2310 4720 alicui
2329 4663 2551 4733 sancto,
2576 4660 2675 4715 ubi
2700 4676 2803 4733 pro
2835 4659 3177 4729 reverentia,
3201 4674 3380 4731 quam
3403 4658 3646 4718 honeste

1993 4753 2236 4810 minimc
2266 4750 2541 4819 habebat,
2576 4748 2691 4805 sibi
2721 4756 2919 4804 amore
2941 4747 3157 4804 Christi
3180 4747 3459 4814 exhibita,
3481 4765 3647 4821 para-

1994 4842 2160 4899 disus
2177 4843 2248 4898 de
2272 4840 2587 4897 animabus
2599 4837 2821 4894 devotis
2835 4835 3156 4908 repleretur
3175 4835 3451 4893 aetherius
3472 4837 3642 4911 (693),

2064 4983 2217 5055 (689)
2245 4982 2442 5055 Vulg.,
2496 4996 2584 5055 me
2637 4977 2825 5035 stud...
2867 4978 3199 5055 depromam.
3256 4976 3376 5049 Ope
3394 4978 3645 5055 _cod_icis

1989 5047 2208 5113 Veron:
2227 5047 2692 5124 emeﬁdavimus:
2717 5055 2776 5124 et
2793 5047 2966 5122 paulo
2991 5049 3157 5124 aliter
3176 5048 3237 5104 in
3260 5047 3640 5124 ms._Frising.

1990 5126 2306 5200 postremis
2337 5125 2494 5182 curis
2545 5119 2856 5179 Ratherius
2902 5123 3243 5195 mstiloquo
3274 5119 3512 5193 scripsit
3540 5119 3644 5195 pro

2231 5269 2328 5348 _l_ta
2354 5268 2551 5324 codex.
2587 5263 2738 5348 Male
2768 5263 2828 5319 in
2862 5263 3042 5348 vulg,
3076 5266 3335 5348 ejusdem.

2083 5337 2209 5411 691)
2231 5341 2415 5397 Voces
2434 5356 2559 5395 cum
2589 5337 2918 5411 indigerent,
2943 5354 3067 5409 quae
3094 5337 3154 5392 in
3189 5338 3346 5411 vulg.
3380 5337 3641 5401 deerant,

1992 5409 2419 5471 exms.'Veron.
2454 5409 2877 5483 supplevimus.

2064 5483 2210 5558 (692)
2236 5476 2548 5558 Ratherius
2570 5476 2681 5554 pro
2709 5478 2914 5534 diceres
2939 5480 3132 5551 prima
3182 5495 3361 5535 manu
3392 5476 3638 5547 scripse-

1990 5557 2082 5613 rat
2108 5557 2383 5626 fruereris.
2449 5625 2459 5626 ί
2572 5622 2623 5626 __
2781 5620 2827 5626 __
2869 5621 2882 5626 _
2945 5622 2957 5626 _
3148 5620 3159 5626 -
3312 5617 3328 5626 -
3507 5614 3519 5626 -

2062 5617 2211 5700 (693)
2245 5627 2330 5682 lta
2360 5625 2538 5681 codex
2570 5622 2747 5700 idem.
2781 5620 3117 5700 Habebatur
3137 5620 3204 5700 in
3235 5617 3392 5700 vulg.
3429 5617 3642 5700 ‘minus

1990 5686 2138 5755 bene
2163 5686 2451 5754 :Itartarus
2482 5697 2814 5751 uacuaretur
2843 5694 3098 5763 inferius.
3137 5686 3642 5763 ll/I_ox_ubi_.legitur

1988 5772 2282 5827 meruisset
2320 5776 2606 5823 tuorum...
2639 5756 2914 5832 videaris,
2950 5762 3141 5836 prima
3172 5756 3427 5836 Ratherii
3462 5767 3638 5836 manu

1992 5826 2278 5914 scriptum
2311 5839 2499 5896 fuerat
2531 5837 2817 5893 meruisset
2843 5826 3225 5889 vestratium...
3250 5826 3570 5881 videamini.
3608 5838 3613 5841 δ
