3896 6404
124 464 244 532 489

126 785 360 841 credita;
384 790 554 856 sunt;
579 786 707 845 ideo
729 787 859 860 ejus
885 789 1132 847 consilio
1149 793 1347 848 omnia
1368 810 1538 867 agere
1561 795 1795 863 debent,

125 889 188 929 eo
222 873 568 932 inconsulto
600 875 768 934 nihil.
802 902 823 927 ι

426 965 563 1021 Item
590 982 662 1021 ea:
688 969 918 1023 consitio
948 969 1302 1039 Antiocheno,
1336 975 1420 1028 tit.
1452 972 1506 1027 9.

190 1076 217 1103 ‹‹
255 1052 685 1128 Unusquisque
714 1057 872 1112 enim
905 1058 1219 1132 episcopus
1254 1062 1467 1117 habeat
1487 1070 1605 1117 sua:
1631 1079 1795 1135 paro-

120 1139 261 1195 chias
293 1145 673 1214 potestatem,
702 1148 768 1199 ut
797 1152 961 1218 regat
1000 1148 1171 1220 juxta
1219 1151 1602 1207 reverentiam
1636 1154 1793 1211 340

119 1229 376 1311 singulis
408 1236 857 1314 competentem,
878 1240 935 1292 et
961 1238 1383 1309 providentiam
1408 1244 1572 1314 gerat
1597 1242 1790 1298 omnis

117 1306 518 1389 possessionis
541 1312 669 1393 qum
693 1323 807 1380 sub
829 1306 1067 1395 ejus—est
1090 1306 1444 1399 potestate;
1468 1329 1634 1399 Item,
1658 1347 1785 1404 cap.

115 1408 181 1463 24
215 1425 285 1463 ;‹‹
325 1411 464 1476 Quae
510 1416 651 1467 sunt
698 1413 988 1481 Ecclesiae,
1022 1416 1132 1471 sub
1184 1417 1343 1473 omni
1394 1417 1789 1475 sollicitudine

115 1497 259 1569 (741)
293 1504 355 1554 et
386 1502 723 1557 constantia
752 1503 926 1573 bona,
950 1509 1007 1560 et
1038 1504 1172 1572 ﬁde,
1204 1523 1332 1578 qua:
1364 1507 1424 1563 in
1457 1508 1643 1563 Deum
1676 1512 1787 1575 est,

113 1586 209 1657 qui
244 1593 469 1644 cuncta
517 1590 852 1647 considerat
892 1593 1262 1667 judicatque,
1297 1601 1619 1651 serventur.
1653 1598 1787 1661 Quae

109 1674 289 1732 etiam
324 1677 731 1751 dispensanda
754 1685 895 1736 sunt
918 1682 1142 1752 judicio
1164 1688 1222 1738 et
1244 1689 1531 1755 potestate
1562 1686 1790 1756 pontiti-

108 1764 210 1835 cis,
236 1766 341 1821 cui
378 1767 739 1824 commissus
762 1773 851 1824 est
874 1770 1150 1843 populus,
1175 1776 1232 1828 et
1253 1770 1461 1827 animae
1486 1790 1613 1844 quae
1635 1773 1791 1829 intra

104 1853 433 1911 ecclesiam
475 1862 931 1929 congregantur.
963 1882 989 1908 »
1013 1864 1179 1928 Item,
1223 1878 1350 1933 cap.
1384 1863 1455 1917 25
1479 1881 1527 1917 ;‹‹
1561 1864 1791 1934 Episco-

103 1960 219 2014 pus
251 1943 798 2002 ecclesiasticarum
831 1964 1028 2003 rerum
1072 1948 1286 2006 habeat
1316 1955 1681 2022 potestatem,
1716 1952 1787 2007 ad

100 2032 591 2104 dispensandum
624 2050 763 2107 erga
794 2052 999 2093 omnes
1031 2038 1128 2110 qui
1160 2039 1446 2112 indigent,
1464 2058 1596 2096 cum
1620 2059 1787 2097 sum-

104 2137 199 2177 ma
230 2122 571 2200 reverentia
618 2127 675 2178 ct
718 2122 928 2180 timore
974 2127 1092 2181 Dei.
1136 2128 1447 2200 Participet
1495 2134 1691 2186 autem
1723 2136 1780 2186 et

106 2210 248 2281 ipse,
272 2196 511 2281 quibus
569 2210 814 2285 indiget,
851 2214 900 2268 si
941 2218 1136 2270 tamen
1192 2196 1434 2289 indiget,
1472 2222 1592 2272 tam
1651 2220 1776 2275 suis

109 2315 283 2370 quam
316 2299 572 2355 fratrum
604 2300 704 2371 qui
738 2301 811 2357 ab
861 2317 928 2359 eo
969 2304 1394 2379 suscipiuntur,
1429 2307 1775 2365 necessariis

112 2387 312 2443 usibus
338 2380 811 2460 profuturus,ita
832 2394 898 2445 ut
920 2390 978 2446 in
1004 2391 1165 2447 nullo
1187 2392 1449 2464 qualibet
1472 2394 1773 2451 occasione

112 2466 457 2533 fraudentur
498 2477 669 2548 juxta
718 2483 991 2536 sanctum
1037 2481 1380 2552 Apostolum
1429 2482 1769 2539 dicentem:

116 2566 372 2622 Habentes
406 2566 609 2622 victum
639 2574 690 2622 et
740 2572 1132 2641 tegumentum,
1164 2572 1250 2627 his
1295 2573 1539 2628 contenti
1587 2590 1774 2629 sumus

94 2654 161 2723 _(I
190 2656 320 2710 Tim.
354 2672 436 2722 v1,
466 2656 542 2728 8).
572 2678 600 2705 ››

352 2748 491 2801 Item
523 2761 594 2800 ea:
622 2744 853 2802 decretis
879 2765 1035 2820 papae
1068 2748 1291 2819 Getasii,
1322 2753 1406 2807 tit.
1438 2753 1530 2807 27.

92 2896 99 2899 _
185 2857 209 2882 α
243 2834 409 2891 Sicut
457 2836 781 2892 sacerdotis
830 2837 1095 2895 intererit
1141 2838 1429 2913 integram
1484 2840 1775 2897 ministris

119 2920 370 2981 Ecclesia:
417 2929 808 2982 memoratam
857 2926 1187 3000 dependere
1236 2930 1654 3001 quantitatem;
1690 2930 1773 2986 sic

119 3010 293 3067 clerus
322 3011 479 3070 ultra
511 3012 840 3087 delegatam
871 3015 984 3071 sibi
1018 3034 1315 3073 summam
1347 3017 1493 3073 nihil
1524 3018 1773 3075 insolen-

119 3103 195 3154 ter
222 3102 440 3159 noverit
469 3104 885 3175 expetendum.
917 3128 946 3155 υ

368 3192 511 3248 Item
542 3193 602 3248 in
627 3209 751 3249 can.
787 3191 1079 3265 Gangren.,
1114 3212 1234 3268 cap.
1264 3199 1300 3251 7
1331 3197 1413 3254 vel
1443 3201 1495 3252 8.

99 3336 105 3342 _
185 3278 293 3335 «Si
325 3279 457 3352 quis
503 3280 827 3339 oblationes
868 3282 1139 3341 Ecclesiae
1186 3285 1555 3359 baptismalis
1603 3292 1766 3344 extra

1038 564 1043 569 δ
1089 470 1189 539 ne
1236 479 1721 544 CONTEMPTU
1765 472 2170 548 CANONUM.
2206 518 2280 532 —
2312 486 2513 553 PARS
2559 488 2608 552 Ι.

96 605 426 677 permisso
458 623 493 662 a
533 623 642 664 sua
681 610 958 682 parochia
999 612 1338 682 abscedant,
1373 632 1477 671 nec
1510 615 1568 670 in
1601 632 1668 671 ea
1696 617 1794 671 ad-
1827 620 1882 686 Α

125 699 438 752 ventantes
470 697 688 753 morari
715 706 1092 771 praesumant.
1116 702 1339 758 Anima:
1360 722 1494 760 vero
1516 722 1717 760 eorum
1745 705 1797 760 ei

3448 502 3575 562 490

2158 623 2289 677 Item
2318 640 2388 679 er
2416 626 2645 696 epistola
2674 641 2836 697 papae
2868 628 3094 697 Urbani,
3117 645 3235 701 cap.
3262 633 3315 686 2.

1994 731 2018 763 α
2046 708 2158 765 Res
2186 711 2454 767 Ecclesia-
2489 713 2708 770 collatae
2737 715 2794 770 in
2827 716 3079 774 editione
3112 723 3280 775 erant
3308 720 3565 795 antiqui-

1867 873 1871 877 .
1908 802 2004 853 tus
2029 800 2458 873 episcoporum,
2487 803 2588 876 qui
2617 803 2810 861 locum
2836 810 3036 863 tenent
3064 807 3123 863 in
3146 809 3406 867 Ecclesia
3434 829 3569 885 apo-

1908 886 2215 959 stolorum,
2242 893 2299 945 et
2348 896 2488 947 sunt
2520 911 2708 966 usque
2739 895 2950 965 adhuc,
2985 902 3043 954 et
3091 899 3303 956 futuris
3353 900 3566 958 debent

1906 993 2035 1034 esse
2066 979 2450 1052 temporibus.
2478 1003 2505 1031 ››

1902 1096 2036 1150 Item
2064 1096 2129 1151 de
2157 1097 2509 1153 a'enodochiis
2538 1108 2589 1155 et
2629 1105 2975 1159 monasteriis
3017 1112 3132 1161 tam
3176 1107 3566 1164 monachorum

1974 1184 2137 1237 quam
2169 1171 2677 1249 sanctimonialium
2715 1190 2784 1249 ese
2813 1174 3042 1249 decretis
3078 1178 3304 1233 concilii
3329 1180 3567 1249 Eugenii

1971 1254 2155 1310 papae,
2186 1257 2305 1311 cap.
2338 1243 2427 1321 24,
2458 1244 2693 1321 itemque
2722 1246 2915 1303 iisdem
2946 1250 3125 1305 verbis
3156 1252 3341 1321 quarti
3368 1243 3565 1308 Leonis

1967 1326 2149 1381 papa},
2181 1328 2301 1383 cap.
2335 1314 2607 1369 similiter
2628 1316 2716 1370 23.

1972 1431 1999 1457 ‹‹
2037 1409 2142 1463 Per
2172 1409 2626 1468 sollicitudinem
2674 1416 3083 1489 episcoporum
3133 1418 3273 1487 haec,
3309 1437 3561 1493 quorum

1901 1498 2216 1554 dimceseos
2266 1501 2546 1569 existunt,
2599 1504 2670 1557 ad
2720 1506 2956 1561 easdem
3006 1506 3315 1577 utilitates,
3347 1510 3563 1581 quibus

1900 1588 2221 1642 constituta
2254 1593 2412 1657 sunt,
2440 1591 2816 1661 ordinentur;
2850 1598 2915 1649 ut
2943 1594 3124 1649 debiti
3156 1611 3357 1666 panes,
3386 1600 3563 1669 atque

1901 1682 2107 1731 cetera
2143 1679 2481 1748 petentibus
2514 1686 2897 1753 revertantur,
2924 1683 3179 1755 qualiter
3206 1684 3321 1741 Deo
3352 1702 3560 1743 vacan-

1904 1769 2015 1831 tes,
2060 1765 2277 1837 inopia,
2309 1765 2398 1822 vel
2432 1768 2882 1826 necessitatibus
2912 1770 3250 1830 nullatenus
3279 1788 3562 1847 occupen-

1903 1857 2018 1922 tur,
2045 1855 2144 1908 sed
2189 1854 2347 1910 omni
2380 1856 2624 1928 expulsa
2661 1874 2821 1927 cura,
2855 1860 3019 1932 puris
3068 1862 3126 1917 in
3175 1862 3276 1919 Dei
3324 1864 3559 1921 servitio

1898 1942 2131 1998 valeant
2166 1946 2461 2000 mentibus
2488 1963 2850 2017 permanere.
2880 1972 2906 1997 η

1967 2032 2019 2085 3.
2058 2031 2185 2087 Haec
2217 2034 2356 2089 dum
2406 2034 2819 2107 inconsultius,
2844 2042 3042 2111 utpote
3091 2040 3377 2098 inutiliter
3424 2058 3556 2116 gar-

1891 2121 2051 2177 riens
2101 2122 2473 2194 delatrarem,
2509 2141 2740 2181 mecum
2791 2127 2873 2183 ita
2919 2129 3065 2201 coepi
3116 2147 3323 2187 rursus
3356 2131 3550 2190 rixari.

1889 2209 1999 2264 Sed
2027 2210 2167 2281 quid
2194 2209 2308 2266 ritu
2332 2212 2821 2270 stultissimorum
2847 2218 3239 2288 quorumdam
3264 2219 3422 2277 mille
3444 2222 3553 2279 hoc

1887 2303 2147 2354 astruere
2180 2299 2560 2374 testimoniis,
2587 2319 2723 2359 cum
2769 2305 3027 2363 sufﬁciat
3070 2325 3276 2377 unum,
3310 2308 3554 2368 laboro?

1886 2388 2186 2461 Interroga
2211 2389 2369 2445 enim
2394 2392 2737 2462 quemlibet,
2756 2395 2911 2450 unde
2944 2413 3072 2452 mos
3102 2398 3403 2455 inoleverit
3432 2399 3547 2467 ille,

1884 2481 1949 2532 ut
1979 2482 2244 2549 pastores
2266 2484 2545 2534 vocentur
2562 2481 2831 2537 Ecclesiae
2860 2484 3161 2555 praesules.
3187 2485 3391 2543 Nonne
3416 2492 3552 2560 post

1884 2564 2138 2637 typicam
2170 2565 2332 2622 illam
2362 2568 2835 2639 patriarcharum
2868 2573 3147 2643 pascendi
3179 2589 3387 2647 greges
3419 2591 3551 2632 con-

1884 2654 2284 2723 suetudinem,
2308 2660 2363 2711 et
2390 2657 2812 2729 prophetarum
2858 2661 2930 2715 ad
2972 2665 3241 2717 nostrum
3274 2662 3332 2717 id
3365 2680 3549 2721 saecu-

1886 2742 2008 2797 lum
2041 2742 2381 2815 spiritaliter
2411 2747 2879 2819 retorquentium
2912 2767 3132 2818 vocem,
3158 2767 3430 2808 summus
3450 2751 3548 2809 ille

1882 2837 2187 2904 pastorum
2230 2833 2505 2907 princeps
2538 2836 2811 2907 occurrit,
2839 2842 2897 2893 et
2931 2839 3013 2894 ait
3038 2856 3049 2894 :
3074 2840 3183 2911 Ego
3211 2856 3335 2896 sum
3354 2845 3548 2914 pastor

1884 2922 2097 2977 bonus?
2129 2924 2300 2994 (Joan.
2327 2941 2384 2991 Χ,
2412 2923 2525 2997 ll.)
2548 2926 2614 2980 Et
2645 2930 2709 2980 ut
2738 2927 2838 2999 qui
2872 2932 3074 3000 pastor
3102 2933 3191 2986 est
3219 2930 3415 3004 gregis
3437 2930 3547 2987 Do-

1882 3010 2104 3078 minici,
2130 3018 2556 3085 consequenter
2593 3016 2866 3072 eumdem
2919 3018 3260 3092 episcopum
3310 3018 3540 3076 noveris

1881 3117 2028 3168 esse,
2050 3102 2187 3156 audi
2222 3117 2291 3158 ex
2318 3118 2455 3158 voce
2498 3103 2750 3161 dicentis
2774 3121 2787 3160 :
2815 3106 2995 3163 Eratis
3023 3110 3166 3165 sicut
3194 3124 3315 3165 oves
3344 3125 3539 3166 erran-

1878 3199 1970 3259 tes,
2004 3192 2096 3247 sed
2126 3195 2372 3248 conversi
2402 3194 2529 3249 estis
2569 3211 2719 3251 nunc
2743 3196 2814 3251 ad
2846 3207 3123 3270 pastorem
3151 3204 3203 3255 et
3231 3201 3542 3272 episcopum

1876 3284 2197 3337 animarum
2252 3291 2559 3339 vestrarum
2590 3284 2639 3356 (I
2664 3286 2815 3339 Petr.
2850 3304 2908 3352 ll,
2952 3288 3065 3357 25).
3089 3288 3237 3359 (7/12)
3280 3289 3428 3344 Eum
3480 3288 3540 3343 in

121 3381 233 3424 eam
265 3369 530 3443 accipere
551 3370 640 3428 vel
672 3372 812 3429 dare
840 3370 1089 3430 voluerit
1116 3380 1324 3446 praeter
1344 3377 1764 3434 conscientiam
1797 3355 1839 3422 (οἶ

1960 3371 2081 3425 iine
2125 3371 2392 3443 sequitur
2421 3372 2501 3441 [id
2531 3355 2605 3427 est
2647 3373 2705 3427 S.
2739 3373 2967 3444 Petrus]
3000 3355 3178 3443 idem,
3213 3355 3389 3446 quem
3419 3375 3541 3447 epi-

122 3455 376 3531 episcopi,
394 3458 488 3516 vel
513 3461 641 3531 ejus
667 3462 759 3517 cui
783 3460 904 3517 haec
927 3462 1119 3519 officia
1135 3465 1454 3522 commissa
1479 3471 1638 3534 sunt,
1663 3483 1768 3522 nec

124 3559 240 3601 cum
267 3547 391 3620 ejus
426 3549 546 3606 hoc
596 3550 674 3606 sit
722 3550 986 3621 consilio,
1022 3550 1337 3610 anathema
1387 3555 1537 3610 sit.»
1573 3556 1717 3610 Item
1752 3573 1765 3609 :

124 3654 145 3680 ‹‹
168 3634 219 3691 Si
246 3637 373 3708 quis
394 3638 630 3695 dederit
650 3640 845 3698 oblata
869 3640 1135 3699 Ecclesiae
1166 3648 1375 3715 praeter
1403 3644 1765 3716 episc0pum,

122 3721 197 3777 vel
219 3740 344 3785 eum
376 3730 477 3800 qui
531 3729 889 3787 constitutus
920 3736 1011 3786 est
1058 3732 1131 3787 ab
1180 3748 1247 3787 eo
1297 3732 1371 3787 ad
1419 3732 1770 3805 dispensan-

125 3809 274 3882 dum;
305 3821 359 3872 et
386 3818 491 3890 qui
528 3818 650 3887 dat,
684 3823 741 3874 et
772 3818 871 3892 qui
905 3820 1134 3892 accipit,
1164 3820 1479 3877 anathema
1511 3821 1604 3877 sit.
1642 3844 1669 3871 ››

416 3909 552 3964 Item
586 3909 645 3962 in
676 3925 796 3965 can.
835 3909 1180 3977 Cbaleedmi.,
1213 3927 1331 3981 cap.
1361 3912 1452 3965 26.

192 4013 214 4040 κ
246 3993 523 4059 Quoniam
557 3995 799 4068 quidam
847 4002 1055 4070 praeter
1082 3999 1515 4071 dispensatores
1545 4000 1769 4073 episco-

134 4092 315 4146 porum
347 4085 655 4142 facultates
676 4086 1104 4144 ecclesiasticas
1125 4092 1397 4156 tractant,
1422 4088 1521 4161 qui
1554 4089 1661 4146 hoc
1694 4089 1771 4144 fe-

134 4168 312 4237 cerint,
335 4175 640 4231 canonicis
668 4176 1138 4249 correptionibus
1169 4178 1549 4252 castigentur.
1574 4202 1600 4228 ››
1626 4181 1766 4235 Item

136 4268 241 4327 Cap.
270 4261 321 4329 8,
349 4263 422 4319 De
465 4265 687 4321 clericis
728 4268 827 4339 qui
853 4275 981 4323 sunt
1030 4269 1090 4322 in
1134 4269 1389 4339 ptochiis,
1421 4271 1769 4325 monasteriis

136 4352 274 4415 atque
297 4356 601 4426 martyriis,
625 4370 753 4427 qua?
771 4357 872 4411 sub
896 4360 1159 4427 potestate
1179 4359 1554 4430 episcoporum
1578 4360 1770 4414 unius-

136 4435 366 4521 αἰυεᾳιιε
393 4444 636 4499 civitatis
674 4447 919 4500 exist-unt
951 4464 970 4500 :
995 4468 1022 4495 ‹‹
1057 4445 1258 4503 Clerici
1294 4446 1394 4520 qui
1436 4447 1769 4521 prmﬁeiun-

138 4520 217 4605 iur
241 4529 496 4601 ptochiis,
529 4531 621 4588 vel
661 4534 765 4605 qui
796 4533 1144 4591 ordinantur
1196 4536 1256 4591 in
1308 4535 1683 4593 monasteriis
1713 4541 1771 4591 et

142 4604 370 4675 basilicis
399 4604 752 4695 martyrum,
788 4623 898 4679 sub
931 4624 1360 4696 episcoporum,
1397 4625 1498 4697 qui
1531 4625 1590 4680 in
1624 4642 1768 4680 una-

143 4711 343 4773 quaque
394 4708 627 4767 civitate
683 4716 842 4777 sunt,
895 4712 1221 4770 secundum
1272 4718 1609 4771 sanctorum
1657 4714 1767 4769 Pa-
1800 4730 1871 4795 D.

146 4788 277 4845 trum
328 4797 692 4867 traditiones,
726 4806 1011 4873 potestate
1066 4807 1472 4874 permaneant,
1513 4820 1620 4858 nec
1666 4819 1770 4875 per

146 4880 534 4944 contumaciam
582 4890 653 4945 ab
694 4889 968 4964 episcOpo
999 4907 1106 4947 suo
1136 4891 1453 4947 dissiliant.
1476 4892 1584 4956 Qui
1612 4893 1761 4949 341

149 4975 259 5020 vero
285 4973 488 5032 audent
510 4983 767 5035 evertere
798 4979 1207 5053 hujuscemodi
1236 4981 1483 5037 formam
1512 4998 1770 5054 quocun-

150 5062 444 5144 queimodo,
468 5082 574 5124 nec
623 5068 859 5143 proprio
900 5069 1298 5141 subjiciuntur
1338 5071 1609 5144 episcopo
1643 5090 1655 5127 :
1690 5071 1768 5128 si-

151 5140 355 5232 gnidem
385 5151 573 5211 clerici
604 5140 764 5227 sunt,
790 5175 1085 5215 canonum
1130 5161 1593 5232 correptionibus
1626 5161 1770 5217 sub-

146 5222 415 5309 iacebunt;
446 5244 493 5299 si
530 5262 668 5302 vero
718 5247 849 5304 laici
879 5248 967 5304 vel
1018 5248 1290 5305 monachi
1339 5249 1575 5320 fuerint,
1610 5266 1768 5307 com-

158 5320 395 5383 munione
421 5332 737 5402 priVentur.
770 5358 799 5387 »

199 5475 344 5572 ﬁt!)
373 5487 530 5564 Lago,
554 5495 639 5552 uti
666 5497 821 5572 apud
854 5497 1199 5571 Dionysium
1226 5498 1540 5572 Exiguum,
1564 5516 1633 5556 ex
1658 5517 1774 5572 quo

197 5561 502 5649 ¹Ιξίξξξριξηᾷ8
532 5561 751 5649 sumpti
784 5561 1044 5649 fuerunt,
1074 5575 1125 5627 et
1149 5561 1678 5649 _conscz'Entz'a_IzonaL

219 5618 348 5713 (‘73?)
374 5618 997 5713 AcherianirSpicilegii
1029 5618 1389 5699 hovissimus
1414 5642 1603 5699 editor
1628 5643 1777 5699 hanc

219 5658 348 5705 \"lf/
374 5658 669 5696 ηυιιετιειω
697 5658 912 5713 δριοιιθ
958 5659 997 5696 ll
1031 5659 1389 5699 DOVISSIIDUS
1414 5658 1603 5699 ΘαιῑοΓ
1628 5658 1775 5699 nunc

169 5693 881 5787 391%?{9nemﬂspesuitw
917 5658 1030 5787 ilic
1062 5713 1380 5787 legebatur
1425 5730 1552 5771 eum
1595 5730 1775 5787 quem.

146 5762 386 5828 ~profecto
414 5762 1241 5845 malai’iiaii'rii;m'iéieiiié’éé
1250 5762 1447 5845 viden;
1514 5762 1694 5863 'qujoﬁdv

356 5924 363 5931 ·
447 5901 706 5980 Pauor»
752 5910 1060 5984 CXXXVI.

1879 3476 2122 3531 scopnm
2147 3460 2455 3515 instituere
2478 3460 2693 3531 (dicam
2716 3465 2782 3515 ut
2802 3461 2903 3532 ita)
2925 3462 3202 3535 gestiens,
3232 3479 3305 3519 an
3329 3479 3388 3518 se
3409 3462 3544 3535 plus

1879 3546 2103 3602 cznteris
2134 3546 2359 3619 diligat,
2416 3547 2661 3603 solerter
2715 3548 3041 3623 interrogat
3083 3568 3095 3606 :
3145 3550 3428 3606 nimirum
3476 3556 3544 3607 ut

1879 3639 2128 3701 astruat,
2162 3634 2301 3705 quia
2333 3635 2624 3707 praecipua
2654 3637 2931 3708 pascendi
2971 3637 3379 3695 rationabilem
3413 3655 3542 3713 gre-

1880 3739 2009 3795 gem
2044 3724 2374 3790 norma,vis
2397 3727 2484 3778 est
2519 3724 3091 3792 charitatis,dilectio
3120 3727 3389 3785 videlicet
3420 3729 3540 3800 Dei,

1880 3818 1936 3867 et
1966 3812 2229 3883 ejusdem
2282 3812 2389 3869 sibi
2426 3831 2459 3869 a
2498 3813 2613 3870 Deo
2663 3816 2963 3872 commissi
3011 3816 3242 3874 dilectio
3292 3818 3541 3890 proximi

1879 3902 2055 3973 (Joan.
2080 3919 2196 3973 xxx,
2219 3904 2326 3973 15).
2343 3902 2449 3966 Qui
2475 3921 2608 3960 cum
2634 3909 2724 3961 ter
2744 3904 3152 3981 interroganti,
3179 3912 3267 3964 ter
3288 3924 3350 3964 se
3371 3907 3540 3964 illum

1880 3991 2121 4064 diligere
2154 3991 2278 4064 ipso
2323 3993 2695 4064 profiteretur
2737 3996 2978 4065 sciente,
3002 3997 3084 4053 ait
3114 4002 3203 4053 ter
3230 3996 3315 4054 illi
3347 3998 3543 4053 Domi-

1880 4099 1991 4137 nus
2026 4097 2260 4154 quoque
2287 4099 2299 4137 :
2327 4085 2494 4138 Pasce
2534 4100 2653 4140 oves
2691 4102 2858 4141 meas.
2882 4084 3045 4148 Quod
3079 4086 3189 4142 fuit
3218 4088 3422 4159 utique
3452 4086 3541 4141 di-

1879 4187 2007 4226 cere
2040 4188 2052 4225 :
2088 4176 2224 4226 Esto
2255 4174 2456 4243 pastor
2500 4173 2694 4227 ovium
2744 4172 3252 4241 intellectualium,
3287 4175 3441 4231 342
3482 4174 3540 4228 id

1878 4265 1986 4323 est,
2011 4260 2322 4332 epiSCOpus
2365 4260 2729 4316 credentium
2762 4260 3138 4331 populorum.
3164 4260 3360 4316 Pastio
3401 4278 3542 4317 sane

1879 4349 1981 4404 illa
2002 4353 2200 4404 utrum
2228 4348 2559 4420 uniformis,
2580 4366 2652 4404 an
2677 4349 2754 4404 sit
2775 4348 3178 4415 multiformis,
3198 4349 3541 4421 corporalis,

1880 4456 1951 4494 an
1987 4436 2280 4504 animalis,
2308 4439 2426 4493 sive
2450 4442 2789 4510 utrumque,
2818 4454 2933 4493 non
2958 4455 2992 4495 a
3013 4454 3106 4494 me
3128 4436 3373 4511 quilibet
3400 4454 3545 4510 pra:-

1880 4527 2129 4583 stoletur
2150 4528 2381 4594 audire;
2408 4527 2728 4599 interroget
2749 4528 3016 4585 doctores
3037 4527 3171 4586 illos
3193 4528 3540 4602 prazcipuos,

1880 4616 1981 4688 qui
2014 4633 2191 4688 super
2210 4615 2523 4688 Evangelia
2554 4621 2789 4674 sanctos
2812 4618 3126 4675 ediderunt
3151 4618 3278 4675 sine
3302 4618 3543 4674 menda-

1880 4706 1967 4761 cio
1998 4706 2274 4761 libros.Si
2297 4721 2429 4761 vero
2451 4722 2762 4778 corporum
2796 4706 3057 4780 aliquam
3080 4709 3152 4766 ad
3183 4725 3284 4766 eos
3314 4725 3543 4776 curam,

1879 4795 1980 4868 qui
2014 4794 2192 4863 illius,
2218 4795 2309 4849 cui
2361 4793 2620 4867 primum
2652 4795 2763 4853 hoc
2812 4796 3036 4854 dictum
3089 4802 3202 4866 est,
3234 4802 3437 4854 tenent
3481 4797 3546 4855 in

1887 4883 2158 4939 Ecclesiis
2202 4883 2410 4951 vicem,
2444 4887 2822 4942 consentiunt
2860 4888 3178 4959 pertinere;
3211 4889 3548 4944 monstrent

1881 4972 2131 5047 qualiter
2169 4974 2546 5047 corporaliter
2605 4975 2716 5031 sibi
2778 4976 3133 5033 commissos
3181 4976 3316 5049 quis
3357 4974 3549 5033 valeat

1881 5080 2140 5137 pascere,
2174 5063 2224 5120 si
2256 5064 2411 5119 unde
2443 5081 2542 5119 eos
2573 5065 2783 5121 debeat
2816 5083 3072 5139 pascere,
3107 5083 3224 5124 non
3257 5064 3547 5140 permitti-

1880 5159 1980 5209 tur
2000 5153 2208 5209 saltem
2231 5169 2599 5226 cognoscere.
2622 5155 2690 5210 Et
2712 5172 2846 5211 cum
2868 5156 2939 5212 de
2956 5155 3356 5213 oblationibus
3378 5160 3435 5212 et
3454 5155 3552 5211 de-

1882 5242 2052 5300 cimis
2085 5242 2347 5312 ﬁdelium
2368 5242 2559 5298 vivere
2590 5243 2953 5301 tabernaculi
2988 5246 3263 5302 custodes
3301 5245 3554 5301 debeant

1883 5332 2136 5401 Domini,
2171 5331 2281 5389 hoc
2313 5336 2402 5388 est
2430 5331 2707 5402 ecclesiae,
2742 5333 2935 5390 clerici
2963 5353 2976 5403 ;
3011 5334 3062 5391 si
3102 5334 3295 5393 nescit
3325 5332 3552 5406 episco-

1885 5493 2311 5578 codicenquem
2355 5494 3015 5578 exscribebatz‘utraque
3063 5512 3171 5578 vo}
3226 5490 3555 5578 reperieba:

1887 5573 2005 5635 tur,
2032 5558 2135 5645 sed
2152 5558 2283 5621 una
2337 5582 2443 5645 suo
2503 5565 2651 5645 loco,
2687 5558 2880 5645 altero
2919 5558 3338 5645 intenlipeas,
3373 5558 3557 5645 pavet

1888 5633 2139 5718 eum,_vel
2169 5637 2552 5718 quem'legere
2593 5636 2812 5718 liceret.
2834 5638 3022 5718 Totus
3050 5633 3554 5718 his-locusinter:

1931 5705 2227 5766 unetionis
2249 5708 2389 5763 vitio
2419 5705 2726 5782 laborabat
2754 5707 2815 5761 in
2846 5706 3026 5782 priori
3053 5705 3330 5782 editione,
3347 5705 3407 5756 in
3440 5714 3560 5771 qua

1931 5729 2227 5766 uncuonis
2249 5729 2389 5763 νιιιυ
2419 5729 2726 5764 ΙΗΟΟΓᾶΟΒῘι
2754 5729 2815 5761 ΙΙΙ
2846 5729 3026 5779 pI'lOl'l
3053 5729 3330 5782 BUILIUHU!
3350 5729 3407 5756 lu

1886 5729 2193 5860 legebatur
2218 5776 2495 5856 poscendi,
2530 5778 2632 5839 ubi
2663 5777 3039 5860 reposuimus
3062 5772 3347 5849 pascendi.
3384 5793 3414 5825 υ

3158 5892 3235 5971 1°.
