3896 6372
389 495 503 555 491

1316 486 1687 552 BATHERII
1731 485 1976 550 EPISC.
2021 481 2315 552 VERON.
2361 480 2535 546 OPP.
2585 477 2784 546 PARS
2831 481 2880 544 Ι.

3704 478 3820 544 492

390 645 501 700 pus
533 630 677 698 quot
706 624 1170 696 decimani,quot
1200 623 1413 692 mansi,
1433 627 1574 698 quot
1604 622 1800 679 modia
1843 620 2041 688 tritici,
2073 621 2128 688 Α
2159 619 2314 691 quod
2349 618 2521 674 modo
2551 617 2775 690 patitur
2814 617 2886 674 ab
2927 614 3078 684 istis,
3113 613 3224 672 hoc
3256 615 3379 688 ipse
3411 613 3634 672 inferat
3663 614 3818 679 aliis;

393 720 536 786 quot
567 713 774 786 congia
801 713 920 768 vini
952 713 1131 768 tantis
1163 711 1249 767 vel
1285 712 1465 767 tantis
1497 711 1794 768 sufﬁciant
1823 710 2048 766 clericis

393 805 466 860 ad
493 804 714 859 victum
747 802 948 874 utique
978 805 1035 857 et
1064 805 1504 874 tegumentum;
1539 817 1732 857 nonne
1765 799 2050 857 convinci-

392 897 490 948 tur
519 897 620 948 aut
651 909 764 947 non
788 908 916 947 esse
947 895 1167 962 pastor,
1195 895 1296 946 aut
1320 894 1476 946 certe
1499 890 1783 963 insipiens
1805 889 2048 945 existere

393 985 610 1053 pastor,
635 979 736 1052 qui
768 980 953 1036 nescit
983 980 1187 1050 utique
1219 979 1317 1034 ubi
1346 978 1446 1034 illa
1477 979 1596 1034 sint
1624 997 1859 1051 pascua.
1897 979 2044 1049 (743)

393 1074 449 1126 et
492 1070 592 1126 ubi
645 1086 854 1142 pecora
905 1070 1229 1125 conducere
1287 1070 1493 1125 debeat
1545 1086 1663 1125 suae
1720 1067 2049 1141 praevisioni

395 1156 456 1231 [l.
489 1158 835 1230 provisioni]
867 1156 1206 1214 commissa.

465 1248 516 1301 4.
541 1248 633 1315 Et,
668 1250 732 1301 ut
758 1247 830 1301 ad
862 1249 1082 1313 nostra,
1110 1244 1169 1300 id
1201 1249 1307 1313 est,
1342 1245 1486 1316 proh
1519 1245 1713 1301 nefas!
1749 1244 2050 1301 saecularia

393 1335 653 1400 redeam,
671 1351 805 1389 cum
830 1333 1130 1389 rarissime
1150 1333 1348 1388 videas
1370 1332 1551 1405 gratis
1573 1332 1822 1404 aliquos,
1843 1333 2050 1404 [supple

391 1424 519 1494 sed]
552 1427 653 1478 aut
679 1421 907 1490 timore,
933 1425 1035 1478 aut
1061 1420 1440 1478 confoederari
1467 1438 1683 1491 amore,
1709 1422 1863 1478 unde
1887 1426 1944 1477 te
1964 1439 2052 1477 ve-

390 1512 632 1578 rebitur,
657 1511 751 1566 cui
785 1510 933 1564 nihil
981 1509 1139 1565 vales
1187 1510 1456 1565 auferre?
1487 1509 1648 1565 Unde
1681 1509 1923 1576 amabit,
1957 1510 2049 1566 cui

390 1599 535 1655 nihil
568 1603 734 1671 potes
757 1599 1134 1654 conferre?Si
1167 1615 1302 1670 ergo
1335 1599 1405 1653 ad
1439 1599 1780 1670 episcopum
1808 1597 1954 1653 nihil
1978 1599 2050 1654 de

388 1689 564 1744 rebus
606 1687 876 1760 pertinet,
900 1687 1118 1758 quibus
1173 1686 1365 1742 clerici
1424 1685 1611 1742 vivere
1670 1687 1913 1754 debent;
1947 1691 2050 1742 aut

388 1778 514 1848 ipse
545 1777 630 1832 eis
662 1793 777 1832 non
810 1776 1002 1844 debet,
1032 1780 1096 1830 ut
1126 1775 1463 1844 animalem,
1497 1775 1576 1830 ita
1605 1781 1661 1831 et
1691 1776 2048 1848 corporalem

391 1867 528 1921 dare
560 1866 617 1921 in
651 1870 911 1937 tempore
944 1864 1123 1920 tritici
1174 1881 1533 1932 mensuram,
1567 1869 1643 1932 et,
1670 1865 1822 1920 sicut
1867 1867 2049 1921 Actus

390 1955 648 2009 continet
679 1952 1100 2057 apostolorum,
1126 1969 1241 2057 non
1287 1952 1632 2008 dividuntur
1681 1952 1933 2026 singulis
1975 1955 2046 2009 ab
2077 1991 2126 2057 B

390 2042 686 2113 episcopo,
710 2041 794 2096 vel
825 2040 1086 2112 quolibet
1115 2040 1227 2096 alio
1259 2042 1330 2096 ab
1363 2043 1563 2095 eodem
1595 2043 1665 2096 ad
1699 2042 1755 2097 id
1787 2042 2046 2098 ofﬁcium

391 2129 685 2196 instituto,
705 2133 879 2201 prout
897 2130 1109 2200 cuique
1133 2146 1280 2200 opus
1303 2133 1409 2195 est,
1426 2130 1526 2184 sed
1560 2129 1672 2201 ipsi
1695 2129 1883 2185 clerici
1908 2131 2049 2186 divi-

393 2219 542 2273 dunt
558 2218 709 2273 inter
730 2234 790 2273 se
813 2222 984 2289 prout
1006 2217 1253 2289 quilibet
1273 2235 1475 2273 eorum
1499 2219 1789 2290 potentior
1804 2226 1891 2275 est
1909 2222 2044 2292 (Act.

394 2325 464 2376 IV,
488 2309 599 2378 35),
629 2311 686 2362 et
717 2325 831 2362 non
855 2308 1028 2378 juxta
1058 2307 1544 2361 consuetudinem
1575 2306 1824 2363 aliarum
1854 2310 2045 2364 Eccle-

389 2396 617 2451 siarum
653 2396 928 2450 omnibus
979 2395 1246 2451 Ecclesia:
1275 2395 1523 2463 clericis,
1558 2397 1657 2451 sed
1699 2398 1868 2468 juxta
1914 2415 2046 2470 pro-

387 2484 578 2556 priam
601 2484 961 2540 voluntatem
986 2484 1127 2540 solis
1144 2485 1488 2540 diaconibus
1506 2490 1563 2540 et
1581 2487 1936 2558 presbyteris
1957 2488 2049 2542 de-

389 2574 548 2642 bent,
573 2591 699 2646 quae
725 2574 1046 2630 Veronensi
1080 2573 1342 2629 Ecclesiae
1373 2572 1585 2630 collata
1616 2581 1772 2643 sunt,
1809 2576 2043 2645 cedere;

387 2667 452 2719 ut
482 2663 650 2719 ditati
681 2663 954 2720 videlicet
989 2663 1246 2720 habeant
1284 2665 1442 2720 unde
1472 2668 1674 2721 contra
1703 2665 2045 2738 episcopum

388 2769 563 2808 suum
593 2752 824 2807 valeant
871 2751 1174 2819 rebellare,
1198 2756 1254 2808 et
1301 2757 1365 2807 ut
1395 2753 1772 2810 dominentur
1801 2754 2046 2839 caeteris,

389 2843 448 2893 et
478 2839 549 2893 ad
574 2840 664 2893 sui
699 2840 982 2894 auxilium
1013 2857 1116 2912 per
1145 2845 1493 2912 potestatem
1517 2843 1745 2913 possint
1765 2859 1884 2914 eos,
1909 2860 2045 2899 cum

388 2926 610 2993 volunt,
671 2927 1041 2999 compellere,
1097 2932 1154 2984 et
1202 2930 1606 3000 juramentum
1651 2931 1796 3002 (744)
1857 2931 2043 3002 alteri,

390 3032 568 3086 quem
620 3015 702 3069 illi
757 3015 979 3072 scilicet
1031 3018 1396 3085 attraxerint,
1428 3018 1698 3091 episcopo
1748 3020 2046 3077 ﬁdelitatis

392 3103 598 3159 fecisse
631 3105 718 3176 [f.,
750 3105 956 3174 facere]
993 3105 1224 3176 jubere,
1260 3110 1334 3173 et,
1367 3107 1415 3162 si
1461 3124 1572 3162 non
1608 3107 1947 3178 obedierint,
1976 3111 2047 3165 de

391 3191 649 3248 Ecclesia
679 3210 776 3249 eos
798 3192 1005 3265 ejicere
1027 3210 1228 3266 posse;
1262 3199 1327 3249 ut
1357 3194 1611 3251 habeant
1635 3213 1868 3268 quoque
1893 3199 2048 3254 unde

389 3280 527 3337 ﬁliis
560 3299 789 3350 uxores,
823 3282 1056 3338 ﬁliabus
1107 3283 1414 3355 acquirant
1461 3285 1722 3352 maritos,
1753 3287 1954 3343 vineas
1993 3295 2047 3344 et

2157 725 2274 779 qua
2304 707 2506 780 utique
2535 723 2637 779 spe
2670 705 2831 762 mille
2857 703 3094 761 illorum
3125 704 3371 776 decepti,
3396 709 3456 760 et
3485 704 3548 760 in
3581 703 3696 760 hoc
3727 723 3821 760 saa-

2156 795 2285 851 culo
2317 796 2635 851 maximam
2667 794 2957 867 pertulere
2979 793 3388 865 indigentiam,
3417 797 3475 850 et
3507 793 3570 848 in
3598 792 3714 849 alio
3737 811 3821 851 ve-

2157 883 2404 938 rendum
2438 899 2509 938 ne
2541 882 2688 938 forte
2719 881 3072 954 gehennam.
3106 881 3253 936 Nam
3285 897 3421 936 cum
3459 881 3648 937 totius
3680 882 3822 938 frau-

2158 971 2249 1027 dis
2281 977 2338 1027 et
2383 970 2635 1052 perﬁdiis
2677 970 2916 1026 illorum
2967 970 3106 1026 hinc
3153 973 3352 1025 sumat
3398 969 3822 1044 scaturiginem

2157 1059 2525 1132 insania,qui
2556 1077 2673 1116 non
2705 1058 3028 1116 dissimiles
3050 1058 3318 1114 videlicet
3348 1056 3488 1125 illis,
3514 1059 3587 1114 de
3612 1060 3824 1132 quibus

2157 1149 2381 1205 dictum
2415 1150 2677 1218 estzQui
2708 1149 3079 1220 relinquentes
3124 1148 3387 1203 mandata
3432 1149 3539 1204 Dei
3584 1153 3826 1205 tenerent

2157 1238 2218 1310 [1.
2254 1237 2471 1311 tenetis]
2515 1238 2841 1294 traditiones
2891 1238 3179 1294 hominum
3229 1237 3414 1309 (Marc.
3442 1254 3544 1304 vn,
3571 1239 3654 1308 8),
3708 1238 3827 1311 lege

2158 1327 2392 1399 penitus
2439 1327 2721 1383 canonica
2769 1326 3139 1399 floccipensa,
3183 1326 3650 1383 consuetudines
3682 1328 3824 1398 (746)

2156 1420 2359 1471 tenent
2379 1421 2814 1472 antecessorum
2841 1432 3084 1472 suorum
3109 1416 3279 1487 (747),
3304 1431 3472 1488 reges
3493 1416 3704 1488 utique
3729 1421 3824 1472 aut

2157 1504 2656 1572 interﬁcientium,
2707 1509 2808 1560 aut
2864 1505 3306 1572 excaacantium,
3354 1504 3668 1578 episcOpos
3726 1509 3824 1561 aut

2157 1593 2548 1666 ignominiose
2575 1594 2767 1649 vivere
2798 1592 3302 1666 compellentium,
3324 1597 3448 1661 aut,
3473 1593 3525 1648 si
3553 1593 3664 1649 hoc
3695 1612 3821 1667 per-

2159 1683 2295 1754 peti,
2321 1688 2385 1737 ut
2416 1684 2565 1754 (7/18)
2597 1687 2798 1738 noster
2844 1681 2978 1750 iste,
3011 1681 3201 1755 quivis
3244 1681 3482 1737 illorum
3534 1683 3821 1754 patienter

2159 1771 2438 1843 nequivit,
2461 1771 2606 1842 (749)
2631 1771 2946 1827 Scariotico
2966 1772 3122 1842 jure,
3142 1775 3207 1826 ut
3230 1771 3303 1826 ab
3336 1769 3470 1827 aliis
3496 1775 3814 1843 pateretur,

2157 1861 2311 1932 quod
2337 1861 2448 1932 ipsi
2495 1859 2836 1930 intulerant,
2861 1859 3405 1916 fraudulentissime
3445 1859 3814 1930 facientium;

2158 1951 2298 2022 quis
2329 1965 2530 2006 eorum
2563 1949 3020 2005 consuetudines
3050 1949 3235 2006 sacris
3266 1949 3539 2022 praeferat
3568 1948 3813 2022 legibus,

2159 2039 2272 2093 nisi
2301 2055 2476 2110 quem
2499 2039 2783 2111 Josaphat
2804 2039 2922 2110 regi
2951 2055 3063 2094 non
3086 2042 3264 2095 terret
3292 2037 3456 2094 illata
3476 2037 3817 2110 hujusmodi

2158 2127 2466 2193 sententia,
2507 2127 2756 2184 dicentis
2791 2144 2805 2183 :
2839 2129 3010 2200 Impia
3056 2129 3270 2200 parties
3311 2129 3624 2195 auxilium,
3657 2134 3710 2185 et
3738 2130 3818 2185 his

2157 2219 2256 2288 qui
2283 2217 2513 2272 oderunt
2541 2217 2732 2285 Deum,
2772 2219 3023 2273 amicitia
3063 2219 3514 2291 conjungerisUl
3541 2219 3734 2275 Paral.
3763 2235 3816 2284 ι,

2155 2308 2232 2377 2),
2262 2311 2370 2361 etc.
2406 2305 2551 2361 Illud
2585 2323 2818 2378 quoque
2863 2305 3127 2378 Apostoli
3165 2323 3177 2361 :
3211 2307 3330 2362 Non
3379 2307 3559 2362 solum
3606 2309 3708 2379 qui
3735 2311 3817 2378 fa-

2155 2397 2330 2461 ciunt,
2374 2396 2465 2450 sed
2509 2397 2676 2451 etiam
2724 2397 2822 2466 qui
2866 2397 3214 2451 consentiunt
3253 2398 3430 2466 (Rom.
3466 2412 3505 2463 1,
3537 2396 3654 2465 32).
3692 2395 3818 2452 Hie-

2156 2484 2382 2556 ronymi
2416 2500 2648 2556 quoque
2683 2502 2695 2541 :
2726 2507 2746 2533 ι
2777 2484 3104 2540 Defendens
3138 2483 3408 2556 iniquum
3441 2483 3812 2551 destruatur;

2156 2578 2214 2629 et
2246 2590 2416 2645 poena
2444 2573 2624 2628 simili
2656 2573 2968 2629 damnetur
3009 2574 3278 2630 convenit
3321 2573 3600 2630 defensus
3633 2578 3690 2630 et
3720 2575 3813 2630 de-

2155 2664 2370 2718 fensor.
2396 2685 2423 2712 »
2447 2667 2593 2717 Item
2627 2680 2694 2719 ;‹‹
2728 2662 2809 2717 Ne
2854 2661 3133 2718 defendas
3178 2659 3414 2734 injuste,
3448 2667 3515 2718 ut
3546 2662 3657 2719 ﬁas
3687 2662 3811 2719 alli-

2154 2756 2327 2824 gatus
2349 2752 2532 2822 juste,
2555 2755 2612 2806 et
2651 2751 2954 2822 subjectus
3001 2767 3182 2824 pinnae
3234 2749 3467 2820 alienae;
3501 2750 3606 2824 qui
3654 2753 3806 2808 enim

2154 2841 2407 2913 percutit
2463 2839 2649 2896 malos
2677 2839 2736 2894 in
2767 2856 2834 2895 eo
2865 2841 3019 2911 quod
3049 2839 3186 2895 mali
3219 2844 3378 2908 sunt,
3407 2840 3682 2897 minister
3711 2841 3811 2898 Do-

2155 2929 2299 2984 mini
2333 2934 2440 2985 est.
2464 2951 2492 2978 »
2513 2929 2655 2985 Item
2686 2945 2734 2983 :«
2770 2929 3106 2986 Homicidas
3137 2933 3193 2986 et
3239 2929 3557 3003 sacrilegos
3607 2930 3807 3002 punire

2155 3035 2269 3074 non
2300 3024 2388 3074 est
2417 3018 2623 3074 effusio
2650 3017 2978 3089 sanguinis,
2999 3019 3100 3074 sed
3126 3017 3521 3074 ministerium
3555 3017 3807 3092 legum.»

2155 3107 2303 3162 Nota
2329 3124 2464 3164 vero
2497 3107 2650 3180 quod
2683 3124 2799 3163 non
2828 3107 3040 3163 dixerit
3069 3107 3414 3175 interﬁcere,
3445 3108 3547 3164 sed
3582 3109 3809 3181 punire,

2154 3196 2414 3269 vigilanti
2467 3197 2672 3268 utique
2720 3214 2864 3253 usus
2924 3211 3222 3264 sermone;
3256 3197 3340 3253 sic
3397 3197 3558 3253 enim
3618 3197 3808 3254 alter:

2158 3285 2356 3353 Tunde,
2381 3285 2484 3352 ait,
2511 3287 2689 3341 latera
2729 3285 2840 3355 ﬁlii
2868 3287 2968 3354 tui,
3000 3285 3134 3340 dum
3179 3288 3368 3358 infans
3397 3290 3505 3347 est;
3537 3285 3610 3341 ad
3642 3289 3813 3342 inter-

386 3388 646 3443 campos,
672 3378 967 3444 postremo
998 3373 1153 3428 unde
1199 3390 1548 3429 mammona:
1592 3375 1922 3447 iniquitatis
1952 3394 2040 3432 va-
2075 3352 2118 3420 (ἶ
2154 3377 2443 3445 lectionem
2468 3383 2650 3430 autem
2682 3375 2834 3431 illivs
2862 3391 2933 3431 ne
2957 3391 3130 3447 ponas
3159 3376 3407 3430 animam
3436 3383 3594 3430 tuam
3623 3376 3810 3448 (Eeeli.

383 3459 542 3515 leant
589 3461 898 3518 deservire.
943 3463 1326 3529 Subdiaconi,
1358 3463 1632 3536 acolythi,
1659 3469 1716 3520 et
1763 3465 1952 3521 cazteri
1983 3467 2042 3522 in

383 3549 584 3606 ordine
617 3549 812 3606 clerici
842 3550 982 3623 quid
1024 3552 1239 3607 debent
1287 3568 1482 3625 agere,
1510 3553 1664 3608 unde
1694 3554 1904 3622 vivere,
1939 3572 2044 3628 pro

382 3654 500 3709 qua
523 3655 582 3693 re
603 3637 852 3694 militare
875 3638 1163 3708 Ecclesiae,
1179 3641 1455 3696 excubias
1478 3642 1796 3710 custodire,
1814 3642 2044 3716 ﬂagella

384 3742 487 3796 pro
519 3726 816 3782 discendis
845 3727 1057 3783 litteris
1080 3728 1287 3784 saltem
1320 3729 1602 3800 perferre;
1637 3747 1772 3787 cum
1804 3731 2045 3790 interro-

383 3812 543 3883 ganti
573 3814 846 3883 Apostolo
891 3818 1067 3886 atque
1097 3816 1313 3871 dicenti
1348 3835 1360 3873 :
1397 3819 1530 3885 Quis
1576 3821 1724 3874 enim
1771 3823 2043 3879 militavit

381 3901 502 3955 suis
528 3902 816 3972 stipendiis
841 3908 1123 3974 unquam?
1144 3905 1188 3976 (l
1221 3905 1340 3961 Cor.
1366 3925 1443 3974 1x,
1463 3910 1521 3978 7)
1546 3908 1736 3964 adhuc
1759 3928 1929 3967 nemo
1961 3929 2043 3969 re—

383 3988 704 4059 sponderit,
728 3992 825 4047 ille
855 3993 1009 4048 843
1031 3992 1119 4048 vel
1151 3994 1288 4049 ille?
1309 3997 1655 4068 Quanquam
1687 4003 1744 4054 et
1774 3999 1909 4067 illis,
1939 4019 2040 4074 pro

384 4078 602 4149 quibus
632 4077 817 4152 litigo,
837 4099 954 4137 non
981 4081 1219 4139 omnino
1253 4083 1367 4140 ista
1396 4101 1526 4140 mea
1567 4085 1793 4158 placeat
1841 4095 2042 4147 contra

381 4171 813 4240 contemptores
846 4171 906 4226 in
932 4170 1042 4227 hoc
1065 4189 1355 4228 canonum
1379 4173 1523 4241 rixa,
1547 4176 1695 4246 (745)
1717 4178 1872 4248 quod
1904 4178 2042 4235 dua-

379 4257 490 4312 bus
515 4263 697 4330 agunt
721 4263 915 4317 tamen
939 4278 1045 4334 pro
1069 4264 1264 4319 causis
1293 4280 1306 4320 :
1329 4281 1448 4319 una
1469 4264 1709 4332 scilicet,
1733 4270 1798 4321 ut
1821 4266 1928 4323 hac
1950 4286 2039 4324 oc-

377 4346 611 4402 casione
641 4365 701 4403 se
727 4350 958 4421 possint
987 4369 1021 4407 a
1051 4353 1286 4409 servitio
1325 4353 1426 4410 Dei
1475 4353 1796 4424 retrahere;
1831 4355 2034 4425 altera,

377 4451 495 4506 qua
521 4453 582 4492 se
613 4437 858 4508 quilibet
888 4440 1124 4497 illorum
1147 4447 1346 4515 sperat
1373 4447 1603 4499 tantum
1635 4444 1949 4518 victurum,
1971 4451 2037 4502 ut

450 4541 963 4622 (743)90njunctio
1000 4552 1092 4622 _et,
1119 4565 1258 4622 quae
1304 4567 1609 4622 perperam
1667 4550 1857 4608 locata
1911 4557 2036 4609 erat

378 4615 748 4698 anlte'utiq‘ite,
784 4615 917 4698 huc,
958 4618 1056 4698 ubi
1080 4615 1564 4698 desiderabatur,
1596 4623 2029 4698 transtulimus.

451 4681 911 4768 (744)00nstrue
945 4705 957 4743 :
993 4693 1053 4768 et_
1073 4691 1412 4768 utnabeant
1429 4681 1573 4768 unde
1605 4697 1818 4768 possint
1837 4695 2032 4768 jubere

373 4755 988 4839 [gz'c’erenjuramentum
1015 4761 1300 4839 ﬁdelitatis
1357 4765 1521 4839 alteri
1572 4755 1855 4837 episcOpo;
1872 4784 2030 4839 quem

374 4825 693 4909 illiscilice‘t
721 4825 1051 4887 attraxerint
1077 4851 1096 4886 :
1129 4833 1230 4888 ubi
1276 4825 2028 4909 notandum'verbum'pos-

371 4899 689 4980 sin.t,_quod
725 4915 839 4979 non
874 4919 994 4980 rem
1016 4910 1158 4980 actu
1203 4909 1450 4976 gestam,
1477 4907 1577 4980 sed
1619 4907 1866 4980 jubendi
1894 4899 2029 4980 pos-

374 4967 716 5059 sibilitatem
739 4970 1146 5056 signiﬁcat,it_a
1177 4967 1240 5059 ρξὶ
1270 4967 1765 5059 εβηξύετξὶιβοὶὶε
1795 4967 2031 5059 presby-

372 5040 513 5108 teris
564 5043 620 5092 et
662 5040 923 5097 diaconis
957 5046 1156 5100 omnia
1189 5045 1456 5100 Ecclesia:
1488 5040 1841 5104 Veronensis
1873 5040 2028 5108 horia

372 5105 595 5192 cedere,
613 5113 680 5192 u
701 5117 903 5192 contra
919 5116 1257 5192 episcopum
1279 5133 1459 5192 suum
1475 5105 2023 5192 valeantrebellare,

370 5181 426 5229 et
441 5193 555 5257 per
574 5184 922 5257 potestatem
942 5181 1282 5257 seacularem
1308 5187 1534 5257 possint
1556 5181 2023 5257 inferiores,cum

369 5247 951 5333 velinta'compellere
983 5247 1370 5333 adauxiliuin
1404 5259 1515 5326 sui,
1549 5264 1606 5333 et
1634 5262 1704 5316 ad
1743 5247 2022 5333 praestari;

369 5319 965 5404 dum‘juramentum
1019 5326 1209 5404 alteri‘
1237 5319 1527 5404 episcopo,
1561 5331 1610 5386 si
1650 5319 1823 5404 quem
1857 5319 2023 5392 adse

368 5390 659 5472 attrahere
689 5391 993 5472 placuerit,
1019 5390 1288 5472 uti_olim‘
1307 5390 1615 5470 acciderat,
1639 5390 1772 5460 c‘um
1810 5390 2019 5462 Rathe;

367 5462 489 5516 rius
523 5462 781 5550 Manassi
815 5465 1082 5550 epi‘scopq
1111 5470 1320 5550 locum
1340 5474 1528 5550 cederi
1577 5462 1834 5550 Lotharii
1866 5478 2019 5550 regis

367 5537 652 5620 prgcept'o
685 5535 1183 5620 compulsusfuit.
1216 5543 1559 5620 Videepist.
1590 5547 1643 5614 5,
1675 5551 1816 5620 n27.

437 5605 583 5689 (745)
617 5605 677 5689 in
735 5605 914 5676 priori
952 5611 1272 5689 Acheriana
1308 5605 1578 5689 editione
1624 5605 1756 5689 quid
1784 5617 2015 5677 duabus.

363 5673 843 5765 Emendationem
883 5683 1198 5765 ‘noviSSimi
1257 5687 1495 5744 editoris
1551 5673 1677 5760 ipse
1734 5673 2016 5748 orationis
2119 5673 2707 5765 haegemean:
2738 5673 3179 5765 ‘c‘quéiyzaL-jtd

361 5750 666 5819 contextus
697 5752 997 5819 approbat.

433 5818 579 5910 (746)
613 5817 808 5906 Vulgi,
839 5827 1078 5908 teneant,
1111 5827 1308 5892 minus
1337 5830 1505 5892 bene.

2153 3481 2282 3530 xxx,
2319 3464 2429 3535 12).
2453 3464 2694 3533 Dimitte,
2729 3463 2811 3520 ait
2850 3462 3086 3519 cuidam
3117 3463 3422 3530 Dominus,
3456 3472 3703 3521 mortuos
3730 3481 3810 3520 se-

2150 3553 2324 3626 pelire
2353 3557 2593 3609 mortuos
2620 3569 2747 3609 suos
2776 3553 2983 3622 (Matth.
3007 3569 3127 3618 vm,
3149 3553 3244 3624 22)
3271 3569 3283 3609 :
3318 3553 3471 3625 quod
3505 3553 3812 3610 enucleare

2152 3643 2410 3715 gestiens
2467 3641 2549 3698 ait
2593 3642 2931 3714 veriloquus
2978 3641 3316 3714 expositor:
3352 3644 3508 3699 844
3539 3641 3806 3700 Mortuus

2154 3737 2451 3788 mortuum
2485 3731 2710 3803 sepelit,
2738 3748 2871 3787 cum
2909 3735 3177 3804 peccator
3212 3735 3576 3804 peccatorem
3606 3731 3809 3788 defen-

2151 3822 2256 3889 dit,
2287 3826 2343 3877 et
2392 3837 2464 3878 ne
2513 3821 2584 3876 ad
2636 3821 3106 3877 emendationem
3159 3819 3481 3888 reviviscat,
3532 3819 3808 3877 falsitatis

2151 3911 2419 3984 congerie
2461 3909 2676 3967 obruit.
2715 3912 2816 3978 Vae,
2851 3909 2934 3966 ait
2964 3925 3065 3982 per
3093 3909 3440 3982 prophetam
3489 3907 3585 3964 his
3633 3909 3808 3966 etiam

2150 4000 2454 4067 Dominus,
2479 4001 2576 4072 qui
2601 4007 2870 4055 censu-unt
2889 3999 3151 4071 pulvillos
3175 3998 3273 4054 sub
3303 3998 3457 4054 omni
3484 3997 3667 4054 cubito
3696 4014 3810 4052 ma-

2147 4106 2254 4144 nus
2285 4089 2501 4161 (Ezech.
2535 4105 2656 4155 xm,
2680 4088 2789 4161 48).
2813 4088 2919 4154 Qui
2955 4091 3094 4144 sunt
3121 4103 3255 4143 vero
3287 4086 3391 4155 illi,
3425 4086 3541 4141 nisi
3573 4087 3646 4142 de
3679 4087 3809 4160 qui-

2149 4178 2260 4233 bus
2292 4177 2431 4233 alibi
2465 4177 2679 4232 dicitur
2711 4194 2724 4233 :
2766 4179 2850 4234 Vw
2894 4179 2992 4249 qui
3026 4176 3209 4233 dicitis
3241 4177 3441 4232 bonum
3490 4175 3726 4245 malum,
3762 4184 3814 4233 et

2145 4267 2357 4322 malum
2389 4266 2628 4323 bonum?
2655 4269 2782 4337 (Isa.
2814 4283 2869 4333 v,
2902 4267 3019 4333 20.)

2215 4357 2266 4411 5.
2299 4354 2606 4411 Cavillator
2635 4359 2872 4411 econtra
2903 4371 2916 4410 :
2953 4355 3210 4423 Quandiu
3254 4353 3522 4427 apostolus
3552 4356 3811 4424 gentium

2141 4462 2285 4516 sum,
2318 4444 2398 4501 ait
2427 4445 2637 4501 Doctor
2677 4443 2966 4517 egregius,
2998 4445 3374 4500 ministerium
3413 4459 3604 4498 meum
3632 4443 3814 4498 hone-

2217 4553 2364 4624 (747)
2387 4551 2593 4624 Reges.
2621 4548 2902 4624 nimirum
2925 4550 3340 4624 Berengarium
3357 4549 3408 4624 _I,
3433 4550 3538 4624 qui
3569 4549 3815 4624 Verona

2142 4621 2640 4691 interfectus'fuit,
2664 4627 2721 4677 et
2757 4621 3137 4678 Ludovicum‘
3159 4621 3404 4679 Bosonis
3437 4621 3632 4677 ﬁlium
3669 4621 3815 4678 item

2140 4695 2378 4751 Verona:
2417 4695 2794 4749 obcaecatum.

2392 4767 2580 4845 {Vester
2610 4767 2826 4845 isteest
2854 4764 2979 4845 ipse
3011 4763 3342 4845 Ratherius.

2211 4833 2358 4909 (749)
2387 4836 2849 4960 Scarioticoq'ure,
2877 4833 2942 4890 id
2980 4841 3069 4892 est
3114 4852 3184 4892 ea
3211 4836 3360 4909 lege,
3383 4834 3465 4890 ait
3492 4833 3806 4906 Acherius,

2211 4927 2255 4960 ia
2281 4926 2310 4960 θ
2345 4924 2588 4960 numero
2621 4925 2698 4960 m1
2729 4908 2875 4960 itum
2907 4908 3264 4960 exnungitur
3292 4907 3446 4960 nuis.
3479 4905 3600 4960 sive
3630 4923 3806 4960 exau-

2139 4905 2255 4980 qua
2281 4926 2310 4964 e
2345 4924 2588 4988 numero
2621 4905 2879 4988 militum
2907 4905 3600 4988 expungitur'quis,_sive
3630 4905 3809 4988 exitu;

2137 4976 2414 5035 etoratur.
2450 4981 2663 5043 Verum,
2689 4978 2896 5050 subdit
2913 4976 3272 5034 novissimus
3293 4976 3590 5050 Spicilegii
3619 4978 3807 5033 Ache-

2137 5051 2288 5106 riani
2319 5051 2524 5114 editor,
2557 5054 2619 5104 ut
2649 5049 2705 5103 id
2733 5066 2842 5104 esse
2871 5049 3232 5121 Scarioticum
3276 5049 3372 5121 jus
3426 5052 3806 5121 agnosco,7ita

2135 5123 2404 5193 ejusmodi
2473 5123 2978 5193 interpretationem
3033 5120 3161 5176 huic
3227 5120 3340 5178 loco
3397 5120 3808 5193 accommodari

2130 5191 2288 5265 posse
2316 5209 2491 5263 nego:
2514 5193 2772 5265 namhoc
2801 5191 3158 5265 Seariotieum
3177 5193 3274 5264 jus
3317 5193 3558 5265 appellat
3611 5192 3808 5265 Ruthe-

2134 5263 2273 5330 rius,
2301 5281 2405 5336 quo
2435 5265 2559 5335 quis
2587 5264 2772 5336 efﬁcit,
2806 5267 2881 5336 ut
2911 5263 3051 5334 quod
3099 5263 3212 5334 ipse
3260 5263 3472 5336 malum
3502 5264 3700 5332 infert.
3737 5263 3806 5336 ηιξ

2131 5339 2243 5392 alio
2276 5333 2511 5408 quodam
2540 5333 3060 5408 illatumvideatur.
3098 5333 3160 5392 Ut
3200 5336 3376 5408 igitur
3425 5335 3608 5389 dicam
3657 5333 3812 5408 quod

2129 5406 2325 5474 sentio,
2357 5408 2580 5462 clericos
2602 5421 2728 5460 suos
2761 5406 2820 5460 in
2843 5421 2904 5461 se
2945 5406 3135 5478 eadem
3154 5407 3390 5478 perﬁdia
3428 5421 3554 5461 usos
3572 5406 3803 5478 scribit,

2166 5496 2239 5534 ua
2266 5479 2434 5535 ludas
2490 5479 2782 5534 Iscariotes
2837 5478 2898 5531 in
2955 5475 3263 5533 Christum.
3282 5477 3435 5534 Sicut
3491 5475 3645 5532 enim
3703 5477 3809 5531 ille

2174 5552 2420 5605 ominum
2446 5566 2610 5621 suum
2665 5564 2729 5602 ac
2783 5556 3032 5603 nostrum
3071 5549 3336 5621 prodidit,
3367 5564 3432 5605 ac
3486 5545 3690 5621 deinde
3746 5547 3807 5602 id

2125 5623 2256 5693 fecit
2281 5665 2295 5688 ,
2348 5637 2452 5693 quo
2509 5619 2685 5676 videri
2738 5627 2946 5691 poterat
2998 5619 3110 5676 non
3156 5621 3487 5676 consensisse
3507 5689 3520 5693 _
3539 5620 3614 5673 iis
3677 5635 3805 5693 quae

3298 5689 3622 5762 opemodum
3673 5691 3802 5762 illos

2122 5761 2180 5820 se
2209 5763 2354 5848 apud
2386 5766 2768 5845 imperatorem
2790 5762 3195 5843 _(scribendum
3225 5761 3414 5848 fuerat
3441 5777 3502 5844 re
3545 5776 3644 5817 em
3680 5761 3798 5818 Lo-

2122 5836 2402 5910 thumum,
2434 5851 2537 5914 qui
2567 5833 2910 5914 Ratherium
2939 5831 3064 5914 loco
3095 5834 3299 5914 cedere
3331 5776 3544 5914 jussit?
3565 5832 3793 5914 calum:

2121 5831 2402 5910 thax‘ium,
2434 5831 2537 5920 q'ui
2567 5833 2911 5932 Ratheriuin
2939 5831 3064 5932 lqco
3095 5834 3299 5929 cedere
3331 5831 3536 5918 jussit)
3565 5832 3793 5914 calum:
