3896 6408
146 451 257 517 497

1028 452 1182 533 ,ιιιι
1224 451 1707 518 conrnune
1750 402 2162 533 ciNoNUM.
2194 484 2273 501 --
2301 448 2602 517 PARS'I.

3435 446 3555 516 498

161 589 207 647 et
224 583 394 644 clerici
439 582 616 644 istius
645 583 980 660 provinciae,
1002 604 1121 644 non
1180 587 1419 661 quidem
1478 586 1780 663 religionis
1806 589 1865 659 Α
1892 586 2199 658 fateri,sed
2230 586 2469 662 pulsum
2502 604 2535 646 a
2565 585 2803 661 propria
2834 584 2971 644 sede
2986 585 3066 659 [id
3082 592 3161 643 est
3181 601 3214 642 a
3241 584 3556 659 Veronen.]

148 677 463 747 .amore,sed
493 676 714 734 laboris
740 677 1126 735 obtenderent
1144 678 1302 747 odio,
1320 678 1413 735 sui
1428 678 1538 734 hoc
1561 678 1784 735 ordinis

157 766 365 824 minime
396 766 568 835 forte,
588 766 897 840 petulanti,
913 771 978 824 ut
1002 784 1176 840 saepe,
1202 768 1475 841 respondi
1490 784 1779 825 sermone:

156 857 213 913 Ut
235 872 339 915 non
363 856 717 929 permittunt
733 873 987 913 canones
1005 856 1213 913 clerico
1244 873 1527 931 pugnare,
1564 857 1646 912 ita
1676 874 1782 913 nec

152 948 411 1018 stuprare.
435 948 525 1004 Vae
552 946 832 1015 enim,ait
862 946 1103 1019 quidam
1134 945 1373 1001 mentiri
1403 945 1658 1015 nescius,
1695 948 1783 1003 Vae

147 1035 291 1103 vobis,
320 1035 530 1092 Scriba:
557 1039 611 1091 et
640 1035 918 1091 Pliarisiei
954 1035 1273 1107 hypocrita,
1307 1036 1440 1108 quia
1492 1034 1780 1091 decimatis

147 1123 417 1194 mutilam,
449 1133 503 1182 et
530 1126 813 1194 anethum,
846 1130 898 1181 et
925 1127 1228 1199 cyminum,
1253 1130 1304 1181 et
1332 1126 1635 1197 reliqnistis
1655 1140 1781 1198 qua?

140 1215 371 1284 graviora
431 1222 562 1271 sunt
602 1215 760 1285 tegis,
801 1214 1103 1287 judicium,
1134 1218 1185 1272 et
1240 1214 1697 1284 misericordiam,
1729 1221 1781 1271 et

140 1302 283 1372 ﬁdem
312 1303 525 1375 (Matth.
556 1321 719 1373 xxiii,
752 1305 864 1377 23).

195 1390 244 1446 9.
276 1391 421 1448 Cum
453 1394 714 1466 puodam
746 1394 923 1465 etiam
954 1393 1026 1450 de
1058 1392 1507 1449 intronizatione
1541 1393 1776 1450 Leodici

134 1479 260 1536 dum
289 1482 703 1540 contenderem
730 1499 879 1551 mea,
905 1482 1139 1540 conanti
1163 1481 1308 1538 mihi
1340 1481 1689 1539 auctoritate
1711 1482 1777 1536 il-

116 1565 233 1625 .lam
264 1570 412 1626 tueri
440 1571 692 1628 Antheri
722 1589 905 1645 papae,
938 1568 1036 1629 ille
1066 1571 1327 1633 instabat
1368 1570 1627 1645 capitula
1656 1571 1772 1627 ista

125 1658 228 1716 duo
248 1659 617 1718 Sardicensis
650 1660 881 1717 concilii
902 1660 1250 1733 opponendo
1272 1660 1577 1731 I(epist.sub
1602 1660 1771 1731 init.).

120 1747 213 1820 (Ετ
238 1749 403 1805 Dion.
426 1750 688 1819 Exiguo).
709 1772 736 1800 ‹‹
769 1748 944 1805 Osius
974 1748 1287 1820 episcopus
1314 1747 1635 1804 dixitzNon
1668 1748 1776 1804 mi-

118 1852 217 1894 nus
248 1837 416 1895 mala
445 1837 831 1903 consuetudo,
859 1852 1041 1909 quam
1068 1835 1399 1909 perniciosa
1420 1837 1768 1910 corruptela,

117 1926 385 2035 funditus
402 1925 874 2035 eradicanda‘est.
888 1926 969 1982 Ne
986 1924 1479 2025 cuiitaqueliceat
1501 1924 1773 2035 episcopo
1802 1965 1852 2035 Β

114 2014 173 2071 de
195 2014 449 2070 civitate
471 2031 584 2070 sua
610 2014 683 2070 ad
711 2013 886 2069 aliam
917 2013 1167 2071 transire
1195 2014 1773 2071 civitatem.Manife-

114 2110 192 2159 sta
239 2106 337 2159 est
388 2103 549 2159 enim
580 2120 784 2169 causa,
816 2120 933 2175 qua
961 2103 1071 2159 hoc
1103 2103 1289 2159 facere
1330 2107 1588 2173 tentant;
1635 2121 1772 2161 cum

115 2190 314 2248 nullus
346 2191 410 2248 in
441 2191 556 2248 hac
587 2209 649 2247 re
672 2191 944 2248 inventus
974 2191 1051 2247 sit
1080 2192 1411 2264 episcopus,
1438 2192 1539 2264 qui
1570 2192 1642 2248 de
1655 2210 1772 2248 ma-

108 2282 223 2353 jore
252 2280 489 2338 civitate
520 2280 596 2336 ad
628 2280 918 2337 minorem
962 2280 1262 2357 transiret.
1306 2280 1465 2336 Unde
1522 2285 1768 2355 apparet

119 2370 363 2439 avaritias
374 2370 585 2427 ardore
606 2386 709 2426 eos
728 2369 1106 2438 inﬂammari,
1121 2373 1179 2425 et
1196 2369 1503 2426 ambitioni
1522 2371 1764 2439 servire,

116 2461 168 2515 et
188 2462 252 2515 ut
280 2458 752 2516 dominationem
783 2463 979 2558 agant,
996 2458 1239 2516 ambire.
1258 2459 1317 2515 Si
1347 2458 1626 2517 omnibus
1639 2459 1766 2533 pla-

118 2548 581 2621 cet,hnjusmodi
612 2547 901 2622 pernicies
932 2547 1190 2606 severius
1221 2552 1278 2604 et
1311 2549 1607 2605 austerius
1637 2548 1767 2604 vin-

92 2636 351 2707 dicetur,
388 2642 455 2693 ut
486 2654 591 2694 nec
623 2636 834 2694 laicam
875 2637 1355 2694 communionem
1405 2636 1619 2694 habeat
1665 2638 1766 2711 qui

115 2724 240 2782 talis
267 2730 379 2784 est.
417 2727 871 2800 Responderunt
900 2725 1157 2783 universi
1191 2744 1205 2782 :
1242 2726 1453 2785 Placet.
1487 2749 1516 2778 »
1552 2727 1768 2784 II.Item

86 2813 171 2871 Ide
198 2815 395 2873 iisdem
421 2818 711 2889 episcOpis,
737 2824 800 2872 ut
827 2818 881 2872 si
925 2833 1023 2889 per
1050 2818 1405 2873 ambitionem
1432 2817 1612 2873 sedem
1640 2834 1768 2873 mu-

112 2906 355 2973 taverint,
377 2922 482 2962 nec
501 2907 563 2962 in
591 2908 748 2962 exitu
770 2907 1209 2963 communionem
1225 2907 1423 2963 laicam
1439 2922 1770 2979 consequan-

111 2996 213 3051 tur.
247 3016 275 3045 «
310 2994 493 3052 Osius
525 2995 836 3068 episcopus
867 2994 1015 3051 dixit
1045 3012 1059 3052 :
1094 2995 1370 3052 Etsiamsi
1397 2995 1532 3053 talis
1550 2995 1765 3069 aliquis

112 3082 385 3153 exstiterit
437 3083 814 3152 temerarius,
873 3088 939 3140 ut
996 3084 1267 3141 fortassis
1326 3085 1763 3141 excusationem

78 3171 347 3230 .all'erens
372 3177 694 3241 asseveret,
726 3174 883 3247 quod
914 3172 1115 3247 populi
1155 3173 1379 3230 litteras
1424 3174 1713 3247 acceperit
1746 3192 1759 3242 ;

108 3275 230 3318 cum
261 3262 652 3319 manifestum
684 3263 763 3320 sit
791 3264 1054 3337 potuisse
1073 3280 1397 3337 paucorum
1429 3264 1666 3338 praemio
1703 3269 1761 3320 et

108 3352 365 3411 mercede
392 3352 697 3426 corrumpi
730 3335 829 3410 eos
860 3352 960 3426 qui
993 3335 1281 3409 sinceram
1316 3335 1491 3410 ﬁdem
1513 3370 1630 3410 non
1664 3353 1761 3409 ha-
1791 3335 1836 3403 (ἶ

104 3435 253 3510 bent,
285 3444 353 3498 ut
381 3440 717 3499 clamarent
746 3441 806 3498 in
837 3441 1100 3511 ecclesia,
1134 3445 1192 3497 et
1226 3442 1423 3515 ipsum
1456 3447 1652 3515 petere
1682 3441 1761 3498 vi-

104 3526 372 3599 derentur
400 3530 753 3605 episcopum
787 3548 799 3587 :
833 3530 1072 3589 omnino
1103 3530 1212 3588 has
1240 3531 1764 3588 fraudesdamnan-

100 3615 201 3672 das
228 3633 358 3677 esse
389 3619 675 3689 arbitror,
700 3620 866 3676 itaut
895 3636 999 3677 nec
1032 3619 1243 3677 laicam
1274 3621 1336 3676 in
1364 3621 1479 3677 fine
1501 3637 1763 3678 commu-

103 3704 324 3766 nionem
356 3708 505 3766 talis
535 3709 803 3782 accipiat.
830 3710 899 3765 Et
929 3710 978 3767 si
1006 3710 1172 3765 vobis
1222 3709 1502 3767 omnibus
1548 3709 1760 3782 placet,

100 3797 350 3855 statuite.
371 3798 657 3875 Synodus
686 3799 990 3872 respondit
1017 3815 1030 3854 :
1064 3798 1277 3869 Placet,
1304 3821 1332 3849 ››
1365 3798 1600 3855 Anxiari
1631 3814 1760 3871 ego,

101 3899 199 3941 nec
223 3887 487 3945 avaritiae
516 3904 716 3958 causa;
744 3887 834 3943 vel
865 3887 1154 3962 superbia:
1201 3904 1296 3944 me
1342 3886 1758 3943 intronizatum

100 4002 203 4080 etc.
260 4004 562 4080 Quondam
604 4020 738 4080 vero
790 4003 1007 4080 inquit‘
1039 4004 1112 4060 de
1171 4019 1254 4080 re,
1294 4018 1423 4080 quae
1472 4004 1764 4080 acciderat

103 4074 505 4215 gignanpum
532 4076 661 4145 962,
698 4076 856 4147 quod
872 4074 1019 4132 't'use
1058 4074 1483 4149 explicavimus
1513 4076 1572 4132 in
1628 4076 1762 4133 Vita

217 4164 318 4215 ,ιιι
373 4165 493 4205 ine.
960 4206 967 4209 η

164 4251 312 4327 (765)
344 4256 510 4312 Nunc
542 4253 644 4327 ait,
659 4252 800 4325 quia
814 4257 959 4327 tunc
979 4269 1119 4327 eum
1149 4242 1371 4310 cientus
1402 4253 1514 4327 fuit
1536 4255 1758 4327 episco-

101 4335 205 4444 pus
235 4324 621 4383 Leodicensis
638 4324 804 4381 anno
831 4326 958 4390 953,
987 4325 1119 4381 Otto
1152 4327 1413 4382 nondum
1444 4324 1763 4398 imperator

125 4401 278 4444 uerat
310 4397 714 4444 renuntiatus-
744 4396 829 4444 nti
861 4401 985 4444 erat
1014 4414 1180 4444 nunc,
1217 4414 1349 4444 mim
1384 4397 1562 4444 hnmn
1611 4415 1762 4444 nmm

101 4397 715 4523 {aerati-enuntiatus,
744 4397 831 4452 uti
861 4401 985 4453 erat
1014 4414 1185 4466 nunc,
1217 4414 1351 4453 cum
1384 4397 1562 4455 hocce
1611 4415 1762 4471 opus

101 4478 301 4538 εει-ψει
338 4510 351 4523 .

163 4570 429 4647 (166))(17
460 4577 574 4647 est,
607 4576 889 4631 occasione
934 4577 1105 4631 etiam
1149 4574 1309 4647 quod,
1360 4574 1484 4647 haec
1541 4574 1763 4633 scilicet

1893 679 2243 737 necessitate
2272 682 2540 736 coactum
2572 678 2789 735 adiisse
2822 682 2964 734 tunc
3023 677 3306 749 temporis
3350 676 3549 749 piissi-

1894 784 2058 825 mum
2091 768 2236 842 (765)
2272 785 2428 823 nunc
2486 767 2767 823 Cmsarem
2818 766 3313 840 gloriosissimum
3362 765 3551 835 illum;

1893 872 2074 930 super
2102 857 2212 913 hoc
2253 857 2623 914 consuluisse
2674 856 2994 929 prmsulum
3041 855 3392 911 concilium:
3422 854 3554 912 illos

1890 963 2024 1003 vero
2053 946 2512 1004 misericorditer
2542 963 2635 1002 me
2666 946 2932 1018 elegisse,
2962 949 3018 1001 et
3047 944 3249 1018 populi
3306 962 3552 1002 assensu

1890 1037 2227 1108 conjuncto,
2265 1035 2657 1092 fraternaliter
2703 1034 3108 1101 intronizasse,
3143 1035 3292 1106 (766)
3325 1033 3552 1091 utilita-

1888 1126 1965 1183 tis
1998 1127 2176 1184 etiam
2209 1127 2512 1184 occasione
2544 1127 2700 1199 quod
2734 1125 2967 1181 illorum
2984 1126 3081 1191 sit,
3101 1125 3546 1197 pratenderam.

1888 1216 2153 1289 Cumque
2185 1234 2290 1273 nec
2320 1215 2538 1273 talibus
2568 1215 2651 1271 illi
2676 1216 2820 1279 (767)
2846 1214 3147 1271 silentium
3180 1216 3333 1271 349
3356 1214 3551 1287 impo-

1887 1322 2025 1362 nere
2058 1306 2397 1375 valuissem,
2432 1306 2637 1362 auditu
2670 1305 2926 1377 quodam
2961 1303 3347 1376 comperiens,
3383 1303 3550 1377 igna-

1887 1413 1990 1453 rus
2021 1400 2221 1451 utrum
2253 1387 2536 1452 veraciter
2567 1393 2705 1451 licet
2733 1411 2869 1450 eum
2904 1393 3025 1449 fore
3075 1392 3371 1461 uxorium,
3396 1394 3547 1465 (768)

1888 1484 2250 1558 ampullatus
2279 1488 2588 1558 potestate,
2619 1483 2755 1539 licet
2786 1500 2902 1538 non
2934 1485 3085 1550 actu,
3116 1482 3273 1537 hunc
3313 1481 3364 1536 ei
3425 1482 3550 1536 red—

1888 1573 2011 1628 didi
2042 1576 2437 1646 anapaestum.
2471 1574 2536 1628 In
2568 1571 2892 1628 canonibus
2924 1568 3345 1643 apostolorum,
3380 1568 3428 1625 si
3459 1574 3547 1625 ta-

1889 1678 2024 1718 men
2056 1678 2155 1719 eos
2185 1666 2252 1717 ut
2282 1662 2645 1735 apocryphos
2677 1677 2792 1716 non
2830 1659 3082 1731 respuis,
3116 1657 3286 1714 titulo
3334 1657 3550 1731 legitur

1886 1766 2024 1817 xvn,
2057 1754 2115 1806 et
2154 1750 2360 1806 concil.
2396 1749 2738 1805 Laodicensi
2778 1746 2868 1804 tit.
2901 1765 2942 1813 ι,
2969 1747 3029 1802 in
3084 1746 3334 1802 decretis
3382 1763 3544 1821 papae

1885 1840 2071 1895 Siricii
2103 1840 2194 1895 tit.
2222 1856 2301 1908 xx,
2333 1838 2393 1894 in
2420 1838 2672 1895 decretis
2702 1837 3028 1893 Innocentii
3076 1852 3236 1909 papm
3268 1835 3359 1891 tit.
3393 1853 3451 1892 χι
3490 1841 3548 1893 et

1884 1944 1963 1986 xu
1987 1932 2045 1985 et
2072 1946 2197 1995 xm,
2230 1945 2454 1985 necnon
2487 1932 2545 1984 et
2570 1945 2726 1996 xxxx,
2759 1928 2905 1993 (769)
2938 1926 2997 1981 in
3029 1925 3277 1981 decretis
3312 1942 3545 1999 quoque

1884 2035 2047 2092 papaa
2080 2018 2290 2075 Leonis
2303 2018 2393 2073 tit.
2420 2034 2482 2085 ιι,
2506 2017 2674 2090 ρι’ωοὶ
2682 2015 2859 2089 pitur,
2875 2019 2940 2070 ut
2959 2015 3178 2087 bigami
3196 2031 3309 2070 non
3325 2015 3545 2071 admit-

1882 2112 2084 2164 tantur
2110 2109 2183 2163 ad
2216 2106 2441 2163 clerum
2470 2110 2548 2176 et,
2582 2106 2866 2161 miserum
2895 2104 3047 2187 mel,
3081 2103 3132 2159 si
3170 2119 3285 2158 non
3318 2105 3392 2160 ad
3423 2102 3545 2160 cle-

1882 2213 2037 2265 rum,
2070 2196 2363 2269 quomodo
2395 2195 2467 2250 ad
2498 2193 2938 2251 sacerdotium?
2960 2209 3093 2249 cum
3129 2209 3245 2248 non
3277 2196 3542 2266 operteat

1879 2285 1937 2341 in
1972 2284 2196 2358 nuptiis
2222 2284 2665 2357 bigamisaltem
2700 2284 2985 2356 prandere
2998 2283 3393 2356 presbyteros,
3410 2299 3542 2339 con-

1878 2374 2015 2430 cilio
2046 2375 2132 2433 sic
2167 2373 2620 2431 Ncoczesariensi
2636 2372 2861 2429 dicente
2879 2388 3005 2444 cap.
3027 2372 3544 2442 v11:Presbyterum

1878 2467 1937 2521 in
1967 2466 2179 2537 nuptiis
2211 2465 2421 2534 bigami
2451 2463 2725 2535 prandere
2762 2478 2874 2517 non
2916 2462 3208 2522 convenit;
3238 2462 3368 2530 quia
3415 2476 3542 2514 cum

1870 2554 2201 2626 paenitentia
2233 2553 2479 2624 bigamus
2508 2554 2681 2622 egeat,
2710 2552 2834 2622 quis
2855 2550 2961 2604 erit
2981 2550 3270 2620 presbyter
3296 2549 3393 2618 qui
3408 2563 3541 2618 pro-

1872 2650 1993 2715 pter
2020 2644 2337 2699 convicium
2367 2640 2571 2696 talibus
2602 2640 2814 2711 nuptiis
2840 2639 3011 2710 possit
3030 2636 3281 2709 praebere
3308 2652 3536 2691 consen-

1873 2736 2037 2787 sum?
2067 2735 2145 2787 De
2177 2728 2528 2786 multinubis
2557 2744 2711 2798 vero,
2746 2726 2885 2800 quid
2917 2725 2981 2791 in
3028 2724 3275 2782 concilio
3333 2724 3537 2781 eodem

1875 2822 2026 2893 (770)
2051 2820 2301 2893 legatur,
2335 2818 2566 2891 inquire
2598 2819 2687 2873 tit.
2722 2835 2803 2873 ιιι.

1950 2911 2034 2965 10.
2070 2909 2213 2965 Cum
2244 2907 2360 2966 alia
2391 2911 2567 2981 atque
2598 2907 2714 2964 alia
2745 2907 3098 2979 respondere
3128 2905 3384 2979 gestiens
3418 2904 3535 2961 ritu

1875 2999 2125 3073 garriret
2153 2997 2535 3072 lymphatico,
2561 3001 2620 3053 et
2650 2996 2889 3052 inﬂatus
2919 2995 3192 3052 hesterno
3237 3011 3435 3062 venas,
3469 2998 3536 3050 ut

1875 3105 2109 3161 semper
2150 3087 2353 3145 laccho
2395 3087 2562 3159 (771),
2596 3087 2667 3143 ad
2722 3085 2951 3143 tabulas
3006 3086 3249 3158 insuper
3303 3084 3532 3140 luderet

1834 3246 1841 3251 ε
1873 3178 2119 3235 alearias
2150 3178 2342 3251 (VIRG.
2378 3178 2543 3248 cclog.
2565 3192 2641 3243 vr,
2673 3194 2726 3232 v.
2764 3177 2872 3243 15),
2892 3175 3296 3231 stomachatus
3316 3172 3531 3230 iterum

1875 3285 1981 3343 ego
2016 3287 2028 3325 :
2061 3268 2130 3324 Ni
2158 3284 2413 3324 canones
2444 3265 2846 3338 apostolorum
2879 3282 3013 3321 cum
3045 3264 3190 3336 ipsis
3222 3279 3531 3335 respueres

1874 3356 2173 3430 apostolis.
2192 3355 2446 3411 dicerem
2460 3354 2564 3410 tibi
2579 3355 2638 3410 in
2660 3353 2986 3409 canonibus
3004 3351 3290 3408 contineri
3308 3350 3532 3406 eisdem

1872 3446 1961 3502 tit.
1994 3462 2110 3503 xui
2139 3450 2197 3502 et
2225 3461 2385 3512 XLIII,
2419 3443 2575 3516 quod
2617 3440 2948 3515 episcopus,
2977 3439 3303 3512 presbyter,
3326 3442 3383 3493 et
3403 3438 3532 3493 dia-

1873 3552 2057 3591 conus
2088 3533 2307 3590 aleator
2336 3536 2392 3587 et
2420 3530 2708 3597 ebriosus,
2726 3534 2791 3585 ut
2823 3534 2907 3596 tu,
2926 3545 3056 3585 esse
3079 3544 3194 3583 non
3218 3526 3456 3595 debeat;
3477 3530 3534 3582 et

1872 3623 1923 3679 si
1983 3622 2176 3690 fuerit,
2210 3625 2311 3677 aut
2366 3619 2616 3686 desinat,
2653 3623 2756 3674 aut
2813 3618 3159 3689 deponatur.
3193 3614 3357 3679 Quod
3414 3631 3531 3672 non

1872 3710 2097 3768 licuerit
2154 3726 2387 3784 quoque
2444 3708 2626 3765 tibia
2681 3711 2786 3763 tua
2842 3705 3089 3763 ecclesia
3144 3703 3279 3778 plus
3337 3703 3531 3761 tribus

1876 3799 2340 3858 hebdomadibus
2400 3800 2589 3867 desse,
2651 3814 2813 3854 conc.
2878 3794 3245 3853 Sardicensis
3282 3794 3374 3851 tit.
3433 3811 3527 3862 xv,

1872 3907 2066 3965 qumre
2089 3889 2481 3953 (772).Utrum
2505 3887 2677 3944 liceat
2707 3887 2885 3944 etiam
2908 3885 3037 3958 tibi,
3056 3890 3121 3941 ut
3147 3902 3180 3941 a
3205 3883 3530 3956 majoribus

1870 4008 2259 4091 nuttapccasio
2287 4005 2540 4062 scandati
2563 4014 2739 4078 posset
2796 4007 2856 4060 in
2892 4019 3082 4060 eorum
3138 4003 3383 4073 episcopo
3441 4016 3564 4057 rem

2118 4149 2285 4225 Apud
2317 4147 2642 4225 Acberium
2662 4146 3106 4225 similitudinem,
3126 4147 3183 4199 et
3204 4142 3379 4225 paulo
3397 4146 3529 4225 post

1870 4213 2384 4306 auditu'quomlam.
2418 4218 2732 4275 Novissimi
2763 4216 3005 4273 editoris
3036 4213 3368 4273 emendatio
3400 4213 3528 4286 pla-

1869 4299 2091 4491 ωξζδᾯ
2133 4362 2499 4435 Amputlatus,
2552 4360 2611 4415 id
2661 4363 2750 4415 est
2792 4359 3056 4423 inﬂatus,
3101 4355 3396 4482 turgidus,
3432 4355 3525 4438 ἀι)

1869 4438 2054 4491 ambul
2080 4451 2163 4491 or.
2195 4434 2504 4491 magniﬁce
2533 4431 2766 4491 loquor.
2791 4446 2905 4491 quo
2934 4428 3110 4485 verbo
3130 4444 3197 4483 ve
3250 4426 3525 4482 Horatius

1866 4426 2163 4509 anipuiior,
2195 4426 2504 4507 magniﬁce
2533 4431 2766 4504 loquor,
2790 4446 2905 4544 quo
2934 4428 3110 4485 verbo
3130 4426 3225 4483 vel,
3250 4426 3527 4509 Horatius

1870 4526 2014 4544 ιιαιια
2046 4511 2132 4544 ac}
2166 4504 2247 4544 lih
2306 4522 2319 4544 ι
2376 4504 2527 4544 oniuf
2580 4505 2613 4544 2
2667 4520 2701 4544 ν
2758 4502 2818 4544 ιι
2856 4519 2868 4531 ·
2913 4500 3267 4544 ,ιιηιπηηίιιην
3296 4515 3352 4544 m
3386 4506 3518 4544 arm.

1870 4500 2016 4565 usus
2046 4511 2137 4562 est
2166 4504 2267 4561 lib.
2295 4500 2343 4573 ἶ,
2376 4504 2545 4576 epist.
2579 4500 2633 4571 3,
2667 4500 2825 4576 v,_M
2856 4500 2869 4557 ἐ
2911 4500 3352 4576 .(mpullatunin
3386 4506 3518 4554 arte.

1869 4580 2011 4635 Dein
2046 4570 2395 4649 anapa’stum
2412 4570 2591 4631 alicui
2622 4573 2841 4630 reddere
2870 4575 2959 4628 est
2997 4570 3317 4649 adversarii
3349 4588 3522 4644 argu-

102 4638 348 4719 Ratberii
383 4638 617 4719 electio,
649 4649 723 4703 sit
751 4648 1015 4719 utilitatis
1072 4638 1321 4719 ittérum.
1356 4646 1520 4703 Hunc
1566 4648 1759 4703 locum
1792 4709 1831 4719 _
1871 4655 2137 4707 mentum
2156 4638 2363 4703 contra
2385 4647 2580 4719 ipsum
2605 4649 2935 4719 convertere
2952 4638 3523 4719 ἓβιωεοάνάτξαισῖεος,

102 4712 336 4802 miriﬁce
366 4709 671 4802 eaplicant
697 4719 869 4801 coaevi
893 4718 1213 4802 scriptores
1235 4718 1534 4802 ollotgcr‘uns
1554 4719 1613 4802 in
1626 4720 1760 4802 Vita
1790 4709 1837 4774 D
1868 4740 1972 4802 pes
2005 4721 2284 4802 carminis
2315 4709 2926 4802 daétxloucontrarius‘.
2952 4716 3054 4802 llic
3085 4721 3281 4772 autem
3315 4717 3525 4802 Rutbe—

99 4780 153 4837 S.
168 4780 463 4862 Brunonis
478 4788 905 4862 archiepiscopi
920 4780 1282 4845 Coloniensis
1295 4780 1527 4861 «113.34,
1545 4795 1602 4862 et
1625 4791 1757 4847 Ful-

99 4855 302 4933 cuinus
317 4860 385 4933 de
397 4861 586 4919 abbot.
617 4855 976 4918 Lobz'ensibus
996 4877 1122 4933 cap.
1148 4855 1504 4933 23,7quo'rum
1516 4855 1677 4918 alter
1690 4879 1759 4918 ex

102 4925 271 5011 altero
284 4931 498 5011 eadem
515 4948 692 5011 prope
702 4933 878 4989 verba
888 4925 1466 5011 exscripsitlt-atberi
1478 4951 1510 4987 u
1521 4951 1576 5011 ιιι
1599 4950 1666 4989 en
1678 4935 1756 4989 im

100 4999 307 5080 idcirco
337 5004 412 5060 ad
440 4999 1358 5080 Lepdicensemsedem'promotu
1370 5021 1425 5059 ιιι
1444 5009 1755 5080 testantur;

100 5074 395 5146 quianon
437 5074 621 5131 eidem
675 5075 922 5133 ecclesia?
978 5074 1158 5131 solum
1195 5076 1287 5129 cui
1312 5077 1560 5146 prce/uit,
1586 5077 1678 5133 sed
1708 5086 1759 5133 et

98 5142 280 5220 multis
304 5146 442 5202 aliis
473 5147 884 5220 circunquaque
919 5146 1084 5220 valde,
1114 5142 1566 5220 proﬁcuum'fore
1592 5156 1756 5220 puta-

99 5214 211 5291 tum
239 5221 319 5272 est
340 5236 362 5282 ;
386 5235 456 5274 ac
473 5214 752 5291 praeterea
764 5214 904 5289 quia
932 5220 991 5274 in
1022 5214 1139 5274 illis
1156 5214 1503 5291 partibus.§..
1531 5214 1759 5291 quidam

98 5286 264 5372 ctiam
290 5286 613 5372 sacerdotes
647 5286 869 5372 pomini
895 5286 1239 5372 plerumque,
1275 5289 1413 5372 quod
1469 5286 1625 5361 nefas
1650 5300 1759 5372 _cst

96 5354 259 5438 dictu,
279 5367 544 5438 _terrena:
744 5354 909 5438 justo
941 5354 1140 5432 conﬁsi
1176 5354 1463 5438 potentia},
1492 5354 1759 5438 populum

98 5432 412 5504 imperitum
444 5432 905 5489 scandalizabant
930 5451 955 5499 ;
980 5447 1127 5504 saepe
1155 5432 1330 5488 dictus
1360 5432 1574 5504 Bruuo‘
1605 5434 1755 5490 Colo-

95 5499 303 5559 niensi:
333 5504 897 5627 archiepiscopus...”
931 5499 1084 5560 ratus
1114 5504 1191 5570 id,
1226 5503 1367 5576 quod
1396 5520 1586 5561 verum
1624 5508 1754 5577 fuit,

95 5568 234 5627 hunc
292 5572 647 5627 Ratherlum
712 5576 909 5627 ’erona
959 5576 1189 5627 eiectum
1238 5584 1422 5627 antea.
1466 5580 1517 5627 et
1572 5578 1754 5627 nente-

95 5568 255 5648 hnnc,
292 5568 647 5648 Batherium
672 5568 909 5631 Verona
959 5568 1189 5648 ejectum
1235 5568 1423 5648 antea,
1466 5580 1517 5632 et
1572 5568 1755 5648 negtci

95 5594 255 5637 nunc.
295 5594 647 5631 numerium
688 5594 909 5631 verona
959 5594 986 5631 e
1012 5594 1189 5631 cetum
1238 5594 1423 5645 antea,
1466 5594 1517 5632 ei
1572 5594 1755 5648 negle-

94 5645 255 5719 ctum,
292 5645 582 5719 hoctanto
630 5648 886 5719 bene/icio
916 5594 1007 5702 αιί
1045 5646 1187 5701 illud
1238 5646 1368 5719 ﬁdei
1403 5656 1455 5702 ct
1511 5650 1756 5704 veritatis

96 5714 265 5791 tardus
295 5716 531 5785 adduci,
564 5721 621 5772 ut
645 5736 680 5773 α
710 5714 929 5775 nemine
954 5725 1130 5791 posset
1182 5714 1385 5787 seduci,
1418 5720 1500 5774 ita
1537 5720 1758 5791 domum

93 5798 145 5845 os
174 5786 529 5861 loquentium
576 5791 807 5848 inimica
835 5786 1112 5849 obstruere
1139 5806 1195 5847 se
1227 5786 1384 5861 posse
1428 5790 1677 5859 credidit,
1708 5791 1761 5847 si

1869 4788 1994 4849 rius
2026 4797 2227 4849 contra
2256 4808 2356 4847 eos
2387 4788 2486 4863 qui
2519 4790 2628 4845 sibi
2663 4788 3037 4860 opponebant
3073 4805 3346 4855 canones,
3379 4788 3525 4844 alios

1867 4880 2123 4921 canones
2154 4864 2382 4935 regerit.

1939 4938 2087 5009 (769)
2118 4929 2461 5009 Legvgbatur
2501 4941 2558 5009 et
2600 4948 2833 5009 ςειςκνιιιτ
2886 4930 3278 5009 Qorreximus,
3310 4930 3434 5009 uti.
3459 4929 3523 4984 in

1867 5000 2211 5063 collectione
2222 5000 2503 5076 Dionysio
2533 5003 2792 5076 Adriana
2816 5002 3053 5076 iegitur,
3074 5018 3142 5058 ex
3159 5000 3523 5076 qua__Rathe-

1868 5080 1991 5135 rius
2023 5094 2275 5134 canones
2297 5081 2354 5132 et
2375 5071 2607 5131 decreta
2635 5071 2980 5147 pontificum
3008 5089 3142 5128 cum
3159 5071 3349 5147 titulis
3371 5074 3428 5128 in
3456 5090 3525 5147 ea

1867 5150 2182 5223 descriptis
2205 5148 2511 5223 excerpsit.
2545 5145 2911 5223 Dii—bigamis
2940 5150 3135 5223 autem
3182 5145 3240 5200 in
3274 5145 3523 5201 decretis

1868 5217 2185 5278 Innocentii
2211 5237 2326 5275 non
2361 5217 2555 5291 agitur
2576 5217 2750 5273 titulo
2764 5232 2999 5286 xxxvm,
3020 5217 3119 5291 sed
3151 5234 3305 5283 xx1x,

1941 5294 2089 5363 (770)
2120 5293 2316 5365 Vulg,
2351 5288 2666 5365 perperam
2689 5292 2750 5345 in
2779 5288 3223 5365 canoneeodem.

1960 5358 2087 5434 771)
2122 5358 2611 5435 LegEbatur'joco.
2647 5360 2767 5416 Imo
2806 5362 2954 5435 uino,
2983 5360 3203 5435 inquit_
3226 5358 3525 5432 Spicilegii

1865 5430 2176 5493 Acberiani
2204 5430 2413 5491 Editor.
2430 5430 2574 5489 Cum
2590 5437 2784 5489 autem
2818 5432 2914 5487 hic
2937 5430 3139 5488 versus
3158 5430 3234 5487 sit
3248 5430 3524 5502 sumptus

1866 5524 1938 5564 ex
1965 5506 2210 5577 Virgilio
2235 5505 2417 5577 eclog.
2450 5523 2527 5573 v1,
2559 5522 2709 5561 vers.
2748 5506 2839 5577 A15,
2872 5502 3283 5577 corrigendum
3314 5502 3521 5565 Iaccho,

1866 5579 1925 5635 id
1954 5584 2043 5634 est
2073 5574 2318 5645 Baccho,
2361 5574 2417 5632 et
2445 5575 2830 5649 metonymice
2862 5574 3017 5649 vino:

1938 5652 2086 5721 (772)
2118 5644 2365 5705 Litteras
2410 5666 2508 5722 qq.
2537 5644 2855 5722 impressas
2887 5644 3305 5722 explicavimus
3315 5655 3518 5722 quare,

1867 5711 1953 5777 uti
1976 5711 2244 5793 suprain
2270 5722 2386 5793 tino
2416 5711 2639 5777 num.9'
2656 5720 2942 5791 scriptum
2960 5711 3034 5772 'et
3062 5713 3285 5771 editum
3312 5711 3521 5774 fuerat,

1822 5792 1829 5869 ξ
1866 5790 2106 5868 inquire,
2138 5790 2228 5849 tit.
2262 5790 2314 5848 3.
