3896 6372
375 448 499 522 499

1304 450 1683 553 RATHERII
1728 454 1979 519 EPISC.
2023 451 2312 518 VERON.
2360 451 2535 517 OPP.
2578 449 2781 517 PARS
2824 448 2876 517 Ῑ.

3693 443 3812 514 500

380 595 453 651 ad
486 591 716 649 minora
740 589 994 659 veniam,
1022 606 1194 648 canes
1224 592 1296 649 ad
1325 591 1785 662 venandum,vel
1815 591 2028 665 accipi-
2056 590 2113 660 Α
2140 589 2307 662 fessis
2321 574 3808 659 imponeretentaverunt,talesregulanonadmittit‘

379 686 504 738 tres
533 682 607 738 ad
641 681 977 753 aucupium,
1012 681 1227 752 quibus
1257 681 1458 754 utique
1488 682 1774 749 abundas,
1796 681 2033 751 habere,

386 770 608 844 pariter
624 769 774 825 vide.
795 769 861 824 Et
884 769 933 824 si
955 768 1126 824 liceat
1146 769 1251 823 tibi
1284 769 1585 826 saecularia
1616 770 1847 843 negotia
1862 770 2034 844 (773),

388 858 451 915 id
484 863 592 929 est,
606 875 813 914 causas
839 857 1069 930 aliquas
1091 857 1469 915 saecularibus
1492 858 1860 915 solummodo
1878 875 2039 915 exer-

391 948 626 1012 cendas,
646 947 949 1003 considera
978 951 1099 1002 tam
1131 947 1190 1002 in
1222 947 1483 1019 apostolo
1511 964 1689 1021 quam
1720 948 1779 1003 in
1802 948 2040 1003 canoni-

390 1038 505 1094 bus
534 1052 794 1092 exercere
820 1054 833 1092 :
863 1040 919 1091 et
948 1036 1368 1108 sapientiorum
1411 1041 1468 1092 te
1519 1036 1895 1093 fraternalem
1925 1036 2039 1092 cle-

2144 679 2286 751 quiu
2296 680 2449 751 quod
2458 679 2859 748 irreprehensi
2863 678 2978 734 bile
2989 681 3095 749 est,
3113 674 3406 733 catholica
3419 675 3695 751 defendit
3706 679 3812 734 Ec-

2147 767 2352 825 clesia.
2370 772 2514 824 Item
2534 767 2742 824 concil.
2757 765 3214 824 Neocaesariensi
3237 782 3366 838 cap.
3391 781 3479 821 1x:
3496 768 3814 839 Presbyter

2147 859 2205 914 si
2213 858 2506 928 confessus
2514 857 2699 932 fuerit
2715 857 2871 929 quod
2885 861 3025 912 ante
3045 854 3483 911 ordinationem
3502 858 3816 925 corporali

2141 956 2381 1021 peccato
2404 947 2737 1019 deliquerit,
2761 946 2960 1002 oblata
2988 961 3104 1001 non
3130 953 3444 1014 consecret,
3473 960 3718 1001 manens
3749 947 3816 1001 in

2150 1037 2392 1108 reliquis
2438 1035 2655 1109 ofﬁciis
2683 1044 2920 1108 propter
2957 1035 3223 1091 studium
3267 1035 3498 1089 bonum.
3533 1032 3811 1102 Maxima,

392 1123 678 1181 mentiam
707 1124 1131 1196 reprehendere
1162 1125 1385 1181 desine.
1411 1125 1606 1181 Etista
1640 1125 1928 1198 quidema
1949 1142 2043 1181 me
2153 1125 2357 1195 fateor,
2375 1124 2523 1196 legis
2553 1123 3184 1181 austeritas.Miserum
3202 1122 3362 1179 enim
3393 1122 3521 1179 mel
3562 1123 3742 1190 Quid,
3764 1124 3815 1179 si

395 1213 569 1283 dicta,
604 1229 707 1270 seu
729 1212 925 1285 potius
954 1214 1205 1286 cogitata
1236 1214 1550 1270 sufﬁciant.

468 1304 555 1358 11.
576 1301 792 1359 Audita
810 1319 943 1359 vero
975 1307 1041 1358 ut
1069 1303 1338 1372 referam,
1364 1303 1622 1376 comperi
1636 1302 1762 1376 ipse
1778 1304 2045 1375 ejusdem

394 1389 618 1448 ordinis
648 1391 820 1457 duos,
854 1408 1039 1447 unum
1065 1390 1266 1461 lorica,
1290 1391 1540 1448 alterum
1572 1392 1761 1448 amica
1778 1408 1882 1465 pro
1905 1396 2047 1447 tem-

396 1496 537 1554 pore
588 1483 871 1549 utentem,
913 1479 1263 1535 alterutrum
1319 1497 1454 1536 vero
1500 1498 1563 1536 se
1618 1481 2045 1553 reprehenden-

396 1572 540 1625 tem.
575 1568 731 1626 8'50
759 1569 871 1625 Sed
921 1569 1024 1625 uni
1078 1585 1264 1625 canon
1319 1570 1709 1642 respondebat
1761 1568 2049 1642 Apostoli-

398 1674 507 1715 cus
536 1658 679 1723 (774)
712 1674 780 1716 :«
814 1658 1156 1732 Episcopus,
1189 1659 1495 1732 presbyter
1523 1664 1580 1715 et
1609 1660 1911 1727 diaconus,
1950 1657 2053 1731 qui

400 1747 464 1804 in
495 1764 847 1820 quacunque
877 1747 1160 1805 seditione
1192 1765 1358 1807 arma
1384 1748 1605 1818 tulerit,
1620 1749 1692 1805 ab
1718 1748 1878 1805 omni
1902 1752 2052 1805 coetu

403 1835 870 1897 Christianorum
927 1838 1271 1910 deponatur.
1310 1860 1338 1887 ››
1384 1838 1567 1897 Alteri
1622 1855 1757 1894 vero
1816 1855 2050 1894 canon:

2155 1218 2288 1288 post
2339 1214 2769 1269 ordinationem
2826 1213 3196 1270 continenter
3227 1211 3377 1269 85!
3426 1211 3660 1281 vixerit,
3696 1228 3813 1268 non

2156 1302 2369 1377 poterit
2398 1302 2609 1359 saltem
2655 1306 2891 1376 propter
2938 1300 3203 1359 studium
3259 1301 3508 1369 bonum,
3543 1300 3816 1374 placendi

2158 1392 2364 1464 utique
2395 1390 2532 1460 Deo,
2565 1391 2759 1448 oblata
2790 1392 3063 1448 sacrare?

2233 1482 2952 1549 12,13.Secundustamen
2974 1480 3286 1554 dupliciter
3296 1480 3662 1549 convenitur,
3678 1467 3818 1536 cum

2162 1574 2369 1643 praeter
2397 1568 2670 1643 superius
2699 1572 2970 1643 [subaudi
2996 1570 3174 1645 dicta]
3204 1569 3318 1626 hoc
3338 1586 3401 1627 se
3449 1570 3631 1627 sentit
3675 1586 3817 1626 con-

2161 1659 2429 1715 demnari
2459 1660 2665 1732 capite.
2684 1681 2713 1712 ‹‹
2744 1659 3406 1734 Episcopus,presbyter
3423 1663 3481 1716 et
3500 1658 3809 1726 diaconus,

2164 1746 2266 1819 qui
2312 1746 2373 1801 in
2422 1762 2771 1820 quacunque
2814 1747 3101 1803 seditione
3149 1764 3315 1804 arma
3360 1748 3708 1820 sumpserit,
3743 1748 3814 1804 ab

2164 1835 2325 1892 omni
2356 1840 2507 1892 cmtu
2528 1836 2996 1892 Christianorum
3017 1837 3362 1910 deponatur.
3380 1858 3411 1889 »
3428 1836 3591 1893 Istud
3616 1840 3815 1892 autem

407 1926 809 2027 «.Episcopus,
825 1927 1131 2011 presbyter
1155 1931 1213 1985 et
1242 1926 1610 1994 diaconus,si
1628 1943 1868 1983 uxorem
1882 1928 2056 1983 duxe-
2083 1961 2133 2027 B
2164 1926 2320 1997 quod
2352 1941 2423 1981 ex
2452 1925 2727 1982 omnibus
2759 1925 3093 1995 levioribus,
3129 1930 3196 1982 ut
3223 1924 3491 1982 videlicet
3537 1923 3686 2027 illud
3729 1929 3818 1981 est

407 2013 504 2081 rit,
552 2013 803 2086 pellatur
840 2015 1022 2085 (Cone.
1066 2016 1301 2071 Neocazs.
1330 2032 1380 2070 c.
1414 2016 1488 2083 l).
1522 2038 1551 2067 ››
1586 2017 1870 2089 Expertus
1921 2032 2055 2072 sum
2085 2013 2132 2027 ⁴“’
2165 2014 2237 2070 de
2269 2014 2414 2083 alea,
2447 2014 3096 2088 ebriositate,aucupio,
3121 2019 3300 2088 atque
3330 2013 3819 2081 venatu,ducitur

407 2101 610 2173 talem,
642 2103 742 2175 qui
793 2106 926 2159 ante
970 2103 1398 2160 ordinationem
1447 2104 1801 2161 adulterium
1850 2122 2057 2178 perpe-

410 2190 589 2247 travit
611 2215 625 2260 ,
649 2194 852 2264 postea
882 2191 1050 2263 quasi
1082 2192 1447 2250 continenter
1472 2193 1646 2261 vixit;
1678 2193 1925 2250 alterum
1957 2194 2058 2266 qui

410 2284 548 2354 post
574 2280 1003 2337 ordinationem
1032 2298 1272 2337 uxorem
1303 2282 1505 2351 duxit;
1538 2287 1596 2338 et
1615 2287 1728 2339 iste
1756 2282 2061 2353 illum,ille

413 2370 596 2427 istum
628 2370 921 2443 carpebat.
937 2370 1161 2435 Quibus
1182 2375 1377 2427 tamen
1401 2372 1689 2428 ambobus
1709 2377 1917 2430 Doctor
1928 2389 2061 2447 gen-

411 2459 583 2527 tium,
610 2458 781 2532 quasi
804 2458 907 2514 uni
936 2458 1090 2525 licet,
1123 2460 1418 2516 clamabat
1447 2460 1544 2517 isti
1578 2462 1780 2535 utique
1827 2467 2063 2535 propter

410 2546 647 2604 inanem
682 2546 1049 2604 continentiae
1079 2566 1197 2604 suae
1221 2550 1601 2621 jactantiam:
1625 2551 1794 2607 alteri
1826 2556 2063 2625 propter

412 2638 657 2694 ductum
705 2635 903 2692 uxoris
941 2636 1214 2693 illicitum
1266 2655 1279 2694 :
1328 2641 1551 2710 Ignoras
1601 2642 1736 2712 quia
1790 2644 2063 2712 patientia

413 2727 514 2782 Dei
539 2725 608 2781 ad
630 2727 1013 2798 paenitentiam
1044 2730 1096 2781 te
1123 2732 1414 2797 exspectat.
1450 2729 1519 2784 Tu
1552 2745 1676 2785 vero
1724 2731 2063 2785 thesaurizas

414 2816 521 2872 tibi
550 2816 691 2870 iram
723 2817 785 2870 in
812 2814 902 2870 die
931 2816 1032 2870 ira:
1062 2819 1115 2871 et
1142 2816 1522 2873 retributionis
1542 2819 1711 2889 justii
1747 2819 1930 2890 judici
1965 2821 2066 2875 Dei

419 2905 591 2973 (Rom.
624 2920 687 2972 ιι,
721 2903 796 2975 4).
829 2903 929 2958 Isti
956 2920 969 2958 :
1002 2904 1127 2960 Noli
1170 2905 1348 2960 altum
1398 2922 1586 2978 sapere
1616 2908 1787 2979 (Rom.
1820 2925 1900 2975 x1,
1948 2908 2065 2980 20.)

416 2995 654 3067 propter
663 2997 1008 3064 praesentem
1023 2992 1225 3065 utique
1238 2994 1774 3067 continentiam,sed
1784 2997 2067 3069 time(775)

418 3086 656 3156 propter
683 3081 1033 3153 przeteritam
1071 3082 1579 3152 incontinentiam,
1602 3102 1708 3141 nec
1740 3085 1939 3159 aliqua
1974 3103 2068 3143 sa-

416 3171 747 3227 tisfactione
769 3169 1150 3243 probabiliter
1181 3170 1453 3241 deletam,
1474 3174 1744 3244 quamvis
1762 3174 2065 3231 omissam.

2165 2102 2339 2159 hodie
2362 2102 2752 2173 levissimum,
2788 2108 2851 2159 ut
2880 2103 3049 2176 quasi
3081 2106 3320 2177 propter
3347 2101 3697 2159 fidelitatem
3725 2102 3817 2159 sui

2168 2192 2419 2248 senioris
2465 2191 2634 2249 malit
2673 2192 2976 2265 presbyter
3015 2192 3297 2249 loricatus
3326 2189 3604 2265 praliari,
3637 2208 3816 2264 quam

2168 2281 2441 2353 perjurus
2469 2280 2660 2337 vocari
2685 2299 2697 2349 ;
2718 2297 2853 2337 cum
2881 2285 3079 2337 tamen
3101 2280 3429 2353 perjurium
3462 2279 3819 2354 gravissima

2168 2368 2533 2441 pcnnitentia,
2565 2370 2724 2425 istud
2751 2386 2887 2426 vero
2917 2368 3082 2425 nulla
3108 2368 3328 2441 expiari
3368 2369 3619 2426 dicatur.
3654 2370 3821 2426 Forte

2169 2473 2302 2513 vero
2324 2474 2394 2514 ex
2414 2459 2525 2515 isto
2542 2458 2637 2514 hic
2658 2457 3094 2531 prmlibatorum
3110 2474 3377 2527 numero,
3391 2458 3449 2513 id
3480 2461 3595 2525 est,
3613 2457 3818 2515 horam

2171 2544 2345 2602 alicui
2376 2549 2525 2619 (776)
2556 2546 2779 2603 scilicet
2806 2547 3046 2615 dixisse,
3074 2563 3211 2603 cum
3248 2564 3366 2603 non
3399 2545 3632 2615 dixerit,
3662 2546 3820 2603 visus

2172 2638 2263 2690 est
2294 2636 2577 2692 Dominus
2602 2636 2922 2707 :Sidiligis
2951 2653 3061 2705 me,
3085 2652 3256 2705 pasce
3284 2653 3418 2692 oves
3441 2652 3604 2692 meas
3623 2636 3817 2707 (Joan.

2171 2741 2285 2793 xxi,
2312 2726 2398 2797 17)
2425 2744 2438 2794 ;
2472 2742 2608 2781 cum
2640 2726 2845 2798 utique
2876 2724 3044 2781 illum
3075 2725 3320 2781 minime
3348 2724 3819 2798 probenturdili-

2172 2828 2327 2885 gere.
2361 2815 2518 2879 Quos
2543 2814 2820 2887 repellere
2849 2815 3066 2887 potius,
3097 2830 3276 2886 quam
3325 2813 3558 2887 eligere,
3590 2814 3821 2871 videtur

2172 2902 2486 2974 Apostolus
2500 2921 2533 2959 a
2546 2903 2891 2969 sacerdotio,
2906 2920 3042 2959 cum
3058 2903 3230 2960 dicit:
3244 2903 3818 2974 Oportetcpiscopum

2174 2992 2302 3047 sine
2331 2993 2571 3048 crimine
2593 3009 2714 3049 esse
2735 2992 2871 3056 (Tit.
2900 3009 2941 3062 1,
2989 2995 3053 3048 17
3080 3010 3094 3062 ;
3124 2992 3215 3048 vel
3254 2992 3630 3066 expressius:
3680 2993 3820 3048 irre-

2174 3082 2635 3151 prehensibilem,
2668 3083 2840 3138 unius
2887 3083 3090 3139 uxoris
3132 3082 3321 3138 virum
3350 3085 3399 3150 (ι
3452 3081 3600 3138 Tim.
3634 3097 3718 3148 ιιι,
3749 3082 3819 3151 2).

2179 3171 2361 3235 Quem
2395 3171 2605 3229 cohors
2631 3170 2732 3227 illa
2753 3171 2968 3228 Christi
3000 3169 3827 3243 militum(777)velutiquem-

415 3259 597 3316 Alteri
619 3277 753 3317 vero
786 3277 799 3316 :
833 3261 1017 3332 Neque
1045 3260 1286 3317 adulteri
1313 3277 1546 3331 regnum
1572 3264 1673 3319 Dei
1715 3264 2070 3335 possidebunt
2107 3328 2141 3335 _
2180 3258 2316 3315 dam
2349 3276 2599 3333 sequens
2630 3260 2998 3333 signiferum,
3031 3260 3307 3334 praecipit,
3338 3264 3407 3315 ut
3446 3276 3564 3315 non
3610 3258 3825 3333 bigami

408 3344 468 3422 ’(1
484 3350 610 3407 Cor.
642 3366 719 3418 v1,
751 3349 828 3421 9).
982 3348 1174 3421 potuit
1218 3328 1467 3418 ﬁeri,7ut
1511 3328 1846 3408 istiusmodi
1897 3354 2069 3409 ambo
2097 3328 2142 3397 ε
2182 3328 2572 3405 admittantur
2603 3328 2948 3406 ad‘clerum.
2983 3328 3050 3407 Si
3076 3328 3447 3423 non—bigami
3476 3328 3830 3421 vero,q'uali-

417 3438 596 3495 simul
619 3438 872 3508 educati,
889 3438 1108 3511 pariter
1119 3440 1184 3495 ed
1194 3440 1327 3508 octi,
1344 3440 1402 3495 in
1422 3441 1729 3513 pubertate
1744 3442 2072 3498 exstiterint

416 3527 698 3585 alterutra
725 3528 1055 3600 cognitione
1102 3528 1335 3598 lascivi;
1372 3547 1438 3585 ac
1468 3530 1595 3586 sine
1642 3531 2071 3589 examinatione

415 3619 489 3675 ad
520 3617 899 3691 praesulatum
930 3634 1066 3674 cum
1090 3617 1340 3675 fuissent
1368 3619 1643 3691 provecti;
1677 3637 1833 3677 unus
1863 3638 2068 3677 eorum

418 3706 772 3762 affectaverit
807 3704 1318 3774 mulierositatem,
1353 3708 1498 3763 alter
1526 3708 2070 3782 belligerationem‘?

415 3794 598 3849 Nemo
630 3793 865 3850 illorum
884 3810 989 3849 nec
1007 3795 1373 3851 nominandi.
1390 3796 1658 3851 Forsitan
1678 3814 1823 3854 usus
1840 3799 2067 3855 abdica.

416 3880 567 3935 verit
613 3880 1025 3953 turpissimam
1076 3881 1421 3937 fcsditatem.
1454 3882 1681 3949 Quibus
1726 3900 1912 3941 canon
1952 3903 2069 3942 uno

419 3967 675 4040 capitulo
723 3968 1054 4026 distinctim
1083 3969 1322 4041 propria
1349 3970 1577 4039 tribuit,
1607 3988 1741 4027 cum
1775 3973 1871 4029 isti
1932 3975 2073 4030 dicit

422 4059 727 4130 Presbyter,
758 4060 856 4131 qui
878 4065 999 4131 post
1025 4057 1431 4114 ordinationem
1463 4076 1690 4116 uxorem
1720 4060 2069 4131 duxerit,de-

413 4155 657 4222 ponatur
699 4155 871 4218 (conc.
927 4149 1160 4204 Neoeces.
1192 4162 1239 4202 ο.
1287 4146 1363 4216 4).
1396 4146 1575 4204 Alteri
1616 4167 1750 4207 vero
1784 4152 2072 4223 :Amplius

417 4246 603 4295 antem
626 4238 765 4311 pelli
790 4236 962 4303 debet,
989 4237 1042 4292 si
1070 4234 1410 4290 adulterium
1436 4243 1833 4310 perpetraverit
1864 4242 2069 4313 (Ibid.).

418 4328 639 4385 Ambos
684 4343 821 4384 vero
858 4325 1215 4382 condemnat
1253 4340 1369 4379 uno
1430 4327 1637 4398 capite,
1669 4329 1726 4383 id
1774 4333 1864 4386 est
1892 4346 1971 4397 Ix,
2004 4347 2075 4387 ex

419 4415 652 4472 Nicaano
684 4413 932 4472 concilio
961 4413 1044 4467 ita
1073 4427 1087 4466 :
1124 4410 1185 4467 Si
1211 4414 1312 4485 qui
1338 4414 1456 4469 sine
1485 4418 1738 4473 examine
1765 4423 1896 4475 sunt
1941 4436 2070 4491 pro-

423 4506 579 4571 vecti,
635 4504 719 4558 vel
756 4518 881 4557 cum
927 4500 1349 4569 discuterentur,
1406 4512 1627 4573 peccata
1672 4522 1773 4562 sua
1819 4510 2073 4580 confessi-

421 4594 552 4646 sunt
566 4608 590 4655 ;
618 4597 670 4645 et
696 4590 941 4646 homines
969 4595 1159 4644 contra
1185 4604 1417 4646 canones
1445 4595 1707 4649 commoti»
1726 4612 1926 4652 manus
1946 4613 2072 4654 con-

2178 3441 2268 3493 ter
2300 3437 2677 3511 multigami?
2701 3440 2760 3495 Si
2795 3457 2910 3496 non
2941 3439 3014 3495 ad
3036 3438 3281 3505 clerum,
3306 3437 3601 3511 quomodo
3636 3438 3713 3494 ad
3741 3455 3829 3493 sa-

2180 3527 2545 3583 cerdotium?
2587 3529 2742 3585 Pone
2791 3533 2988 3585 tamen
3038 3528 3365 3607 quemlibet
3427 3543 3636 3583 eorum
3688 3527 3830 3583 forte

2178 3617 2482 3689 higamum
2512 3622 2645 3674 ante
2676 3617 3041 3690 clericatum,
3076 3618 3222 3673 forte
3253 3616 3312 3672 in
3344 3615 3620 3673 clericatu
3657 3617 3830 3672 exsti-

2179 3706 2321 3762 tisse
2352 3705 2636 3762 lascivum
2657 3724 2671 3775 ;
2696 3706 2832 3763 inde
2861 3706 3388 3780 postsacerdotium
3401 3703 3827 3772 multinubum,

2179 3795 2546 3864 bellicosum,
2561 3796 2889 3868 perjurum,
2905 3796 3236 3863 venatibus,
3254 3794 3545 3868 aucupiis,
3568 3793 3729 3864 aleae,
3744 3794 3830 3850 vel

2179 3883 2502 3961 ebriositati
2528 3884 2868 3951 obnoxium,
2892 3884 3082 3958 expeti
3115 3883 3379 3957 qualibet
3423 3883 3733 3939 occasione
3761 3884 3829 3939 ad

2180 3972 2627 4044 apostolicatum
2643 3973 2914 4030 Romanis
2930 3973 3092 4030 illius
3109 3973 3289 4039 sedis,
3307 3972 3408 4029 ubi
3435 3970 3664 4029 scilicet
3690 3971 3835 4029 solet

2180 4062 2328 4132 (778)
2350 4061 2912 4118 consuetudinaliter
2940 4061 3304 4118 ordinandus
3325 4060 3553 4118 moneri
3573 4077 3589 4117 :
3609 4062 3741 4119 Vide
3766 4080 3834 4117 ne

2180 4150 2455 4225 aliquam
2474 4152 3045 4224 promissionemtuis
3067 4151 3416 4209 clectoribus
3437 4150 3669 4223 feceris.
3686 4152 3836 4209 Scito

2177 4240 2314 4312 quia
2331 4241 2728 4298 Simoniacum
2756 4250 2811 4297 et
2841 4246 3047 4297 contra
3075 4255 3320 4297 canones
3345 4245 3433 4296 est
3459 4239 3637 4309 (sup.,
3670 4257 3731 4295 τι.
3757 4242 3831 4305 8).

2182 4329 2295 4385 Iste
2325 4329 2504 4402 igitur
2545 4330 2597 4386 si
2642 4328 2979 4403 illegalitate
3016 4328 3255 4402 publica
3286 4328 3445 4395 (Osio
3493 4327 3595 4385 illo
3656 4345 3835 4401 supra

2180 4421 2396 4486 taxato,
2418 4435 2552 4474 cum
2578 4418 2853 4475 omnibus
2874 4417 2985 4474 sibi
3007 4435 3076 4474 ex
3096 4418 3300 4474 eodem
3332 4416 3578 4474 concilio
3608 4419 3833 4483 Placet,

2177 4508 2373 4563 Placet
2425 4505 2973 4574 condemnantibus,
3003 4504 3249 4563 viriliter
3305 4504 3644 4577 resistente)
3688 4504 3835 4561 forte

2180 4595 2356 4651 fuerit
2383 4594 2444 4649 in
2474 4593 2795 4667 apostolica
2824 4599 2962 4651 sede
2990 4588 3237 4661 locatus,
3271 4593 3428 4666 quod
3468 4592 3678 4665 utique
3735 4609 3835 4666 pa-

494 4721 644 4802 (773)
674 4720 987 4802 construe:
1010 4725 1075 4779 Et
1101 4722 1153 4777 si
1180 4722 1343 4778 liceat
1371 4725 1474 4779 tibi
1500 4741 1748 4784 exercere
1776 4729 2072 4785 saecularia
2099 4701 2147 4767 D
2176 4730 2272 4802 cui
2300 4730 2643 4802 horumpon
2659 4728 3047 4796 dixerit,cum
3062 4726 3837 4802 utiqueminimeprobentur

421 4796 665 4864 negotia,
694 4798 804 4850 etc.

494 4866 644 4941 (774)
675 4865 997 4941 Hiccanon
1028 4864 1187 4941 inter
1200 4864 1549 4941 apostolicos
1571 4884 1685 4923 non
1709 4867 1940 4941 legitur.
1956 4870 2071 4926 Ali-

422 4935 565 5007 quid
594 4935 731 4992 vero
761 4936 956 4992 simile
977 4935 1273 4992 invenitur
1294 4935 1353 4989 in
1384 4936 1658 4993 Toletano
1689 4935 1837 5007 1v,"c.
1871 4943 1958 4997 45.

494 5008 641 5078 (775)
673 5007 942 5090 Quinque
966 5011 1290 5090 sequentes
1308 5023 1474 5090 voces
1506 5025 1608 5090 per
1633 5010 1851 5090 saltum
1893 5013 2069 5090 omis-

423 5092 522 5157 sas
551 5076 1225 5159 persensit—noviSSimus
1256 5076 1549 5159 Spicilegii
1582 5080 1803 5159 editor;
1837 5084 1937 5138 sed
1969 5101 2067 5139 eas

425 5146 681 5202 inserere
703 5164 884 5222 ausus
916 5164 1032 5202 non
1046 5152 1153 5203 est.
1169 5146 1385 5222 verum
1402 5155 1463 5203 ut
1476 5146 1633 5222 ipsas
1654 5146 2065 5222 insereremus,

424 5233 641 5291 sensus
668 5217 872 5291 coegit.
905 5222 1104 5291 Neque
1133 5220 1286 5291 enim
1322 5220 1393 5274 de
1431 5217 1802 5290 continentia,
1836 5227 1935 5280 sed
1997 5217 2068 5282 de

426 5286 851 5373 incontinentis.
869 5286 1164 5373 veril'icari.
1189 5296 1435 5373 possunt
1451 5294 1760 5373 sequentia
1790 5286 1804 5348 Ξ
1828 5297 1932 5351 Nec
1953 5298 2067 5373 ali-

424 5376 528 5431 qua
558 5360 932 5431 satisfactione
971 5360 1331 5431 probabiliter
1376 5360 1626 5417 deletam.
1660 5368 1845 5419 Voces
1890 5368 2067 5423 etiam

423 5430 1226 5507 sedﬁmeadpraacedentem
1258 5432 1417 5486 Pauli
1444 5438 1661 5507 textum
1686 5437 1993 5507 pertinent.

496 5501 643 5581 (776)
700 5501 887 5581 Editio
933 5503 1161 5581 Acherii
1201 5501 1702 5581 .quorumolic‘ui.‘
1729 5507 2069 5566 Emendatio

425 5570 727 5627 novissimi
750 5572 987 5628 editoris
1008 5570 1313 5629 Acheriani
1331 5575 1563 5630 arridet.
1580 5576 1861 5632 Construe
1873 5586 2067 5636 autem

422 5640 734 5715 etzexplica
768 5658 781 5695 :
809 5646 1116 5715 Forte_;vero
1137 5646 1400 5700 Dominus
1430 5649 1582 5701 visus
1610 5653 1685 5701 est
1714 5648 1923 5704 dixisse
1961 5653 2067 5707 ati-

422 5714 516 5768 eui
543 5713 748 5790 scilicet
743 5713 995 5790 liberum,
1026 5716 1081 5771 id
1110 5725 1207 5782 est,
1230 5733 1300 5772 ea:
1328 5718 1428 5773 isto
1458 5734 1683 5774 numero
1705 5719 1795 5774 hic
1808 5723 2069 5790 praeliba-

424 5793 605 5841 torum
632 5800 645 5840 :
678 5783 968 5859 Sii'diligis
993 5804 1106 5855 me,
1140 5804 1311 5862 pasce
1341 5805 1473 5846 oves
1498 5806 1659 5847 meas
1693 5808 1706 5859 ;
1742 5783 1875 5847 cum
1901 5793 2068 5851 idali-

2176 4801 2429 4873 diligere
2444 4799 2653 4873 illum.

2248 4868 2397 4944 (777)
2425 4871 2634 4927 Cohors
2664 4870 2777 4927 illa
2806 4871 3028 4944 Christi
3055 4868 3452 4944 militumtqui
3482 4869 3833 4944 Apostolum

2178 4940 2361 4999 secuti
2380 4940 2813 5015 'prazceperunt,
2849 4959 2921 4997 ne
2950 4942 3171 5015 bigami
3201 4940 3592 5015 admittuntur
3607 4942 3682 4997 ad
3715 4941 3833 4997 cle-

2178 4959 2361 4999 secuti
2396 4959 2813 5069 prazceperunt,
2849 4959 2921 4997 ne
2951 4959 3171 5015 nigami
3201 4959 3682 4997 aommamurau
3715 4959 3833 4997 cte-

2177 5030 2330 5140 Ἕω,
2364 5018 2507 5140 sutnt
2537 5013 2576 5069 il
2604 5014 2620 5068 i
2652 5013 2850 5069 Patres
2879 5019 3055 5086 atque
3097 5012 3409 5085 pontiﬁces
3458 5028 3609 5084 quos
3661 5019 3836 5069 antea

2177 5102 2210 5140 a
2258 5102 2418 5140 suam
2454 5127 2466 5139 .

2176 5102 2466 5142 ιιιιερεινιι.

2249 5102 2554 5227 (ἓξὲξ)ιὲωο
2577 5171 2693 5211 non
2728 5153 2919 5227 solum
2948 5154 3228 5227 leguntur
3256 5152 3604 5227 infantiquis
3619 5155 3835 5227 ordini-

2177 5225 2426 5308 bus,sed
2460 5228 2518 5281 in
2548 5226 2783 5308 vulgato
2815 5225 3335 5308 etiamPontificali
3369 5225 3635 5308 Romano
3659 5226 3833 5282 habe-

2174 5303 2273 5353 tur
2292 5299 2432 5354 ordo
2463 5315 2599 5353 cum
2630 5297 2800 5353 titulo
2834 5314 2847 5351 :
2880 5298 2959 5352 De
2985 5299 3832 5371 Scrutinio_serotino,qwoan-

2175 5372 2328 5441 tiqui
2357 5373 3021 5442 utebantur,antequam
3040 5370 3252 5442 electus
3275 5369 3334 5442 in
3359 5369 3686 5442 episcopum
3696 5386 3831 5442 eon-

2174 5440 2532 5497 secraretur.
2569 5443 2627 5496 In
2645 5440 2756 5495 hoc
2787 5440 2982 5495 autem
3010 5440 3831 5497 scrutinioisthaacinteralias

2176 5513 2530 5584 ordinatoris
2562 5510 2938 5584 interrogatio
2970 5511 3294 5584 exhibetur,
3330 5528 3512 5584 quam
3562 5511 3677 5569 hoc
3708 5513 3828 5568 loco

2177 5583 2450 5656 proponit
2481 5582 2809 5638 Ratheriusl
2839 5583 2973 5656 Post
3001 5582 3286 5656 nonnulla
3314 5582 3665 5656 permittere
3684 5586 3828 5656 valet

2177 5653 2529 5728 retihuimus
2560 5670 2694 5709 cum
2726 5654 3048 5728 novissima
3090 5653 3385 5728 Spicilegii
3414 5655 3698 5725 editione,
3729 5655 3826 5712 ubi

2178 5731 2346 5783 antea
2374 5724 2676 5797 legebatur
2697 5726 3089 5798 permitteret,
3119 5724 3289 5783 natet.
