3896 6410
161 434 262 501 513

1097 401 1202 497 nn
1245 400 1733 498 CONTEMPTU
1778 420 2189 498 csNonUM.
2223 467 2303 481 -
2329 434 2528 499 PARS
2571 436 2623 500 ι.

3454 443 3573 506 514

220 570 300 626 23L
337 566 583 625 Memini
615 580 709 624 me
738 562 800 623 in
828 559 1029 625 Rheno
1060 568 1286 625 bicorni
1334 572 1565 625 tantum
1612 573 1806 641 pertu-
1838 569 1892 635 Α
1992 570 2080 623 24.
2115 570 2228 625 Sed
2260 570 2512 627 velimus
2545 571 2823 640 nolimus,
2875 564 3035 645 ipsos
3083 566 3229 648 legis
3270 576 3394 646 Dei,
3426 589 3574 648 quos

160 661 280 717 lisse
310 659 616 731 quendam
648 674 943 731 pavorem,
979 658 1233 715 cumulis
1272 660 1476 731 utique
1519 659 1590 713 ad
1624 657 1813 713 instar

162 749 386 807 collium
415 747 837 805 ebullientibus
868 747 1491 815 ﬂuctuum,utEuxino
1514 748 1658 803 freto
1679 764 1811 803 ma-

156 841 245 912 jus
270 837 554 894 habuisse
583 836 911 910 putaverim
960 837 1226 894 nullum:
1282 838 1383 894 sed
1414 854 1549 893 cum
1598 842 1814 893 nautas

160 927 365 984 fiducia
406 925 631 999 peritiae
689 924 1002 999 navigandi
1055 926 1243 998 jocari
1301 926 1600 996 vidissem,
1650 929 1811 981 metu

161 1017 390 1086 amisso,
422 1014 730 1072 audaciam
763 1015 1021 1088 [subaudi
1050 1016 1293 1071 memini
1325 1015 1443 1089 me]
1482 1014 1812 1088 sumprisse

161 1123 265 1163 non
293 1105 615 1163 modicam.
644 1105 763 1161 Hoc
790 1105 989 1178 itaque
1020 1104 1168 1167 (803)
1203 1109 1267 1160 ut
1315 1104 1401 1160 uti
1430 1104 1527 1160 hic
1571 1121 1686 1160 non
1718 1103 1807 1158 in-

160 1212 473 1270 congruum
496 1193 800 1267 judicetur
823 1194 1108 1268 exemplo,
1144 1195 1192 1250 si
1212 1193 1518 1251 saeculares
1541 1193 1613 1250 ad
1643 1198 1812 1249 tanta

159 1284 323 1342 divini
350 1283 594 1351 terroris
628 1301 757 1357 quis
790 1284 964 1340 isthic
993 1283 1255 1356 depinxit
1283 1283 1560 1351 tonitrua,
1578 1300 1704 1356 quas
1735 1282 1811 1338 le-

157 1379 351 1448 gentes
384 1370 712 1447 intelligere
741 1391 848 1430 nos
880 1390 1093 1447 negare
1124 1390 1240 1430 non
1262 1389 1603 1447 possumus,
1634 1371 1812 1428 vidis-

158 1469 280 1520 sent
308 1462 687 1538 exspergisci,
725 1468 1027 1537 utcunque
1058 1462 1446 1519 nihilominus
1477 1460 1627 1518 etilli
1647 1462 1812 1518 time-

158 1555 377 1609 rent.At
387 1569 524 1609 cum
538 1569 644 1609 nos
657 1553 893 1610 videant
920 1552 1164 1609 ridendo
1177 1569 1243 1608 ea
1260 1551 1692 1625 quoquelegere
1705 1568 1809 1607 sae-

156 1658 242 1714 pe,
265 1628 325 1698 et
338 1633 467 1701 tam
481 1638 776 1700 obstinate
791 1642 1105 1698 adversum
1118 1640 1523 1711 talia,tamque
1537 1640 1815 1694 audacter

155 1731 448 1801 resistere,
475 1735 534 1788 et
562 1730 878 1789 rebellione
894 1734 1099 1787 contra
1116 1734 1297 1785 Deum
1312 1746 1387 1801 pu
1399 1727 1549 1783 blica
1568 1728 1817 1783 obdura-

153 1820 221 1889 ri;
256 1821 310 1876 si
342 1819 429 1876 illi
450 1819 593 1876 talia
611 1830 725 1875 nun
739 1823 971 1886 curant,
992 1818 1069 1873 mi
1078 1832 1287 1873 rumne
1305 1815 1497 1872 alicui:
1524 1818 1715 1889 potest
1732 1815 1814 1870 vi-

1922 659 2094 713 modo
2128 663 2249 713 tam
2282 660 2645 715 obduranter
2672 660 2905 717 odimus
2922 664 3096 735 atque
3117 667 3573 737 contemnimus,

1919 746 2100 803 libros
2122 748 2473 805 habebimus
2501 750 2748 822 judices,
2781 749 2941 823 ipsos
2992 758 3381 827 accusatores,
3426 774 3575 830 quos

1919 835 2124 892 haberi
2152 840 2491 909 Oportuerat
2520 839 2876 896 defensores.
2911 843 3203 915 Scriptum
3256 849 3347 901 est
3374 844 3532 902 enim
3559 865 3572 903 :

1916 926 2195 982 Iudicium
2223 926 2380 995 sedit,
2413 936 2465 983 et
2514 928 2651 984 libri
2695 932 2873 1001 aperti
2901 936 3027 987 sunt
3076 932 3237 1006 (Dan.
3285 950 3388 1005 vn,
3436 936 3574 1010 10):

1919 1015 2075 1087 quod
2108 1016 2378 1087 quamvis
2408 1020 2465 1072 et
2493 1018 2564 1073 de
2595 1018 2967 1075 conscientiis
2992 1021 3362 1093 singulorum
3390 1023 3580 1082 valeat

1918 1102 2197 1177 intelligi;
2231 1104 2537 1162 sciendum
2570 1122 2639 1162 ex
2668 1124 2757 1176 eo,
2792 1109 3208 1181 quodinlibris
3224 1113 3575 1183 continetur,

1919 1209 2124 1249 omnes
2145 1194 2523 1265 judicandos.
2557 1196 3149 1271 MonstratPropheta
3164 1200 3576 1271 alius,dicens:

1922 1282 2221 1339 Conversus
2249 1299 2392 1354 sum,
2424 1289 2479 1340 et
2509 1286 2686 1340 levavi
2712 1287 2897 1342 oculos
2924 1305 3090 1356 meos,
3122 1298 3175 1345 et
3202 1292 3337 1359 vidi,
3370 1297 3424 1348 et
3464 1309 3582 1350 ecce

1918 1373 2173 1428 volumen
2199 1374 2410 1441 volans,
2444 1382 2494 1428 et
2539 1374 2688 1430 dixit
2716 1375 2788 1431 ad
2839 1393 2955 1432 inc:
3005 1379 3153 1448 Quid
3199 1384 3260 1435 tu
3294 1381 3490 1438 vides?
3517 1384 3581 1438 Et

1921 1476 2018 1529 ego
2049 1461 2212 1517 dixi:
2246 1463 2352 1533 Ego
2384 1463 2537 1518 video
2565 1465 2819 1519 volumen
2860 1467 3080 1536 volans;
3134 1469 3417 1539 longitudo
3465 1473 3582 1544 ejus

1919 1551 2123 1622 viginti
2150 1551 2481 1617 cubitorum,
2506 1556 2559 1606 et
2601 1553 2832 1609 latitudo
2879 1556 2996 1625 ejus
3045 1557 3228 1613 decem
3274 1559 3586 1617 cubitorum

1922 1640 1987 1694 Et
2016 1639 2162 1695 dixit
2190 1639 2261 1694 ad
2287 1655 2415 1696 me:
2451 1644 2579 1695 Haec
2623 1645 2705 1696 est
2747 1643 3080 1709 maledictio,
3129 1661 3256 1717 quae
3305 1648 3586 1716 egreditur

1923 1743 2092 1798 super
2125 1729 2321 1783 'acie-m
2352 1729 2531 1783 omnis
2558 1731 2754 1795 terrae;
2780 1731 2910 1800 quia
2946 1735 3126 1787 omnis
3171 1736 3286 1805 fur,
3320 1738 3463 1793 sicut
3507 1739 3587 1794 ibi

1923 1819 2194 1889 scriptum
2241 1824 2337 1883 est,
2388 1817 2759 1889 judicabitur;
2789 1823 2841 1874 et
2870 1823 3051 1876 omnis
3095 1823 3320 1894 jurans,
3370 1841 3442 1882 ea:
3488 1826 3586 1884 hoc

152 1909 312 1965 deri?
341 1907 428 1963 Illi
462 1924 673 2004 nempe
704 1907 847 2004 quid
898 1907 1419 2004 dicatur,“nedum
1462 1903 1814 2004 intelligant,
1848 1938 1895 2003 Β
1925 1906 2186 1961 similiter
2197 1904 2563 1978 judicabitur.
2594 1908 2662 1961 Et
2691 1906 2917 1963 educam
2947 1910 3128 1979 illum,
3160 1911 3296 1969 dicit
3324 1915 3585 1973 Dominus

146 2003 362 2053 utrum
392 2014 523 2053 vere
554 1998 785 2053 dicatur
814 1996 1110 2068 ignorant.
1145 1994 1307 2051 Unde
1335 1999 1392 2050 ct
1416 1994 1817 2050 excommuni-

148 2085 416 2142 cationes
439 2089 671 2142 nostras
702 2102 837 2142 cum
871 2084 1346 2140 absolutionibus
1377 2083 1537 2156 parvi
1573 2084 1816 2148 ducunt,

151 2176 292 2249 quia
324 2179 617 2248 quantum
651 2173 977 2246 intelligere
1008 2176 1278 2247 possunt,
1312 2177 1369 2229 et
1399 2190 1504 2228 nos
1537 2190 1569 2227 a
1599 2172 1819 2228 sanctis

154 2265 482 2322 canonibus
513 2263 1052 2321 excommunicatos
1082 2267 1459 2335 cognoscunt,
1483 2266 1541 2317 et
1570 2261 1817 2335 ligatum

157 2354 454 2412 neminem
488 2352 670 2427 ligare
698 2353 788 2419 vel
811 2351 1108 2411 absolvere
1131 2366 1305 2425 posse
1316 2351 1559 2407 arbitrio
1583 2350 1817 2425 proprio

161 2446 310 2502 864
341 2441 869 2516 comprehendunt.
902 2442 987 2497 Ad
1019 2440 1454 2514 praedicandum
1497 2457 1639 2496 sane
1683 2456 1818 2495 cum

160 2532 411 2589 inaniter
438 2531 670 2606 perveni
680 2535 795 2587 tur:
825 2529 1093 2603 quamvis
1113 2529 1331 2585 dixisse
1351 2530 1638 2586 Dominus
1661 2545 1819 2585 reco-

164 2621 347 2679 latur:
384 2623 517 2691 Quae
544 2621 737 2678 dicunt
760 2622 951 2692 facile,
999 2636 1120 2692 qua:
1164 2627 1351 2677 autem
1390 2621 1604 2692 faciunt
1652 2619 1823 2676 nolite

162 2713 340 2783 facere
369 2711 586 2783 (Matth.
620 2726 779 2778 xxm,
802 2709 879 2780 3);
910 2707 1387 2781 Apostolitamen
1418 2707 1823 2781 exaggerando

166 2816 499 2857 sermonem
529 2799 670 2872 quid
718 2798 913 2854 dicere
966 2796 1231 2877 possint,
1267 2814 1384 2853 non
1434 2797 1546 2853 sibi
1581 2798 1827 2853 credunt

166 2889 384 2947 deesse.
422 2879 571 2959 Quid
592 2888 867 2962 praedicas
883 2903 993 2944 non
1001 2887 1327 2958 furandum,
1354 2886 1662 2959 spoliando
1688 2903 1829 2959 pau-

164 2990 349 3049 peres,
390 2984 462 3035 ut
488 2977 885 3051 locupleteris,
917 2978 1086 3048 pejus
1119 2976 1380 3032 omnimo
1409 2977 1623 3048 furaris
1649 2977 1823 3046 (Rom.

164 3082 219 3135 II,
251 3068 365 3139 2t).
402 3068 518 3137 Qui
540 3067 679 3122 dicis
697 3082 809 3121 non
838 3064 1222 3120 mazchandum
1272 3064 1390 3121 ullo
1439 3066 1632 3136 modo,
1665 3064 1827 3122 mille

161 3157 346 3213 modis
377 3158 441 3213 in
476 3156 775 3213 actitando
807 3155 975 3228 pejus
1000 3156 1294 3212 nuecharis
1325 3154 1509 3227 (Ibid,
1539 3156 1651 3227 22),
1672 3155 1824 3212 mul-

158 3244 397 3303 tinubus
429 3248 582 3303 dum
614 3260 846 3318 quoque
873 3260 987 3301 non
1018 3260 1146 3300 esse
1172 3243 1409 3300 vereris.
1443 3244 1593 3308 Quid
1622 3248 1833 3301 tamen

1928 1996 2291 2062 exercituum,
2323 1998 2375 2049 et
2406 1997 2582 2050 veniet
2609 1997 2681 2051 ad
2700 1996 2923 2052 domum
2968 2001 3133 2069 furis,
3169 2008 3220 2057 et
3245 2003 3318 2058 ad
3362 2004 3586 2061 domum

1920 2084 2168 2155 jurantis
2223 2086 2285 2139 in
2352 2086 2576 2140 nomine
2638 2101 2757 2140 meo
2818 2088 3175 2145 mendaciter.
3233 2095 3286 2146 et
3348 2108 3582 2151 commo-

1928 2173 2148 2227 rabitur
2170 2174 2230 2227 in
2285 2172 2462 2228 medio
2518 2173 2706 2229 domus
2760 2176 2899 2245 ejus,
2933 2180 2984 2232 ct
3013 2185 3294 2236 consumet
3338 2197 3485 2249 eum,
3535 2193 3591 2242 et

1929 2262 2084 2331 ligna
2113 2262 2252 2333 ejus,
2283 2270 2337 2317 et
2363 2262 2571 2334 lapides
2601 2263 2719 2334 ejus
2749 2264 2932 2333 (Zach.
2974 2284 3029 2333 v,
3062 2267 3115 2333 i,
3147 2270 3228 2341 4).
3262 2271 3479 2339 Audite,
3504 2274 3587 2329 ait

1926 2351 2103 2419 alius,
2136 2354 2201 2405 ut
2230 2351 2304 2429 ad
2337 2350 2450 2406 alia
2490 2355 2812 2421 transeam,
2867 2353 3052 2411 audite
3108 2357 3207 2412 hoc
3259 2361 3585 2431 sacerdotes,

1925 2448 1978 2497 et
2004 2436 2288 2507 attendite,
2320 2440 2629 2510 quia‘vobis
2649 2441 2931 2512 judicium
2957 2452 3054 2509 est,
3077 2449 3340 2516 quoniam
3360 2450 3587 2522 laqueus

1927 2531 2065 2604 facti
2111 2531 2247 2603 estis,
2285 2530 2652 2601 spceulationi
2681 2529 2822 2601 (Ose.
2853 2548 2911 2597 v,
2941 2533 3013 2600 1).
3061 2534 3169 2598 Qui
3219 2535 3467 2610 intelligi
3496 2538 3585 2595 lu-

1932 2619 2146 2687 cidius,
2180 2618 2319 2689 quid
2356 2633 2540 2689 ρνωεο
2571 2618 2836 2689 apertius
2876 2621 3108 2691 potest?
3149 2623 3587 2694 Speculatorem

1933 2707 2151 2780 quippe
2196 2722 2325 2762 esse
2351 2712 2618 2779 oportere
2647 2706 3004 2778 pontificem,
3039 2710 3139 2782 qui
3170 2711 3329 2780 dicit,
3362 2713 3586 2775 innuit:

1934 2796 2337 2869 Speculatorem
2367 2802 2418 2850 te
2440 2797 2623 2866 posui,
2657 2798 2738 2851 ait
2749 2796 3380 2873 Dominusexercituum,
3395 2804 3590 2863 domus

1934 2888 2102 2941 Israel
2133 2884 2349 2958 (Ezeeh.
2375 2900 2458 2951 III,
2487 2884 2596 2955 17).
2631 2884 2794 2941 Unde
2821 2890 2879 2942 et
2906 2887 3217 2961 episcopus
3248 2890 3462 2961 Graece,
3487 2911 3588 2951 su-

1934 2974 2513 3048 perintendens305
2529 2974 2745 3029 dicitur
2757 2975 3094 3043 Latine.Qui
3117 2977 3166 3033 si
3184 2977 3294 3038 hoc
3307 2998 3475 3055 agere
3489 2988 3591 3041 aut

1936 3064 2143 3132 nescit,
2157 3068 2258 3119 aut
2275 3063 2426 3136 negli
2433 3063 2535 3136 git,
2558 3069 2681 3132 aut,
2697 3065 2852 3137 quod
2879 3070 2967 3121 est
2978 3066 3233 3140 gravius,
3252 3086 3368 3127 non
3378 3073 3590 3143 jussus

1935 3155 2257 3228 praesumit;
2289 3152 2536 3226 laqueus
2585 3153 2991 3227 speculationi,
3040 3155 3098 3213 id
3133 3163 3223 3215 est
3271 3160 3590 3236 episcopali

1935 3244 2147 3313 ordini,
2183 3247 2240 3300 et
2268 3258 2448 3300 causa
2471 3243 2821 3315 perditionis
2847 3245 3028 3301 dubio
3059 3247 3262 3318 procul
3313 3250 3587 3323 efficitur,

158 3332 287 3391 inde
317 3334 651 3409 proveniat,
686 3351 801 3389 non
833 3351 867 3389 a
895 3350 990 3389 me
1007 3333 1227 3389 discere
1249 3333 1441 3406 quivis
1469 3334 1819 3407 expostulat.
1851 3307 1896 3374 (ἶ
1935 3334 2189 3389 maxime
2219 3333 2269 3388 si
2304 3349 2417 3388 non
2451 3333 2696 3402 inscius,
2730 3332 2833 3388 sed
2865 3335 3139 3391 conscius
3178 3337 3238 3391 id
3293 3307 3586 3409 operatur:

160 3426 505 3499 Gregorium
570 3423 802 3480 audiat:
865 3427 1050 3480 Causa
1104 3423 1317 3495 inquit,
1387 3426 1575 3481 ruinae
1630 3425 1825 3496 populi

157 3504 454 3573 sacerdotes
482 3514 629 3570 mali
653 3513 821 3586 (804).
856 3511 966 3577 Qui
996 3512 1220 3585 utique,
1270 3512 1381 3569 nisi
1415 3529 1514 3569 eos
1564 3518 1822 3569 contem-

160 3609 361 3662 nerent
383 3619 672 3671 canones,
704 3602 822 3657 imo
852 3601 967 3657 nisi
1002 3602 1359 3674 prophetica,
1394 3601 1749 3674 evangelica,
1768 3605 1826 3656 et

160 3695 481 3768 apostolica
513 3704 625 3768 pro
659 3690 840 3748 nihilo
863 3692 1139 3747 ducerent
1164 3691 1338 3758 dicta,
1359 3689 1562 3746 nullus
1581 3689 1823 3745 saecula-

161 3785 311 3842 rium
342 3790 468 3842 tam
501 3800 578 3840 ea
607 3781 767 3855 parvi
810 3782 1050 3837 duceret
1103 3778 1363 3846 vesania,
1422 3779 1523 3835 sed
1556 3795 1762 3834 omnes
1792 3796 1827 3834 a

162 3876 326 3932 nobis
355 3880 484 3931 tam
518 3870 787 3930 studiose
820 3874 1113 3938 venerata,
1147 3869 1391 3924 omnino
1407 3872 1828 3941 cognoscerent

160 3965 508 4021 veneranda.
546 3962 980 4017 Venerarentur
1008 3975 1144 4015 vero
1172 3975 1206 4013 a
1236 3958 1406 4014 nobis
1440 3962 1756 4031 utcunque,
1777 3960 1826 4017 si

161 4055 573 4129 diligerentur.
626 4049 1020 4123 Diligerentur
1070 4051 1289 4118 autem,
1324 4047 1373 4102 si
1405 4064 1521 4103 non
1575 4047 1676 4104 illa
1704 4054 1825 4106 tam

162 4145 380 4201 sancita
410 4143 935 4199 fuissentaustere.
957 4154 1083 4210 quas
1098 4135 1393 4193 contraria
1423 4141 1564 4192 sunt
1592 4136 1825 4194 libidini

160 4250 221 4289 ac
249 4233 501 4290 luxurias
535 4228 884 4298 maledictis,
935 4227 1106 4299 cujus
1160 4224 1611 4283 detestationem
1652 4244 1825 4285 nemo

158 4320 467 4392 litteratus,
500 4318 742 4379 etiamsi
757 4317 914 4384 velit,
929 4315 1292 4389 permittitur
1304 4315 1589 4387 ignorare.
1609 4315 1827 4374 Omnes

157 4428 284 4469 vero
313 4428 447 4470 eam
481 4409 642 4483 (8035)
662 4408 890 4473 odisse,
922 4405 1283 4477 voluptatem
1332 4420 1465 4460 vero
1513 4404 1702 4477 ipsius
1733 4406 1826 4462 di-

158 4499 349 4574 ligere,
382 4498 669 4575 quamvis
690 4496 969 4571 gehennaa
982 4498 1258 4567 suspectu
1274 4493 1445 4549 multi
1459 4509 1588 4550 eam
1602 4509 1822 4565 cavere;

160 4606 222 4647 ac
250 4606 355 4664 per
378 4590 496 4647 hoc
529 4584 936 4646 adversarium
965 4582 1134 4639 nobis
1182 4598 1513 4640 sermonem
1559 4583 1823 4641 divinum

1931 3422 2027 3478 Ait
2057 3422 2213 3478 enim
2246 3422 2317 3475 dc
2348 3419 2568 3475 talibus
2594 3420 3005 3493 Apostolorum
3025 3424 3377 3496 praecipuus:
3400 3427 3592 3484 Melius

1934 3512 2049 3566 illis
2078 3512 2261 3581 fuerat
2287 3524 2399 3565 non
2427 3525 2744 3580 cognoscere
2774 3510 2921 3564 viam
2950 3512 3215 3579 veritatis,
3265 3530 3435 3589 quam
3472 3522 3593 3588 post

1933 3600 2299 3671 cognitionem
2328 3601 2630 3653 retrorsum
2658 3601 2902 3653 converti
2929 3599 2998 3654 ab
3026 3615 3106 3671 eo,
3140 3601 3282 3673 quod
3325 3603 3594 3661 traditum

1935 3692 2017 3743 est
2044 3688 2181 3756 illis,
2213 3688 2400 3741 sancto
2426 3685 2684 3742 mandato
2711 3687 2787 3758 (II
2811 3688 2962 3743 Pctr.
2987 3705 3049 3756 ιι,
3081 3691 3194 3761 21).
3216 3693 3378 3757 Quod
3411 3694 3594 3767 stipu.

1936 3776 2066 3832 lans
2093 3792 2220 3849 ego,
2252 3773 2583 3831 visceratim
2617 3774 2781 3846 (quid
2812 3774 2910 3832 alii
2939 3776 3008 3833 de
3040 3794 3101 3835 se
3142 3782 3418 3852 sentiant,
3462 3782 3593 3840 illo-

1937 3884 2068 3922 rum
2100 3866 2383 3922 interesse
2405 3863 2733 3934 dimittens)
2750 3883 2884 3923 cum
2916 3884 3006 3938 eo,
3031 3869 3131 3941 qui
3162 3875 3295 3928 ante
3327 3889 3420 3929 me
3436 3872 3593 3933 idem

1937 3953 2319 4028 deprompsit,
2351 3953 2641 4009 exclamo:
2679 3956 2894 4012 Utinam
2916 3974 3025 4013 non
3036 3960 3265 4029 fuissem
3282 3963 3372 4017 vir
3390 3962 3593 4020 habens

1934 4047 2212 4118 spiritum,
2244 4060 2344 4098 nec
2390 4042 2461 4098 ad
2513 4059 2602 4099 me
2629 4061 2806 4101 sermo
2850 4048 3031 4117 factus
3079 4049 3276 4119 fuisset
3328 4051 3587 4108 Dominil

1935 4135 2111 4205 (Mich.
2149 4151 2207 4202 η,
2248 4133 2354 4200 li.)
2387 4132 2533 4197 Quid
2565 4133 2723 4188 enim
2750 4133 3060 4207 mihi(806)
3083 4143 3355 4211 corrupte
3376 4140 3594 4197 viventi

1936 4240 2130 4280 sermo
2162 4221 2414 4288 Domini,
2448 4220 2561 4275 nisi
2592 4221 2914 4293 perspicuae
2946 4228 3149 4280 contra
3189 4225 3358 4282 illum
3407 4227 3592 4284 rebel-

1936 4313 2113 4370 lionis
2145 4310 2454 4378 indicium,
2488 4313 2546 4365 et
2577 4309 2924 4382 perditionis
2953 4315 3043 4368 est
3081 4313 3356 4370 cumulus
3405 4331 3546 4373 mea:
3566 4317 3596 4373 ‘2

1936 4404 2082 4460 Cum
2114 4401 2271 4459 enim
2303 4400 2401 4456 ille
2428 4398 2601 4455 bonis
2630 4399 2891 4472 praemia,
2926 4417 2960 4456 a
2981 4401 3136 4458 malo
3166 4418 3300 4460 vero
3322 4405 3596 4460 receden-

1936 4492 2096 4549 tibus
2123 4490 2355 4546 veniam
2388 4488 2713 4561 promittat,
2748 4489 3044 4546 neminem
3063 4491 3595 4565 decipit,omnibus

1935 4581 2114 4637 dicit:
2142 4580 2318 4634 Filius
2368 4578 2608 4633 hominis
2662 4586 2925 4635 venturus
2952 4584 3029 4636 est
3086 4583 3147 4637 in
3174 4583 3360 4654 gloria
3409 4586 3596 4640 Patris

161 4676 216 4733 in
242 4680 337 4736 via
381 4676 703 4753 praesentis
752 4672 1055 4747 temporis,
1116 4670 1345 4728 Christo
1402 4673 1674 4743 testante,
1725 4690 1824 4730 ex-
1856 4679 1904 4746 ι)
1934 4672 2024 4727 sui
2051 4685 2177 4725 cum
2205 4667 2564 4739 angelissuis,
2589 4674 2640 4723 et
2653 4669 2784 4724 tunc
2808 4668 3598 4746 reddetunicuicuiquesecun-

162 4765 380 4826 sistere.
480 4800 485 4807 -

226 4911 373 4987 (803)
435 4911 773 4987 Construe:
834 4907 1020 4987 Itaque
1066 4912 1128 4961 ut
1147 4902 1430 4987 judicetur
1475 4920 1585 4961 non
1612 4906 1823 4987 incon:

166 4976 365 5050 gruum'
386 4984 478 5040 uti
519 4983 618 5037 hic
673 4976 941 5050 exempla
978 4976 1096 5034 hoc.
1128 4977 1181 5031 si
1222 4977 1513 5050 saeculares
1565 4977 1827 5032 vidissent

162 5047 264 5109 non
322 5053 658 5126 expergde
699 5051 771 5126 ad
817 5047 975 5106 tanta
1030 5050 1274 5104 tonitrua
1325 5047 1505 5103 divini
1575 5050 1824 5117 terroris,

843 5136 971 5206 gum
998 5136 1109 5176 non
1158 5134 1447 5206 pessumus
1500 5135 1828 5206 negare.an

182 5191 386 5267 egentes
407 5191 751 5268 intelligere,
796 5191 1089 5265 utcumque
1134 5191 1499 5247 nihilominus
1530 5196 1583 5247 et
1632 5192 1720 5247 illi
1750 5193 1827 5247 ti-

165 5277 385 5327 mereret.

228 5342 373 5414 (804)
405 5340 516 5398 Hic
577 5342 772 5396 textus
824 5335 982 5393 Osca:
1014 5330 1507 5414 “est‘ex_snt_iqua
1548 5333 1829 5414 _versione

166 5403 282 5484 cap.
308 5403 370 5480 νζ
403 5429 461 5484 ν,
500 5414 555 5481 1,,
591 5426 769 5483 quem
820 5425 956 5484 cum
1013 5403 1423 5484 Ratheriusin
1467 5403 1714 5484 vulgata
1739 5406 1827 5461 in-

166 5474 583 5557 terpretatione
611 5474 759 5557 -non
817 5478 1123 5557 invenerit,
1175 5476 1285 5557 sed
1342 5474 1828 5557 lege-ritlantum

163 5546 308 5627 apud
339 5556 407 5627 S.
434 5553 792 5627 Gregorium
814 5547 1318 5627 inCommentario
1344 5546 1584 5627 iri—lib}
1603 5547 1829 5627 Rhegum

164 5618 213 5681 οἷ
231 5644 291 5697 ιι,
308 5644 366 5683 ν.
379 5626 479 5696 23,
508 5618 791 5697 ubiQseie
803 5623 1047 5696 quidem
1059 5619 1366 5697 asseritur,
1390 5618 1529 5697 hinc
1546 5618 1607 5673 S.
1623 5618 1832 5697 Grego-

167 5689 311 5772 rium
343 5689 591 5772 allegat.
626 5694 752 5772 Non
779 5689 1125 5772 ignopamus
1154 5689 1583 5772 inter'erudit’os
1605 5689 1832 5772 contro-

167 5771 300 5827 verti
330 5760 500 5829 num'
514 5769 726 5824 auctor
754 5760 884 5835 ejus
913 5760 1330 5835 Commentarii
1375 5760 1456 5835 sit
1506 5760 1566 5818 S.
1616 5760 1830 5835 Grego-

171 5840 309 5929 rius;
342 5846 425 5922 at,
462 5837 763 5925 quidquid
779 5831 852 5901 id
882 5839 993 5914 est,
1044 5831 1306 5900 Eutherii
1354 5831 1535 5894 codex
1572 5831 1830 5913 profecto

1932 4760 2065 4817 dum
2092 4775 2257 4832 opera
2311 4760 2435 4831 ejus
2495 4755 2708 4829 (Matth.
2755 4772 2872 4825 xvx,
2933 4759 3047 4832 27).
3100 4761 3303 4829 [Quem
3353 4754 3594 4820 secutus

2005 4900 2268 4974 Gregorii
2299 4916 2513 4974 nomen
2547 4900 2907 4974 praeferebat.

2007 4972 2156 5047 (805)
2189 4974 2270 5029 An
2296 4972 2872 5049 hiedeestguoddam
2918 4975 3163 5049 verbum,
3213 4974 3354 5048 quod
3394 4992 3598 5049 fregere

1934 5045 2121 5104 debeat
2151 5046 2339 5127 ania
2362 5045 2461 5127 illa
2493 5045 2708 5127 inﬁniti
2754 5048 3013 5127 temporis
3061 5045 3275 5127 odisse,
3327 5045 3591 5127 diligere,

1937 5117 2179 5189 cavere?
2213 5122 2320 5173 etc.
2354 5118 2511 5187 Infra
2540 5115 2812 5171 edidimus
2842 5115 3044 5189 libros,
3078 5121 3177 5175 ubi
3205 5115 3322 5176 erat
3352 5115 3590 5179 libérosl

1936 5191 2059 5246 Mox
2088 5188 2393 5261 sciendum
2427 5205 2494 5243 ex
2526 5203 2593 5244 eo
2624 5189 2804 5259 quod,
2828 5206 2931 5261 quo
2961 5188 3073 5247 loco
3101 5191 3362 5249 Acherius
3407 5192 3594 5249 edide-

1936 5270 2057 5390 nat,t
2079 5258 2386 5318 sciendum
2415 5276 2551 5315 vero
2582 5258 2761 5331 quod.
2795 5258 2880 5319 Ita
2908 5260 3269 5321 novissimus
3297 5263 3596 5337 Spicilegii

1938 5351 1968 5390 e
2014 5350 2144 5389 ior.

1938 5350 2144 5390 CUILOP.

2011 5404 2160 5487 (806)
2207 5403 2493 5490 .Mend‘ose
2526 5402 2584 5490 inn
2614 5400 2870 5490 vulgatis
2925 5409 3052 5478 apte
3070 5407 3350 5490 “viventi:
3402 5420 3595 5490 neque

1940 5470 2097 5533 enim
2128 5470 2271 5547 apte,
2305 5470 2405 5531 sed
2436 5474 2582 5530 male
2607 5470 2818 5531 viventi
2846 5470 3040 5533 sermo
3070 5476 3303 5533 Domini
3332 5482 3422 5534 est
3450 5470 3597 5530 indi-

1941 5548 2097 5604 cium
2128 5545 2818 5619 rebeﬁllionisipcrspicuaa
2849 5553 3052 5604 contra
3080 5545 3286 5619 Deum,
3307 5552 3366 5603 et
3394 5563 3597 5619 cumu-

1940 5619 2035 5676 lus
2064 5617 2428 5692 perditionis.
2458 5617 2607 5680 Quid
2639 5617 2836 5692 autem
2869 5617 3352 5692 substituendum
3384 5618 3461 5673 sit
3481 5631 3594 5692 pro

1941 5634 2035 5676 lus
2064 5634 2428 5692 perditionis.
2458 5634 2607 5680 quia
2639 5634 2836 5672 autem
2869 5634 3352 5674 sunsmuenaum
3384 5634 3461 5673 sit
3530 5634 3594 5671 ro

1939 5695 2084 5763 apte,
2119 5694 2186 5746 ut
2213 5688 2579 5763 significetur
2605 5687 2771 5753 male,
2804 5692 2860 5742 S.
2892 5688 3142 5763 Zenonis
3189 5692 3386 5763 textus
3417 5704 3452 5742 a
3481 5634 3594 5741 ﬁa-

1940 5758 2130 5820 therio
2160 5758 2333 5816 antea
2362 5759 2657 5836 laudatus,
2705 5768 2958 5835 corrupte
3002 5758 3326 5833 viventium,
3379 5770 3636 5836 oppovu

1941 5837 2086 5913 tune
2114 5829 2430 5912 suggessit.
