3896 6376
268 378 275 389 “
385 419 501 478 523

1589 416 1964 484 RATHERII
2010 418 2253 483 EPISC.
2301 416 2590 485 VERON.
3692 414 3847 479 524

385 551 539 607 dere:
562 550 654 606 cui
688 547 909 608 scilicet
939 568 1053 608 non
1085 548 1257 609 liceat
1282 551 1423 609 soli:
1451 552 1563 608 nisi
1596 553 1825 626 praefixo
1856 552 2037 625 loqui,
2069 556 2123 623 Α
2152 552 2407 609 ﬁllonem
2450 553 2598 625 (823)
2648 570 2765 609 non
2815 552 2992 609 audet
3051 548 3369 626 appellare.
3417 546 3641 607 Milites
3696 566 3846 606 non

384 641 652 709 [subaudi
681 658 784 696 nec
814 640 1093 713 liceat]dc
1121 660 1235 698 uno
1259 642 1467 698 saltem
1500 642 1559 697 in
1580 642 2036 698 alterumtrans-
2148 641 2423 715 epitulari
2484 642 2593 697 sibi
2629 641 2919 698 instanter
2949 641 3206 711 causari,
3236 643 3386 712 (824)
3418 639 3654 713 quodve
3685 638 3845 711 capi

386 730 469 783 ire
509 729 634 784 sine
691 731 913 786 ratione
974 733 1269 788 reddenda
1312 731 1700 800 cubiculum;
1753 750 1887 787 cum
1938 732 2037 787 Dei
2148 732 2541 804 sivissentquc
2601 731 2767 787 illum
2829 731 3062 787 abduci.
3115 733 3325 799 Mores,
3365 730 3710 797 lectionem,
3771 734 3849 782 et

388 818 808 887 misericordia,
844 824 899 875 et
960 820 1117 875 illius
1161 822 1307 892 (821)
1340 821 1726 893 elcemosyna,
1761 821 1860 892 qui
1896 819 2039 874 mihi
2149 826 2385 877 cantum
2446 838 2681 893 carpere
2738 820 3107 877 clericorum.
3168 818 3399 892 lllegale
3464 819 3844 891 conjugium

390 907 637 963 contulit
689 909 815 980 ipsa
865 910 1113 965 habeam
1167 910 1378 977 multa,
1410 928 1513 964 nec
1556 911 1865 965 interdicta
1896 909 2040 964 mihi
2152 911 2415 965 nominat
2445 910 2797 967 adulterium
2833 911 2979 972 (825)
3008 929 3021 977 ;
3055 909 3245 983 legem
3278 909 3547 980 (subaudi
3598 908 3845 980 potius]

392 997 469 1050 sit
497 997 582 1053 eis
640 998 869 1054 fruendi
913 997 1169 1054 licentia.
1196 1000 1264 1053 Et
1309 999 1510 1070 utique
1541 998 1589 1053 si
1624 999 1775 1054 inter
1805 1014 1866 1053 se
1898 997 2044 1053 talia
2151 1018 2328 1071 quam
2352 999 2861 1071 consuetudinem,
2892 998 3249 1071 dogmatizat
3278 998 3622 1054 tenendam.
3656 996 3846 1069 Opus

392 1086 661 1156 [subaudi
698 1089 919 1159 osores]
951 1087 1339 1157 collatrarent,
1376 1104 1489 1142 non
1541 1087 1757 1143 mirum
1807 1087 2040 1154 fuerat;
2153 1088 2358 1145 servile
2408 1090 2557 1151 (826)
2603 1087 2899 1143 interdicit
2956 1084 3259 1143 Dominica
3312 1086 3428 1142 die.
3458 1085 3591 1141 Non
3643 1086 3844 1141 modo

396 1176 537 1247 (822)
576 1175 718 1232 tales
751 1177 968 1232 mirum
1015 1177 1173 1233 haud
1220 1177 1444 1232 modice
1495 1178 1564 1231 de
1610 1176 1825 1232 talibus
1886 1177 2043 1232 ³74

396 1264 641 1336 fatigare
666 1264 1001 1337 imperiales
1044 1266 1093 1322 si
1138 1267 1264 1322 ausi
1305 1266 1423 1321 sint
1466 1283 1658 1321 aures.
1693 1265 1840 1328 Quid
1887 1263 2044 1319 enim

396 1353 466 1407 ad
514 1352 703 1422 illum,
737 1354 830 1409 cui
878 1355 949 1409 de
982 1358 1101 1409 tota
1131 1353 1384 1409 climatis
1418 1354 1601 1409 nostri
1661 1358 1749 1409 est
1778 1353 2047 1425 cogitan-

394 1443 536 1496 dum
572 1442 931 1509 monarchia,
959 1460 1107 1515 opus
1149 1445 1380 1509 referre,
1413 1443 1483 1498 de
1524 1459 1640 1497 uno
1689 1442 1748 1497 in
1796 1442 2044 1497 alterum

396 1548 456 1586 se
484 1531 533 1585 si
565 1531 808 1587 collocat
836 1531 1230 1604 pauperculus
1274 1532 1488 1604 aliquis
1531 1532 1766 1597 lectum,
1802 1532 1872 1585 de
1930 1546 2047 1585 uno

398 1621 455 1675 in
490 1620 648 1677 aliud
684 1622 827 1677 sise
868 1621 1037 1677 vertit
1086 1622 1331 1694 quilibet
1376 1621 1573 1676 latus?
1605 1620 2047 1677 Cavillatoribus
2160 1624 2485 1687 affluentes,
2519 1622 2656 1677 inde
2706 1621 2806 1694 qui
2850 1620 3197 1694 voluptuose
3245 1621 3469 1677 vadunt
3518 1620 3843 1677 viventes?

401 1710 582 1781 igitur
613 1712 855 1766 materia
883 1716 1007 1766 est:
1039 1712 1109 1765 ad
1158 1711 1234 1777 id,
1262 1712 1479 1766 instant
1510 1710 1602 1765 cui
1655 1710 1899 1781 agendo,
1923 1708 2048 1780 ipse
2158 1710 2525 1767 Calamitosis
2561 1728 2696 1767 nam
2739 1711 2850 1767 iste
2881 1709 3076 1767 solum
3109 1724 3355 1783 regnum
3387 1709 3489 1766 Dei
3523 1709 3640 1766 hoc
3670 1710 3840 1766 dicto

402 1800 486 1853 uti
538 1799 890 1865 ministrem,
926 1800 1071 1855 falsa
1115 1800 1284 1866 veris,
1319 1799 1638 1871 opinabilia
1669 1799 1840 1853 certis
1874 1803 2051 1869 atque
2161 1801 2470 1873 promittit.
2503 1800 2724 1855 Nasum
2757 1816 2989 1872 semper
3016 1803 3173 1855 tenet
3204 1799 3263 1854 in
3302 1798 3478 1867 libro,
3514 1800 3657 1855 inde
3700 1815 3840 1872 gar-

402 1889 1173 1961 conjungam,rumusculos
1203 1888 1296 1944 hic
1320 1906 1641 1961 congerens
1667 1906 1768 1960 pro
1801 1886 2053 1942 valentia
2081 1929 2125 1962 ι)
2161 1891 2274 1945 rire
2324 1906 2439 1945 non
2492 1894 2703 1945 cessat.
2735 1888 2988 1944 Omnino
3042 1888 3341 1962 redarguit
3398 1904 3635 1956 omnes,
3671 1891 3840 1959 (827)

404 1982 649 2045 vestros,
687 1996 801 2050 quo
858 1995 959 2033 vos
1019 1979 1221 2050 utique
1280 1978 1558 2033 exsatiem
1619 1983 1880 2033 cunctos.
1915 1977 2049 2042 Quae
2079 1977 2128 1994 ¹¹
2161 1979 2459 2049 conligam
2477 1977 2832 2048 nulli,cujus
2859 1993 3049 2033 mores
3070 1978 3334 2048 placeant
3350 1977 3469 2033 illi.
3486 1977 3835 2042 Onemvero

2154 1177 2456 1245 inusitato,
2485 1178 2585 1233 sed
2631 1182 2687 1233 et
2734 1176 2997 1233 inaudito
3047 1175 3399 1232 commissos
3424 1174 3512 1246 [id
3557 1183 3646 1231 est
3677 1190 3845 1231 con-

2153 1284 2373 1333 versos,
2398 1283 2501 1321 seu
2555 1266 2779 1322 dicatos
2822 1266 2962 1336 Deo]
2994 1264 3111 1320 Deo
3150 1265 3322 1336 jubet
3366 1264 3543 1321 modo
3575 1264 3839 1321 servire.

2155 1356 2244 1411 Ad
2273 1371 2493 1427 magna
2544 1355 2798 1427 praemia
2848 1354 3150 1423 perveniri
3175 1369 3289 1410 non
3317 1368 3486 1423 posse
3537 1353 3658 1410 nisi
3718 1368 3846 1422 per

2156 1461 2393 1515 magnos
2450 1446 2674 1500 labores
2714 1444 2915 1509 (Casa.
2966 1443 3163 1500 ueniit.
3196 1445 3267 1499 57
3313 1443 3373 1499 in
3404 1442 3670 1515 Evang).
3706 1459 3841 1497 non

2158 1532 2404 1606 quiescit
2425 1532 2694 1589 clamare.
2722 1531 2830 1588 Ubi
2857 1549 2995 1604 ergo
3029 1547 3214 1603 reges,
3241 1532 3341 1587 ubi
3362 1547 3575 1588 omnes
3602 1531 3843 1587 divitiis

404 2068 633 2135 dicatis,
669 2085 866 2140 quasve
899 2069 967 2123 de
998 2084 1091 2123 me
1132 2067 1291 2139 quali
1350 2085 1585 2139 quoque
1642 2084 1817 2123 sensu
1863 2066 2053 2120 dicere

401 2157 663 2225 valeatis,
697 2175 800 2229 per
830 2158 1145 2230 quamdam
1179 2157 1536 2229 praeveniens
1575 2154 2051 2228 anticipationem

402 2247 837 2318 hujuscemodi,
867 2246 1122 2303 similem
1169 2247 1261 2301 cui
1311 2251 1442 2302 ante
1491 2264 1604 2315 me,
1638 2246 1830 2309 credo,
1864 2246 1933 2299 de
1990 2258 2052 2298 se

402 2336 602 2391 nullus
656 2336 806 2401 fecit,
840 2338 910 2390 de
969 2352 1061 2391 me
1096 2351 1359 2407 promere
1405 2339 1561 2389 tento
1612 2334 1735 2406 ipse
1780 2333 2052 2388 relatum.

401 2426 579 2497 Legat
605 2441 740 2496 ergo
774 2425 871 2496 qui
903 2424 1073 2492 volet,
1108 2429 1164 2479 et
1186 2425 1255 2479 de
1288 2440 1380 2478 me
1407 2424 1661 2496 proferat
1693 2425 1859 2495 pejus
1886 2426 2055 2496 quid-

401 2514 558 2582 dam,
590 2514 636 2567 si
665 2513 832 2569 valet.

468 2602 855 2673 2.1“:1mulos,
908 2603 1205 2674 inquiunt,
1239 2620 1387 2675 quos
1448 2620 1562 2657 non
1618 2604 1798 2658 audet
1856 2605 2053 2677 ﬂagel-

401 2691 541 2759 lare,
563 2692 712 2748 375
766 2690 950 2747 malos
1008 2709 1207 2747 servos
1258 2709 1372 2745 non
1405 2696 1596 2747 cessat
1624 2709 1849 2748 vocare.
1883 2692 2052 2763 Dicit,

403 2780 542 2851 quia
571 2796 674 2851 pro
722 2797 811 2845 eo,
842 2781 998 2851 quod
1039 2784 1128 2835 est
1175 2780 1478 2835 animosus
1528 2786 1701 2851 atque
1746 2782 2053 2854 pauperri-

403 2868 723 2937 mus,nolit
750 2868 1089 2925 ministrum
1120 2867 1209 2924 vel
1231 2867 1602 2939 capellanum
1630 2868 2055 2943 habere,quem

404 2983 734 3039 villationes
747 2982 1125 3054 przeveniens,
1142 2999 1506 3053 quaecunque
1519 2983 1636 3037 sive
1648 3000 1802 3050 vera,
1819 2986 1937 3042 sive
1950 2986 2056 3042 fal-

405 3072 473 3111 sa
502 3054 716 3127 opponi
738 3058 1023 3127 poterant,
1049 3054 1159 3109 hoc
1209 3054 1490 3127 opusculo
1523 3054 1603 3127 ita
1635 3054 1824 3127 lepide
1854 3074 2055 3113 eorum

404 3124 600 3208 verbis
632 3124 922 3208 exposuit,
954 3130 1018 3208 ut
1067 3124 1314 3208 censura
1368 3124 1637 3208 simplet
1657 3124 1916 3208 defensio
1967 3128 2054 3208 vi-

407 3197 529 3252 deri
560 3197 762 3269 possit.
798 3197 1020 3252 lneunti
1073 3201 1266 3269 autem
1302 3213 1452 3269 anno
1481 3198 1588 3249 966
1624 3197 1836 3253 idcirco
1869 3199 2054 3255 ascri-

410 3266 626 3335 bimus,
659 3269 949 3366 quia‘tum
984 3267 1239 3366 maxime
1269 3266 1627 3366 ebul‘liehant
1677 3269 1957 3366 molestiae,
1986 3272 2057 3327 de
2086 3298 2130 3366 ρ

412 3341 743 3366 Αηέηηηηηιι-
781 3358 793 3366 ι
821 3340 1045 3366 ἔην-ειιη..
1099 3357 1126 3366 Α
1169 3355 1362 3366 Amm-un
1413 3341 1510 3366 ἰι-Α
1535 3342 1843 3366 ΑΑηηΑ-ιζι...
1868 3343 1915 3366 --2
1971 3359 2029 3366 ,μ

408 3341 746 3412 episcopatu
779 3340 1363 3412 dimittendo,ezeque
1395 3340 1510 3412 fcre
1532 3342 1844 3412 consopita:
1868 3343 2061 3397 viden-

410 3418 507 3468 tur
535 3411 595 3466 in
626 3412 1085 3483 Quadragesima
1114 3411 1253 3466 anni
1281 3411 1567 3483 ejusdem,
1602 3411 1735 3467 cum
1767 3414 2058 3483 ejusmodi

408 3484 698 3555 angustiis
721 3482 947 3539 solutus
967 3483 1256 3555 synodum
1280 3482 1488 3555 coegit,
1505 3488 1560 3538 et
1576 3482 1916 3554 synodicam
1936 3486 2058 3541 edi-

411 3553 515 3609 dit;
552 3556 761 3611 Confer
788 3556 981 3610 Vitam
1003 3553 1262 3610 auctoris
1293 3570 1350 3608 η.
1389 3554 1508 3607 109.

482 3629 630 3698 (821)
662 3628 822 3682 Illius
846 3626 1071 3682 scilicet
1091 3625 1481 3698 imperatoris.
1507 3624 1789 3684 Gonstrue
1810 3632 2006 3684 autem
2041 3644 2056 3683 :

408 3715 537 3780 cuni
567 3700 818 3780 habeam
838 3698 1032 3780 multa
1062 3699 1168 3780 ρος
1178 3698 1678 3780 misericordia,_et
1694 3699 2061 3780 elemnosgna

410 3769 605 3850 illius,
638 3770 740 3850 qui
753 3771 936 3850 ‘mihi
972 3770 1212 3824 contulit
1245 3768 1388 3850 ipsa,
1409 3773 1683 3850 .nec,.etc.
1720 3768 2058 3850 Q‘uopdim-

407 3836 695 3909 peratoris
719 3837 1147 3909 eleemosynam
1179 3839 1377 3892 confer
1406 3836 1659 3909 inferius
1683 3844 1799 3893 not.
1832 3840 1959 3895 920.

481 3910 624 3974 (822)
670 3907 954 3963 Construe
979 3907 1001 3962 ἰ
1039 3909 1259 3962 Mirum
1318 3908 1475 3961 haud
1524 3908 1770 3975 modice,
1814 3911 1866 3965 si
1914 3913 2063 3967 tales

409 3978 648 4050 (osores)
679 3980 813 4034 ausi
838 3979 950 4033 sint
978 3977 1237 4050 fatigare
1262 3993 1438 4032 aures
1476 3977 1810 4048 imperiales
1853 3982 1923 4036 de
1965 3988 2061 4036 ta-

411 4050 583 4104 libus.
616 4049 766 4120 Quid
793 4050 947 4104 enim
974 4049 1119 4117 Opus
1147 4049 1229 4104 est
1257 4051 1488 4116 referre
1515 4052 1597 4106 ad
1627 4053 1812 4118 illum,
1841 4054 1937 4108 cui
1962 4070 2058 4109 co-

406 4122 715 4193 gitandum
746 4130 829 4176 est
860 4122 932 4175 de
956 4126 1085 4175 tota
1113 4120 1457 4193 monarcln'a
1486 4121 1732 4177 climatis
1774 4126 1979 4188 nostri,
2010 4127 2063 4180 si

408 4189 619 4266 aliquis
648 4193 1039 4266 pauperculus
1063 4207 1124 4247 se
1149 4189 1402 4266 collocat
1423 4193 1493 4247 de
1506 4208 1621 4266 uno
1635 4195 1697 4249 in
1706 4196 1962 4266 alterum
1986 4194 2063 4254 le-

408 4262 584 4334 ctum,
619 4266 672 4320 si
699 4264 951 4338 quilibet,
969 4279 1031 4338 se
1081 4264 1252 4317 vertit
1282 4262 1352 4338 de
1382 4278 1495 4319 uno
1547 4265 1618 4338 in
1646 4264 1820 4320 aliud
1866 4266 2062 4324 latus?

410 4338 596 4406 Igitur
623 4336 1056 4392 cauit/alaribus
1085 4336 1339 4389 materia
1360 4344 1444 4389 est
1468 4354 1485 4399 ;
1509 4345 1571 4390 ut
1600 4337 1722 4403 ipse
1739 4338 2061 4395 ministrem

409 4411 487 4463 ad
517 4409 594 4482 id,
626 4411 723 4462 cui
754 4408 969 4482 instant
1008 4406 1243 4482 egendo,
1275 4412 1449 4478 atque
1493 4408 1839 4482 conjungam
1893 4412 2061 4482 falsa

411 4480 582 4552 ceris,
615 4479 931 4552 opinabilia
960 4478 1153 4544 certis,
1175 4491 1483 4547 congerens
1514 4478 1611 4535 hic
1636 4478 1747 4552 pro
1779 4478 2056 4550 valentia,

411 4550 469 4602 id
489 4554 577 4603 est
591 4549 797 4626 ‘quoad
818 4563 1081 4619 possum,
1100 4552 1460 4626 rumusculos
1488 4549 1718 4626 uestros,
1736 4567 1848 4623 quo
1863 4555 2061 4626 utique

410 4619 601 4695 exserti
606 4635 691 4673 em
715 4637 816 4695 _vos
838 4629 1090 4676 cunctos.
1110 4625 1240 4691 Ipse
1248 4625 1602 4695 praereniens
1623 4638 1730 4691 per
1746 4619 2059 4695 quamdam

410 4691 893 4767 anticipationem
906 4691 1301 4767 hujuscemodi
1309 4736 1320 4755 ,
1333 4693 1428 4747 cui
1437 4693 1570 4751 simi
1576 4691 1911 4767 lem,credo,
1922 4706 2059 4753 ante

410 4780 501 4816 me
529 4761 729 4836 nullus
779 4764 918 4836 fecit
952 4761 1033 4836 pile
1082 4778 1163 4825 se,
1199 4769 1356 4836 tento
1380 4779 1652 4831 promere
1688 4761 1961 4833 relatum,
1994 4768 2051 4822 id

408 4840 498 4887 est
528 4832 889 4909 relationem,
922 4834 994 4888 de
1023 4849 1262 4909 meque?
1291 4834 1519 4909 dicatis,
1550 4852 1783 4909 qumque
1812 4842 2055 4896 valeatis

408 4906 568 4977 quali
615 4922 833 4977 quoque
880 4921 1050 4959 sensu
1092 4905 1280 4961 dicere
1322 4907 1391 4959 de
1426 4923 1541 4960 me.
1567 4905 1757 4963 Voces
1785 4928 1927 4977 opus
1956 4928 2054 4966 re-

406 4981 584 5045 ferre,
615 4995 740 5047 qum
774 4978 832 5030 in
862 4977 1112 5048 vulgatis
1143 4993 1445 5047 perperam
1487 4979 1764 5033 traductas
1820 4977 2055 5037 inerunt

411 5053 543 5099 ante
570 5064 767 5101 vocem
800 5050 1161 5117 "tonare/tia,
1196 5048 1253 5101 in
1295 5050 1800 5117 congruentiorem
1861 5052 2053 5108 locum

411 5118 798 5172 restituimus.

480 5191 629 5257 (823)
675 5190 818 5263 [iero
866 5190 1209 5255 monachus,
1257 5190 1498 5244 verbera
1560 5190 1706 5263 ﬂllo,
1754 5199 2054 5251 verberum

405 5264 682 5336 ﬁllomtm.
718 5262 863 5336 Hine
902 5264 1135 5336 ﬁllenes,
1181 5263 1539 5336 rei-berones,
1564 5262 1812 5336 verbere
1864 5266 2046 5336 digni,

406 5334 727 5389 nebulones.
761 5333 904 5386 Vide
962 5333 1264 5399 Cangium.
1296 5332 1403 5394 Qui
1454 5349 1557 5387 nec
1601 5332 2050 5401 ministrisfnec

407 5404 725 5476 eapellanis
757 5405 1045 5469 utebatur,
1081 5404 1279 5458 omnia
1300 5418 1401 5473 per
1432 5420 1561 5477 sese
1585 5420 1754 5475 agere
1782 5407 2048 5477 debebat;

406 5487 459 5531 et
481 5474 705 5529 ideirco
738 5493 798 5530 se
829 5477 1152 5530 animosum
1182 5490 1388 5545 vocare
1437 5474 1663 5530 videtur
1718 5474 2047 5545 Eutherius,

404 5548 556 5619 quod
586 5563 721 5623 cum
773 5546 868 5601 alii
922 5545 1180 5618 episcOpi
1226 5544 1415 5623 multa
1458 5562 1561 5617 per
1591 5547 1892 5604 ministros
1950 5544 2049 5623 ge?

402 5614 617 5684 ﬁerent,
660 5616 785 5689 ipse
834 5614 1045 5689 per'se
1093 5614 1366 5688 quaslibet
1403 5614 1600 5744 gerere
1645 5634 1759 5674 non
1822 5614 2049 5677 verere-

402 5695 515 5744 tur.
569 5689 713 5744 Hinc
768 5706 932 5743 num.
987 5690 1101 5743 14ε
1154 5692 1281 5744 Νοη
1327 5689 1399 5743 ha
1440 5704 1526 5744 eo.
1573 5689 1788 5744 inquit.
1841 5690 2045 5744 ﬁdum.

398 5689 713 5764 tur._Hinc
768 5706 932 5764 num.
987 5690 1053 5743 14
1089 5704 1101 5742 :
1141 5692 1281 5764 ⁸Νρη
1327 5689 1526 5757 habeo,
1573 5689 1788 5764 inquit,
1836 5690 2045 5764 ﬁdum,

397 5763 494 5819 cui
525 5761 631 5818 hoc
658 5762 1038 5833 committam,
1070 5760 1421 5819 ministrum.
1455 5762 1632 5820 Facio
1666 5760 1776 5835 pro
1805 5760 1897 5823 me
1923 5760 2045 5841 ipse

397 5835 545 5891 anod
572 5848 823 5891 possum.
1908 5858 1911 5861 ν

394 5848 543 5929 gnoa
572 5848 823 5907 possum.
1908 5858 1911 5861 ν

2162 2068 2382 2131 laudat,
2419 2067 2517 2141 qui
2567 2068 2830 2139 seipsum
2874 2083 3111 2139 semper
3177 2066 3516 2139 vituperat?
3566 2066 3676 2123 Illa
3724 2068 3832 2123 sed

2163 2158 2308 2213 forte
2365 2157 2644 2228 deceptus
2674 2153 2934 2228 Apostoli
2965 2154 3276 2211 verissima
3315 2155 3637 2224 sententia,
3672 2156 3831 2213 male

2162 2247 2365 2318 utique
2391 2245 2619 2301 intellec
2632 2250 2689 2300 ta
2704 2262 2716 2300 :
2729 2245 2795 2301 Si
2805 2246 3179 2318 nosmetipsos
3199 2244 3702 2317 diiudicaremus,
3716 2262 3832 2302 nou

2162 2337 2358 2408 utique
2377 2335 2794 2405 judicaremur
2826 2332 2872 2393 (Ι
2897 2334 3032 2389 σοι.
3065 2350 3126 2401 ιι,
3157 2334 3247 2395 31)
3282 2350 3296 2388 :
3331 2335 3502 2406 quasi
3550 2340 3831 2407 peccato-

2163 2443 2283 2481 rem
2327 2440 2389 2479 se
2421 2423 2681 2479 confiteri
2713 2422 2886 2478 alicui
2930 2423 3207 2489 sufﬁciat,
3241 2423 3291 2478 si
3323 2429 3633 2495 peccatum
3664 2426 3832 2497 quod

2164 2514 2474 2568 conﬁtetur
2502 2527 2616 2565 non
2649 2511 2910 2578 deserat;
2944 2526 3078 2565 cum
3109 2511 3315 2582 utique
3346 2511 3397 2565 si
3428 2509 3580 2566 alter
3631 2511 3753 2567 hoe
3776 2512 3831 2567 ei

2164 2602 2399 2666 diceret,
2451 2600 2866 2655 molestissime
2925 2598 3118 2654 ferret.
3166 2600 3302 2663 Quae
3361 2599 3526 2664 dicit,
3591 2601 3829 2667 scribit,

2164 2692 2311 2761 (828)
2360 2689 2720 2763 legendaque
2768 2688 3038 2761 posteris,
3101 2689 3493 2760 prementibus
3537 2689 3706 2746 ³70
3768 2695 3831 2747 ut

2165 2782 2463 2850 derogent,
2498 2777 2763 2849 linquere
2810 2777 3006 2849 gestit.
3049 2776 3595 2850 Chronographiam
3644 2779 3826 2848 (829),

2164 2868 2523 2942 graecizando
2578 2883 2785 2936 vanus,
2819 2882 2955 2922 cum
3000 2883 3117 2922 non
3164 2866 3244 2923 sit
3291 2865 3504 2925 saltem
3547 2867 3828 2935 Latinus,

2234 2984 2382 3056 (824)
2425 2981 2657 3056 Milites,
2691 2982 2781 3056 __de
2828 2982 3048 3056 quibus
3096 2981 3378 3056 loquitur,
3419 2986 3562 3038 sunt
3618 2982 3828 3056 Eccle-

2166 3052 2263 3111 sia:
2312 3052 2532 3126 vassali
2566 3052 2954 3126 nobiles,_fqui
2993 3069 3096 3126 pro
3146 3052 3402 3109 Ecclesia
3435 3058 3494 3109 et
3539 3053 3750 3126 episco

2168 3073 2263 3111 sia:
2312 3072 2525 3110 vassan
2566 3072 2812 3120 nonues,
2856 3072 2954 3124 qui
2993 3072 3096 3125 pro
3146 3072 3402 3109 150018813
3435 3072 3494 3109 et.
3539 3072 3750 3126 episco

2168 3126 2417 3182 militare
2448 3125 2779 3197 debebant:
2810 3123 3243 3197 Rathcriusque
3266 3072 3830 3197 conspicatustradit1

2166 3202 2283 3264 tur,
2314 3213 2413 3253 eos
2444 3195 2554 3252 sibi
2586 3212 2699 3251 non
2722 3194 3063 3267 opitulatos,
3098 3194 3322 3267 quodve
3346 3194 3627 3253 sivissent
3646 3213 3828 3253 eum—

2167 3270 2299 3323 dem
2350 3267 2478 3340 capi
2519 3272 2576 3322 et
2623 3266 2858 3331 abduci,
2889 3282 3037 3340 cum
3072 3266 3297 3322 scilicet
3323 3283 3363 3340 7a
3402 3267 3619 3340 Milone
3660 3285 3827 3325 com-

2170 3338 2437 3424 peditore'
2458 3354 2565 3393 suo
2595 3342 2803 3408 captus
2841 3342 2899 3392 et
2930 3338 3220 3393 abductus
3252 3339 3363 3394 fuit
3393 3355 3408 3393 :
3443 3339 3515 3395 de
3543 3355 3670 3411 quo
3693 3340 3828 3395 vide

2169 3412 2323 3467 infra
2353 3428 2516 3465 num.
2548 3412 2671 3464 833.
2706 3410 2791 3463 Ad
2824 3426 2893 3464 ea
2934 3425 3126 3480 porro,
3160 3426 3289 3480 qua:
3348 3426 3481 3465 mox
3520 3411 3829 3466 adduntur

2170 3450 2241 3538 de
2264 3486 2436 3537 cantu
2469 3480 2833 3553 clericorum,
2863 3450 3064 3535 uolare
3093 3450 3229 3535 lic‘izt
3271 3480 3501 3553 duo.In
3531 3483 3827 3553 opusculo

2170 3560 2251 3610 De
2269 3553 2500 3625 clericis
2529 3550 2845 3625 rebellibus
2875 3568 3040 3625 num,
3058 3553 3109 3617 1,
3120 3552 3464 3625 memoratis
3494 3550 3825 3625 prophetis,

2168 3624 2436 3697 psalmis,
2468 3622 2702 3697 hymnis
2731 3622 3052 3697 etcanticis
3081 3622 3163 3678 ait
3194 3641 3207 3679 :
3238 3627 3381 3694 Quae
3406 3622 3513 3697 eos
3533 3622 3827 3697 jactentur)

2167 3694 2299 3751 aliis
2340 3694 2523 3750 ltaliz‘
2565 3695 2827 3751 Ecclesiis
2867 3695 3247 3765 frequentare
3298 3694 3528 3765 melius.
3566 3696 3827 3752 Econtra

2169 3785 2268 3823 eos
2317 3764 3034 3838 perstringitLpropterea
3089 3765 3243 3838 quod
3274 3764 3530 3838 _nollent
3610 3783 3825 3824 canere

2169 3836 2499 3911 symbolum
2528 3836 2597 3891 S.‘
2618 3836 2945 3893 Athanasii.
2978 3836 3186 3892 Confer
3208 3836 3597 3893 [litterarium
3650 3856 3818 3895 num.

2167 3912 2221 3966 7.
2258 3915 2314 3964 et
2346 3913 2429 3964 De
2457 3914 2786 3966 contenmtu
2811 3923 3096 3964 canonum
3129 3911 3276 3966 part.
3308 3924 3348 3966 ι.
3383 3925 3549 3964 num.
3577 3910 3673 3966 2i.

2209 3952 2221 3977 ,
2258 3923 2314 3964 et
2346 3923 2429 3964 ue
2457 3923 2786 3977 contemptu
2811 3923 3096 3964 canonum
3129 3923 3276 3977 part.
3308 3924 3348 3977 ι,
3383 3925 3549 3964 num.

2258 3923 2314 3964 et
2346 3923 2429 3964 ue
2457 3923 2786 3977 contemptu
2811 3923 3096 3964 canonum
3129 3923 3276 3980 part.
3308 3924 3348 3977 ι,
3383 3925 3549 3964 num.
3577 3923 3673 3966 κε.

2241 3982 2387 4051 (825)
2422 3981 2481 4035 ln
2517 3979 2817 4035 Discordia
2846 3995 3011 4034 num.
3041 3980 3070 4053 1
3096 3995 3110 4033 :
3142 3979 3403 4053 Adulter,
3427 3980 3824 4053 inquit,uobis

2167 4055 2605 4133 est,qui.contra.
2625 4051 3138 4133 canonesuagorius
3154 4050 3345 4133 est:_Et
3364 4051 3424 4107 in
3444 4050 3821 4133 Apologgtico

2168 4120 2443 4195 coniugia
2472 4121 2816 4177 clericorum
2848 4121 3120 4178 similiter
3147 4120 3423 4178 vellicans
3440 4120 3523 4178 ait
3553 4120 3647 4179 af:
3667 4126 3821 4180 7His

2168 4211 2239 4267 ne
2269 4178 2741 4267 [superiiuendo],
2765 4194 2864 4265 qui
2888 4194 3027 4267 _dum
3050 4207 3413 4267 monogomos
3440 4195 3573 4267 fore
3601 4196 3821 4252 adulte-

2167 4211 2239 4250 ne
2269 4194 2741 4264 [superuacuae],
2765 4194 2864 4264 qui
2890 4194 3027 4249 dum
3050 4207 3413 4264 monogomos
3440 4195 3573 4264 fore
3601 4196 3823 4252 adulte-

2169 4211 2239 4250 ne
2269 4210 2741 4267 (superuacuae),
2765 4210 2861 4265 qui
2890 4210 3027 4249 aum
3050 4210 3413 4264 monogomos
3440 4210 3573 4265 [ore
3601 4210 3819 4252 aauue-

2169 4266 2321 4321 rium
2350 4266 2662 4335 publicum.
2686 4266 2845 4321 dmm
2876 4265 3107 4337 illegale
3137 4267 3332 4337 utique
3356 4266 3692 4337 conjugium
3722 4268 3819 4334 sit,

2170 4338 2407 4406 trigami
2450 4353 2590 4404 esse,
2645 4345 2699 4391 et
2756 4352 2868 4407 pro
2913 4336 3140 4405 pudar!
3181 4336 3571 4407 quagrigami,
3617 4348 3674 4394 et
3722 4345 3824 4395 hoc

2168 4409 2495 4482 presbyteri
2516 4414 2572 4482 et
2600 4407 2854 4482 diaconi,
2872 4423 3004 4482 cum
3015 4409 3232 4482 bigami
3244 4424 3321 4463 ea:
3340 4407 3507 4482 laicis
3534 4416 3824 4482 nequeant

2166 4483 2372 4536 saltem
2401 4480 2527 4549 ﬁeri
2551 4478 2780 4541 clerici,
2810 4494 2920 4546 pro
2941 4478 3123 4533 nihilo
3148 4478 3391 4534 dicunt?

2241 4551 2388 4623 (826)
2442 4552 2503 4606 In
2548 4551 2720 4622 epist.
2756 4552 2842 4623 12,
2876 4550 2949 4604 ad
2980 4550 3357 4623 Ambrosium
3396 4567 3560 4606 num.
3587 4556 3643 4617 3,
3685 4554 3774 4609 ait
3807 4570 3821 4608 :

2170 4621 2310 4678 Cum
2338 4621 2922 4678 excommucicatione
2959 4621 3268 4691 interdixi,
3297 4630 3362 4677 ut
3388 4626 3463 4678 ab
3487 4637 3669 4691 opere
3696 4639 3824 4679 ser-

2163 4694 2264 4750 vili
2294 4695 2594 4750 Dominica
2621 4694 2715 4748 die
2742 4702 3053 4749 cessarent.
3089 4692 3158 4748 Id
3185 4710 3316 4749 eum
3344 4693 3603 4750 evincere
3655 4696 3825 4752 nullo

2163 4765 2332 4821 modo
2364 4767 2689 4833 voluissem,
2723 4773 2927 4836 portas
2970 4766 3238 4821 obserari
3278 4770 3485 4821 contra
3530 4766 3823 4823 venientia

2161 4836 2439 4905 plaustra
2464 4835 2731 4908 praecepi.
2769 4840 2888 4892 Hoc
2912 4836 3148 4905 facinus
3178 4846 3285 4892 aut
3316 4845 3524 4900 morte,
3556 4849 3663 4893 aut
3712 4857 3819 4894 ea:-

2161 4908 2430 4977 pulsione
2456 4925 2588 4964 mea
2617 4908 2826 4962 debere
2840 4908 3117 4977 judicant
3145 4908 3406 4979 expiari.

2236 4980 2383 5049 (827)
2422 4981 2760 5047 Contiguus,
2814 4979 2867 5032 id
2913 4983 3022 5043 est,
3054 4979 3251 5033 animo
3302 4995 3653 5105 progensus,
3684 4998 3818 5106 Ego-

2208 5051 2441 5106 inonus.
2476 5050 2901 5106 amicuszsicut
2925 5051 3275 5106 contiguitas
3307 5068 3365 5105 1n
3444 5051 3672 5105 ossario
3770 5071 3818 5106 r-

2164 5051 2441 5122 pinqnus,
2476 5051 2901 5122 amicus;sicut
2925 5051 3275 5122 contiguitas
3307 5051 3365 5105 in
3394 5051 3672 5105 Gossario
3687 5051 3818 5107 Bar-

2161 5120 2387 5194 thii'ex
2433 5121 2693 5194 Guiberti
2746 5121 2891 5175 llist.
2944 5120 3168 5188 Palaest,
3216 5138 3319 5193 pro
3358 5122 3709 5194 cognatione
3761 5129 3816 5178 et

2163 5193 2421 5247 amicitia
2453 5192 2757 5264 accipitur.

2233 5268 2384 5337 (828)
2416 5264 2474 5318 Id
2508 5261 2616 5327 est,
2639 5268 2696 5317 et
2735 5262 2903 5331 gestit
2954 5261 3215 5337 linquere
3245 5262 3487 5334 legenda
3538 5266 3805 5333 posteris,

2162 5344 2224 5390 ut
2255 5336 2532 5403 derogent
2551 5336 2956 5405 praesentibus.

2233 5408 2381 5476 (829)
2400 5405 2640 5479 Mirans
2656 5406 2715 5479 in
2749 5406 3001 5479 notispad
3024 5405 3296 5479 _Sigiberti
3320 5405 3539 5460 librum
3560 5408 3635 5462 de
3660 5409 3813 5464 Viris

2158 5476 2645 5550 illustribrus,pubi
2685 5476 2757 5532 de
2802 5476 3812 5550 1101110110*Ιοᾳυίιυι-,κσιινοποσναο

2200 5550 2359 5604 Iliam
2379 5548 2643 5619 ejusdem
2660 5553 2947 5603 memorat
2966 5548 3118 5619 inter
3134 5548 3429 5604 manuscri
3439 5553 3575 5619 ptos
3585 5548 3813 5606 codices

2200 5565 2359 5604 mam
2379 5565 2428 5619 ej
2439 5565 2643 5604 usoem
2660 5565 2947 5603 memorat
2966 5565 3118 5604 inter
3134 5565 3429 5604 manuscri
3477 5565 3813 5606 toscoaices

2155 5565 2524 5676 bibliothecae
2579 5618 3038 5676 Gemblacensis.
3074 5618 3219 5675 Cum
3251 5635 3387 5675 vero
3430 5566 3556 5676 Eme
3609 5622 3815 5678 biblio-

2157 5691 2328 5746 theca
2355 5690 2626 5746 incendio
2643 5695 3014 5746 concremata
3029 5690 3225 5757 fuerit,
3254 5689 3495 5759 frustra,
3519 5691 3617 5748 hic
3639 5695 3813 5750 codex

2156 5765 2469 5834 queretur.
2519 5761 2827 5834 Quispiam
2856 5761 3120 5834 ,fortasis
3172 5760 3579 5834 suspicabitur
3637 5764 3813 5823 Chao-

2154 5832 2489 5914 nographia:
2512 5832 2749 5895 nomine
2771 5832 3020 5917 indicari
3051 5832 3479 5913 Caﬂessionem
3529 5834 3809 5920 Ratherii,
