3896 6372
311 404 431 471 543

1512 400 1889 465 RATHERII
1932 398 2180 462 EPISC.
2226 399 2517 463 VERON.

3608 398 3741 460 5M

310 558 460 612 cere,
495 538 680 599 urbis.
713 536 922 598 Visum
953 538 1044 596 est
1077 534 1531 613 perabsurdum,
1582 534 1668 594 uti
1698 539 1758 593 et
1782 546 1957 593 nemo
1983 534 2041 603 Α
2138 533 2209 590 45
2234 533 2338 590 Est
2397 533 2511 590 ista
2558 529 2653 590 hic
2703 529 3129 609 aliquantisper
3165 528 3435 590 morandi
3468 529 3732 605 rationa-

310 630 758 707 ignorabat,nisi
772 628 1246 687 stultissimimus
1257 627 1454 700 quivis
1465 623 1961 683 illorum.Nullius

310 723 445 779 istic
475 721 693 777 iterum
715 719 804 775 vel
835 734 1065 784 accuso,
1104 717 1193 774 vel
1224 733 1436 773 excuso
1466 715 1770 788 ingenium
1797 730 1810 769 :
1860 714 1960 768 de-

312 810 513 869 scendi
534 808 917 879 tamen(906),
934 808 1312 879 domumque,
1338 804 1782 861 formidolosam
1806 802 1956 869 licet,

311 899 539 972 repetii,
567 897 693 953 Non
719 912 901 953 ausus
928 896 988 950 in
1019 912 1089 951 ea
1116 894 1216 950 diu
1250 894 1487 960 morari,
1523 894 1774 949 Gardam
1809 892 1958 963 (907)

312 1004 548 1062 pergere
564 985 829 1042 inchoavi
853 1003 867 1053 ;
881 983 1195 1041 consilium
1218 985 1317 1039 sed
1331 981 1624 1038 demutavi
1639 980 1960 1038 reverentia

313 1094 437 1150 quze
468 1075 817 1132 imminebat
845 1072 1130 1146 paschali.
1164 1069 1323 1143 Elegi
1355 1071 1671 1142 quemdam
1706 1067 1957 1124 civitatis

310 1165 622 1239 angelum;
671 1161 812 1235 petii
857 1160 1049 1233 ipsius
1077 1161 1158 1231 [id
1185 1168 1263 1215 est
1293 1159 1546 1229 comitis]
1578 1172 1955 1223 consensum,

313 1252 478 1309 dedit
505 1250 681 1307 etiam
712 1247 1020 1306 auxilium.
1053 1246 1361 1303 Construxi
1395 1245 1456 1300 in
1496 1262 1563 1301 eo
1593 1244 1905 1300 aedificium
1939 1259 1952 1297 :

312 1343 468 1398 894
499 1340 614 1396 fuit
640 1337 795 1394 illico
820 1340 1276 1393 concrematam.
1299 1334 1441 1399 Quis
1471 1350 1606 1391 vero
1634 1333 1852 1399 fecerit,
1871 1334 1959 1387 est

312 1448 346 1487 a
373 1428 535 1485 nullo
564 1427 900 1501 quaesitum.
935 1424 1205 1481 Restruxi
1238 1422 1489 1491 melius;
1521 1438 1679 1489 sum,
1713 1437 1785 1476 ne
1806 1421 1958 1476 face-

310 1535 455 1585 rem,
496 1517 569 1574 ab
598 1533 666 1572 eo
698 1512 1053 1587 prohibitus.
1087 1514 1189 1568 Est
1217 1513 1430 1569 iterum
1463 1509 1791 1566 restruendi
1823 1509 1959 1564 data

306 1606 560 1675 licentia,
613 1602 982 1678 prosperiore
1012 1600 1237 1658 scilicet
1265 1602 1391 1674 lyra
1420 1599 1591 1672 (908),
1625 1597 1829 1654 laudes
1860 1614 1957 1653 ca-

306 1700 480 1754 nente
502 1698 633 1768 post
645 1693 879 1766 probra.
898 1691 1252 1763 Suspectum
1277 1706 1373 1745 me
1400 1688 1695 1761 incipiunt
1716 1688 1958 1743 reddere

306 1784 465 1841 talia.
500 1778 1043 1839 Meditaturiterum
1062 1776 1318 1834 Gai-dam
1337 1775 1650 1849 confugere
1666 1774 1956 1830 timiditas

307 1889 440 1929 mea
461 1889 476 1940 ;
506 1871 777 1942 interque
796 1867 1225 1934 meditandum,
1247 1866 1404 1921 venit
1425 1867 1681 1921 domnus
1696 1864 1956 1920 Joannes

306 1962 611 2028 diaconus,
658 1958 819 2030 cepit
858 1971 1061 2015 coram
1104 1972 1200 2013 me
1250 1954 1605 2028 deplangere
1664 1952 1957 2025 porticum

309 2050 496 2107 sancti
527 2047 681 2104 Petri
708 2046 857 2117 (909)
882 2063 897 2113 ;
928 2044 1088 2116 quod
1120 2044 1354 2099 ruinam
1385 2044 1590 2115 utique
1630 2041 1959 2097 minaretur

310 2137 425 2205 sui,
458 2135 571 2193 nisi
602 2132 1013 2191 subveniretur
1035 2131 1200 2188 ocius
1228 2130 1337 2188 illi.
1369 2130 1617 2187 Promisi
1650 2129 1953 2198 auxilium,

310 2226 469 2300 quod
481 2229 540 2281 et
551 2222 886 2296 impendere
903 2238 1016 2277 non
1039 2219 1264 2279 distuli.
1278 2218 1548 2285 Ascendi,
1573 2217 1955 2286 eonsideravi,

307 2315 589 2373 humeros
618 2313 691 2371 ad
737 2309 1203 2369 succurrendum
1246 2307 1464 2381 paravi.
1512 2307 1957 2363 Praevalescente

306 2402 595 2462 desiderio
616 2399 885 2474 juvandi,
914 2396 1192 2470 conspexi
1225 2397 1412 2452 multa
1440 2396 1632 2471 magis
1660 2395 1851 2451 inesse
1882 2394 1955 2450 ad

304 2490 741 2551 emendandum
770 2486 1122 2556 necessaria,
1153 2503 1277 2559 quas
1308 2502 1426 2543 non
1458 2485 1690 2541 conﬁdo
1723 2483 1955 2557 impleri

305 2599 475 2656 posse
506 2581 568 2638 in
600 2578 720 2637 vita
749 2594 899 2635 mea.
932 2577 1059 2634 Non
1090 2575 1276 2633 habeo
1309 2575 1493 2630 ﬁdum
1538 2573 1631 2631 cui
1662 2574 1771 2630 hoc
1796 2589 1957 2630 com-

305 2672 535 2730 mittam
584 2668 925 2729 ministrum
964 2683 976 2723 :
1013 2663 1305 2738 siquidem
1337 2663 1525 2732 illum,
1561 2662 1655 2721 cui
1684 2660 1955 2720 unamli-

304 2763 473 2818 bram
524 2757 749 2831 argenti
799 2773 905 2829 pro
934 2754 1208 2811 trabibus
1239 2753 1508 2810 emendis
1538 2751 1956 2808 commiseram

308 2865 460 2906 anno
474 2845 787 2921 praeterito,
817 2842 1156 2899 immaniter
1184 2841 1331 2898 mihi
1360 2841 1814 2897 indebausiasse
1832 2856 1959 2913 per-

306 2937 431 3010 cepi
461 2935 628 3008 (910).
669 2932 839 2990 Facio
888 2948 993 3005 pro
1036 2945 1129 2987 me
1158 2929 1285 3003 ipse
1316 2930 1472 3003 quod
1502 2946 1743 3002 possum
1774 2947 1788 2998 ;
1820 2945 1956 2986 cum

306 3027 570 3082 habuero
598 3022 821 3079 factum
844 3019 1012 3092 (9H),
1048 3023 1322 3087 revertar,
1355 3018 1406 3075 si
1433 3017 1724 3090 praecipis,
1755 3017 1957 3073 inimi-

309 3114 567 3182 cissime,
596 3109 755 3168 τοι
789 3109 891 3182 qui
922 3107 1253 3166 sollicitaris
1284 3106 1770 3175 exinde,domum
1796 3111 1892 3162 :tu
1907 3105 1956 3162 si

308 3204 451 3260 libet
481 3205 538 3259 et
566 3199 801 3277 quando
828 3196 973 3257 libet
1001 3197 1159 3254 intra
1185 3197 1247 3254 in
1278 3200 1470 3264 tuum,
1504 3212 1619 3252 non
1653 3195 1954 3271 prohibeo,

310 3294 572 3353 furnum.

352 3437 488 3478 uam
507 3417 781 3493 exigente
799 3431 977 3493 sensu
1004 3412 1367 3493 indusimus,
1383 3428 1554 3493 nemo
1576 3410 1953 3493 improbabit.

358 3481 823 3558 mphithéatrum
837 3489 1033 3545 autem
1055 3485 1115 3540 in
1145 3484 1605 3558 ichnographica
1622 3481 1825 3558 tabula
1854 3498 1958 3537 au-

310 3569 406 3622 tea
422 3553 694 3629 laudata,
724 3561 783 3615 in
799 3576 917 3632 qua
929 3558 1216 3632 theatrum
1229 3553 1489 3632 vocatur,
1515 3554 1700 3611 muris
1714 3553 1961 3632 circum-

310 3637 571 3693 cinetum
620 3623 947 3689 exhibetur.
992 3630 1078 3684 lta
1127 3628 1284 3683 enim
1332 3627 1528 3683 medio
1568 3643 1685 3682 aevo
1715 3623 1963 3681 aedificia

307 3704 653 3780 hujusmodi
677 3704 751 3780 in
766 3700 1169 3780 munitionum
1182 3715 1357 3755 usum
1376 3698 1633 3780 converti
1674 3696 1959 3777 solebant,

312 3766 488 3834 nt'ex
537 3771 984 3846 amphitheatris
1031 3772 1306 3846 Capuano
1337 3774 1530 3846 atque
1572 3766 1961 3846 gemausensi

310 3848 516 3922 liquet.
565 3838 710 3922 Yide
750 3841 1041 3922 Cangium
1073 3838 1263 3922 verbo
1310 3838 1527 3896 Areum.
1561 3838 1962 3922 .Hi-nc‘comes

312 3908 500 3976 Bﬁcco
531 3918 596 3974 ob
644 3908 949 3970 custodia'm
993 3912 1168 3984 urbis,
1205 3927 1346 3984 quas
1378 3910 1609 3984 magnis
1642 3908 1834 3965 turbis
1866 3924 1961 3964 ex-
2000 3944 2007 3948 -

313 3991 672 4063 agitabatur,
704 3984 762 4040 in
785 3987 991 4063 Arenae.
1004 3982 1331 4063 munitione
1343 3982 1645 4063 manebat;
1670 3997 1803 4037 cum
1822 3997 1964 4052 prae-

313 4053 517 4119 sertim
546 4058 731 4116 turbae
762 4073 878 4112 non
910 4053 1102 4113 solum
1133 4057 1337 4110 contra
1362 4053 1724 4119 Ratherium,
1758 4067 1962 4107 verum

311 4133 487 4191 etiam
534 4133 740 4188 contra
782 4128 979 4201 ipsum
1006 4131 1335 4201 Buecpnem
1386 4124 1682 4201 comitem,
1710 4123 1818 4201 qui
1846 4122 1962 4178 Ra-

311 4204 497 4262 tberio
540 4194 1101 4270 fovebam-excitatae
1148 4196 1452 4270 fuissent,_
1478 4197 1563 4253 uti
1614 4194 1864 4270 dicimus
1894 4210 1964 4249 ex

310 4278 480 4350 epist.
515 4274 585 4331 42
610 4273 682 4330 ad
712 4265 1092 4330 Ambrosium
1115 4286 1281 4325 num.
1306 4269 1340 4323 3
1361 4267 1532 4338 cujus
1554 4265 1960 4323 testimonium

317 4349 588 4404 dedimus
620 4344 794 4404 paulo
818 4346 961 4399 ante
992 4343 1115 4399 not.
1141 4340 1267 4395 899.

700 4359 794 4398 ιΠο
818 4359 961 4398 ante
992 4359 1115 4398 DOL.
1141 4359 1267 4395 0W.

357 4360 588 4405 edimus
619 4360 794 4417 paulo
818 4360 961 4399 ante
992 4360 1115 4399 nos.
1141 4360 1267 4395 ουν.
1705 4407 1716 4418 .

380 4421 531 4501 (.906)
558 4414 985 4501 Nebrissa?
1022 4412 1487 4501 eversore:
1506 4408 1961 4501 afuisses:

313 4477 475 4547 mitis
502 4477 563 4544 in
578 4478 1116 4560 palatiohabitaret,
1133 4480 1594 4560 quodejusqui
1604 4477 1962 4560 cohabitatio

314 4549 680 4634 perabsurda
706 4549 1022 4634 videretur,
1052 4549 1420 4634 descendit'de
1441 4551 1682 4634 palatio,
1712 4549 1886 4634 quod.
1904 4549 1963 4634 in

313 4620 516 4712 Epona
544 4629 725 4712 situm
753 4620 1040 4712 vidisse;
1066 4622 1366 4712 ειξέρρφξιῖη
1395 4620 1967 4712 esseesse}???
1992 4643 2044 4712 n
2072 4620 2273 4712 vim

312 4700 741 4775 formidolosam,
754 4687 1459 4775 repetiitiiorrnidolosam
1474 4687 1670 4775 autem
1687 4687 1964 4775 appellat,

316 4763 641 4845 quiainea
670 4763 842 4845 antea
879 4763 1347 4845 _cap_tus_fuerat,
1385 4780 1451 4820 ac
1479 4764 1700 4820 ibidem
1749 4763 1969 4832 degens

318 4835 521 4901 inultis
554 4842 744 4912 fuerat
770 4835 1048 4912 periculis
1069 4835 1383 4912 obnoxius.
1523 4907 1532 4912 _
1716 4902 1756 4912 υ
1923 4900 1935 4912 _

390 4915 537 4985 (907)
570 4902 899 4985 GardaErat
918 4905 1391 4985 munitissimum
1414 4907 1676 4985 castrum
1700 4902 1971 4985 dimeesis

318 4973 696 5048 Veronensis,
726 4996 909 5053 eoque
940 4983 1136 5052 petere
1164 4975 1396 5031 volebat
1426 4973 1761 5051 Ratherius,
1794 4977 1858 5028 ut
1881 4977 1968 5027 tu-

323 5056 460 5111 tiori
493 5055 552 5109 in
575 5054 701 5109 loco
727 5056 901 5106 esset.

393 5125 538 5197 (908)
553 5124 718 5202 Hune
740 5120 935 5175 locum
957 5115 1360 5242 exglieantilla
1379 5115 1636 5188 epistolae
1652 5114 1707 5170 Η
1729 5114 1972 5196 adNan-

393 5212 533 5242 .nnm
568 5195 865 5242 comitem.
899 5206 1002 5242 aut
1072 5203 1277 5242 uccom
1299 5191 1697 5242 successerat:
1724 5186 1821 5240 ubi
1856 5186 1971 5241 huc

320 5185 535 5252 nouem
568 5192 865 5257 comitem,
899 5185 1277 5260 quiBucconi
1299 5185 1697 5260 successerat;
1718 5185 1821 5260 ubi
1856 5186 1971 5241 huc

323 5265 642 5338 respiciens
680 5265 884 5338 auctor
916 5258 1123 5338 scribit
1162 5274 1325 5338 num.
1349 5260 1419 5312 3:
1466 5258 1816 5338 Tolerabilius
1841 5274 1971 5311 mam

320 5328 506 5413 fuerat
526 5342 763 5413 vestrum
794 5334 872 5386 sie
900 5333 1047 5413 [erre
1075 5328 1405 5413 deirtinium,
1424 5337 1501 5413 ut,
1526 5345 1685 5400 quem
1700 5330 1966 5413 timerem,

320 5399 571 5469 eumdem
599 5406 887 5474 diligerem
900 5399 1169 5474 ipsum,ut
1188 5400 1367 5474 facere
1383 5400 1765 5474 inchoaveram
1788 5399 1967 5474 illum,

323 5483 382 5538 id
415 5485 503 5538 est
550 5469 899 5534 Bucconem.
920 5469 1017 5527 ’de
1061 5469 1165 5545 quo
1195 5469 1338 5525 mihi
1366 5486 1661 5539 congruere
1691 5470 1833 5526 illud
1861 5471 1972 5542 feci

320 5554 676 5615 Nasonicum.

481 5632 679 5700 Probra
705 5627 1032 5700 Tlierapnem
1063 5622 1155 5700 qui
1181 5622 1385 5700 dixerat
1396 5627 1515 5696 ante
1545 5624 1768 5700 maritis,

604 5696 729 5751 Mox
758 5687 921 5754 erepit
966 5687 1154 5737 laudes
1190 5687 1526 5750 prosperiore
1555 5687 1684 5751 lyra.

325 5766 496 5824 Prius
527 5766 750 5823 scilicet
792 5767 983 5819 Bucco
1033 5757 1307 5813 Ratherio
1339 5757 1623 5829 infensus,
1656 5759 1860 5829 postea
1890 5754 1973 5829 ei-

326 5841 484 5908 dem,
518 5852 697 5911 quem
719 5836 837 5894 dux
862 5830 1082 5905 inclyta
1111 5829 1341 5887 comitis
1357 5825 1975 5888 tuitionicommenda-

2069 623 2207 680 bilis
2237 623 2462 679 occasio
2493 640 2612 679 una
2639 638 2708 679 ex
2738 628 2868 680 octo
2898 622 3217 696 (912).Tuaa
3235 638 3369 678 vero
3390 619 3733 694 malignita-

2070 712 2147 768 tis
2179 728 2250 767 ne
2281 711 2812 779 sileaturintentio,
2843 710 3203 769 maluisse'te
3223 711 3443 783 optime
3464 708 3733 776 scio,tali

2070 802 2225 874 quod
2256 816 2520 857 versarer
2538 801 2598 857 in
2624 801 2771 870 loco,
2788 819 2857 857 ex
2879 818 2994 875 quo
3017 799 3274 857 inimicis
3287 815 3481 857 essem
3494 798 3733 856 odibilis

2070 891 2251 947 meis:
2277 906 2468 962 neque
2487 893 2543 945 te
2564 889 2757 946 dolere
2781 892 2938 964 quod
2960 892 3202 947 domum
3224 892 3563 963 suspectam
3589 887 3731 944 reli-

2069 979 2320 1051 querim,
2344 979 2444 1034 sed
2468 979 2623 1051 quod
2649 996 2742 1035 me
2762 980 2822 1034 in
2844 978 3058 1035 tutiore
3074 976 3410 1046 locaverim,
3440 981 3625 1051 atque
3658 978 3733 1033 ob

2067 1067 2178 1123 hoc
2208 1072 2263 1123 te
2291 1068 2556 1123 excusari
2584 1084 2699 1124 non
2732 1084 2905 1140 posse
2954 1070 3075 1124 lore
3106 1068 3178 1123 de
3211 1083 3303 1123 me
3332 1065 3730 1131 homicidam,

2068 1156 2338 1229 quamvis
2350 1156 2541 1212 adhuc
2554 1172 2745 1212 meam
2768 1161 2958 1213 servet
2986 1157 3087 1213 Dei
3117 1156 3486 1229 providentia
3522 1154 3728 1212 vitam.

2067 1246 2266 1317 Neque
2297 1262 2390 1301 me
2420 1245 2738 1302 credideris
2768 1247 2923 1318 quod
2958 1245 3220 1318 quotidie
3251 1261 3368 1301 non
3399 1244 3725 1301 interﬁcias

2065 1333 2185 1389 tuis
2218 1333 2749 1390 machinationibus
2773 1335 2916 1406 ipse,
2941 1349 3283 1406 quanquam
3314 1350 3407 1390 me
3420 1332 3629 1390 nolens
3652 1332 3733 1389 vi-

2067 1423 2207 1479 deas
2218 1421 2426 1490 vivere,
2453 1423 2595 1477 dum
2619 1421 2788 1479 audis
2802 1422 2987 1479 Deum
3002 1422 3219 1479 scelere
3240 1423 3312 1478 de
3328 1421 3442 1478 alio
3463 1420 3686 1478 dixisse
3713 1441 3729 1479 :

2065 1512 2178 1581 Qui
2204 1511 2404 1567 viderit
2434 1512 2727 1567 mulierem
2778 1512 2850 1567 ad
2893 1512 3385 1584 concupiscendum
3412 1527 3558 1579 eam,
3606 1511 3733 1582 jam

2065 1601 2360 1655 mwchatas
2387 1607 2468 1656 est
2516 1616 2636 1656 eam
2664 1602 2727 1656 in
2756 1601 2914 1657 corde
2941 1616 3040 1657 suo
3070 1600 3281 1672 (Matth.
3329 1616 3386 1667 v,
3413 1601 3532 1669 28).
3590 1599 3731 1656 Hie-

2067 1705 2377 1762 ronymum
2406 1705 2673 1763 quoque:
2707 1691 2790 1745 Vae
2821 1690 2977 1746 nobis
3006 1690 3225 1745 miseris
3245 1690 3574 1762 quiquoties
3595 1704 3729 1745 eon-

2064 1779 2415 1850 eupisczmus,
2448 1779 2603 1834 toties
2631 1780 3004 1850 fornicamur.
3032 1780 3120 1836 Ita
3135 1778 3294 1834 enim
3316 1780 3375 1834 et
3402 1781 3469 1834 tu
3491 1780 3730 1853 poteras

2065 1866 2421 1923 dieere:Vaa
2470 1866 2615 1923 mihi
2660 1866 2897 1939 misero,
2931 1867 3033 1939 qui
3065 1866 3297 1940 quoties
3351 1864 3449 1923 isti
3497 1866 3727 1939 captivo

2067 1954 2355 2012 moriendi
2386 1954 2689 2029 deoipulas
2716 1956 2913 2024 tendo,
2945 1954 3117 2012 toties
3146 1970 3286 2012 orm
3309 1954 3532 2027 occido.
3568 1954 3730 2011 Men-

2064 2044 2163 2100 tiri
2193 2060 2286 2101 me
2317 2048 2547 2116 poteras
2577 2045 2786 2112 dicere,
2822 2045 2870 2101 si
2898 2045 2970 2101 de
2988 2045 3213 2102 minore
3238 2042 3411 2118 culpa
3432 2043 3730 2119 npnlege-

2066 2138 2227 2190 retur
2270 2132 2522 2191 dilectus
2571 2131 2668 2189 ille
2713 2132 2938 2190 Christi
2969 2133 3224 2192 dixisse:
3261 2133 3452 2189 Omnis
3482 2134 3584 2206 qui
3614 2134 3731 2189 odit

2063 2225 2296 2294 fratrem
2322 2238 2505 2290 suum,
2530 2220 2587 2277 id
2609 2224 2719 2290 est,
2752 2221 3076 2294 quemlibet
3094 2220 3522 2289 Christianum,
3547 2221 3729 2284 homi-

2064 2312 2188 2369 cida
2216 2316 2296 2367 est
2323 2313 2371 2380 (ι
2397 2313 2557 2367 Joan.
2579 2328 2661 2380 Ill,
2698 2312 2807 2381 15).
2840 2311 2952 2367 Sed
2973 2310 3335 2383 vindlcabor,
3358 2310 3727 2382 vindieabor,

2064 2400 2331 2474 inquam,
2356 2398 2683 2456 certissime
2714 2400 2963 2471 noveris,
2994 2399 3357 2468 vindlcabor,
3380 2398 3519 2467 Mihi
3542 2401 3727 2471 enim,

2065 2488 2465 2556 aitDominus,
2482 2488 3127 2560 viudictam,subaudire
3138 2487 3733 2559 valeamus,reservo,

2064 2579 2207 2635 dum
2229 2594 2395 2634 reum
2422 2577 2512 2651 [f.,
2536 2579 2699 2649 eum]
2732 2577 3013 2650 ﬂagellari
3044 2576 3343 2650 permitto.
3365 2579 3502 2649 Ego,
3525 2580 3728 2633 tamen

2064 2667 2389 2737 retribuam,
2424 2666 2570 2721 dicit
2598 2666 2885 2723 Dominus
2906 2668 3083 2737 (Rom:
3114 2682 3216 2735 xu,
3249 2665 3362 2738 49).
3384 2665 3632 2722 Sieuim
3654 2666 3730 2721 de

2065 2756 2233 2812 nobis
2253 2755 2502 2811 cantitat
2532 2754 2801 2811 Psalmus
2829 2773 2842 2810 :
2881 2757 2941 2810 Si
2971 2759 3176 2821 autem,
3204 2754 3506 2827 inquiens,
3527 2755 3729 2812 dereli-

2065 2847 2282 2918 querint
2309 2845 2421 2916 ﬁlii
2448 2846 2565 2916 ejus
2595 2845 2769 2914 legem
2797 2861 2995 2915 meam,
3029 2849 3079 2900 et
3111 2845 3171 2900 in
3194 2843 3425 2916 judiciis
3451 2844 3593 2903 meis
3615 2860 3730 2900 non

2065 2934 2490 2992 ambulaverint.
2513 2932 2577 2989 Si
2594 2934 2847 3005 justitias
2878 2950 3025 2990 meas
3039 2934 3464 3006 profanaverint
3486 2937 3544 2989 et
3565 2950 3729 2991 unau-

2065 3024 2195 3079 data
2216 3040 2341 3079 utea
2370 3038 2481 3079 non
2494 3022 2851 3078 custodierint
2874 3023 3140 3091 ;visitabo
3154 3023 3212 3077 in
3227 3023 3386 3093 virga
3402 3022 3731 3093 iniquitates

2066 3129 2273 3179 eorum,
2303 3120 2355 3168 et
2381 3113 2442 3168 in
2461 3112 2777 3168 verberibus
2801 3119 3022 3184 peccata
3051 3128 3258 3168 eorum.
3286 3110 3728 3168 Misericordiam

2067 3209 2252 3261 autem
2276 3217 2458 3258 meam
2487 3216 2598 3257 non
2628 3201 2942 3274 dispergam
2970 3201 3038 3258 ab
3065 3217 3149 3270 eo,
3180 3216 3355 3273 neque
3407 3201 3612 3257 nocebo
3666 3202 3731 3259 in

2068 3293 2303 3350 veritate
2330 3306 2455 3347 mea
2484 3291 2656 3360 (Psal.
2686 3307 2958 3360 LXXXVIII,
2976 3290 3183 3362 31-34).
3202 3293 3320 3353 Isto
3343 3288 3530 3361 igitur
3544 3304 3732 3352 sensu

2066 3422 2247 3487 verat,
2294 3416 2485 3474 favere
2514 3415 2725 3488 coepit:
2772 3416 2929 3488 unde
2957 3416 3196 3473 subdit:
3247 3418 3551 3488 Postquam
3579 3416 3735 3472 enim

2068 3491 2134 3546 de
2180 3485 2278 3546 illo
2321 3485 2622 3544 dixeram?
2665 3488 2773 3557 Qui
2817 3487 3073 3544 liberavit
3117 3485 3406 3544 lsraelem'
3460 3485 3528 3542 de
3557 3502 3736 3547 manu

2069 3561 2395 3628 Pharaonis,
2451 3560 2646 3615 liberet
2685 3560 3009 3615 Ratherium
3062 3558 3129 3614 de
3179 3574 3351 3614 manu
3400 3558 3674 3614 Buccom's
3713 3579 3734 3627 ,-

2069 3633 2201 3693 dum
2230 3632 2326 3687 ille
2378 3630 2630 3688 abiturus
2672 3630 2959 3702 meliorari
2986 3629 3421 3702 cwpz‘ssetpcazpi
3460 3632 3513 3702 et
3546 3645 3647 3698 ego
3676 3632 3735 3687 ei

2070 3673 2261 3763 ialiter
2285 3673 2823 3771 aggarrireTrelatis
2854 3673 3097 3758 scilisetr
3107 3673 3294 3758 Ovidii
3327 3673 3620 3761 VErsibug.

2144 3775 2291 3847 (900)
2323 3772 2591 3847 Ecclesia:
2623 3773 2846 3847 scilicet
2867 3772 3065 3847 sancti
3091 3772 3245 3847 Petri
3292 3772 3355 3847 in
3402 3776 3629 3839 monte,
3662 3786 3733 3847 ac

2072 3841 2384 3921 propterea
2411 3844 2566 3921 dein
2597 3844 2758 3900 addit
2784 3862 2804 3921 _:
2837 3843 3084 3921 Asceudi.
3117 3844 3205 3921 Ad
3250 3842 3598 3921 episcopum
3640 3841 3730 3921 ni-

2073 3913 2290 3990 mirum
2323 3914 2652 3990 pertinebat
2683 3915 3029 3990 restauratio
3060 3913 3470 3990 ecclesiarum:
3519 3913 3733 3971 Confer

2074 3993 2194 4046 not.
2224 3984 2658 4058 892:,Porticus
2688 3986 2955 4058 ejusdem
2988 3984 3400 4058 ecclesiae,_qu_i
3430 4001 3596 4058 nunc
3623 4002 3731 4058 su—

2113 4064 2285 4129 erest,
2317 4057 2417 4115 ille
2468 4055 3110 4131 esse_creditu_r,_quem
3132 4055 3470 4131 __I{atherius
3503 4056 3727 4131 refecit.

2113 4077 2285 4129 (δι-εει,
2317 4077 2417 4115 me
2468 4077 2595 4115 esse
2624 4077 2900 4127 creditur,
2933 4077 3110 4131 quem
3156 4077 3470 4114 metuemus
3503 4077 3727 4114 reiecit.

2071 4077 2207 4188 Riox
2238 4147 2373 4203 eum
2406 4129 2724 4203 novissimo
2755 4128 3053 4203 Spicilegii
3083 4128 3301 4203 editors
3336 4126 3731 4203 correximus,

2071 4202 2332 4268 Promisi,
2361 4217 2473 4257 non
2502 4201 2716 4273 distuli,
2750 4199 2885 4273 etim
2914 4199 3086 4256 antea
3106 4199 3418 4273 legeretur,
3442 4200 3727 4273 promisit,

2067 4291 2175 4333 non
2203 4273 2454 4335 distulit;
2492 4271 2661 4346 sicut
2674 4275 2737 4327 et
2765 4271 2921 4335 infra
2942 4269 3192 4329 eruendi}
3219 4287 3324 4346 pro
3352 4269 3724 4333 WWts

2068 4362 2226 4417 cum,
2243 4345 2447 4400 eodem
2477 4344 2828 4417 recepimus.

2149 4415 2299 4496 (9|0)
2325 4412 2728 4496 Bausiasse',_id
2760 4418 2851 4496 est
2879 4412 3197 4496 decepisse.
3225 4412 3374 4470 Vide
3402 4415 3530 4475 not.
3570 4413 3646 4475 65
3670 4412 3734 4471 in

2077 4487 2331 4558 primam
2362 4490 2587 4558 partem
2619 4487 2694 4541 De
2714 4487 3335 4558 contemptu'cauouum.

2147 4557 2227 4628 (9i
2242 4557 2295 4681 1)
2404 4560 2514 4623 est,
2538 4574 2673 4613 cum
2692 4552 3180 4615 restaurationem
3196 4556 3537 4637 memorata:
3552 4552 3618 4609 S.
3638 4553 3739 4609 Pe-

2176 4644 2273 4681 eec
2300 4645 2431 4681 esus
2457 4628 2771 4681 perfecero.
2788 4631 3038 4681 revertar
3064 4627 3287 4681 domum
3310 4624 3737 4681 emsconalem.

2300 4628 2431 4683 esiae
2457 4628 2771 4701 perfecero,
2788 4631 3048 4701 revertar
3064 4627 3287 4684 domum
3310 4624 3737 4701 episconalqm.

2080 4699 2153 4770 ad
2186 4714 2364 4770 quam
2386 4694 2718 4767 ut'rediret,
2737 4694 3191 4770 inimicissimus
3210 4694 3744 4770 cavillator'ineitaL

2078 4766 2221 4843 batf
2246 4770 2464 4826 Eadem
2519 4787 2653 4826 vero
2708 4766 3107 4843 episcopalem
3150 4769 3432 4843 .domum_
3463 4766 3737 4843 nondum

2081 4840 2306 4897 adierat
2331 4858 2483 4898 anno
2504 4843 2640 4910 968,
2672 4837 2806 4897 eum
2838 4837 3305 4912 ad’Ambrosium
3322 4837 3581 4912 scripsit.
3604 4838 3741 4912 Mox

2078 4912 2276 4985 verba,
2326 4913 2477 4985 intra
2523 4914 2598 4985 in?
2628 4908 2793 4967 tuum
2846 4918 3099 4985 laruam,
3146 4908 3418 4985 explicari
3442 4908 3627 4981 posse
3652 4908 3738 4963 vi-

2082 4983 2298 5039 dentur
2323 4982 2424 5040 illo
2456 4984 2677 5039 rustica
2706 4981 3030 5055 proverbio,
3063 4981 3316 5055 quodab
3344 4981 3474 5055 ipso
3494 4984 3739 5055 auctore

2082 5001 2298 5039 nentur
2323 5001 2424 5040 mo
2456 5001 2677 5039 rusuea
2748 5001 3030 5051 rovermo,
3063 5001 3219 5055 quoa
3244 5001 3316 5038 an
3344 5001 3474 5055 IPSO
3497 5001 3739 5037 aucwre

2080 5054 2376 5127 profertur
2407 5055 2465 5110 in
2497 5001 2780 5111 Ηίθεοι-[δα
2828 5070 2997 5127 num.
3022 5056 3048 5109 1
3106 5055 3167 5113 in
3196 5054 3313 5113 ﬁne
3347 5070 3361 5110 :
3396 5053 3501 5122 Qui
3524 5051 3649 5122 fuit
3680 5054 3739 5106 in

2079 5126 2269 5197 furno,
2301 5141 2461 5196 pares
2490 5143 2614 5183 suos
2646 5126 2789 5181 inibi
2816 5126 3039 5196 quaerit.

2154 5192 2267 5267 (92)
2301 5192 2408 5251 ista
2438 5214 2555 5252 una
2578 5197 2784 5252 occasio
2811 5192 3023 5267 exacto
3051 5194 3163 5267 fuit
3210 5192 3560 5267 restauratio
3610 5208 3741 5263 por-

2081 5264 2231 5322 tiens
2253 5264 2308 5321 S.
2336 5267 2507 5336 Petri,
2542 5268 2634 5324 cui
2664 5266 2976 5324 Ratherius
3004 5265 3229 5336 nemini
3263 5264 3363 5321 alii
3386 5265 3575 5336 ﬁdens
3598 5279 3741 5335 prae-

2081 5354 2211 5393 esse
2244 5334 2507 5395 debebat.
2541 5340 2789 5396 Caeteras
2810 5338 3066 5394 rationes
3088 5335 3183 5392 hic
3207 5340 3381 5393 tacet.
3396 5334 3591 5391 Aliam
3607 5334 3741 5391 vero

2083 5409 2369 5481 rationem
2400 5410 2620 5466 indicat
2637 5409 2698 5465 in
2720 5409 2893 5481 epist.
2916 5410 2983 5465 12
2999 5408 3070 5465 ad
3086 5407 3468 5481 Ambrosium
3494 5422 3660 5463 num.
3689 5405 3740 5459 4.

2080 5480 2227 5550 Quid
2254 5483 2456 5551 faceret
2487 5478 2800 5554 episcopus
2829 5497 2955 5554 cum
2968 5484 3201 5554 exeunte
3223 5496 3300 5554 eo:
3326 5495 3391 5535 ea
3422 5478 3742 5554 domouna

2079 5548 2149 5624 ex
2180 5548 2502 5607 vestratibus
2522 5548 2802 5624 princ—ipe,
2837 5553 2978 5607 alter
3007 5553 3062 5607 ei
3087 5550 3412 5624 succederet,
3446 5548 3539 5604 illi
3559 5548 3740 5624 alius,

2083 5623 2233 5694 alius
2262 5625 2393 5679 item
2424 5620 2558 5679 illi?
2606 5620 2900 5694 Poteratne
2937 5639 3064 5679 cum
3085 5622 3209 5694 illis
3238 5620 3612 5694 episwpusju
3633 5633 3745 5694 una

2084 5693 2242 5749 domo
2284 5697 2499 5751 versari
2537 5697 2562 5749 .9
2604 5692 2815 5750 Confer
2859 5693 3106 5750 εει-ω.ιὸ
3154 5692 3229 5749 De
3264 5689 3476 5749 balatus
3517 5689 3745 5751 Pascha:

2083 5780 2249 5844 num:
2289 5767 2339 5844 i.
2367 5765 2563 5844 Potior
2590 5769 2792 5844 autem
2823 5767 3174 5844 causaepat,
3201 5761 3744 5844 utintutioreloco-

2084 5835 2467 5907 consisteret;
2503 5838 2661 5909 quod
2693 5836 2754 5895 in
2780 5834 3166 5911 sequentibus
3197 5834 3412 5892 innuit.
