3896 6386
136 434 248 499 349

1315 438 1783 516 QUALI'I‘A'I‘IS
1830 438 2368 507 CONJECTURA.

3437 439 3558 507 560

142 572 244 629 sim
273 572 357 631 ita
386 572 748 650 incredulus,
772 580 839 633 ut
862 573 1005 650 quid
1038 594 1156 651 qua
1180 577 1501 635 intentione
1534 576 1789 645 actitcm,
1820 580 1875 644 Α
1906 576 2189 643 carnales,
2226 578 2456 645 fratres,
2489 580 2666 650 atque
2723 580 2962 651 nepotes
3018 573 3418 652 permitterem
3463 594 3561 634 ex-

142 661 243 717 sim
272 663 600 737 saepissime
653 666 906 737 dubius;
936 667 1079 724 dum
1139 666 1362 724 scilicet
1416 667 1564 723 falsa
1592 683 1793 722 vcreve

144 751 367 808 illorum
399 754 472 810 de
516 772 611 811 me
638 756 981 813 testimonia
1010 774 1145 813 cum
1190 756 1304 825 his,
1332 774 1461 829 quae
1495 756 1637 812 mihi
1671 756 1794 812 sint

138 839 262 913 plus
291 858 473 914 quam
513 860 753 902 necesse
797 846 893 916 sit,
928 846 1182 919 cognita,
1216 847 1479 915 confero;
1526 846 1667 918 quid
1720 846 1792 901 (le

143 930 447 999 abbatiola,
500 950 627 1005 qua:
678 934 1100 1008 Magonzianus
1146 939 1404 1003 vocatur,
1455 934 1793 1008 nuperrime

139 1021 743 1088 statuerim,decretali
771 1024 880 1080 hoc
909 1025 1130 1098 scripto
1159 1024 1485 1094 enucleare,
1508 1028 1566 1080 et
1593 1027 1794 1080 ventu-

141 1106 214 1162 ris
240 1111 764 1184 praesentibusque,
787 1118 855 1168 ut
879 1113 1113 1186 utrique
1134 1112 1478 1185 dijudicent,
1498 1112 1794 1169 destinare

139 1198 437 1255 contendo.
470 1199 607 1272 Ipsa
645 1200 829 1275 igitur
869 1202 1096 1272 eadem,
1131 1202 1648 1276 quantulacunque
1693 1201 1790 1270 sit,

139 1300 264 1341 cum
293 1303 364 1343 ex
391 1288 669 1360 prmdiolo
699 1291 1096 1364 quorumdam
1126 1291 1499 1365 dispositioni
1527 1289 1672 1364 (923)
1697 1291 1791 1348 Ec-

139 1373 320 1431 clesia:
374 1382 586 1434 nostra
631 1379 715 1436 ita
759 1380 1084 1449 obvenerit,
1115 1386 1183 1437 ut
1228 1385 1332 1438 aut
1385 1381 1658 1453 abeunte,
1689 1385 1795 1438 aut

137 1480 434 1537 perperam
483 1467 995 1525 inemendabiliter
1051 1470 1192 1544 quid
1261 1474 1634 1543 perpetrante
1690 1470 1794 1525 ab-

136 1551 282 1624 bate,
315 1554 465 1611 alter
513 1557 586 1612 ab
645 1556 920 1630 episcopo
978 1557 1099 1614 illic
1153 1558 1526 1615 sufﬁceretur
1581 1562 1794 1613 nostrae

131 1640 416 1713 dimcesis,
449 1645 552 1717 qui
613 1646 938 1703 militantes
991 1647 1051 1702 in
1096 1664 1167 1703 ea
1208 1646 1554 1705 monachica
1604 1647 1796 1703 vivere

127 1730 340 1788 faceret
389 1733 549 1805 lege;
580 1734 732 1805 (924)
785 1751 943 1803 cum,
996 1735 1084 1791 uti
1130 1751 1226 1790 res
1274 1739 1363 1792 est
1410 1734 1795 1807 perdifﬁcilis,

124 1817 235 1875 hoc
298 1836 444 1891 non,
498 1825 565 1875 ut
615 1826 986 1880 constructor
1038 1821 1320 1891 voluerat,
1379 1823 1798 1895 processisset;

120 1906 371 1965 incenso
407 1906 555 1981 (925)
586 1909 660 1964 ab
708 1909 1002 1983 Hungaris
1049 1910 1385 1981 czenobiolo,
1417 1912 1489 1968 ad
1537 1911 1648 1969 hoc
1695 1912 1801 1969 mi-

117 1994 467 2054 serabiliter
525 2001 615 2053 est
672 2004 1044 2072 perventum,
1090 2006 1156 2056 ut
1213 2001 1359 2074 ipse,
1406 2001 1513 2075 qui
1567 2001 1798 2060 abbatis

118 2083 267 2141 falso
327 2085 629 2144 vocabulo
682 2086 842 2160 (926)
906 2088 1072 2147 solus
1142 2090 1412 2162 gestabat
1479 2089 1794 2158 cucullum,

119 2190 298 2231 uxore
325 2173 547 2231 saltem
590 2176 864 2248 nequiret
892 2177 1187 2234 ullatenus
1229 2179 1542 2250 abstinere,
1574 2179 1795 2235 nedum

126 2262 220 2318 alii
254 2263 516 2335 propriis
570 2280 805 2337 quoque
852 2270 1094 2339 possent
1137 2266 1562 2336 voluntatibus,
1595 2270 1662 2323 ut
1704 2284 1792 2323 re-

129 2351 263 2425 gula
321 2352 749 2409 monachorum
822 2355 1110 2428 praecipit,
1165 2356 1524 2413 renuntiare.
1580 2358 1791 2423 Quem-

136 2441 264 2497 dam
297 2441 483 2514 igitur
509 2459 581 2498 ex
610 2442 830 2502 talibus
855 2461 992 2500 cum
1022 2444 1340 2519 omnigeuo
1360 2449 1575 2502 couatu
1606 2447 1678 2502 ad
1711 2445 1793 2514 id,

139 2529 289 2601 quod
334 2531 666 2587 secundum
718 2531 929 2588 saltem
961 2534 1118 2590 400
1147 2533 1593 2607 congruentiam
1645 2538 1796 2590 tem-

143 2619 294 2690 poris
319 2621 479 2676 esset
507 2621 823 2692 agendum,
849 2639 965 2678 non
989 2622 1308 2680 voluissem
1340 2623 1659 2693 adducere;
1692 2623 1797 2679 sed

143 2708 274 2781 fuga
304 2712 395 2765 ter
441 2707 647 2781 lapsus
703 2709 850 2784 ipse,
888 2709 1132 2769 Geziaca
1186 2729 1281 2767 me
1338 2712 1583 2784 insuper
1635 2711 1802 2785 lepra

144 2813 239 2867 per
261 2797 669 2855 internuntios
700 2804 1013 2856 conaretur
1041 2801 1296 2869 inficere,
1330 2800 1442 2857 hoc
1472 2805 1580 2869 est,
1614 2804 1680 2857 ut
1708 2819 1796 2858 ac.

144 2889 303 2959 cepta
331 2888 404 2944 ab
436 2903 507 2944 eo
546 2888 797 2960 pecunia
838 2889 1096 2946 sinerem
1140 2906 1300 2960 eum,
1330 2891 1486 2962 quod
1536 2890 1799 2947 oblatum

146 2972 384 3033 Domino
413 2976 630 3044 fuerat,
654 2976 803 3052 (927)
835 2977 1091 3047 diabolo,
1123 2982 1189 3034 ut
1236 2982 1370 3035 ante
1414 2980 1648 3048 fecerat,
1681 2984 1798 3036 tra-

146 3063 299 3134 dere;
333 3082 427 3123 me
459 3067 617 3140 quod
659 3065 757 3122 ille
799 3065 1029 3124 volebat
1056 3067 1309 3140 nolente,
1341 3068 1441 3125 illo
1489 3070 1644 3143 quod
1692 3086 1800 3144 ego

145 3150 237 3209 Dei
267 3163 540 3228 respectu
571 3155 830 3212 vitabam
849 3160 1114 3229 rogante,
1138 3157 1415 3230 utrinque
1436 3175 1571 3215 cum
1594 3159 1803 3216 fuisset

144 3241 490 3315 discessum,
536 3244 710 3301 haesit
757 3246 995 3302 animus
1044 3245 1182 3319 quid
1234 3244 1405 3320 agere
1453 3248 1800 3321 possem.Si

1900 667 2173 737 pendere,
2233 666 2630 739 imprudentis
2686 667 3110 740 dispensatoris
3175 685 3290 724 non
3360 667 3561 723 minus

1902 772 2135 828 pmnam
2192 773 2371 828 quam
2439 756 2694 814 infidelis
2751 759 2993 813 verebar
3046 757 3362 814 incurrere.
3414 759 3560 814 Cum

1901 844 2058 899 enim
2109 845 2464 917 perarrluum
2510 845 2587 901 sit
2633 846 3054 902 monachorum
3088 846 3475 919 propositum,
3508 851 3566 902 et

1904 933 2119 989 talibus
2178 933 2904 1004 inconvenientissimum;
2954 936 3109 992 sicut
3156 935 3313 991 enim
3362 953 3565 993 mona-

1902 1021 2012 1078 eho
2040 1021 2119 1077 nil
2151 1024 2436 1091 sanctius,
2462 1025 2545 1079 ita
2573 1024 2717 1083 nihil
2751 1030 2839 1081 est
2858 1025 3160 1098 hypocrita
3183 1025 3524 1081 sceleratius
3547 1044 3559 1081 :

1903 1110 2104 1167 relicto
2149 1112 2525 1185 impossibili,
2559 1115 2631 1169 ad
2666 1113 2945 1187 possibile
2995 1131 3090 1169 me
3134 1116 3396 1171 conferre
3425 1132 3563 1187 ope-

1901 1216 2026 1255 ram
2060 1201 2215 1257 dedi.

1971 1291 2026 1344 2.
2052 1289 2327 1347 Ordinavi
2355 1289 2656 1364 igitur,ut,
2671 1290 2719 1348 si
2742 1291 2940 1363 plures
2972 1291 3262 1348 inhiberet
3292 1291 3564 1359 facultas,

1901 1376 2023 1434 illic
2052 1381 2170 1434 tres
2199 1378 2461 1435 officium
2506 1396 2681 1444 suum
2715 1398 2827 1435 non
2871 1380 3200 1438 nescientes
3230 1382 3391 1439 omni
3420 1384 3567 1437 tem-

1904 1482 2043 1538 pore
2064 1466 2272 1522 saltem
2299 1468 2624 1539 presbyteri
2657 1468 3002 1536 militarent,
3019 1472 3084 1523 ut
3113 1468 3259 1524 inibi
3292 1468 3453 1525 nullo
3473 1469 3568 1526 die

1911 1555 2095 1610 missa
2124 1556 2371 1623 deesset,
2405 1569 2561 1611 unus
2606 1555 2909 1622 diaconus,
2943 1574 3098 1611 unus
3147 1557 3565 1627 subdiaconus,

1911 1642 2167 1700 clericuli
2213 1642 2416 1715 aliqui.
2449 1642 2709 1716 Quisque
2757 1646 3230 1718 presbyterorum
3262 1649 3412 1704 401
3464 1664 3568 1704 an-

1911 1732 2139 1788 nuatim
2166 1732 2451 1803 acciperet
2471 1731 2625 1792 inter
2650 1732 3008 1789 frumentum
3032 1738 3089 1791 et
3109 1734 3396 1808 segallum
3418 1736 3569 1808 (928)

1912 1820 2110 1876 modia
2137 1821 2361 1890 decem,
2384 1820 2540 1878 inter
2566 1819 2869 1894 legumina
2900 1826 2957 1878 et
2986 1823 3219 1881 milium
3251 1824 3449 1881 modia
3477 1825 3573 1881 de-

1910 1922 2060 1978 cem,
2094 1909 2166 1966 de
2198 1909 2345 1983 (929)
2377 1910 2574 1967 surico
2614 1911 2810 1967 modia
2852 1913 3078 1982 decem,
3110 1914 3181 1969 de
3210 1913 3343 1970 vino
3375 1913 3572 1971 modia

1906 1998 2053 2071 (930)
2084 1999 2417 2054 duodecim.
2447 1998 2741 2056 Diaconus
2790 2000 2859 2055 de
2910 2001 3002 2058 his
3047 2003 3329 2061 omnibus
3371 2004 3569 2060 modia

1906 2087 2188 2160 quinque,
2203 2087 2404 2144 vinum
2424 2089 2624 2145 modia
2637 2106 2759 2146 sex.
2780 2090 3189 2148 Subdiaconus
3209 2091 3410 2148 modia
3431 2093 3568 2161 tria,

1904 2176 2108 2232 vinum
2130 2176 2330 2233 modia
2352 2181 2628 2248 quatuor.
2650 2178 2735 2233 Ad
2759 2179 3113 2236 vestimenta
3127 2180 3449 2256 presbyteri
3480 2198 3570 2239 so-

1904 2263 2054 2319 lidos
2085 2264 2376 2337 quinque;
2409 2265 2695 2322 diaconus
2727 2267 2947 2325 solidos
2965 2269 3147 2338 duos;
3168 2270 3568 2327 subdiaconus

1904 2351 2158 2409 solidum
2220 2370 2427 2409 unum.
2468 2354 2779 2411 Cucullum
2835 2373 3006 2413 nemo
3065 2357 3304 2415 illorum
3354 2363 3566 2431 portet.

1905 2441 2165 2514 Hymnos
2180 2445 2379 2499 tamen
2402 2442 2461 2498 in
2484 2444 2829 2499 memoriam
2851 2445 3107 2519 antiquae
3125 2448 3570 2505 consuetudinis

1907 2532 1965 2585 in
2000 2531 2300 2600 laudibus,
2333 2532 2667 2599 matutinis,
2702 2532 2916 2604 prima,
2949 2535 3142 2606 tertia,
3176 2539 3359 2603 sexta,
3391 2553 3567 2606 noua,

1905 2635 2150 2693 vespera
2174 2623 2232 2675 et
2254 2618 2656 2692 completorio,
2682 2637 2809 2692 quae
2840 2621 3041 2678 omnia
3071 2622 3142 2678 ad
3175 2622 3381 2679 horam
3415 2623 3573 2681 debi-

1907 2712 2028 2765 tam
2056 2706 2315 2765 exhiberi
2338 2707 2583 2780 decrevi,
2607 2714 2930 2765 cantarent.
2950 2711 3019 2768 Et
3047 2711 3184 2783 quia
3217 2712 3344 2769 sine
3372 2711 3571 2786 aliquo

1910 2797 1968 2853 id
1990 2797 2116 2853 ﬁeri
2138 2797 2479 2870 magisterio
2500 2814 2673 2870 posse
2689 2799 3216 2872 desperavi,unum
3244 2802 3400 2860 402
3423 2802 3571 2859 inibi

1911 2886 2139 2959 praefeci
2187 2888 2599 2960 presbyterum
2629 2888 3059 2960 honorabilem,
3104 2907 3212 2948 nec
3258 2891 3574 2950 ministerii

1910 2975 2003 3031 sui
2038 2979 2354 3049 expertem,
2384 2979 2595 3049 praeter
2632 2975 2765 3033 illos
2808 2981 2948 3046 tres,
2973 2978 3055 3035 ita
3096 2980 3343 3050 decrevi,
3368 2985 3434 3036 ut
3471 2985 3574 3037 aut

1909 3066 2160 3122 obeunte
2192 3064 2310 3134 illo,
2345 3071 2447 3122 aut
2476 3066 2706 3123 decreta
2745 3064 2930 3125 facere
2961 3073 3391 3139 contemnente,
3425 3069 3575 3127 alter

1909 3154 1981 3211 ab
1999 3155 2272 3228 episCOpo
2283 3155 2606 3213 Veronensi
2623 3155 2749 3213 loco
2766 3154 3207 3231 subrogaretur,
3219 3158 3379 3217 illius
3400 3160 3572 3233 :(931)

1908 3244 2129 3317 quique
2159 3245 2252 3301 his
2299 3246 2599 3313 omnibus,
2632 3250 2698 3301 ut
2741 3246 3073 3302 continetur
3122 3248 3421 3320 superius,
3453 3265 3570 3305 non

145 3332 290 3388 enim
330 3349 438 3409 ego
494 3332 1038 3405 possessiunculam
1068 3333 1166 3391 Dei
1200 3335 1476 3392 Genitrici
1525 3337 1797 3395 collatam
1827 3322 1871 3389 C
1908 3351 2013 3407 per
2040 3334 2240 3390 vineas
2270 3337 2329 3389 et
2365 3350 2627 3406 campos,
2652 3335 2751 3390 sed
2784 3351 2890 3407 per
2930 3350 3243 3392 mensuras
3273 3335 3575 3408 dispensa-

146 3420 346 3479 melius
392 3422 572 3496 quasi
617 3422 1068 3497 dispensaturus
1115 3424 1263 3480 mihi
1312 3426 1645 3493 retinerem,
1697 3431 1801 3482 aut

144 3526 395 3569 meorum
448 3511 635 3570 alicui
696 3513 927 3581 darem;
985 3529 1059 3569 ne
1114 3530 1521 3571 successorum
1548 3506 1802 3587 laliquis

143 3613 395 3657 meorum
428 3616 571 3658 meo
600 3600 875 3657 similiter
916 3600 1137 3658 faciens
1183 3602 1447 3676 exemplo
1476 3604 1800 3676 eleemosy-

143 3703 269 3744 nam
314 3688 564 3747 illorum
620 3690 909 3746 bonorum
961 3691 1308 3761 destrueret,
1342 3691 1609 3748 nonnihil
1639 3708 1801 3748 vere-

145 3775 255 3833 bar.
280 3779 337 3835 Si
367 3796 514 3836 vero
542 3783 779 3852 prepter
809 3795 992 3835 unum
1025 3778 1243 3836 falsum
1275 3779 1596 3849 cucullum,
1630 3780 1804 3838 abba-

143 3868 250 3923 tem
279 3868 672 3942 appellatum,
698 3866 756 3923 id
784 3872 874 3925 est
902 3872 1128 3942 patrem
1162 3867 1571 3939 falsissimum,
1608 3886 1668 3925 re
1697 3887 1802 3926 au-

145 3957 252 4012 tem
281 3958 563 4016 vitricum
591 3957 992 4027 verissimum,
1024 3957 1135 4015 hoc
1184 3958 1243 4013 in
1297 3974 1534 4016 uxorem
1565 3961 1623 4015 et
1649 3958 1805 4017 filios

217 4099 359 4173 (923)
381 4100 518 4157 Haec
549 4098 867 4173 peculiaris
898 4100 1207 4173 dispositio
1237 4105 1362 4157 erat
1381 4101 1441 4157 in
1465 4102 1809 4159 fundatione

151 4170 267 4239 ejus
294 4170 610 4246 cdenobioli
639 4188 673 4228 a
701 4170 1484 4246 constructorepraestituta,
1503 4179 1568 4229 ut
1596 4174 1805 4231 abbate

152 4247 390 4316 mortuo,
422 4249 532 4301 aut
582 4242 1026 4316 inemendabili,
1072 4242 1219 4300 alter
1260 4260 1375 4301 non
1411 4262 1448 4301 a
1475 4246 1803 4316 monachis,

154 4312 245 4368 sed
274 4315 658 4389 abepiscopo
678 4313 1010 4389 eligeretur,
1034 4320 1211 4389 atque
1241 4316 1634 4389 praeﬁceretur
1652 4335 1687 4389 e
1702 4312 1808 4373 Ve;

154 4385 373 4461 ronensi
401 4385 668 4455 dimcési,
701 4385 802 4459 qui
831 4385 1157 4461 monachos
1195 4385 1267 4443 ad
1314 4388 1600 4461 regularis
1629 4388 1806 4445 disci-

155 4454 619 4541 P‘iasreme
647 4454 1044 4541 ορᾷιροηονειο

215 4529 357 4601 (924)
385 4529 639 4614 Acherii.
654 4529 834 4614 editio
877 4532 1136 4614 σξιωῄπὶ
1195 4546 1285 4614 res
1302 4539 1426 4613 βα,
1452 4531 1805 4614 ρενάἰηίσίζξε

156 4596 257 4665 hoc,
286 4596 459 4658 nonve
484 4604 848 4667 constructor,
872 4605 980 4659 etc.
1010 4596 1490 4659 Emendationém
1522 4596 1651 4659 novi
1686 4602 1805 4660 edi-

155 4670 283 4746 ῖοιέὶε
303 4673 669 4746 recepimus.

217 4742 655 4820 (925)__Hungari
682 4742 932 4820 _ltalia_m
980 4743 1299 4800 identidem
1344 4744 1704 4820 invaserunt,
1738 4762 1806 4801 ac

160 4810 423 4890 incendiis
460 4810 1148 4890 de‘prmdationibusque
1171 4820 1480 4890 vastarunt
1529 4810 1804 4890 abhanno

158 4880 251 4965 990
277 4887 343 4942 ad
374 4880 604 4970 annuin
649 4902 840 4970 usque
883 4880 1188 4970 911?.‘Yide
1235 4887 1580 4970 Liutprandi
1611 4887 1803 4944 Histo-

160 4953 578 5041 riatltketmliqs
610 4953 926 5040 scriptores
956 4957 1167 5041 decimi
1200 4953 1417 5041 seaculi.

220 5027 358 5153 (926)
389 5030 454 5085 In
482 5027 855 5103 Magonziani
878 5029 1200 5084 cmnobiolo
1226 5029 1335 5084 hoc
1355 5033 1616 5103 tempore
1648 5047 1804 5087 unus

161 5096 224 5152 ab
263 5116 326 5172 as
352 5101 479 5158 sine
505 5101 818 5158 monachis
840 5100 1263 5167 inveniebatur,
1289 5101 1563 5172 idemque
1582 5107 1639 5157 et
1670 5119 1805 5157 uxo-

163 5183 269 5245 rem
299 5171 571 5239 habebat,
593 5177 672 5243 et,
688 5173 775 5228 uti
803 5177 1006 5245 postea
1038 5173 1306 5235 traditur,
1332 5171 1595 5228 carnales
1628 5173 1799 5229 filios.

164 5237 297 5318 Hinc
315 5245 491 5318 paulo
521 5237 665 5318 post
686 5237 861 5318 unum
888 5244 1098 5316 falsum
1128 5244 1411 5318 cucullum
1440 5249 1629 5299 vocat.

346 5316 456 5399 )ld
504 5314 929 5399 6st,.sinerem,
961 5318 1045 5381 ut,
1079 5315 1484 5399 quodeostea
1530 5314 1800 5399 eaplicat,

166 5382 448 5441 abbatiolae
476 5382 746 5443 redditus
774 5389 836 5442 in
866 5382 1176 5442 uxorem—et
1210 5382 1354 5458 filios
1382 5382 1653 5453 comatos,
1682 5382 1802 5458 [raé

166 5459 278 5532 "ei.
301 5465 460 5532 eteae
487 5463 705 5532 nepotes
735 5458 1081 5532 manderet-

223 5526 874 5602 (928)'Fortefsiliginém
907 5530 999 5602 ait
1038 5528 1343 5602 Acherius.
1376 5526 1532 5602 Nihil
1566 5533 1801 5602 mutae-

165 5594 290 5683 dum
308 5594 490 5683 novus
720 5600 992 5683 credidit,
1007 5601 1241 5683 et‘jure;
1266 5598 1401 5683 hinc
1422 5599 1578 5683 enim
1601 5600 1803 5683 Italica

168 5681 260 5725 vox
298 5672 499 5803 Ἅμα.
532 5672 783 5746 Sigalum
825 5674 981 5758 apud
1026 5670 1184 5756 alios.
1220 5671 1532 5754 scriptores
1562 5670 1797 5756 legitur,

169 5742 305 5803 apud
410 5760 477 5803 os
505 5745 726 5803 εαααιίε.
750 5750 817 5803 ut
840 5745 1036 5803 Videre
1055 5747 1146 5803 est
1169 5760 1229 5802 in
1252 5741 1546 5803 Glossema
1573 5742 1797 5803 Canmi.

169 5742 305 5819 apud
333 5741 477 5805 alios
505 5741 726 5823 sagulis,
750 5750 817 5806 ut
840 5741 1036 5805 videre
1055 5743 1229 5805 estin
1252 5741 1546 5803 Glossario
1573 5741 1798 5826 (tangit;

1909 3427 2006 3492 tis,
2035 3422 2190 3495 quod
2222 3424 2571 3489 remaneret,
2604 3421 2873 3488 haberet;
2908 3421 2968 3477 in
3001 3421 3297 3495 praeclaris
3324 3440 3458 3479 vero
3490 3422 3572 3481 fe-

1909 3510 2271 3568 stivitatibus
2310 3510 2445 3567 illos
2475 3509 2740 3582 quinque
2770 3527 2972 3568 secum
3004 3512 3214 3567 faceret
3245 3512 3569 3581 comedere,

1910 3599 2134 3655 eisdem
2178 3598 2326 3654 cibis
2384 3602 2442 3654 et
2498 3598 2734 3670 potibus
2765 3615 2882 3671 quo
2913 3600 2974 3671 [ι.
3007 3598 3248 3674 quibus]
3308 3600 3571 3674 seipsum

1912 3687 2283 3743 abundanter
2309 3691 2367 3743 et
2404 3704 2508 3761 pro
2552 3704 2725 3760 posse
2755 3689 2992 3745 eosdem
3026 3689 3314 3747 reficiens.
3344 3689 3572 3758 Quibus

1911 3781 2107 3833 tamen
2144 3777 2353 3834 diebus
2398 3776 2708 3833 lectionem
2757 3778 3130 3836 decernimus
3180 3781 3251 3836 ad
3303 3784 3571 3838 mensam

1910 3866 2186 3939 habeant,
2204 3870 2260 3923 et
2280 3871 2414 3939 post
2438 3866 2636 3923 cibum
2654 3867 2803 3940 (952)
2827 3869 2982 3942 quod
3007 3869 3279 3926 monachi
3311 3874 3570 3928 cantent.

1911 3957 2297 4029 Summopere
2325 3971 2482 4013 vero.
2519 3997 2531 4011 .
2570 3998 2583 4013 .
2621 3998 2635 4013 .
2672 3998 2685 4012 .
2724 3998 2737 4012 .
2774 3999 2787 4013 .
2824 4002 2838 4015 .
2942 4022 2953 4029 ,

1914 4103 2088 4158 Panis
2117 4099 2423 4169 segalacius
2452 4101 2604 4173 apud
2636 4099 3019 4157 Fortunatam
3049 4101 3111 4157 in
3142 4100 3273 4157 Vita
3305 4102 3364 4157 S.
3394 4102 3575 4158 Rade-

1916 4174 2132 4247 gundis
2162 4189 2193 4247 c
2247 4172 2318 4247 45
2345 4176 2402 4226 et
2427 4172 2518 4226 2t.

1985 4245 2138 4316 (929)
2164 4245 2422 4316 δυνίςωη
2448 4258 2563 4316 non
2595 4246 2686 4297 est
2717 4242 2976 4316 indicum
3009 4242 3395 4316 frumentum,
3414 4243 3572 4316 quod

1915 4312 2185 4395 seriusin
2212 4312 2440 4370 Italiam
2462 4313 2771 4369 inductum
2794 4312 3336 4395 t‘uit,‘sed_quaada_m
3358 4312 3574 4395 segetis

1914 4386 2159 4459 species,
2177 4402 2247 4442 ex
2275 4402 2392 4459 qua
2419 4400 2578 4459 nunc
2617 4400 2852 4456 quoque
2893 4383 3106 4441 alicubi
3140 4384 3311 4456 panis
3339 4383 3575 4440 conﬁci-

1914 4455 2031 4524 tur,
2054 4455 2319 4583 ([1118qu
2333 4455 2530 4512 Italice
2555 4455 2796 4512 vocatur
2820 4471 2997 4539 aorgo.
3145 4455 3157 4456 ί
3429 4526 3440 4537 .
3535 4525 3547 4536 .

1987 4530 2136 4583 (390)
2227 4529 2428 4583 odium
2456 4544 2572 4583 non
2604 4526 2797 4583 solum
2830 4528 3151 4583 aridorum.
3181 4527 3283 4582 sed
3315 4530 3375 4582 et
3403 4524 3547 4583 liaui

1987 4524 2136 4602 (390)
2169 4524 2428 4584 Medium
2456 4544 2572 4583 non
2604 4526 2797 4583 solum
2830 4524 3151 4602 aridorum,
3181 4527 3283 4582 sed
3315 4530 3376 4602 et
3403 4524 3574 4599 liqui-

1913 4598 2124 4682 dorum
2150 4599 3010 4682 eratmenﬂsuraprqvarietate.
3029 4598 3571 4682 locorum‘diversa,

1832 4662 1882 4727 D
1912 4676 1976 4727 ut
1996 4672 2054 4727 in
2072 4671 2393 4727 novissima
2407 4662 2610 4742 Cangii
2625 4670 2881 4727 editione
2898 4670 3091 4727 fusius
3107 4669 3439 4726 ostenditur
3452 4662 3575 4726 vec-

1912 4744 1988 4799 bo
2007 4743 2266 4811 Modiam,
2288 4747 2347 4798 et
2365 4742 2589 4797 Modius.
2610 4742 2772 4806 Quod
2795 4742 2845 4797 si
2874 4746 3080 4798 auctor
3098 4746 3250 4814 part.
3274 4758 3314 4809 ι,
3340 4742 3416 4814 De
3436 4756 3573 4814 cori-

1915 4819 2122 4887 tcmptu
2161 4810 2435 4894 canonum
2475 4829 2640 4894 num.
2671 4813 2706 4867 3
2741 4814 2929 4894 :_Quot
2963 4810 3153 4883 congio
3185 4810 3571 4894 vina-inquit,

1914 4883 2035 4942 non
2062 4903 2197 4943 vero
2219 4890 2345 4956 quot
2372 4885 2586 4947 mollia;
2617 4883 2893 4956 congium
2920 4887 3355 4956 mensuragerat
3383 4883 3576 4938 minor

1914 4959 2136 5025 modio,
2167 4954 2322 5029 quod
2354 4973 2422 5013 ex
2450 4954 2977 5029 pluribusicongiis
3009 4954 3333 5029 constabat.

1985 5024 2137 5101 (931)
2170 5024 2230 5084 I'd
2263 5033 2371 5093 est,
2405 5024 2582 5100 et'quz'
2607 5024 2895 5099 presbyter
2919 5027 3245 5101 dispensatis
3275 5024 3360 5082 lus
3387 5027 3572 5081 omni-

1915 5099 2012 5156 bus
2042 5117 2151 5156 non
2174 5118 2277 5173 per
2306 5099 2578 5173 υἰηειτςειΔ
2617 5115 2854 5173 campos,
2886 5099 2979 5173 sed
3020 5115 3121 5171 per
3172 5114 3479 5173 mensuras,
3512 5105 3577 5153 ut

1912 5169 2527 5243 superius'continetur,
2560 5171 2781 5244 haberet
2816 5171 2956 5244 quod
2994 5169 3261 5244 remanet.
3292 5169 3575 5224 Similiter

1912 5241 1988 5299 in'
2013 5244 2268 5321 {ridiculo
2299 5260 2464 5321 num.
2494 5246 2549 5307 2,
2584 5241 3059 5299 distributionem
3092 5241 3429 5321 red‘dituum
3472 5255 3575 5321 per

1910 5316 2119 5391 modios
2141 5324 2193 5371 et
2221 5316 2486 5379 sextario,
2519 5330 2621 5369 seu
2676 5330 2780 5391 per
2820 5330 3143 5391 mensuras
3179 5312 3303 5391 tieri
3359 5312 3562 5391 consti-

1915 5386 2187 5462 tuit,_mm
2213 5402 2313 5458 per
2339 5402 2557 5456 campos
2585 5381 2878 5462 eruimus.
2891 5384 3184 5462 Notabilis
3211 5381 3569 5462 haecdi‘stin-

1912 5458 2027 5513 ctio
2060 5454 2480 5530 inter'campos
2510 5462 2568 5511 et
2593 5457 2815 5525 vineas,
2846 5457 2919 5512 de
2948 5473 3067 5527 qua
3094 5456 3225 5512 vide
3255 5458 3377 5508 not.
3414 5454 3472 5509 11
3509 5454 3570 5506 in

1909 5530 2240 5585 Judicatum.

1983 5601 2223 5675 (932_)ld
2264 5604 2374 5665 est,
2406 5601 2644 5656 cantent
2688 5599 2891 5675 eadem
2923 5615 3072 5675 quae,
3097 5594 3380 5675 .monachi
3414 5608 3569 5675 .can-

1908 5668 2058 5729 tant.
2089 5668 2367 5741 Multane,
2395 5688 2470 5728 an
2501 5686 2689 5746 pauca
2717 5671 2776 5727 in
2805 5672 2923 5728 ﬁne
2942 5668 3378 5738 desiderentur,
3410 5668 3572 5739 igno-

1908 5760 2133 5803 ramus.
