3892 6368
358 476 476 547 863

1280 480 1653 549 BATHERII
1697 482 1940 548 EPISG.
1986 481 2279 551 VERON.
2325 484 2498 549 OPP.
2543 482 2749 548 PARS
2794 481 2842 547 Ι.

3654 477 3782 542 564

359 634 535 691 opere
577 615 775 675 servili
806 634 840 676 a
868 634 1107 692 vespera
1135 617 1194 674 in
1223 636 1525 691 vesperam
1560 596 1862 675 celebrare
1908 618 2010 675 do-
2038 622 2095 691 Α
2121 618 2363 675 moriter
2388 635 2458 675 ac
2503 618 2777 675 distincte
2824 616 3079 690 proferre
3123 611 3331 673 valeat.
3363 610 3693 688 Epistolam
3724 617 3786 673 et

360 712 487 764 cete
507 708 675 780 (966).
698 709 918 765 Cantus
948 714 1003 764 et
1035 708 1245 764 choros
1295 709 1605 763 mulierum
1638 709 1697 763 in
1743 709 1888 764 atrio
1915 725 2011 763 ec-

359 795 547 852 clesiae
606 796 929 869 prohibete.
980 797 1255 853 Carmina
1311 797 1619 864 diabolica,
1655 815 1780 868 quin
1836 813 2013 868 super

359 889 622 941 mortuos
649 885 951 941 nocturnis
981 885 1141 941 horis
1164 885 1379 958 vulgus
1402 891 1636 941 cantare
1659 886 1826 951 solet,
1847 890 1904 941 et
1924 902 2013 941 ca-

358 972 791 1046 chinnos,quos
819 980 1087 1030 exercent
1115 975 1226 1030 sub
1248 974 1796 1046 contestationezDei
1824 974 2013 1030 omni-

356 1060 632 1133 potentis,
658 1066 868 1118 vetate.
892 1062 1037 1118 Cum
1072 1064 1594 1119 excommunicatis
1633 1063 1812 1119 nolite
1852 1080 2013 1119 com-

357 1149 681 1206 municare.
707 1150 916 1207 Nullus
966 1150 1083 1207 illis
1113 1156 1433 1224 praesumat
1463 1152 1706 1207 missam
1757 1157 2013 1218 cantare,

358 1238 461 1293 sed
487 1242 544 1294 et
572 1237 844 1311 plebibus
866 1240 1031 1295 vobis
1055 1240 1388 1295 commissis
1411 1240 1518 1295 hoc
1540 1241 1904 1295 annuntiate.
1928 1241 2014 1295 Ad

359 1326 599 1398 nuptias
636 1328 791 1384 418
841 1328 1042 1383 nullus
1096 1334 1354 1383 vestrum
1404 1334 1497 1383 eat
1525 1330 1697 1400 (967).
1729 1329 2016 1384 Omnibus

359 1414 722 1481 denuntiate,
747 1421 813 1470 ut
841 1415 1043 1473 nullus
1069 1434 1308 1472 uxorem
1341 1417 1608 1489 accipiat,
1641 1417 1753 1473 nisi
1787 1417 2018 1489 publice

360 1502 669 1559 celebratis
687 1505 927 1576 nuptiis.
951 1505 1206 1577 Raptum
1230 1505 1585 1561 omnimodis
1607 1507 1937 1577 prohibete;
1961 1511 2019 1561 et

358 1595 426 1645 ut
455 1590 655 1648 nullus
674 1592 747 1648 ad
774 1594 1103 1665 proximam
1132 1593 1441 1665 sanguinis
1463 1595 1553 1650 sui
1578 1595 1841 1662 accedat;
1871 1599 1928 1650 et
1953 1599 2021 1650 ut

359 1677 602 1735 alterius
631 1697 910 1754 sponsam
963 1681 1163 1738 nullus
1194 1683 1391 1737 ducat.
1426 1684 1755 1751 Porcarios,
1777 1687 1834 1739 et
1872 1682 2019 1738 alios

357 1772 624 1841 pastores
643 1768 732 1825 vel
763 1770 1068 1826 Dominico
1098 1771 1192 1826 die
1223 1771 1294 1826 ad
1328 1771 1575 1826 missam
1596 1772 1794 1826 venire
1823 1772 2017 1828 facite.

355 1856 577 1913 Patrini
608 1856 749 1915 ﬁliis
778 1859 907 1915 suis
946 1858 1282 1931 symbolum
1314 1864 1371 1915 et
1401 1860 1726 1916 orationem
1758 1860 2018 1915 Domini-

357 1962 487 2002 cam
519 1947 823 2004 insinuent
846 1948 1017 2020 (968),
1043 1954 1147 2004 aut
1165 1948 1456 2004 insinuari
1489 1947 1726 2013 faciant,
1750 1948 2020 2004 Chrisma

357 2050 593 2108 semper
612 2037 722 2092 sub
746 2053 878 2093 sera
901 2037 981 2092 sit
997 2042 1100 2093 aut
1123 2037 1232 2092 sub
1257 2036 1448 2109 sigillo
1475 2041 1710 2110 propter
1730 2038 2019 2110 quosdam

360 2121 630 2181 infideles
658 2125 832 2194 (969).

433 2212 520 2267 12.
541 2211 832 2269 Volumus
862 2218 1058 2269 autem
1091 2214 1240 2270 scire
1270 2215 1342 2270 de
1367 2213 1629 2286 quolibet
1658 2215 2014 2287 presbytero,

363 2296 415 2356 si
448 2315 518 2355 ex
546 2300 817 2374 ingenuis
860 2302 1205 2374 parentibus
1247 2302 1327 2359 sit
1368 2307 1563 2369 natus,
1588 2308 1690 2358 aut
1718 2318 1788 2357 ex
1816 2303 2018 2359 condi-

360 2387 523 2445 tione
552 2389 767 2457 servili,
795 2395 898 2446 aut
945 2390 995 2445 si
1044 2391 1115 2447 de
1144 2395 1345 2447 nostra
1397 2392 1673 2464 parochia
1703 2396 1879 2448 natus
1906 2396 2014 2457 est,

360 2481 462 2534 aut
491 2478 816 2545 ordinatus,
840 2478 928 2535 vel
955 2480 1029 2535 ad
1061 2496 1239 2552 quem
1285 2479 1481 2536 locum
1512 2480 1921 2553 prastitulatus.
1956 2481 2017 2536 Si

360 2582 564 2623 servus
595 2568 728 2635 fuit,
752 2569 1023 2624 ostendat
1052 2569 1314 2625 chartam
1346 2586 1466 2625 suae
1499 2569 1789 2625 libertatis
1822 2570 1970 2641 (970)
1998 2586 2012 2624 :

357 2655 410 2711 si
441 2655 513 2711 de
542 2655 655 2713 alia
684 2657 980 2729 parochia,
999 2658 1269 2714 ostendat
1316 2657 1543 2714 litteras
1591 2658 2015 2714 commendati-

357 2743 496 2810 tias,
529 2760 676 2815 quas
733 2746 1016 2802 formatas
1058 2751 1287 2802 vocant.
1322 2751 1401 2802 De
1456 2747 1783 2803 ministerio
1840 2748 2017 2803 etiam

361 2830 529 2886 vobis
576 2834 894 2890 commisso
922 2850 1026 2889 vos
1072 2835 1387 2890 admonere
1416 2851 1715 2901 curamus,
1746 2838 1805 2889 et
1834 2851 2018 2890 unus-

364 2918 620 2990 quisque
648 2925 927 2988 vestrum,
952 2922 999 2976 si
1034 2922 1159 2977 ﬁeri
1192 2925 1400 2994 potest,
1420 2922 1840 2995 expositionem
1866 2939 2018 2995 sym-

360 3005 482 3062 boli
514 3010 572 3064 et
589 3008 874 3066 orationis
907 3009 1219 3065 Dominicis
1235 3011 1407 3081 juxta
1424 3010 1799 3066 traditionem
1821 3011 2017 3066 ortho-

358 3094 645 3151 doxorum
668 3112 848 3169 penes
868 3112 932 3153 se
961 3096 1241 3169 scriptam
1273 3097 1506 3164 habeat,
1528 3102 1584 3153 et
1611 3114 1741 3153 eam
1771 3097 2020 3170 pleniter

357 3182 672 3256 intelligat,
703 3188 763 3241 et
804 3185 961 3253 inde,
1003 3184 1054 3241 si
1102 3184 1281 3253 novit,
1313 3186 1681 3257 praedicando
1731 3185 2017 3259 p0pulum

358 3272 473 3329 sibi
504 3273 890 3331 commissum
923 3273 1127 3331 sedulo
1156 3272 1438 3343 instruat;
1464 3274 1513 3330 si
1536 3291 1672 3339 non,
1697 3273 1908 3331 saltem
1938 3279 2017 3331 te-

2117 708 2494 779 Evangelium
2526 708 2672 762 bene
2692 706 2882 779 lcgere
2903 706 3111 778 possit,
3126 710 3183 761 et
3206 705 3433 761 utinam
3456 704 3671 761 saltem
3706 705 3783 761 ad

2118 796 2375 851 litteram
2389 797 2519 866 ejus
2534 812 2775 851 sensum
2791 801 2989 867 posset
3000 792 3782 850 manifestere.Psalmorum

2118 886 2312 953 verba,
2345 890 2399 941 et
2430 885 2836 941 distinctiones
2890 883 3240 955 regulariter
3294 899 3365 939 ex
3420 882 3593 937 corde
3628 883 3784 954 (972)

2120 990 2255 1029 cum
2306 973 2553 1029 canticis
2600 972 3133 1029 consuetudinariis
3180 971 3560 1044 pronuntiare
3607 971 3783 1027 sciat.

2121 1063 2485 1129 Sermonem,
2505 1067 2572 1119 ut
2608 1062 2879 1134 superius
2908 1062 3048 1127 dixi,
3070 1060 3373 1117 Athanasii
3415 1060 3680 1133 episcopi
3713 1061 3786 1115 de

2122 1152 2237 1207 fide
2276 1151 2606 1215 Trinitatis,
2633 1153 2804 1223 cujus
2850 1150 3083 1206 initium
3122 1154 3214 1206 est
3244 1167 3258 1206 :
3289 1151 3611 1221 Quicunque
3639 1149 3781 1213 vult,

2124 1239 2465 1295 memoriter
2502 1244 2713 1294 teneat.
2738 1238 3104 1295 Exoreismos
3149 1243 3209 1294 et
3250 1239 3543 1295 orationes
3575 1239 3652 1293 ad
3686 1255 3783 1293 ca-

2122 1328 2544 1391 techumenum
2575 1328 2928 1393 faciendum,
2961 1328 3033 1383 ad
3067 1328 3285 1383 fontem
3318 1342 3551 1400 quoque
3581 1342 3787 1383 conse-

2125 1417 2505 1483 crandum,et
2527 1416 2783 1488 reliquas
2813 1432 3011 1488 preces
3042 1432 3222 1488 super
3252 1413 3584 1472 masculum
3612 1419 3674 1471 et
3703 1415 3783 1470 fe-

2127 1506 2350 1560 minam
2384 1504 2704 1576 pluraliter,
2739 1522 2806 1561 ac
2835 1504 3231 1576 singulariter,
3254 1505 3616 1576 distinctque
3646 1520 3787 1577 pro-

2128 1593 2277 1648 ferre
2295 1593 2514 1661 valeat;
2534 1593 2807 1648 similiter
2820 1592 3085 1649 ordinem
3102 1594 3435 1665 baptizandi
3454 1594 3528 1649 ad
3546 1609 3789 1650 succur-

2128 1681 2376 1736 rendum
2399 1681 2838 1751 infirmis(973),
2852 1682 3118 1738 ordinem
3141 1699 3375 1755 quoque
3393 1682 3787 1738 reconcilian-

2128 1770 2209 1836 di,
2236 1770 2407 1841 juxta
2434 1771 2675 1826 modum
2708 1770 2820 1826 sibi
2864 1772 3143 1827 canonice
3189 1775 3575 1843 reservatum,
3607 1775 3787 1843 atque

2128 1859 2385 1929 ungendi
2414 1858 2709 1925 inﬁrmos;
2741 1859 3035 1915 orationes
3055 1875 3289 1933 quoque
3317 1860 3506 1917 eidem
3533 1858 3789 1917 necessi-

2127 1946 2233 2001 tati
2257 1951 2676 2018 competentes,
2702 1947 2851 2003 bene
2870 1946 3078 2003 saltem
3101 1948 3250 2004 sciat
3270 1947 3479 2020 legere.
3501 1948 3787 2005 Similiter

2128 2033 2393 2090 ordinem
2410 2040 2467 2090 et
2482 2050 2683 2107 preces
2704 2036 2763 2090 in
2780 2035 3073 2106 exsequiis
3091 2037 3334 2109 agendis
3345 2038 3782 2094 defunctorum.

2126 2122 2408 2178 Similiter
2433 2123 2793 2179 exorcismos
2822 2127 2880 2179 et
2912 2124 3345 2181 benedictiones
3370 2125 3511 2181 salis
3531 2131 3592 2182 et
3623 2140 3783 2199 aquai

2127 2211 2467 2267 memoriter
2491 2216 2703 2267 teneat.
2724 2212 3028 2267 Canticum
3052 2213 3198 2285 (974)
3221 2218 3579 2272 nocturnum
3610 2221 3784 2287 atque

2127 2299 2405 2355 diurnum
2438 2300 2682 2356 noverit.
2712 2303 3064 2371 Computum
3093 2302 3400 2371 minorem,
3425 2304 3484 2358 id
3511 2309 3631 2371 est,
3660 2320 3784 2376 epa-

2127 2392 2270 2455 ctas,
2303 2394 2736 2453 concurrentes,
2788 2388 3109 2459 regulares,
3156 2391 3479 2446 terminum
3533 2393 3782 2463 pascha-

2125 2476 2263 2545 lcm,
2296 2482 2353 2533 et
2393 2477 2672 2549 reliquos,
2705 2476 2754 2532 si
2785 2482 2875 2533 est
2921 2478 3222 2550 possibile,
3255 2480 3465 2551 sapiat.
3498 2480 3784 2552 Martyro-

2127 2566 2350 2639 logium
2382 2570 2439 2622 et
2469 2566 2867 2622 Pmnitentiale
2909 2566 3143 2634 habeat,
3172 2571 3231 2623 et
3259 2573 3473 2624 caetera
3503 2569 3681 2643 (975).

2201 2657 2287 2711 13.
2325 2657 2399 2711 De
2428 2654 2770 2710 ordinandis
2810 2671 2915 2727 pro
2944 2659 3098 2711 certo
3129 2655 3519 2728 scitote,quod
3553 2675 3590 2713 a
3620 2657 3782 2715 nobis

2125 2744 2288 2800 nullo
2318 2744 2493 2799 modo
2524 2744 3043 2816 promovebuntur,
3066 2743 3182 2799 nisi
3213 2748 3315 2799 aut
3343 2745 3402 2800 in
3428 2746 3664 2803 civitate
3692 2763 3780 2802 no-

2126 2839 2250 2889 stra
2298 2833 2469 2905 (976),
2521 2837 2622 2887 aut
2681 2832 2739 2887 in
2800 2831 2999 2904 aliquo
3058 2834 3436 2903 monasterio,
3483 2834 3572 2890 vel
3631 2834 3777 2908 apud

2125 2920 2449 2993 quemlibet
2477 2922 2802 2994 sapientem
2834 2920 2906 2975 ad
2939 2925 3175 2993 tempus
3195 2922 3523 2978 conservati
3548 2922 3776 2989 fuerint,

2124 3014 2182 3065 et
2211 3008 2423 3065 litteris
2455 3007 2891 3080 aliquantulum
2912 3009 3147 3078 eruditi,
3171 3013 3238 3065 ut
3259 3008 3454 3066 idonei
3475 3011 3777 3068 videantur

2125 3096 2533 3153 ecclesiasticas
2557 3096 2847 3169 dignitati.

2198 3187 2284 3240 14.
2300 3184 2443 3240 Cum
2465 3186 2781 3241 auctoritas
2798 3201 3033 3258 quoque
3052 3186 3347 3244 contineat
3361 3187 3768 3252 ecclesiastica,

2125 3278 2191 3330 ut
2207 3274 2276 3329 de
2302 3274 2478 3329 rebus
2506 3272 2917 3330 ecclesiasticis
2934 3279 3187 3346 quatuor
3205 3275 3330 3332 ﬁeri
3348 3276 3604 3334 debeant
3626 3277 3771 3334 420

355 3364 514 3432 neat,
546 3360 635 3419 vel
674 3363 892 3420 credat.
926 3362 1231 3420 Orationes
1261 3363 1581 3419 missarum
1624 3368 1683 3419 et
1727 3380 2009 3421 canonem
2042 3349 2085 3416 C
2123 3367 2320 3436 partes
2352 3378 2383 3418 e
2413 3361 2628 3434 quibus
2657 3379 2777 3417 una
2816 3361 3096 3435 episcopi,
3125 3362 3307 3420 altera
3336 3364 3571 3422 fabricas
3600 3364 3771 3421 eccle-

354 3450 505 3508 bene
551 3450 841 3525 intelligat
869 3452 1049 3525 (961);
1091 3453 1248 3509 410
1279 3456 1337 3507 et
1365 3451 1416 3507 si
1463 3468 1602 3520 non,
1635 3451 1842 3509 saltem
1891 3469 2013 3509 me-

424 3566 573 3640 (966)
603 3565 755 3623 Olim
788 3567 1020 3640 scilicet
1040 3566 1182 3640 (dies
1228 3566 1359 3640 festi
1391 3584 1425 3640 a
1453 3583 1692 3640 vespera
1723 3565 1781 3623 in
1810 3583 2012 3639 vespe-

351 3655 487 3711 ram
506 3637 987 3711 observabantur.
1006 3638 1151 3711 Vide
1182 3637 1517 3711 Capitulare
1538 3637 1940 3711 Aquisgranen
1950 3656 2012 3695 se

353 3707 494 3780 anni
521 3710 648 3780 789,
681 3726 731 3764 c.
767 3712 867 3777 15;
902 3709 1218 3765 concilium
1239 3707 1666 3780 (Forojuliense
1715 3707 1851 3764 anni
1881 3711 2009 3776 791,

353 3779 530 3852 0113;
566 3779 1084 3852 Francofordiense
1113 3778 1251 3834 anni
1281 3778 1493 3852 794,‘c.
1530 3781 1614 3846 11,
1646 3784 1704 3834 et
1736 3780 1851 3836 alia
1880 3782 2011 3852 eju-

352 3849 522 3922 sdem
553 3849 784 3922 generis
823 3849 1011 3922 plura.
1031 3850 1163 3922 Mox
1190 3850 1365 3922 verba
1406 3853 1790 3922 ca_ntu.s,_etc.,
1822 3849 2010 3922 usque

357 3921 438 3991 ad
459 3919 758 3990 prohibete,
784 3919 910 3991 qua:
941 3920 1428 3991 desiderabantur
1457 3920 1525 3991 in,
1541 3919 1815 3991 vulgatis,
1840 3919 2008 3977 restt-

355 3984 583 4062 tuimus
614 4005 722 4062 Ope
746 3984 865 4046 me.
903 3984 1149 4062 Frisiiig.
1184 4006 1363 4062 quam
1393 3984 1820 4062 restitutionem
1852 4009 2011 4047 com-

357 4061 611 4133 probant
638 4066 763 4116 tum
790 4061 1034 4118 homilia
1062 4061 1323 4129 laudata,
1346 4065 1472 4115 tum
1503 4067 1708 4116 caetera
1736 4061 2011 4118 Sermonis

356 4132 638 4205 Synodatis
665 4132 1039 4207 exemplaria,
1074 4148 1298 4188 necnon
1328 4132 1618 4204 Inquisitio
1653 4134 1808 4205 apud
1840 4133 2010 4206 Regi-

356 4219 594 4259 nonem.

427 4275 576 4347 (967)
606 4274 832 4347 Nuptiae
864 4273 973 4347 hoc
996 4272 1129 4347 loco
1175 4271 1463 4347 nuptialia
1491 4272 1751 4347 convivia
1779 4273 2009 4347 signifi-

354 4343 739 4427 cantquibus
769 4361 840 4427 ne
871 4343 1066 4427 clerici
1088 4343 1401 4427 intersint,
1436 4343 1804 4427 prohibitum
1830 4343 1920 4401 est
1948 4345 2008 4402 in

354 4413 601 4471 concilio
630 4415 925 4487 Ve_net_ico,
958 4431 1009 4470 c.
1042 4416 1129 4483 11,
1162 4421 1219 4487 et
1256 4413 1620 4487 Moguntina,
1654 4432 1704 4487 c.
1738 4417 1827 4471 39.

427 4485 904 4566 (968)‘Ach_erius
956 4501 1036 4566 ex
1074 4485 1797 4566 codice_Laudunensi‘in
1848 4491 2007 4566 textu

352 4556 620 4630 ediderat
642 4558 903 4630 patroni;
934 4561 994 4612 at
1022 4556 1080 4611 in
1119 4556 1379 4630 margine
1421 4561 1733 4630 notaverat
1770 4560 2003 4630 patriai.

355 4625 518 4711 Hanc
543 4625 1008 4711 emendationem
1056 4625 1661 4711 recepitnovis‘simus
1713 4625 2008 4711 Spicilegii

355 4712 396 4771 ρ
404 4696 561 4771 litor.
598 4696 756 4771 Licet
784 4703 983 4758 autem
1016 4696 1239 4770 patroni
1280 4698 1419 4754 item
1466 4699 1694 4771 legatur
1722 4696 1781 4755 in
1812 4696 2008 4757 codice

354 4767 744 4844 Frisingensi;
777 4786 911 4844 cum
925 4744 1138 4844 tamen
1163 4786 1329 4844 voces
1357 4771 1492 4839 ﬁliis
1514 4744 1630 4827 souis
1664 4788 1779 4844 non
1810 4773 1883 4828 ad
1914 4790 2010 4844 pa-
2035 4744 2084 4811 Ῑ)

351 4838 577 4912 tropos,
607 4841 707 4896 sed
739 4840 812 4912 ad
843 4838 1104 4912 patrinos
1133 4838 1489 4912 referantur,
1512 4843 1779 4898 eamdem
1807 4838 2003 4899 emen-

352 4910 646 4984 dationem
681 4910 1057 4979 retinuimus,
1090 4910 1265 4982 idque
1294 4928 1360 4984 eo
1390 4911 1689 4984 libentius,
1715 4913 1854 4984 quia
1873 4931 2005 4970 con-

350 4980 633 5055 ﬁrmaturi
650 4985 777 5037 tum
807 4999 877 5038 ex
909 4999 1052 5038 mss.
1084 4980 1367 5055 exemplis
1398 4983 1672 5055 Sermonis
1699 4980 2002 5055 synodalia,

350 5056 479 5105 tum
510 5054 969 5135 ex_lnguisitione
1016 5054 1168 5135 apud
1220 5053 1580 5135 fiteginone'm
1628 5053 1898 5135 lib.‘u,c.
1943 5058 2000 5135 5,

352 5138 515 5177 num.
547 5123 638 5189 74,
673 5123 732 5177 in
765 5124 981 5197 quibus
1014 5123 1229 5197 pistrini
1256 5123 1485 5197 legitur.
1521 5125 1657 5179 Post
1690 5143 1876 5197 pauca
1902 5123 2001 5181 sub

348 5208 635 5267 :qra‘cum
677 5210 788 5267 ms.
816 5194 1339 5267 Frising.aliisqué
1372 5194 1769 5267 Ardmonitionis
1812 5214 2002 5252 exem-

348 5262 1377 5347 plaribusscripsimus2'ubi_vulgati
1410 5266 1832 5347 habebant‘sub.
1852 5285 1997 5347 certi.

419 5333 570 5404 (969)
604 5336 731 5391 Haec
760 5333 1024 5392 indicant
1060 5333 1507 5393 Admonitionem
1538 5354 1571 5391 a
1602 5336 1873 5393 Ratherio
1905 5339 2001 5394 hic

347 5403 651 5477 insertam,
684 5405 822 5477 olim
873 5406 1167 5462 conditam
1202 5409 1383 5464 fuisse
1432 5407 1491 5461 in
1540 5407 1686 5477 loco,
1721 5408 1821 5463 ubi
1871 5413 1998 5465 tum

347 5475 807 5551 adhucquidam
838 5477 1123 5545 infideles,
1158 5496 1261 5533 seu
1293 5475 1996 5551 paganiinveniebantur.

418 5546 564 5623 (970)
583 5546 947 5623 'Addidimugs
975 5567 1087 5623 suae
1118 5567 1185 5604 ex
1229 5546 1339 5604 ms.
1372 5546 1751 5620 Frisingensi,
1786 5568 1853 5605 ex
1881 5568 1996 5623 quo

344 5617 531 5692 etiam,
548 5617 691 5692 mox
715 5620 1156 5676 emendavimus
1185 5623 1444 5692 scriptum
1479 5617 1587 5691 pro
1606 5625 1851 5692 scriptas.

417 5688 565 5758 (971)
599 5690 682 5745 Ita
709 5708 843 5745 cum
877 5693 1079 5747 eodem
1110 5688 1306 5747 codice
1343 5688 1786 5747 concinentibus
1818 5693 1993 5749 etiam

339 5758 762 5888 illitrnonitionis,
796 5767 851 5819 et
895 5763 1270 5835 Inquisitionis
1313 5764 1763 5836 exemplaribus.
1798 5764 1991 5838 Vulg,

395 5846 537 5888 usae.

395 5846 537 5891 ιεδαῑ.

2125 3450 2432 3519 size,tertia
2451 3449 2815 3521 clericorum,
2830 3455 3041 3523 quarta
3061 3452 3269 3508 debeat
3297 3454 3427 3510 sese
3453 3468 3768 3528 pauperum

2194 3567 2341 3649 (972)
2490 3565 2667 3632 corde,
2699 3566 2757 3621 id
2799 3571 2891 3649 est
2934 3566 3289 3649 memoriter.
3324 3568 3611 3649 Similiter
3639 3586 3773 3649 con-

2122 3638 2324 3710 cilium
2367 3638 2891 3710 Rhemenseapud
2942 3638 3322 3710 Reginonem,
3355 3640 3459 3696 lib.
3494 3659 3535 3709 ι,
3568 3657 3618 3697 c.
3650 3644 3765 3704 272,

2120 3709 2370 3781 loquens
2398 3709 2470 3765 de
2499 3708 2852 3781 symbolo'et
2870 3708 3134 3781 oratione
3153 3709 3480 3779 Dominica,
3503 3708 3619 3769 ait:
3644 3711 3765 3767 Cum

2123 3780 2879 3856 aitcon/castancmjcmpore
2908 3780 3375 3856 quadragesima
3400 3786 3646 3856 ueniunt,
3672 3800 3761 3856 pa-_

2121 3850 2416 3908 rochianis
2440 3851 2552 3905 haec
2580 3850 2646 3905 ab
2677 3850 2997 3923 unoquoque
3017 3854 3332 3908 memoriter
3357 3855 3470 3909 sibi
3496 3850 3764 3911 demutari

2102 3925 2309 3995 faciat,
2356 3923 2705 3995 presbyter;
2736 3938 2836 3977 nec
2881 3932 3007 3979 ante
3047 3932 3294 3979 sanctam
3337 3929 3760 3982 communionem

2119 3992 2292 4049 alicui
2318 3992 2521 4066 tradat,
2538 3992 2660 4066 nisi
2687 3994 2805 4066 haec
2840 4009 2925 4066 ex,
2950 3995 3111 4049 corde
3132 3999 3500 4066 pronuntiare
3525 3997 3759 4056 noverit;

2120 4066 2220 4120 ubi
2253 4065 2409 4138 quod
2439 4063 2498 4138 in
2529 4063 2709 4136 priori
2754 4064 3017 4138 membro
3043 4063 3191 4138 dixit
3228 4071 3560 4138 memoriter,
3592 4068 3650 4123 in
3675 4082 3754 4122 se-

2120 4135 2310 4191 cundo
2341 4135 2582 4191 vocibus
2613 4152 2683 4190 az:
2710 4135 2869 4191 corde
2896 4137 3201 4207 expressit.

2190 4224 2348 4296 (973)
2366 4224 2640 4296 Ordinem
2672 4212 3004 4296 baptizandi
3027 4226 3098 4281 ad
3129 4229 3593 4284 succurrendum
3617 4225 3756 4280 infir-

2119 4295 2234 4350 mis
2262 4295 2480 4351 videsis
2509 4294 2610 4349 lib.
2645 4312 2663 4349 ι
2695 4294 3145 4352 Sdcramentarii
3187 4297 3503 4370 Gelasiani,
3537 4315 3584 4355 c.
3614 4299 3681 4351 72
3705 4297 3754 4349 et

2118 4381 2284 4437 seqq.

2189 4454 2587 4528 (974)1tacurn
2609 4453 2866 4528 vulgatis
2887 4458 3132 4528 uterque
3154 4455 3546 4515 Ratherianus
3568 4454 3747 4528 codex,

2116 4528 2175 4600 et
2199 4524 2629 4600 admonitionis,
2672 4524 2776 4600 seu
2823 4524 3110 4600 Sermonis
3155 4529 3440 4600 synodalia
3485 4524 3747 4600 exempla.

2115 4597 2187 4650 At
2214 4594 2274 4670 in
2316 4597 2675 4667 Inquisitione
2722 4596 2937 4670 legitur
2982 4594 3222 4655 cantum.
3276 4594 3662 4670 Concurrcntcs'
3699 4598 3747 4647 et

2114 4668 2395 4742 regulares
2426 4672 2565 4723 sunt
2589 4668 2823 4742 termini
2847 4669 2919 4742 ad
2942 4675 3285 4742 computum
3308 4668 3745 4742 ecclesiasticum

2114 4738 2493 4817 pertinentes,
2525 4754 2675 4817 quos
2712 4740 2980 4812 ejusdem
3022 4738 3281 4813 computi
3326 4744 3632 4817 scriptores
3670 4738 3744 4791 fu-

2114 4808 2240 4863 sius
2271 4808 2580 4880 explicant.

2206 4896 2332 4973 975)
2364 4896 2466 4973 Hic
2495 4897 2929 4973 desinuntquaa
2968 4917 3038 4956 ex
3056 4900 3461 4973 "Admonitionc
3500 4891 3740 4973 synodali

2113 4968 2448 5050 a_Ratberio
2474 4974 2742 5050 excerpta
2766 4968 3021 5050 fuerunt.
3051 4972 3266 5030 Mirum
3292 4991 3428 5030 vero
3456 4968 3741 5050 scripsisse

2114 5046 2413 5127 e‘t'caeteru,
2448 5056 2514 5095 ac
2553 5038 2821 5127 omisisse
2869 5042 2990 5123 haec
3036 5061 3245 5127 pauca,
3267 5062 3408 5127 qua
3438 5038 3738 5127 .in'éadelp

2109 5110 2489 5184 Admonitione
2513 5112 2666 5183 apud
2699 5110 3202 5184 Baluziumfsicut
3228 5110 3403 5172 etiam
3434 5116 3491 5171 in
3520 5110 3737 5184 Inquisi-

2108 5183 2254 5257 tione
2284 5181 2579 5257 adduntur
2614 5199 2627 5238 :
2661 5186 2740 5249 ut,
2772 5181 3067 5242 secundum
3094 5187 3238 5257 quod
3268 5189 3347 5243 ibi
3373 5181 3731 5257 scriptuntesh

2110 5254 2402 5328 interroget
2429 5254 2788 5328 conﬁtentem,
2818 5264 2915 5312 aut
2956 5252 3198 5328 confesso
3228 5258 3450 5315 modum
3479 5252 3732 5328 ’ραρηίξθνν

2109 5324 2206 5379 tim
2235 5319 2740 5399 iinjioniit._Yerum
2759 5319 2895 5399 ΔΙ1εξξει
2925 5319 3157 5399 quoque
3177 5319 3530 5385 omittuntur
3546 5325 3601 5378 in
3622 5319 3730 5399 Ser:

2105 5411 2265 5473 mone
2292 5388 2547 5473 synodali
2570 5396 2819 5473 codicis
2834 5388 3187 5473 Augustam,
3218 5400 3318 5473 qui
3367 5399 3576 5473 pariter
3615 5388 3730 5473 ρρεξ

2104 5467 2279 5521 verba
2311 5464 2694 5523 Pwnitentiatc
2724 5464 2957 5538 habeat:
2968 5471 3132 5527 addit
3158 5464 3322 5543 aeque
3351 5464 3417 5529 ac
3445 5464 3728 5526 Ratherius

2104 5545 2156 5593 et
2187 5546 2402 5593 caetera.

2177 5627 2324 5695 (979)
2356 5624 2720 5703 Scliolarum,
2760 5627 2827 5703 _in
2874 5629 3089 5703 quibus
3140 5630 3334 5687 clerici
3383 5622 3724 5703 instruct???"

2103 5692 2221 5775 tur,
2246 5692 2362 5775 tres
2394 5699 2618 5775 species
2639 5692 2732 5775 hic
2760 5692 2921 5775 locus
2951 5700 3189 5775 indicat,
3211 5720 3387 5758 unam
3415 5703 3472 5755 in
3498 5692 3721 5775 civitatﬁ,

2104 5764 2369 5824 fortassis
2401 5764 2456 5821 in
2492 5768 2831 5836 cathedrali,
2864 5772 3108 5828 alteram
3136 5764 3194 5828 in
3228 5765 3609 5829 monasteriis.
3629 5764 3723 5813 te"

2103 5839 2245 5894 tiam
2277 5838 2430 5909 apud
2460 5837 2719 5910 aliquem
2748 5840 2938 5900 virnm
2970 5843 3315 5917 sapientem.
