3892 6392
328 432 447 501 375

1251 436 1627 503 RATHERII
1675 436 1920 501 EPISC.
1965 437 2257 504 VEHON'.
2304 440 2477 505 OPP.
2524 441 2724 505 PARS
2767 440 2818 505 Ῑ.

3629 437 3751 501 576

327 591 444 632 non
475 591 662 633 cesso.
694 574 902 632 Utrum
931 586 1065 631 vero
1095 571 1171 629 ab
1197 571 1271 629 iis
1300 589 1529 630 cessare
1576 572 1812 646 penitus
1842 577 1976 629 ante
2002 575 2058 643 Α
2089 580 2155 630 ut
2184 575 2439 649 reliquos
2468 580 2712 648 taceam,
2745 576 2817 634 de
2867 587 2984 649 quo
3030 572 3348 649 Apostolus
3385 572 3550 643 dicit,
3585 572 3748 632 vide-

324 665 647 723 terminum
696 665 901 721 datum
950 659 1028 719 sit
1069 661 1220 728 vitae,
1255 661 1439 719 fateor
1469 679 1562 720 me
1611 661 1773 719 nullo
1804 662 1977 718 modo

326 757 495 814 seire.
526 756 716 812 Conor
742 754 895 811 enim
930 751 1248 821 meliorari,
1293 756 1351 809 et
1399 752 1629 821 vincor;
1666 751 1887 821 laboro,
1921 755 1979 808 et

325 845 529 902 deficio
551 863 564 915 ;
589 861 787 917 surgo,
810 846 866 899 et
882 841 1138 910 relabor;
1160 858 1467 914 nunquam
1490 841 1550 896 in
1568 841 1704 897 boni
1727 840 1976 912 alicujus

324 939 481 993 statu
514 950 844 1007 permaneo.
872 932 1051 1003 (lOlO)
1077 931 1261 987 Usum
1278 931 1431 987 enim
1459 949 1527 986 ex
1546 930 1766 986 vomitu
1790 930 1973 1002 canis,

324 1025 567 1096 suisque
591 1041 659 1080 ex
690 1020 1043 1079 volutatione
1065 1022 1233 1091 (Pctr.
1258 1020 1420 1092 11,22)
1450 1019 1649 1075 infelix
1678 1020 1974 1092 miserque

322 1115 722 1186 frequentans,
742 1116 801 1167 et
831 1111 940 1166 hac
967 1127 1062 1166 me
1093 1110 1631 1178 solummodo,dum
1666 1125 1781 1164 non
1813 1108 1972 1164 aliud

320 1201 579 1259 invenire
598 1201 780 1267 valeo,
803 1199 1089 1257 sententia
1121 1215 1408 1265 recreans,
1431 1200 1673 1270 despero
1704 1215 1971 1271 sperans,

320 1310 492 1365 Spero
533 1292 873 1364 desperans,
928 1290 1043 1344 ﬁdo
1075 1288 1372 1355 diffidens,
1402 1288 1605 1343 difﬁde
1648 1288 1967 1343 conﬁdens.

320 1382 598 1437 Universa
630 1379 866 1452 quippe,
902 1395 1028 1450 quae
1069 1377 1355 1434 Dominus
1404 1376 1693 1449 promisit,
1744 1376 1970 1432 conﬁdo

317 1486 452 1526 eum
483 1469 759 1524 daturum
785 1485 800 1535 ;
829 1468 930 1524 sed
964 1466 1169 1522 diffide
1200 1482 1292 1521 me
1320 1463 1566 1520 inveniri
1600 1481 1790 1537 posse,
1843 1481 1971 1536 pro-

315 1557 499 1615 missa
519 1556 613 1612 cui
633 1555 911 1623 conferat,
938 1554 1205 1626 dignum.
1230 1554 1472 1609 Veniam
1505 1570 1636 1609 vero
1667 1569 1801 1608 cum
1823 1552 1968 1608 nulli

312 1647 617 1721 promittat
638 1643 752 1701 nisi
774 1659 1080 1711 converso;
1114 1641 1617 1699 inconvertibilem
1656 1642 1798 1698 dum
1851 1658 1970 1698 me-

311 1740 433 1793 met
463 1733 702 1807 aspicio,
736 1749 853 1789 non
883 1732 955 1788 de
983 1732 1113 1803 ejus
1145 1731 1520 1787 miseratione
1563 1732 1826 1802 despero,
1864 1731 1965 1786 sed

310 1826 383 1882 de
406 1823 790 1881 obduratione
812 1838 941 1877 mea
962 1837 1226 1893 pavesco.
1249 1821 1317 1875 Et
1339 1819 1478 1892 quid
1502 1819 1756 1892 amplius
1772 1820 1800 1875 ?
1820 1819 1963 1876 0dio

2087 668 2211 721 tur:
2240 667 2347 722 Hoc
2373 669 2558 722 autem
2586 669 2774 724 scitote
2801 666 3168 736 intelligentes
3214 664 3356 738 quod
3407 664 3590 722 omnis
3634 664 3750 736 for-

2084 755 2317 825 nicator,
2349 761 2445 812 aut
2482 755 2821 824 immundus,
2842 760 2937 812 aut
2954 772 3175 821 avarus,
3203 754 3345 827 quod
3363 761 3443 810 est
3469 753 3749 811 idolorum

2083 847 2339 912 servitus,
2370 862 2479 901 non
2529 846 2689 902 habet
2735 845 3112 902 haereditatem
3148 846 3210 900 in
3241 860 3406 915 regno
3437 843 3651 900 Christi
3693 848 3749 899 et

2082 934 2222 989 Dei?
2252 934 2463 1006 (Ephes.
2487 951 2542 1003 v,
2566 936 2646 1006 5.)
2668 934 2814 990 Cum
2836 951 2970 990 vero
2988 931 3449 990 innumerabiles
3470 951 3505 989 a
3524 931 3748 989 talibus

2084 1022 2345 1079 conversi
2379 1027 2611 1079 cessent
2640 1040 2769 1079 esse
2791 1023 3194 1091 fornicatores,
3220 1021 3535 1090 immundi,
3558 1021 3741 1089 avari,

2082 1110 2361 1167 nimirum
2390 1113 2461 1167 de
2502 1112 2982 1184 permanentibus
3014 1112 3072 1167 in
3115 1110 3458 1184 hujusmodi
3506 1111 3622 1167 hoc
3652 1109 3742 1165 di-

2081 1203 2241 1256 ctum
2274 1201 2449 1256 claret
2482 1201 2821 1257 sceleribus.
2877 1202 3183 1258 Permanet
3223 1218 3357 1257 vero
3389 1200 3447 1255 in
3496 1199 3736 1268 scelere,

2079 1288 2182 1360 qui
2214 1307 2524 1362 quousque
2553 1294 2655 1346 aut
2690 1294 2851 1357 aetas,
2883 1293 2986 1345 aut
3016 1290 3238 1346 sanitas
3268 1289 3321 1345 ei
3351 1288 3735 1361 suffragatur,

2080 1382 2146 1433 ut
2176 1378 2362 1450 possit
2389 1378 2530 1434 illud
2566 1384 2816 1452 patrare,
2841 1397 2957 1435 non
3002 1378 3249 1435 dimittit
3285 1377 3430 1434 illud
3462 1377 3737 1434 commit»

2080 1470 2200 1523 tere
2224 1485 2238 1523 :
2271 1471 2374 1524 aut
2404 1467 2454 1524 si
2477 1467 2745 1536 dimittit,
2771 1485 2887 1523 non
2912 1468 3110 1524 studet
3130 1467 3273 1523 illud
3296 1466 3635 1540 pmnitendo
3656 1467 3737 1521 di-

2077 1555 2257 1613 luere.
2283 1557 2466 1628 Cujus
2487 1561 2685 1613 autem
2708 1557 3081 1625 senium,aut
3099 1555 3415 1612 infirmitas
3436 1555 3738 1613 interdicit

2078 1645 2224 1701 illud
2254 1646 2504 1713 efficere,
2529 1663 2647 1702 non
2670 1644 2864 1701 scelus
2888 1644 3028 1714 illle,
3052 1646 3156 1702 sed
3187 1644 3357 1701 illum
3388 1644 3582 1701 scelus
3603 1661 3737 1700 con-

2074 1734 2327 1791 vincitur
2362 1734 2672 1807 reliquisse
2696 1753 2711 1803 ;
2735 1753 2801 1790 ac
2831 1751 2934 1808 per
2952 1734 3062 1790 hoc
3085 1750 3271 1807 neque
3288 1750 3532 1790 cessans
3559 1751 3593 1789 a
3617 1732 3734 1790 for-

2075 1823 2364 1880 nicatione
2395 1824 2613 1880 desinit
2651 1822 2785 1897 quis
2815 1822 3133 1879 fornicator
3159 1838 3310 1892 esse,
3342 1821 3394 1878 si
3421 1838 3733 1895 quousque

309 1932 406 1972 me
436 1913 625 1987 magis
655 1911 899 1985 dignum
924 1927 1101 1983 quam
1125 1926 1323 1966 amore
1345 1913 1400 1965 et
1431 1909 1551 1965 scio
1574 1913 1632 1965 et
1651 1910 1961 1977 confiteor;
1994 1946 2042 2011 Β
2072 1916 2263 1986 potest
2300 1931 2417 1971 non
2458 1913 2676 1970 desinit
2701 1912 2997 1981 fornicari,
3032 1915 3090 1970 et
3121 1910 3563 1968 fornicationem
3596 1911 3728 1967 reli-

310 2004 361 2060 si
389 2001 544 2070 talis,
578 1999 769 2074 qualis
799 2015 933 2056 sum
982 1998 1176 2066 modo,
1211 1997 1515 2071 defungar.
1553 1997 1798 2071 Dcfungi
1828 2014 1963 2054 vero

309 2093 486 2151 talem
518 2092 568 2150 si
600 2090 960 2147 destinatum
990 2087 1067 2145 sit
1096 2087 1264 2157 mihi,
1298 2086 1459 2143 nullo
1482 2088 1654 2143 modo
1685 2088 1826 2145 scio.
1862 2091 1963 2144 De.

310 2185 546 2240 functus
576 2197 710 2237 vero
731 2178 867 2236 talis
896 2178 947 2234 si
976 2178 1160 2245 fuero,
1195 2177 1267 2232 de
1297 2175 1620 2249 perditione
1647 2194 1777 2232 mea
1799 2177 1965 2233 certi-

308 2270 469 2328 ﬁeari
500 2273 746 2327 cunctos
776 2283 950 2341 posse
980 2282 1096 2322 non
1129 2282 1296 2337 nego.

376 2364 430 2418 2.
477 2360 713 2417 Soleant
771 2374 906 2414 vero
956 2356 1101 2413 dum
1152 2354 1353 2428 plures
1405 2355 1839 2412 conversionem
1903 2355 1961 2410 in

307 2451 483 2507 ﬂnem
515 2449 644 2507 vita:
670 2446 932 2514 differre;
963 2461 1100 2500 cum
1123 2443 1428 2517 repentina
1446 2444 1707 2499 infinitos
1727 2443 1961 2516 rapiens

306 2556 487 2608 mors,
518 2538 733 2595 nedum
758 2534 996 2603 multos,
1012 2532 1246 2607 penitus
1264 2532 1439 2589 faciat
1454 2532 1827 2589 insensibiles
1839 2550 1958 2603 eos;

309 2629 381 2685 de
410 2627 528 2685 illis
548 2626 693 2699 quid
717 2624 967 2682 sentiam
997 2622 1296 2691 haesitans,
1322 2623 1392 2678 de
1414 2639 1527 2690 me,
1554 2622 1604 2677 si
1634 2621 1780 2678 illud
1813 2622 1959 2679 mihi

305 2710 691 2789 contingeret,
725 2730 859 2771 sum
890 2727 1037 2785 pene
1063 2713 1403 2784 desperans.
1437 2712 1685 2778 Quidam
1715 2712 1871 2768 enim
1898 2713 1958 2768 in

305 2802 607 2879 grabbatis
640 2807 754 2858 Deo
786 2801 1042 2874 plurima
1074 2800 1493 2872 promiserunt,
1525 2818 1653 2873 quae
1692 2801 1957 2857 convale-

304 2897 533 2951 scentes
548 2890 792 2946 minime
814 2889 1208 2945 attenderunt.
1228 2888 1376 2953 Quid
1394 2888 1573 2961 igitur
1593 2905 1728 2944 cum
1751 2907 1957 2945 rursus

305 2979 688 3038 ceciderunt?
718 2978 779 3034 Si
810 2995 926 3034 non
968 2977 1380 3049 promiserant,
1434 2977 1646 3033 iterum
1680 2978 1956 3051 despera-

302 3072 461 3127 tione
484 3068 729 3142 periisse
746 3066 1106 3139 putabantur
1125 3065 1283 3120 haud
1304 3082 1639 3138 perperam;
1674 3067 1722 3122 si
1748 3067 1959 3139 promi-

303 3158 508 3225 serint,
540 3160 599 3213 et
626 3155 840 3212 iterum
863 3152 1333 3210 convalescentes
1362 3153 1599 3209 fuerunt
1622 3155 1953 3225 mendaces,

305 3248 446 3320 quid
465 3244 672 3303 facturi
704 3247 908 3318 postea
931 3243 1075 3299 tales
1097 3243 1125 3298 ?
1148 3242 1336 3308 Quid?
1364 3242 1465 3299 Dei
1485 3243 1571 3300 eis
1601 3243 1786 3316 pietas
1818 3244 1956 3300 insi-

302 3314 459 3393 nuet.
481 3335 643 3403 Quod
668 3314 812 3390 mihi
836 3338 1031 3389 tamen
1049 3332 1297 3400 videtur,
1327 3331 1465 3406 quia
1484 3314 1715 3388 etiamsi
1740 3332 1955 3391 millies
1984 3314 2027 3381 C

301 3427 411 3483 hoc
436 3426 521 3483 eis
539 3423 841 3497 contingat
859 3422 1142 3478 instinctu
1166 3421 1452 3479 diabolico
1471 3438 1669 3494 agere;
1690 3426 1777 3477 est
1798 3424 1955 3495 quod

301 3532 416 3572 non
472 3514 603 3570 ideo
660 3514 733 3570 de
760 3513 973 3589 pietate
1036 3511 1263 3568 Domini
1325 3512 1577 3567 debeant
1623 3512 1957 3582 desperare,

298 3603 568 3677 quamvis
598 3603 655 3658 in
680 3606 800 3659 tam
824 3600 1200 3657 instabilibus
1223 3601 1532 3674 promissis
1554 3601 1707 3657 4³³
1732 3601 1954 3656 nullam

297 3693 528 3766 possint
556 3692 833 3748 fiduciam
865 3691 1098 3747 habere.
1132 3691 1328 3747 Nescit
1358 3691 1513 3747 enim
1548 3689 1725 3745 homo
1755 3694 1954 3745 utrum

298 3779 453 3846 odio,
489 3796 563 3834 an
616 3795 812 3834 amore
869 3777 946 3833 sit
975 3777 1191 3849 dignus
1251 3778 1487 3833 futurus
1541 3778 1734 3849 (Eccle.
1788 3795 1864 3844 1x,
1900 3777 1954 3849 1)

299 3866 570 3942 quamvis
622 3867 865 3931 noverit,
899 3866 1054 3936 quod
1108 3865 1552 3937 praesentialiter
1598 3865 1675 3920 sit
1704 3866 1835 3921 odio
1867 3867 1957 3921 di-

300 3973 477 4029 gnus,
502 3950 730 4010 dicente
760 3952 1081 4024 Scriptura,
1114 3952 1393 4025 quoniam
1425 3953 1798 4025 omnipotens
1823 3954 1955 4009 odio

300 4044 480 4100 habet
509 4045 862 4114 peccatores,
896 4044 953 4097 et
983 4040 1261 4096 misertus
1290 4045 1379 4097 est
1418 4040 1599 4113 justis
1631 4042 1821 4113 (Eccli.
1854 4058 1953 4113 xu,

299 4132 377 4205 3).
409 4132 536 4188 Non
583 4132 741 4187 enim
788 4130 959 4187 aliter
978 4130 1127 4202 justi
1156 4145 1227 4184 ex
1256 4130 1660 4202 peccatoribus
1690 4134 1958 4200 poterant

301 4221 449 4289 fieri,
475 4220 585 4276 nisi
610 4219 1011 4276 misericordia
1026 4217 1127 4273 Dei
1146 4216 1441 4290 praeventi,
1467 4218 1716 4272 fuissent
1736 4235 1770 4272 a
1801 4218 1954 4275 male

300 4312 373 4368 ad
392 4311 616 4368 bonum
638 4308 923 4377 conversi,
952 4322 1140 4378 neque
1177 4304 1261 4360 illi
1287 4305 1457 4362 aliter
1487 4305 1546 4359 in
1569 4306 1822 4378 peccatis
1851 4308 1955 4363 du-

299 4400 610 4467 ravissent,
623 4398 737 4454 nisi
746 4396 983 4469 justitia
1004 4394 1103 4450 Dei
1119 4393 1394 4448 nbdurari
1408 4394 1669 4464 potuisse
1683 4396 1954 4466 permissi

302 4488 586 4553 fuissent;
615 4487 772 4541 unde
802 4488 860 4540 et
888 4485 961 4540 de
988 4481 1206 4538 talibus
1238 4480 1617 4538 formidolosa
1637 4482 1737 4538 illa
1767 4488 1856 4539 est
1875 4484 1957 4540 di-

300 4575 486 4631 centis
533 4573 857 4629 sententia:
908 4570 969 4627 Si
995 4571 1323 4626 concluserit
1361 4572 1623 4626 Dominus
1652 4573 1951 4645 hominem,

2071 2003 2504 2075 ctamjejuniis,
2530 2001 2936 2075 eleemosynis,
2961 2005 3019 2059 et
3042 2000 3386 2075 lacrymosis
3406 2000 3729 2073 gemitibus

2071 2109 2188 2148 non
2220 2093 2418 2148 studet
2449 2093 2752 2147 mundare.
2784 2092 2927 2146 Cum
2964 2089 3144 2163 igitur
3172 2088 3423 2161 legimus
3441 2087 3531 2145 vel
3565 2090 3729 2146 audi-

2072 2196 2206 2237 mus
2231 2198 2244 2236 :
2279 2182 2456 2237 Nescit
2485 2182 2643 2237 homo
2672 2189 2855 2236 utrum
2885 2178 3028 2248 odio,
3059 2196 3134 2234 an
3172 2194 3356 2235 amore
3398 2178 3602 2248 dignus
3629 2180 3723 2246 sit,

2073 2270 2186 2326 nisi
2218 2272 2441 2341 futurus
2472 2267 3008 2342 subiutelligamus,
3042 2270 3108 2322 ut
3131 2266 3209 2323 sit
3239 2266 3442 2339 utique
3489 2283 3724 2335 sensus,

2071 2361 2229 2432 quod
2262 2357 2486 2414 nesciat
2505 2357 2720 2430 aliquis
2741 2358 2813 2413 de
2845 2355 3063 2429 aliquo,
3086 2358 3286 2411 utrum
3309 2355 3387 2411 sit
3405 2355 3457 2411 ei
3488 2372 3726 2412 conces-

2071 2466 2205 2505 sum
2237 2453 2371 2505 ante
2403 2451 2653 2503 mortem
2675 2445 2951 2513 converti,
2986 2462 3060 2502 an
3083 2445 3144 2500 in
3171 2444 3427 2518 peccatis
3448 2461 3642 2517 usque
3666 2444 3726 2501 in

2070 2538 2247 2593 finem
2281 2555 2397 2594 suae
2429 2536 2699 2592 sanitatis
2746 2536 2997 2603 durare;
3031 2534 3216 2591 fateor
3263 2550 3356 2589 me
3403 2534 3558 2606 quod
3589 2533 3730 2591 velit

2069 2631 2351 2694 astruere,
2386 2625 2620 2697 penitus
2652 2625 2939 2697 ignorare.

2140 2718 2194 2772 4.
2226 2715 2502 2781 Quamvis
2534 2730 2650 2769 non
2688 2712 3143 2786 desperandum,
3176 2712 3334 2785 quod
3363 2711 3541 2769 etiam
3596 2713 3727 2786 ipsa

2066 2805 2379 2860 infirmitas
2398 2804 2469 2859 ab
2492 2801 2774 2859 anteactis
2796 2800 3118 2873 quemlibet
3138 2800 3391 2874 peccatis
3413 2801 3720 2870 emaculet,

2066 2894 2117 2951 si
2146 2897 2343 2949 tamen
2375 2896 2676 2966 gratanter
2724 2891 2899 2946 fuerit
2929 2893 3180 2963 recepta,
3213 2891 3368 2964 quod
3419 2894 3613 2947 tamen
3650 2893 3721 2948 de

2064 2982 2291 3057 prolixa
2320 2982 2442 3038 fieri
2474 2980 2726 3037 arbitror
2754 2978 3099 3052 (egritudine
3145 2983 3401 3046 tantum,
3432 2979 3722 3052 patienter

2063 3076 2281 3140 tamen,
2302 3073 2385 3138 ut,
2419 3070 2557 3138 dixi,
2590 3068 2839 3141 perlata:
2874 3068 3061 3125 levius
3083 3066 3218 3125 licet
3247 3069 3563 3126 concinens
3594 3068 3720 3126 tali-

2067 3169 2150 3219 ler
2179 3160 2448 3217 senserit.

2189 3268 2253 3317 Et
2279 3266 2516 3316 vindicta
2542 3265 2721 3316 brevis
2749 3264 2835 3314 hic
2863 3256 3272 3315 noxia‘crimina
3306 3264 3442 3325 ﬁnit,

2252 3332 2326 3379 Ne
2356 3330 2470 3378 sine
2502 3328 2607 3378 fine
2638 3327 2833 3377 habent
2862 3328 3040 3377 debita
3070 3341 3233 3391 paena
3261 3342 3381 3377 reos

2065 3428 2232 3487 Solos
2262 3445 2415 3495 vero,
2458 3425 2538 3482 ait
2586 3426 2921 3498 Gregorius,
2974 3423 3319 3498 temporalia
3367 3424 3597 3498 flagella
3649 3426 3719 3481 ab

2065 3518 2296 3575 aeternis
2349 3515 2621 3582 liberant,
2673 3531 2822 3586 quos
2852 3514 3188 3569 immutant.
3224 3513 3411 3585 (1011)
3436 3514 3573 3571 Haec
3605 3515 3721 3571 duo

2066 3609 2286 3679 itaque,
2314 3605 2367 3660 id
2387 3608 2498 3671 est,
2526 3606 2629 3658 aut
2658 3602 3096 3659 conversionem
3128 3601 3450 3668 salubrem,
3483 3606 3586 3658 aut
3618 3603 3723 3659 fla-

2063 3696 2351 3771 gellorum
2367 3691 2468 3749 Dei
2486 3689 2854 3765 suffragium,
2869 3692 3011 3747 dum
3030 3690 3329 3747 sententia:
3356 3689 3439 3746 illi
3462 3691 3722 3759 innixus,

2063 3800 2183 3855 qua
2213 3780 2462 3837 dicitur:
2495 3780 2673 3834 Nescit
2699 3780 2878 3846 homo,
2908 3787 3096 3834 utrum
3133 3778 3275 3845 odio,
3309 3794 3383 3834 an
3410 3795 3598 3835 amore
3626 3781 3723 3849 sit,

2063 3872 2282 3942 dignus,
2328 3872 2605 3942 expecto;
2659 3867 2709 3924 si
2767 3868 2837 3923 de
2886 3867 3076 3935 tertio,
3133 3867 3461 3938 perditione
3516 3868 3724 3942 utique

2064 3960 2411 4027 certissima,
2438 3960 2748 4030 suspectus
2779 3960 2837 4011 et
2860 3973 3077 4029 pavens
3099 3973 3215 4011 non
3248 3958 3401 4013 434
3424 3961 3611 4027 exsto;
3637 3959 3722 4014 in-

2064 4049 2259 4106 sanire
2290 4064 2384 4103 me
2413 4046 2698 4102 veraciter
2725 4046 2915 4111 credo,
2950 4049 3008 4101 et
3036 4062 3151 4118 quo
3193 4044 3552 4102 desiderium
3592 4064 3720 4102 ver-

2063 4141 2205 4203 tam,
2238 4136 2380 4209 quid
2412 4139 2629 4207 optem,
2651 4135 2864 4207 quidve
2883 4134 3222 4207 amplectar,
3245 4134 3470 4207 ignoro.
3496 4134 3724 4209 Repen-

2062 4225 2256 4282 tinum
2278 4241 2413 4280 nam
2445 4222 2754 4278 imminere
2777 4240 2911 4278 cum
2934 4222 3081 4278 mihi
3103 4227 3362 4279 metuam
3389 4223 3722 4293 interitum,

2063 4314 2353 4389 prolixum
2386 4313 2572 4385 (1012)
2604 4312 2655 4367 si
2697 4329 2943 4380 mereor,
2978 4316 3043 4367 ut
3091 4311 3426 4368 desiderare
3456 4328 3552 4369 me
3605 4332 3724 4371 non

2063 4404 2336 4469 difﬁteor,
2371 4405 2637 4458 actutum
2679 4400 3061 4457 damnantem
3093 4400 3235 4457 mihi
3270 4401 3467 4471 audio,
3502 4403 3728 4460 surdus

2062 4492 2217 4559 licet,
2277 4488 2619 4563 Apostolum
2669 4488 2907 4560 (dicere)
2942 4506 2954 4544 :
2989 4491 3215 4559 Ignoras
3261 4491 3395 4563 quia
3444 4492 3730 4562 patientia

2062 4583 2160 4637 Dei
2187 4580 2256 4635 ad
2284 4580 2671 4651 paenitentiam
2704 4584 2756 4633 te
2783 4581 3105 4651 exspectat?
3156 4579 3227 4634 Tu
3274 4587 3457 4635 autem
3503 4576 3725 4637 thesau-

300 4665 411 4719 hoc
441 4666 532 4718 est
554 4660 822 4750 concludi
853 4658 1204 4750 permiserit,
1227 4662 1350 4732 quis
1364 4669 1535 4732 potest
1553 4663 1607 4716 ei
1634 4661 1832 4728 dicere,
1854 4680 1955 4719 cur
1983 4686 2031 4750 Β
2062 4671 2208 4725 risus
2241 4669 2345 4723 tibi
2373 4669 2518 4723 iram
2551 4669 2611 4721 in
2638 4667 2726 4722 die
2760 4669 2883 4733 irae,
2927 4674 2980 4722 et
3027 4669 3405 4724 retributionis
3442 4670 3589 4740 justi
3626 4672 3727 4743 ju-

301 4755 384 4808 ita
409 4751 586 4823 facis?
611 4749 728 4821 (Job
746 4767 821 4805 1x.
856 4749 973 4820 12.)

370 4842 425 4896 3.
458 4840 504 4897 Ο
527 4838 728 4912 igitur,
761 4854 793 4895 ο
824 4836 1232 4894 incrustabilia
1262 4837 1362 4893 Dei
1394 4836 1620 4908 judicia
1647 4838 1658 4891 !
1710 4855 1743 4894 o
1797 4840 1955 4896 inve-

302 4927 602 5002 stigabiles
630 4928 733 4984 via:
764 4926 921 4999 ejus!
956 4925 1097 4993 Quis
1129 4925 1287 4980 enim
1312 4926 1426 4981 mei
1446 4925 1733 4982 similium
1754 4945 1871 4984 non
1895 4946 1957 4985 se

304 5016 618 5074 formidare
646 5016 801 5073 valet
847 5013 1276 5072 inevadibiliter
1306 5015 1429 5071 fore
1467 5014 1835 5087 conclusum,
1868 5017 1956 5072 in-

302 5108 491 5177 deque
513 5104 645 5160 odio
662 5105 932 5177 dignum.
950 5105 1118 5160 Nunc
1138 5103 1297 5159 enim
1317 5103 1451 5158 odio
1468 5118 1582 5159 non
1604 5103 1955 5177 tibidignus,

374 5209 560 5280 (1010)
583 5211 864 5265 Construe
890 5229 902 5266 :
940 5212 1159 5284 Etenim,
1188 5210 1390 5280 infelix
1416 5217 1466 5264 ct
1492 5210 1661 5284 miser
1687 5213 1955 5284 frequen-

303 5293 427 5339 tans
474 5297 633 5335 usum
664 5298 732 5335 ea:
773 5285 978 5337 vomitu
1034 5283 1208 5346 cunis,
1255 5285 1305 5335 et
1353 5298 1422 5334 ac
1460 5281 1957 5349 volutatione'suis,

303 5353 424 5425 (ubi
462 5351 697 5423 reSpicit
726 5352 825 5406 illa
857 5355 907 5407 ῙΙ
934 5355 1088 5407 Petri
1119 5370 1178 5419 It,
1212 5352 1318 5405 22:
1364 5354 1528 5425 (lanis
1584 5371 1831 5408 reversus
1889 5356 1958 5409 ad

301 5423 465 5481 suum
518 5425 799 5491 vomitum,
848 5432 896 5479 et
936 5441 1028 5478 sus
1060 5425 1169 5478 lota
1200 5425 1262 5477 in
1289 5423 1570 5495 volutabra
1604 5426 1731 5495 luti)
1781 5430 1831 5480 et
1880 5444 1959 5482 re-

301 5509 493 5551 creans
516 5509 601 5548 mc
629 5495 960 5550 solummodo
1003 5495 1105 5549 hac
1130 5497 1421 5561 sententia,
1470 5494 1601 5548 dum
1648 5494 1759 5550 non
1804 5499 1958 5553 valeo

304 5565 557 5637 invenire
587 5565 760 5637 aliud,
793 5567 1012 5637 despero
1039 5582 1289 5637 sperans,
1319 5570 1432 5620 etc.

378 5634 564 5703 (1011)
607 5634 924 5692 Construe:
977 5634 1162 5703 Itaque
1208 5636 1340 5690 dum
1384 5637 1615 5691 innixus
1671 5641 1959 5695 sententia}

303 5707 414 5779 illi,
439 5718 566 5773 qua?
583 5704 785 5762 dicitur
805 5726 823 5762 :
846 5708 1046 5763 Nescit
1066 5704 1261 5771 homo,
1278 5711 1408 5773 etc.,
1433 5711 1677 5778 exspecto
1694 5709 1812 5765 hare
1829 5711 1954 5779 duo,

302 5777 359 5835 id
379 5781 461 5833 est
479 5782 577 5830 aut
609 5781 1010 5837 conversionem
1037 5779 1333 5845 salubrem,
1365 5784 1462 5834 aut
1488 5777 1820 5848 suffragium
1848 5777 1951 5850 ﬂaé

2065 4758 2203 4814 dieii
2232 4758 2339 4812 Dei
2389 4756 2562 4826 (Rom.
2595 4773 2655 4821 ιι,
2703 4756 2757 4822 li,
2779 4755 2859 4827 5.)
2892 4754 3097 4811 Infelix
3127 4756 3471 4828 huiusmodi
3502 4758 3726 4832 longas-

2065 4846 2236 4916 vitas,
2270 4860 2448 4917 quam
2479 4847 2643 4900 tanta
2674 4842 2943 4916 sequitur
2980 4843 3306 4912 calamitas,
3352 4848 3730 4919 aspernabile

2066 4934 2324 5007 spatium
2342 4932 2618 5006 congerit,
2644 4931 2799 5004 quod
2812 4930 2985 4987 talem
3009 4931 3352 4988 thesaurum
3365 4930 3730 4993 miserabilis

2066 5022 2315 5078 induciae
2349 5021 2420 5075 ad
2453 5019 2920 5092 exaggerandam
2938 5020 3227 5097 scelerum
3248 5020 3570 5079 vindictam
3594 5040 3733 5081 con-

2068 5108 2266 5168 cessit.
2299 5107 2508 5166 Melius
2529 5108 2737 5174 fuerat,
2763 5107 2966 5176 fatcor,
2998 5108 3350 5179 miserrimo,
3370 5109 3420 5165 si
3436 5111 3511 5167 de
3530 5111 3730 5182 primo

2066 5218 2336 5289 gallorum
2368 5215 2466 5269 Dei
2489 5233 2505 5277 ;
2525 5216 2577 5268 si
2604 5230 2715 5289 non
2744 5222 2892 5289 exsto
2921 5224 3197 5286 suspectus
3229 5225 3282 5272 et
3296 5224 3498 5289 parens
3535 5217 3605 5274 de
3624 5222 3734 5273 ter-

2067 5292 2166 5357 tio,
2194 5287 2501 5359 perditione
2531 5287 2723 5357 utique
2752 5288 3059 5341 certissima
3082 5308 3101 5359 ,j
3125 5287 3413 5343 credolme
3456 5292 3730 5346 veraciter

2066 5358 2417 5433 insahire_,_et
2460 5359 2681 5433 ignoro,
2701 5373 2806 5427 quo
2835 5361 3042 5413 vertam
3070 5358 3419 5424 desiderium,
3454 5360 3589 5433 quid
3630 5378 3729 5433 op-

2065 5436 2193 5495 tem,
2227 5428 2423 5500 quidve
2451 5428 2773 5500 amplectar.
3051 5498 3060 5500 Α
3464 5428 3495 5437 *ι

2139 5498 2323 5571 (1012)
2355 5498 2774 5573 corrigendum
2805 5502 2863 5552 et
2893 5498 3290 5571 supplendum
3333 5500 3566 5573 videtur
3591 5519 3726 5573 pro-

2067 5569 2245 5625 lixam
2274 5569 2679 5643 gargritudinem
2706 5570 2771 5643 ui
2796 5569 3048 5643 mereor;
3080 5588 3205 5643 quae
3237 5571 3557 5626 concinunt
3587 5569 3726 5629 cum

2066 5640 2555 5714 prazcedentibus,
2593 5641 2734 5712 quod
2762 5647 2945 5697 tamen
2970 5642 3037 5697 de
3060 5640 3284 5714 pretim
3309 5643 3437 5713 ﬁeri
3478 5643 3731 5701 arbitror

2065 5712 2417 5785 azgritudine,
2452 5714 2559 5766 etc.
