3892 6458
100 472 198 533 577

1347 467 1449 531 DE
1492 468 1776 533 OTIOSO
1821 468 2215 532 SERMONE.

3378 445 3499 532 5‘78

103 604 184 660 Dei
208 603 778 677 contemptujustam
809 604 1133 677 excepisset
1149 602 1525 671 sententiam,
1544 619 1724 676 quam
1756 608 1812 674 Α
1842 604 1957 659 ita:
1989 603 2054 663 Si
2082 611 2319 673 peccata
2341 613 2442 659 tua
2474 608 2632 660 recte
2659 603 3138 670 consideraveris,
3160 604 3448 676 judicasti
3478 624 3496 661 :

102 694 275 748 tandiu
297 698 703 766 exspectatum
721 694 1201 749 taminnumeros
1227 692 1590 750 contraxisse
1613 709 1733 749 rea-

103 789 198 849 tus,
227 800 324 855 pro
366 782 618 855 singulis
648 782 917 839 videlicet
946 782 1297 839 asternaliler
1343 781 1730 854 puniendum.

154 874 201 926 5.
232 872 346 926 Hoc
379 889 441 926 se
474 871 556 927 ita
585 871 839 928 habente
873 872 1094 928 felicior
1136 870 1281 926 mihi
1323 871 1554 926 videtur
1602 871 1734 925 bre-

98 962 243 1027 vitas,
275 977 457 1032 quam
490 960 853 1017 diuturnitas
892 962 1042 1016 vitm.
1074 966 1165 1019 Vw
1206 961 1364 1016 enim
1423 961 1595 1031 vobis,
1629 959 1732 1025 ait,

99 1049 491 1122 propheta,qui
520 1050 761 1106 trahitis
793 1051 1157 1122 iniquitatem
1188 1051 1249 1105 in
1268 1051 1548 1122 funiculis
1566 1049 1734 1104 vani-

97 1139 244 1194 tatis!
263 1139 424 1209 (Isai.
445 1155 501 1207 ν,
527 1139 644 1208 18.)
664 1140 769 1194 Est
790 1139 1028 1211 quidem
1060 1138 1346 1195 Dominus
1372 1137 1730 1206 misericors,

95 1230 142 1282 et
167 1226 535 1284 ineffabiliter
566 1228 734 1301 pius;
768 1229 871 1284 sed
893 1229 1073 1284 etiam
1110 1244 1303 1296 verax,
1334 1231 1393 1284 et
1426 1227 1733 1282 inenarra-

98 1314 271 1372 biliter
284 1317 511 1389 justus.
544 1317 844 1373 Promittit
870 1318 1121 1385 veniam,
1154 1320 1457 1390 computat
1476 1331 1688 1372 noxam
1718 1331 1732 1383 ;

96 1406 306 1462 veniam
337 1405 590 1481 largitur
618 1408 872 1479 perfecte
901 1406 1217 1476 conversis,
1252 1422 1463 1461 noxam
1480 1407 1736 1461 reservat

93 1494 510 1552 obdurantibus
542 1496 1007 1559 aversis.Annon
1031 1495 1186 1551 enim
1209 1496 1447 1551 evidens
1475 1494 1737 1551 cernitur

92 1585 440 1656 computatio
471 1602 631 1641 noxae
661 1584 912 1641 dicentis
944 1601 957 1638 :
988 1590 1175 1640 Amen
1201 1585 1328 1641 dico
1359 1585 1538 1651 vobis,
1571 1598 1738 1637 omne

88 1674 306 1729 verbum
322 1675 758 1747 otiosum,quod
770 1674 947 1729 locuti
959 1672 1184 1746 fuerint
1206 1673 1482 1741 homines,
1496 1671 1741 1726 reddent

82 1763 145 1817 de
168 1779 237 1820 eo
265 1765 562 1823 rationem
590 1764 647 1819 in
676 1764 771 1818 die
788 1762 1002 1832 jadicii
1025 1765 1047 1817 Ρ
1073 1760 1301 1822 (Matth.
1324 1777 1425 1825 x11,
1447 1760 1560 1821 36.)
1580 1758 1738 1813 Fuit-

81 1867 143 1905 ne
169 1869 446 1923 unquam
472 1850 793 1907 terribilius
822 1849 1047 1921 aliquid
1069 1848 1331 1904 dictum?
1350 1847 1550 1904 Castori
1581 1862 1744 1901 nam-

79 1956 187 2011 que
218 1940 376 2012 quid
406 1955 587 2011 super
604 1938 716 1994 hoc
737 1939 1015 2004 sentiant,
1037 1937 1287 1994 viderint
1306 1955 1318 2006 ;
1336 1936 1478 1991 mihi
1515 1935 1741 1991 videtur

74 2026 453 2085 tolerabilius
484 2026 686 2095 fuisse,
719 2027 770 2084 si
817 2026 1060 2083 dixisset
1091 2043 1105 2081 :
1138 2025 1517 2091 Merebuntur
1561 2024 1633 2079 de
1672 2038 1738 2079 eo

77 2114 337 2171 millium
370 2131 662 2171 annorum
691 2114 1072 2187 supplicium.
1104 2113 1385 2170 Miserum
1433 2111 1590 2170 enim
1620 2127 1736 2178 me,

77 2221 204 2261 cum
254 2201 435 2259 nulla
464 2204 666 2261 minus
695 2204 820 2260 sint
848 2202 1017 2260 utilia
1047 2220 1225 2275 quam
1256 2201 1471 2274 turpia.
1507 2200 1655 2267 Quid
1686 2198 1737 2256 si

80 2295 132 2349 in
160 2293 377 2350 eodem
405 2292 530 2349 loco
564 2293 843 2361 (1013),et
872 2292 1018 2348 forte
1044 2290 1296 2364 tali,quo
1323 2290 1739 2363 dedignaretur

82 2382 292 2455 aliquis
325 2380 509 2438 etiam
532 2381 705 2436 vesci.
722 2383 894 2452 turpe
913 2379 1052 2451 quid
1079 2379 1297 2436 faciens
1327 2377 1592 2450 quilibet,
1611 2381 1735 2432 tur-

85 2471 397 2543 pissimum
429 2468 655 2542 aliquid
687 2469 936 2526 dixerit?
957 2469 1163 2525 Postea
1181 2469 1419 2539 deipsa,
1436 2484 1614 2540 quam
1632 2482 1735 2539 pa-

87 2561 248 2617 travit
296 2559 692 2632 turpitudine,
744 2558 1147 2631 paenitentiam
1196 2557 1427 2630 gessit;
1464 2557 1538 2613 de
1586 2556 1734 2629 ipsa,

86 2665 252 2719 quam
285 2648 463 2718 dixit,
496 2649 659 2721 quid,
686 2664 850 2721 rogo,
882 2647 1034 2703 erit?
1062 2647 1119 2702 Si
1162 2647 1222 2702 in
1261 2645 1489 2718 judicio
1538 2646 1740 2716 itaque

84 2738 157 2793 illi
187 2738 659 2812 impnoperatum
692 2738 888 2804 fuerit,
906 2736 1061 2809 quod
1094 2736 1151 2792 in
1171 2735 1273 2793 tali
1305 2735 1431 2790 loco
1451 2733 1568 2790 tale
1598 2733 1741 2805 quid

86 2827 296 2899 talique
346 2845 455 2900 pro
506 2844 689 2883 causa
734 2825 988 2892 dixerit;
1020 2825 1348 2898 putandum
1399 2824 1555 2896 quod
1588 2823 1742 2878 inter

87 2915 242 2985 alios,
278 2917 484 2975 Venite
512 2916 801 2973 benedicti
830 2916 1034 2971 Patris
1056 2914 1175 2969 mei
1203 2913 1440 2985 (Matth.
1475 2930 1604 2979 xxv,
1627 2910 1741 2984 34),

84 3005 274 3062 audire
307 3005 438 3062 ullo
471 3005 647 3062 modo
669 3004 901 3077 possit?
930 3004 1068 3059 Post
1097 3008 1323 3058 tantam
1355 3001 1513 3057 enim
1545 3017 1742 3057 coram

87 3093 346 3152 universo
405 3112 624 3169 genere
681 3093 944 3149 humano
984 3090 1418 3158 verecnndiam,
1452 3088 1742 3162 suspicari

85 3198 206 3239 eum
220 3201 553 3257 possumus
566 3182 1044 3251 habiturum,ned
1056 3198 1154 3237 um
1164 3179 1742 3252 cmlestem,a1iquem

87 3271 599 3342 gloriam?Nonne
627 3270 784 3328 enim
814 3276 873 3327 et
901 3270 1058 3343 quod
1089 3270 1275 3342 gessit
1301 3269 1741 3325 manifestatum

1840 694 2208 764 siabjeceris,
2239 694 2527 751 occidisti.
2563 693 2725 757 Quod
2773 699 2837 747 ut
2883 694 3095 748 melius
3144 694 3501 750 dilucidetur

1843 782 2000 854 (poni
2046 786 2288 855 possent
2335 800 2473 837 cum
2522 782 2967 854 plurimaUOli’)
3001 782 3129 853 ipsa
3181 800 3298 839 una
3328 785 3499 840 nobis

1830 870 2039 927 ‘divina
2077 871 2352 939 sufﬁciat,
2386 871 2705 926 dicendum
2741 872 3059 942 quomodo,
3093 888 3269 943 quam
3298 877 3496 944 protu-

1846 958 1984 1024 listi,
2016 961 2326 1016 sententia.
2370 961 2465 1015 Ait
2512 977 2682 1015 vero:
2717 965 2899 1017 Omne
2948 961 3179 1015 verbum
3223 963 3495 1031 otiosum,

1841 1050 1991 1121 quod
2019 1051 2200 1105 locuti
2216 1050 2437 1119 fuerint
2457 1052 2737 1117 homines,
2753 1051 2994 1105 reddent
3028 1050 3102 1105 de
3126 1066 3192 1105 eo
3215 1059 3501 1108 ruttonem

1841 1139 1900 1194 in
1929 1138 2023 1194 die
2042 1139 2265 1209 judicii
2293 1139 2526 1200 (Matth.
2556 1155 2654 1207 xu,
2685 1140 2802 1200 36.)
2823 1138 2971 1202 Quid
2988 1143 3077 1193 est
3092 1140 3334 1195 verbum
3356 1141 3499 1197 otio-

1842 1227 2023 1283 sum?
2051 1226 2281 1284 Inutile.
2314 1226 2487 1283 Nulla
2516 1233 2710 1283 autem
2746 1233 2904 1293 sunt,
2939 1232 3005 1282 ut
3044 1228 3265 1296 dixisti,
3299 1229 3499 1287 minus

1844 1315 2011 1372 utilia
2023 1332 2199 1389 quam
2220 1316 2445 1390 turpia;
2465 1316 2682 1389 quibus
2699 1316 2951 1387 adjicere
2974 1320 3498 1389 possumusnoxia,

1844 1410 1900 1461 et
1920 1405 2364 1474 contumeliosa,
2386 1405 2670 1475 irrisoria,
2694 1406 3048 1477 deceptiosa,
3070 1407 3324 1478 perjura,
3342 1409 3499 1464 frau-

1845 1494 2108 1563 dulenta,
2141 1493 2448 1563 maledica,
2483 1495 2811 1560 mendacia,
2851 1494 3159 1567 sacrilega,
3209 1495 3502 1564 heretica,

1847 1583 2187 1654 apostatica,
2214 1582 2581 1654 blaspheme,
2606 1583 2820 1638 falsum
2844 1583 3143 1650 testantia,
3169 1583 3417 1649 furiosa,
3440 1584 3503 1640 li-

1849 1670 2078 1743 tigiosa.
2100 1672 2182 1725 Ex
2210 1671 2430 1741 quibus
2458 1669 2737 1727 omnibus
2775 1686 2959 1724 unum
2992 1687 3167 1726 suum
3196 1670 3257 1727 in
3287 1672 3503 1745 allega-

1851 1759 2009 1813 tione
2042 1758 2144 1813 illa
2164 1758 2467 1829 proferens
2498 1758 3121 1830 supcriore;co|legisti
3141 1759 3368 1815 salvum
3388 1778 3504 1818 non

1850 1863 2023 1919 posse
2052 1847 2208 1903 credi
2241 1849 2529 1913 futurum,
2563 1846 2655 1901 cui
2688 1847 2746 1901 in
2779 1852 3036 1903 extremo
3063 1848 3382 1920 diejudicii
3404 1850 3505 1908 illo

1847 1934 1907 1989 id
1940 1935 2302 2009 fuerit,quod
2337 1935 2439 1993 tali
2468 1936 2528 1991 in
2560 1935 2684 1991 loco
2717 1935 3060 2007 hujnsmodi
3086 1954 3191 2011 pro
3221 1954 3400 1996 causa
3420 1939 3504 1995 di-

1846 2024 2012 2091 xerit,
2046 2041 2243 2081 coram
2276 2025 2549 2081 universo
2572 2042 2783 2096 genere
2812 2025 3120 2082 hominum
3152 2026 3507 2101 impropera-

1844 2117 1994 2169 tum.
2017 2113 2131 2170 Sen
2149 2129 2283 2169 eum
2302 2112 2642 2169 ﬁrmissime
2669 2130 2776 2170 nos
2804 2118 3003 2170 tenere
3023 2116 3329 2185 concedas,
3344 2118 3502 2189 quod

1847 2201 1927 2256 nil
1951 2201 2351 2274 temporaliter
2371 2205 2574 2258 contra
2593 2202 2698 2273 jus
2730 2205 2937 2275 fasque
2966 2203 3154 2261 valeat
3182 2205 3506 2281 agi,neque

1846 2290 1903 2345 id
1936 2289 2335 2361 temporaliter
2364 2289 2607 2363 expiari,
2635 2291 2947 2363 desperare
2990 2292 3173 2349 istum
3203 2294 3505 2367 compelli-

1846 2396 1998 2446 mur,
2034 2378 2133 2450 qui
2167 2377 2310 2433 illud
2342 2383 2513 2451 turpe
2542 2379 2707 2445 dixit,
2729 2380 2841 2435 nisi
2871 2380 3155 2436 auxilium
3184 2381 3237 2437 ei
3266 2383 3503 2452 demus,

1846 2468 1985 2539 quid
2016 2467 2212 2533 faciat,
2245 2472 2561 2538 antequam
2594 2469 2752 2524 436
2784 2469 2857 2523 ad
2888 2468 3034 2523 illud
3077 2468 3504 2542 improperium

1846 2556 2061 2611 veniat.
2077 2555 2355 2611 Dicamus
2385 2571 2522 2626 ergo
2546 2554 2804 2626 primum
2826 2556 2967 2626 quid
3000 2555 3113 2611 erit
3130 2555 3268 2623 illis,
3289 2557 3388 2629 qui
3412 2575 3503 2615 ra-

1849 2644 2069 2699 tionem
2101 2644 2173 2700 de
2203 2644 2363 2698 omni
2395 2643 2568 2698 verbo
2592 2643 2971 2714 otioso,quod
2994 2643 3173 2699 locuti
3195 2645 3503 2715 fuerimus,

1851 2732 1909 2786 in
1936 2732 2033 2788 die
2054 2731 2267 2803 judicii
2290 2730 2509 2787 fuerint
2528 2730 2841 2799 reddituri;
2866 2732 3148 2791 nimirum
3173 2733 3269 2800 iis,
3287 2735 3506 2807 quibus

1850 2821 2105 2877 dicetur:
2139 2820 2640 2889 Ite,maledicti,in
2675 2821 2864 2891 ignem
2896 2825 3508 2897 a’teruummuiaesu-

1850 2911 1982 2979 rivi,
2009 2917 2064 2966 et
2094 2927 2209 2967 non
2247 2910 2465 2967 dedisti
2501 2910 2653 2966 mihi
2683 2911 3041 2968 manducare
3077 2913 3303 2982 (Matth,
3337 2931 3505 2987 .xxv1,

1850 3001 2060 3072 111,42),
2084 3004 2496 3069 ete.;et:Amen
2526 3001 2655 3057 dico
2685 3000 2807 3069 tibi,
2840 3016 2949 3058 non
2978 3002 3133 3058 exies
3160 3003 3316 3074 inde,
3330 3005 3509 3064 donec

1850 3090 2063 3146 reddas
2101 3090 2474 3146 novissimum
2521 3091 2917 3163 quadrantem
2949 3096 3268 3165 (Matth.v,
3291 3095 3406 3157 26).
3440 3094 3509 3152 Et

1851 3196 2052 3251 quare,
2084 3178 2305 3251 inquis,
2337 3178 2446 3235 hoc
2472 3179 2560 3235 eis
2588 3178 2816 3235 dicetur
2833 3202 2861 3230 ››
2884 3180 3025 3251 quia
3046 3198 3162 3236 non
3193 3183 3510 3240 audierunt

1851 3268 2073 3324 scilicet
2118 3267 2408 3324 dicentem
2445 3269 2895 3325 :Pamitentium
2929 3271 3114 3343 agite,
3141 3275 3200 3326 et
3249 3287 3363 3327 non
3393 3273 3511 3329 erit

88 3339 291 3429 pariter
341 3362 485 3429 erit,
519 3376 655 3416 cum
688 3360 842 3416 idem
874 3339 1068 3415 forsan
1095 3339 1323 3414 dixerit
1378 3357 1533 3429 quod
1585 3356 1738 3427 fecit,
1771 3339 1814 3406 ο
1851 3358 2005 3414 vobis
2047 3357 2321 3429 iniquitas
2364 3357 2425 3412 in
2473 3357 2706 3413 ruinam
2750 3339 2986 3418 (Ezech:
3030 3374 3189 3426 xvm,
3240 3359 3354 3431 30).
3388 3360 3503 3415 Et:

88 3448 273 3505 fecerit
302 3451 471 3524 quod
537 3449 728 3505 dixit?
757 3448 1058 3521 Condigna
1084 3464 1255 3519 poena
1294 3444 1516 3512 rebelli,
1549 3450 1613 3500 ut
1641 3444 1742 3517 qui

87 3536 338 3596 videlicet
385 3539 741 3606 Dominum,
772 3541 830 3593 et
874 3534 1028 3610 quod
1078 3537 1151 3592 de
1186 3552 1252 3591 eo
1282 3532 1743 3590 Christianitatis

88 3628 248 3684 traxit
269 3627 634 3685 vocabulum
654 3645 768 3683 non
792 3629 1094 3694 reveritus,
1120 3625 1178 3680 in
1192 3627 1508 3695 conspectu
1532 3622 1741 3694 ipsius,

86 3716 172 3771 tali
222 3718 283 3775 in
330 3716 498 3788 loco,
530 3720 653 3773 tam
695 3715 964 3788 turpiter,
1016 3718 1364 3787 praesentem
1412 3710 1581 3767 illum
1625 3728 1742 3766 non

86 3807 337 3864 nesciens
371 3824 647 3882 quoque,
674 3805 1015 3861 recordatus
1046 3803 1223 3859 etiam
1262 3800 1471 3873 ipsius,
1505 3816 1621 3855 non
1671 3798 1743 3854 ti-

84 3895 218 3951 muit
246 3893 1101 3967 deboncstare,dehonestatus
1130 3891 1191 3947 in
1221 3893 1535 3962 censpeetu
1560 3887 1745 3944 totius

84 3991 263 4052 pereat
291 3982 779 4049 creaturae.0uid
792 3998 925 4040 vero
949 3980 1148 4036 miseri
1163 3981 1234 4035 de
1247 3977 1522 4051 perjuriis
1543 3976 1742 4049 saepis-

83 4072 257 4145 simis,
291 4076 445 4149 quid
479 4076 557 4131 de
590 4071 1057 4129 detractionibus
1087 4067 1472 4142 perassiduis,
1507 4064 1647 4138 quid
1670 4066 1742 4122 de

82 4164 394 4221 mendaciis
458 4161 784 4231 continuis,
818 4160 960 4234 quid
1000 4160 1071 4216 de
1113 4158 1308 4214 verbis
1368 4155 1739 4230 deceptoriis,

82 4251 207 4322 quid
236 4254 307 4311 de
342 4249 826 4323 irrisoriis,quid
853 4251 926 4307 de
946 4245 1511 4306 fraudulentissimis
1526 4244 1740 4301 dicturi

84 4342 399 4410 promissis,
426 4343 582 4416 quid
616 4341 688 4398 de
718 4338 1232 4397 maledictionibus
1264 4334 1657 4407 creberrimis,
1690 4334 1740 4390 si

83 4427 144 4483 de
171 4447 308 4489 raca
328 4432 647 4505 judicium
679 4427 956 4495 subituri,
988 4427 1060 4483 de
1087 4428 1256 4499 fatue
1285 4423 1636 4499 gehennam,
1668 4424 1741 4480 de

84 4519 218 4576 435
253 4523 447 4581 otioso
502 4536 718 4577 sumus
764 4515 1051 4574 rationem
1098 4512 1383 4570 reddituri
1432 4515 1742 4570 sermone?

85 4605 294 4677 (Matth.
314 4629 373 4681 v,
391 4609 519 4673 22.)
549 4605 865 4681 Intelligite
895 4601 1267 4675 mecum,qui
1292 4600 1741 4658 mecum-oblivi-

1853 3446 2274 3503 Gonvertimini
2298 3446 2379 3500 ad
2400 3462 2512 3511 me,
2527 3446 2581 3500 et
2605 3461 2709 3515 ego
2728 3455 2994 3500 revertar
3009 3445 3087 3500 ad
3104 3461 3195 3501 vos
3219 3447 3505 3518 (Zacltar.

1856 3552 1894 3599 ι,
1927 3534 2006 3592 3).
2040 3532 2341 3587 Postremo
2393 3531 2534 3603 quia
2572 3532 2993 3588 obturaverunt
3037 3548 3240 3590 aurem
3291 3534 3508 3605 cordis,

1854 3622 1995 3676 dum
2027 3619 2340 3692 Apostolus
2355 3619 2635 3674 clamaret
2650 3637 2662 3675 :
2675 3622 2745 3676 Si
2760 3621 3134 3691 nosmetipsos
3144 3622 3206 3678 di
3199 3623 3510 3693 judicare-

1851 3727 2002 3777 mus,
2022 3726 2138 3764 non
2180 3708 2379 3781 utique
2413 3709 2824 3780 judicaremur
2853 3713 2901 3774 (Ι
2943 3713 3077 3768 Cor.
3108 3727 3186 3781 x1,
3220 3713 3314 3776 51)
3345 3731 3358 3769 :
3390 3715 3508 3770 Au-

1853 3799 2160 3872 gustinum
2189 3815 2423 3870 quoque
2451 3804 2906 3872 prosequentem
2943 3819 2954 3856 :
2988 3800 3055 3858 Si
3080 3811 3314 3872 peccata
3352 3814 3510 3862 recte

1851 3887 2629 3961 consideraveris,judicasti
2639 3907 2659 3954 ;
2675 3890 2731 3945 si
2750 3889 3050 3961 abjeceris,
3073 3893 3336 3951 occidisti
3355 3911 3374 3949 :
3398 3893 3510 3951 hoc

1852 3977 2007 4034 enim
2036 3994 2213 4034 sensu
2245 3982 2313 4035 ut
2339 3981 2397 4034 et
2427 3976 2497 4034 de
2528 3978 2749 4035 caeteris
2781 3979 3042 4054 ﬂagitiis,
3068 3981 3152 4038 ita
3194 3986 3251 4039 et
3294 3982 3366 4040 de
3394 3983 3508 4040 isto

1850 4067 2190 4141 turpiloquo
2220 4067 2668 4140 intelligendum
2694 4086 2963 4126 sermone
2987 4087 3001 4124 :
3030 4075 3096 4126 ut
3125 4070 3392 4129 videlicet
3420 4077 3506 4141 tu,

1852 4157 1951 4230 qui
1983 4156 2147 4213 illum
2175 4155 2494 4230 protulisti,
2514 4156 2694 4213 facias
2723 4157 2828 4213 tibi
2861 4159 2936 4215 de
2959 4175 3027 4214 eo
3057 4158 3155 4214 hic
3184 4159 3512 4232 diemjudi-

1849 4246 1944 4314 cii,
1959 4247 2205 4302 damnes
2218 4246 2275 4301 in
2292 4244 2461 4301 illum
2467 4246 2639 4317 juxta
2649 4246 2739 4301 sui
2754 4246 3350 4318 censortequissimus
3363 4264 3505 4320 qua-

1849 4335 2096 4405 litatem,
2112 4335 2456 4391 damnatum
2482 4332 2717 4409 punias,
2741 4334 3015 4407 punitum
3038 4334 3292 4405 occidas,
3315 4335 3373 4391 id
3396 4340 3506 4406 est;

1849 4425 2179 4497 abjiciendo
2201 4421 2369 4478 illum
2402 4421 2661 4496 amplius
2684 4422 2742 4477 in
2774 4427 3053 4478 aeternum
3081 4439 3198 4478 non
3219 4423 3506 4495 proferas,

1849 4512 2489 4585 itailludturpigerum,
2506 4510 2928 4584 turpiloquium
2942 4512 3410 4585 utturpigerum,
3427 4512 3510 4571 ita

1846 4604 2215 4675 turpigerum
2236 4600 2322 4656 uti
2341 4599 2767 4674 turpiloquium
2790 4606 3017 4669 taxans,
3037 4619 3071 4658 a
3094 4600 3507 4659 consimilibus

86 4698 296 4780 scimini
328 4702 555 4765 Deum,
580 4714 652 4754 ne
684 4695 920 4770 quando
951 4693 1253 4767 rapiamur
1282 4691 1499 4758 subito,
1535 4694 1592 4746 et
1621 4689 1737 4747 eri-
1768 4715 1816 4780 D
1849 4707 2091 4780 quoque
2126 4689 2356 4780 Christo
2405 4689 2721 4780 adiuvante
2770 4689 3066 4780 abstinere
3093 4689 3318 4747 viribus
3362 4690 3505 4748 totis

84 4776 296 4855 piamur
326 4788 573 4846 amullo
607 4787 783 4850 (Psat.
810 4800 961 4852 xux,
992 4782 1104 4855 22).

141 4877 191 4930 6.
220 4878 524 4952 Intelligo,
582 4876 692 4944 ais,
744 4873 868 4943 Dei,
918 4889 1023 4945 pro
1064 4871 1265 4928 nefas!
1296 4869 1513 4943 saepius
1559 4886 1739 4942 quam

88 4978 301 5025 necesse
350 4968 564 5034 fuerit,
614 4963 856 5029 oblitus,
899 4975 1224 5032 verensque
1278 4960 1500 5032 utique,
1554 4958 1741 5030 [locus

82 5058 385 5129 mendosus]
417 5055 637 5113 innuis
671 5054 967 5118 facere,ne
994 5049 1241 5123 rapiaris
1271 5047 1485 5114 subito,
1505 5051 1740 5120 ereptus

87 5156 113 5193 ει
140 5144 307 5202 nullo.
342 5146 461 5203 Sed
494 5142 906 5217 Apostolicum
939 5137 1082 5193 illud
1116 5138 1188 5193 de
1219 5140 1540 5210 spontaneo
1572 5135 1741 5191 nobis

87 5229 286 5290 inﬂicto
315 5253 351 5290 a
380 5235 568 5291 nobis
601 5231 749 5304 ipsis
772 5228 1002 5302 judicio
1031 5227 1173 5282 dum
1205 5242 1339 5281 cum
1373 5224 1475 5279 illo
1505 5224 1739 5281 confero

88 5318 272 5391 (10M),
304 5325 465 5399 quod
504 5320 851 5394 nuperrime
882 5333 977 5373 me
1006 5314 1242 5371 audisse
1299 5314 1587 5379 recordor,
1622 5329 1739 5368 non

88 5421 272 5475 parum
306 5430 401 5470 me
436 5409 705 5469 animari
736 5406 1032 5481 profiteor.
1058 5403 1296 5460 Lectum
1327 5401 1484 5457 enim
1517 5399 1741 5458 exstitit

147 5588 317 5663 (4013)
355 5593 513 5648 Vide
529 5589 853 5663 Qualitatis
881 5587 1275 5657 conjecturam
1303 5598 1469 5638 num.
1493 5585 1548 5648 7,
1571 5585 1631 5638 et
1663 5583 1740 5640 De

91 5661 307 5736 proprio
338 5666 520 5736 lapsu
542 5661 801 5736 θυαμ-4.

152 5721 320 5807 (1013)
342 5721 652 5793 construe
674 5730 818 5787 τιςρά
843 5729 983 5786 dum
1009 5727 1250 5807 confero
1280 5721 1454 5807 illud
1482 5732 1742 5807 aposto-

94 5780 328 5866 ιίεἷιῖἶᾶἒ
336 5780 1330 5883 ἶᾶἇῖέέᾶᾧὸῖιξᾶηἷῖἦοῦἰεῖἠγιέσιο
1349 5780 1559 5856 αήοὸίἐ
1577 5780 1735 5873 ipsis,
1756 5780 1761 5785 ’

1848 4779 2192 4836 contendas.
2226 4778 2474 4834 Videtur
2501 4777 2657 4833 enim
2705 4777 2852 4833 mihi
2900 4777 3010 4837 hoc
3052 4778 3133 4835 ita
3174 4784 3504 4849 constante,

1849 4867 2005 4941 quod
2036 4867 2088 4923 si
2117 4867 2423 4939 turpitudo
2440 4883 2618 4938 quam
2642 4866 2851 4934 fecisti,
2866 4866 3041 4923 fuerit
3055 4868 3309 4940 perfecte
3327 4868 3508 4941 pceni-

1847 4956 2022 5013 tendo
2038 4954 2575 5028 consumpta,ipsa,
2590 4972 2769 5028 quam
2784 4955 2945 5011 illius
2957 4957 3262 5013 occasione
3280 4956 3503 5024 dixisti,

1848 5046 1959 5102 erit
1988 5044 2205 5118 pariter
2233 5050 2492 5112 enecata,
2528 5044 2839 5116 adjuvante
2878 5044 3037 5101 illius
3076 5045 3498 5115 misericordia,

1849 5134 1950 5206 qui
1982 5135 2040 5188 in
2072 5133 2230 5189 hunc
2262 5135 2549 5190 mundum
2584 5134 2655 5190 ad
2680 5139 2880 5190 nostra
2904 5135 3062 5193 venit
3084 5135 3397 5193 relaxanda
3420 5137 3503 5194 fa-

1848 5222 2182 5294 einora,qui
2213 5238 2348 5277 cum
2372 5222 2539 5277 Patre
2571 5226 2628 5278 et
2655 5223 2877 5295 Spiritu
2909 5224 3123 5281 Sancto
3154 5225 3295 5280 vivit
3325 5231 3382 5281 et
3413 5243 3501 5283 re-

1848 5315 1990 5383 gnat
2016 5312 2076 5366 in
2108 5309 2323 5367 saecula
2354 5310 2725 5367 saeculorum.
2758 5313 2963 5369 Amen.

1846 5580 1985 5637 dum
2004 5576 2276 5655 confero,
2285 5576 2543 5653 inquam,
2555 5597 2685 5639 eum
2701 5580 2803 5640 illo
2829 5583 2980 5655 quod
2998 5586 3284 5642 recordor
3292 5599 3502 5655 mena-

1845 5654 2108 5725 perrime
2135 5652 2693 5725 audissemroﬂteor
2713 5668 2809 5710 me
2834 5652 2947 5712 ium
2976 5671 3191 5725 parum
3220 5653 3500 5725 anivnari.

1919 5722 2425 5797 (1015)_Construe
2448 5740 2463 5781 ς
2484 5722 3108 5797 Didendttmguomodo
3127 5726 3255 5797 ipsa
3277 5735 3394 5776 una
3413 5722 3501 5779 αἱ·

1880 5791 1979 5855 ilia
2007 5791 2316 5865 sententia,
2333 5809 2508 5873 quam
2523 5791 2851 5868 protulisti,
2871 5796 3034 5855 nobis
3058 5791 3329 5869 sufficiat.
