3892 6392
125 403 223 467 585

1556 403 2103 467 ITINERARIUM.

3410 396 3530 462 586

123 535 265 613 ducis
289 538 586 613 ereptum,
619 536 953 608 reductum,
987 555 1021 594 a
1051 537 1216 592 vobis
1248 553 1383 593 vero
1424 542 1544 591 tam
1576 535 1753 591 inhu-
1784 537 1841 605 Α
1864 535 2077 590 terium
2140 536 2604 608 pcrpetraverit;
2669 534 2801 607 quis
2828 551 2896 591 ex
2948 533 3114 590 vobis
3161 532 3532 607 indepOsitus

124 612 268 682 mane
294 612 620 699 receptum,
651 630 718 682 ut
747 644 865 682 non
895 626 1131 682 difﬁcile
1184 625 1359 681 fuerit
1386 625 1445 680 in
1493 623 1755 681 vultibus

120 715 301 775 vestris
330 715 651 785 conjectari
683 732 861 788 quam
904 733 1021 770 non
1072 714 1323 771 libenter
1362 731 1455 770 me
1491 713 1755 770 videritis

120 804 317 872 reverti,
348 820 487 859 cum
519 808 577 860 et
607 804 815 860 exinde
836 808 924 860 tot
950 820 1042 861 me
1070 821 1183 860 non
1203 803 1487 860 desinatis
1516 802 1753 874 injuriis

116 890 401 959 lacessere,
428 896 495 946 ut
522 891 683 947 omni
717 908 809 949 me
842 891 1226 965 praerogativa
1272 891 1496 947 ordinis
1527 891 1751 962 episco-

116 978 242 1052 palis
270 981 414 1037 adeo
445 981 614 1037 sicuti
644 984 779 1037 ante
805 981 1013 1053 (1034),
1046 981 1127 1035 ita
1157 984 1212 1036 et
1238 983 1388 1052 post,
1422 996 1536 1034 non
1552 979 1750 1034 dimit-

111 1069 229 1126 tatis
256 1070 507 1142 privare,
542 1075 607 1125 ut
637 1070 785 1125 nihil
820 1087 883 1126 ev
917 1086 984 1125 ea
1005 1069 1151 1125 mihi
1183 1069 1530 1141 relinquatis
1546 1073 1754 1142 praeter

115 1157 434 1216 chrismatis
466 1159 915 1226 coniectionem,
947 1163 1004 1214 et
1046 1157 1409 1214 chrismandi
1463 1158 1753 1231 quidlibet

113 1245 229 1303 cum
260 1248 806 1320 subscriptionibus
838 1252 1211 1321 potestatem.
1246 1248 1401 1303 Adeo
1433 1247 1749 1318 quoquedc

112 1334 255 1392 vobis
284 1336 400 1391 sim
431 1322 785 1406 inhonorus,
818 1340 884 1392 ut
942 1352 1075 1391 cum
1109 1337 1259 1409 (135)
1308 1352 1515 1392 omnes
1559 1335 1749 1408 coepi-

109 1424 251 1495 scopi
281 1424 420 1480 illuc
449 1425 703 1493 venturi,
738 1425 808 1481 de
840 1425 1068 1481 clericis
1100 1425 1227 1481 suis
1258 1442 1460 1498 parere
1480 1424 1625 1480 inibi
1644 1424 1748 1480 ha-

107 1511 264 1569 beant
293 1514 594 1583 honorati;
632 1531 739 1587 ego
770 1516 842 1570 de
855 1515 1020 1570 vobis
1039 1532 1144 1571 nec
1161 1532 1351 1570 unum
1379 1515 1493 1572 sim
1512 1513 1748 1569 habitu-

106 1616 214 1669 rus;
246 1618 382 1659 cum
415 1603 485 1660 de
508 1620 647 1659 mea
680 1602 1091 1675 paupertatula
1118 1620 1234 1659 non
1267 1603 1379 1660 sim
1412 1603 1578 1658 vobis
1608 1603 1751 1657 adeo

109 1689 482 1760 inhumanus,
517 1696 585 1747 ut
616 1691 856 1746 militari
881 1692 1197 1750 beneﬁciot
1200 1692 1380 1762 1036),
1409 1691 1756 1758 habeam,et

101 1776 199 1834 hoc
228 1777 436 1851 gratis,
470 1780 673 1835 decem
705 1795 775 1833 ex
804 1779 967 1836 vobis
1000 1780 1239 1834 ditatos.

157 1870 207 1920 5.
242 1864 530 1922 Omittam
558 1871 781 1932 tamen,
818 1870 883 1921 ut
914 1866 1052 1931 dixi,
1087 1865 1245 1921 illius
1276 1866 1474 1922 omnia
1524 1867 1637 1922 ista
1659 1882 1751 1921 re-

91 1960 312 2027 spectu,
346 1954 447 2025 qui
480 1954 659 2010 dixit:
714 1955 893 2010 Nolite
950 1957 1210 2011 resistere
1256 1956 1403 2011 malo
1456 1956 1666 2028 (Matth.
1696 1972 1751 2025 ν,

92 2042 195 2112 39).
232 2040 317 2096 De
350 2041 575 2111 synodo
607 2056 642 2096 a
672 2041 841 2096 nobis
873 2042 1015 2113 quid
1075 2042 1368 2114 agendum
1416 2044 1753 2115 nuperrime

95 2134 210 2184 acta
239 2129 464 2198 (1037)?
495 2130 731 2197 (Nicam.
765 2129 896 2202 0.15.
915 2147 1037 2185 can.
1061 2135 1232 2202 upost.
1253 2132 1367 2198 38.)
1384 2132 1556 2187 Scitis
1570 2133 1748 2197 enim,

96 2217 268 2285 scitis,
300 2233 399 2272 me
430 2233 667 2289 semper
696 2216 807 2273 hoc
823 2232 995 2289 agere
1021 2219 1149 2274 ideo
1167 2217 1490 2290 distulisse,
1509 2237 1645 2276 cum
1662 2220 1750 2276 bis

100 2306 152 2360 iu
180 2322 333 2362 anno
366 2305 525 2361 idem
557 2308 917 2378 praeceptum
949 2307 1027 2362 sit
1056 2307 1264 2375 facere,
1300 2309 1453 2380 quod
1494 2310 1747 2365 dicerem

100 2411 202 2461 me,
232 2395 391 2450 unde
422 2393 712 2466 synodarc
735 2394 1028 2461 deberem,
1053 2396 1294 2452 omnino
1332 2397 1749 2455 nescire.Solet

103 2483 242 2538 enim
274 2483 335 2538 in
370 2483 635 2555 synodis,
669 2482 718 2538 si
745 2483 887 2555 quid
915 2489 1119 2540 contra
1149 2500 1402 2542 canones
1416 2490 1611 2542 actum
1635 2491 1745 2555 est,

105 2571 412 2627 emendari.
444 2571 554 2627 Sed
590 2570 640 2627 si
674 2570 785 2626 hoc
815 2587 987 2644 agere
1038 2572 1438 2641 tentavissem,
1472 2574 1750 2631 omnibus

108 2674 217 2729 qua
244 2659 300 2715 in
334 2659 663 2716 canonibus
694 2664 836 2716 sunt
865 2660 1088 2733 scripta
1132 2662 1440 2735 regyratis,
1486 2663 1556 2719 de
1586 2662 1750 2720 nullo

110 2764 293 2805 eorum
326 2767 429 2806 vos
460 2765 665 2805 curare
696 2749 957 2805 viderem
991 2749 1354 2807 omnimodo.
1385 2751 1427 2807 E
1461 2751 1679 2824 quibus
1701 2752 1751 2809 si

110 2836 185 2893 vel
203 2837 392 2911 aliqua
403 2838 722 2911 proferam,
738 2838 785 2896 si
801 2838 1260 2913 legereturquod
1276 2840 1548 2913 superius
1562 2841 1751 2915 tetigi,

100 2924 205 2982 'hoc
233 2932 318 2982 est
346 2928 566 3001 (concit.
602 2927 722 2983 Nic.
771 2944 823 2984 c.
873 2929 951 2995 3),
1003 2928 1483 2985 Subintroductam
1533 2930 1750 2999 habere,

112 3031 394 3086 personam,
426 3017 550 3073 nisi
588 3032 851 3086 sororem,
906 3021 1063 3073 444
1092 3022 1150 3074 et
1182 3023 1405 3087 caetera,
1459 3036 1587 3092 quae
1615 3025 1756 3075 sunt

115 3103 239 3159 inibi
271 3109 504 3174 notata;
539 3122 716 3178 quem
746 3102 1008 3161 vestrum
1033 3107 1104 3162 ab
1130 3104 1587 3181 hujusneglecto
1613 3126 1755 3181 prae-

115 3194 243 3264 cepti
274 3194 605 3267 potuissem
638 3194 931 3267 excipere?
944 3196 1202 3252 Rursum
1235 3197 1282 3252 si
1315 3195 1751 3271 lectumimple-

1864 623 2008 680 isset
2039 624 2162 695 (aL,
2197 624 2404 696 esset]?
2435 624 2693 680 Rursum
2710 623 3106 680 sirecitarctu:
3132 623 3527 695 Prmcipimus,

1863 717 1925 768 ut
1957 713 2164 785 bigami
2192 730 2301 768 non
2335 713 2712 770 admittuntur
2740 713 2810 769 ad
2840 714 3051 769 clerum
3079 713 3293 778 (INNOC.
3328 711 3351 767 Ι
3379 726 3462 783 ep.
3497 705 3554 766 4'

1862 819 1910 857 c.
1942 805 1997 870 2;
2032 802 2235 858 GELAS.
2271 803 2293 858 Ι
2325 820 2410 875 cp.
2444 804 2501 859 9.
2533 802 2842 875 submcd.);
2875 818 3051 875 quem
3068 818 3137 857 ex
3164 799 3330 857 vobis
3347 799 3527 855 conﬁ-

1864 891 2061 946 derem
2090 890 2357 977 legaliter
2386 893 2457 947 ad
2487 891 2882 948 sacerdotium
2915 890 3096 948 fuisse
3131 893 3471 977 provectum
3500 887 3529 943 ?

1865 979 1950 1048 Et,
1983 984 2048 1034 ut
2077 980 2149 1036 ad
2182 979 2434 1045 minora,
2450 980 2734 1052 vobisque
2751 978 3022 1053 pernulla
3036 979 3292 1046 veniam,
3311 977 3360 1034 si
3378 976 3529 1050 lege-

1863 1072 2465 1142 returcontemptores
2478 1086 2770 1126 canonum
2795 1068 2987 1125 acrius
3006 1066 3520 1141 arguendos(conc.

1863 1158 2079 1229 Hispal.
2115 1175 2243 1225 n,c.
2277 1159 2328 1216 4)
2351 1158 3115 1231 ;deconjurationibus[al.,
3138 1156 3521 1229 conspiratio~

1861 1246 2062 1321 nibus]
2103 1248 2304 1311 etiam,
2337 1251 2395 1303 et
2444 1247 2975 1321 conspiratoribus,
3027 1246 3098 1302 de
3140 1244 3415 1319 perjuris,
3449 1245 3522 1301 de

1859 1335 2129 1401 ebriosis,
2163 1340 2219 1392 et
2250 1336 2349 1409 qui
2379 1337 2439 1393 in
2473 1337 2735 1393 tabernis
2756 1336 2990 1405 bibunt,
3019 1335 3187 1408 etqui
3217 1333 3418 1392 usuris
3438 1333 3522 1391 in-

1861 1424 2142 1492 serviunt,
2174 1424 2224 1480 si
2254 1424 2520 1498 lcgaliter
2551 1426 2922 1498 synodarem;
2957 1441 3133 1496 quem
3154 1440 3224 1478 ex
3250 1421 3520 1495 vobisin-

1860 1513 2207 1568 demnatum
2223 1513 2648 1585 relinquerem?
2670 1514 2729 1569 Si
2744 1513 2999 1586 perjuris
3012 1511 3219 1567 saltem
3233 1509 3520 1583 poeniten-

1859 1600 2003 1654 tiam
2033 1599 2263 1673 legibus
2293 1599 2576 1656 indictam
2610 1601 2735 1673 ipse
2756 1602 3036 1668 dicerem,
3066 1614 3243 1672 quem
3266 1599 3338 1655 de
3356 1598 3523 1656 vobis

1863 1687 2109 1743 missam
2142 1687 2435 1743 celebrare
2448 1688 2841 1761 permitterem
2854 1688 2883 1744 ?
2899 1687 2959 1743 Si
2977 1686 3341 1743 multinubos
3363 1704 3397 1743 a
3413 1685 3524 1744 cle-

1864 1774 2445 1848 ricatu'repellerem,
2481 1792 2655 1848 quem
2688 1776 2801 1832 nisi
2850 1774 3127 1849 puerulos
3173 1776 3233 1833 in
3264 1774 3525 1833 Ecclesia

1863 1863 2291 1936 relinquerem?
2314 1864 2368 1918 Si
2403 1880 2704 1920 manzeres
2737 1864 2921 1938 (1038)
2971 1864 3289 1935 abjicerem
3320 1880 3519 1937 quem,

1862 1969 1933 2009 ex
1963 1952 2184 2009 eisdem
2218 1951 2482 2025 puerulis
2504 1957 2660 2010 stare
2686 1953 2745 2009 in
2768 1953 2943 2009 choro
2969 1953 3402 2027 permitterem?
3416 1955 3551 2010 Exr

1860 2043 2122 2114 spectavi,
2150 2038 2365 2114 inquit,
2399 2045 2458 2097 ut
2481 2043 2689 2113 faceres
2708 2042 3007 2114 judicium,
3025 2048 3078 2099 et
3091 2052 3210 2099 ecce
3224 2042 3517 2115 iniquitas,

1859 2133 1911 2185 et
1930 2131 2232 2202 justitiam,
2258 2139 2308 2185 et
2338 2146 2456 2186 ecce
2483 2132 2691 2187 clamor
2721 2132 2869 2201 (Isai.
2902 2148 2958 2198 x,
2989 2132 3069 2193 7).
3093 2130 3235 2195 Quis
3254 2131 3520 2188 clamor?

1859 2219 2124 2275 Pessima
2155 2219 2332 2285 fama,
2369 2219 2593 2275 malum
2643 2219 2998 2292 exemplum.
3033 2218 3270 2290 Clamor,
3304 2220 3518 2294 inquit,

1810 2338 1821 2347 ο
1858 2308 2214 2366 Sodomorum
2242 2311 2391 2364 venit
2416 2309 2487 2364 ad
2528 2324 2616 2364 me
2665 2308 2821 2382 (Gen.
2879 2325 3040 2378 xvm,
3098 2309 3210 2380 28).
3259 2310 3519 2367 Breviter

1858 2398 1980 2470 [ms.
2008 2397 2948 2469 Frisiag.,1Perbreviicr]dixerim:
2965 2413 3145 2454 causa
3170 2398 3519 2470 perditionis

1857 2485 2039 2542 totius
2070 2485 2216 2541 mihi
2247 2484 2448 2558 populi
2483 2486 2811 2557 commissi,
2861 2490 3302 2541 commanentes
3333 2486 3519 2558 (1039)

1858 2573 1944 2629 illi
1978 2578 2119 2629 sunt
2150 2573 2363 2630 clerici.
2397 2573 2578 2637 Quem
2607 2573 2765 2629 enim
2795 2572 3082 2628 laicorum
3130 2574 3202 2630 de
3231 2571 3521 2630 adulterio

1861 2662 2171 2719 convenire
2202 2678 2385 2718 ausus
2417 2661 2663 2719 fuissem
2692 2662 2752 2717 in
2768 2660 2991 2735 synodo
3020 2661 3224 2731 (1040),
3259 2662 3522 2734 quem'de

1863 2752 1982 2825 perj
1994 2750 2139 2820 urio,
2155 2767 2330 2822 quem
2344 2750 2415 2806 de
2432 2749 2639 2823 quovis
2658 2749 2901 2823 ﬂagitio,
2917 2749 3264 2808 clericorum
3275 2751 3522 2808 frustra-

1859 2844 1959 2899 tus
1983 2837 2239 2912 judicio?
2269 2837 2409 2905 Quis
2439 2838 2596 2894 enim
2619 2838 2718 2895 ille
2747 2842 2921 2909 esset,
2969 2839 3061 2895 cui
3094 2856 3213 2896 non
3242 2828 3522 2900 continuo

1861 2930 1977 2997 ille,
2011 2929 2121 2985 etsi
2151 2928 2324 2984 labiis
2353 2945 2469 2983 non
2521 2929 2780 2993 auderet,
2834 2928 3007 2985 corde
3043 2928 3302 2986 diceret:
3346 2931 3523 3002 Hypo-

1861 3021 2025 3084 crita,
2058 3018 2113 3073 id
2148 3022 2237 3073 est
2266 3016 2722 3089 pseudoclerice,
2754 3017 2894 3090 ejice
2920 3019 3177 3090 primum
3221 3018 3433 3075 trabem
3456 3018 3525 3076 de

1862 3109 2015 3165 acuto
2066 3111 2157 3165 tuo
2199 3115 2252 3164 et
2278 3114 2406 3163 tunc
2448 3108 2770 3180 prospicies,
2831 3114 2892 3164 ut
2919 3106 3116 3173 educas
3160 3109 3428 3180 festucam
3456 3107 3522 3167 de

1866 3198 2019 3255 oculo
2046 3212 2167 3253 meo
2197 3194 2407 3269 (Matth.
2435 3213 2535 3263 v11,
2570 3198 2645 3267 5).

113 3286 253 3336 retur
273 3284 420 3346 (conc
482 3284 641 3339 Neoc.
697 3300 748 3339 c.
785 3284 858 3356 1).
907 3284 969 3339 Si
1009 3288 1133 3357 quis
1178 3287 1468 3359 presbyter
1521 3304 1752 3344 uxorem
1780 3273 1851 3340 CI
1930 3288 1986 3341 6.
2020 3285 2099 3341 De
2128 3284 2349 3340 talibus
2376 3284 2559 3357 igitur
2587 3301 2723 3340 cum
2748 3283 2934 3349 (101ιί)
2966 3283 3134 3340 nulla
3178 3298 3359 3356 penes
3411 3301 3520 3345 nos

112 3369 326 3443 duterit,
357 3371 697 3446 depmatur;
722 3373 912 3446 magis
944 3378 1138 3430 autem
1168 3374 1303 3447 pelli
1337 3376 1509 3432 debet
1529 3376 1577 3433 si
1594 3375 1753 3431 adul-

113 3516 320 3595 ereptus
350 3518 407 3599 et
431 3513 725 3596 reductus
745 3514 1150 3598 tra‘ditur,.fuit
1163 3516 1409 3573 Juditha
1433 3517 1754 3599 Henricill,

117 3583 263 3639 ducis
291 3586 600 3643 Baioariae.
633 3590 691 3642 et
723 3587 1076 3643 Marchionis
1106 3588 1344 3643 Veronae
1375 3592 1582 3643 mater.
1616 3588 1754 3642 Vide

336 3603 600 3644 αιοαηω.
633 3603 691 3642 et
723 3603 1076 3643 MBI‘ODIODIS
1116 3603 1344 3643 Veronae
1375 3603 1582 3644 mater.
1623 3603 1758 3642 νιαθ

122 3603 263 3639 nucis
293 3603 600 3658 camarae,
633 3603 691 3642 et
723 3603 1076 3643 marcnionis
1116 3603 1344 3643 Veronae
1375 3603 1582 3644 mater.
1623 3603 1757 3642 Viue

122 3654 389 3731 Qualitatis
409 3659 787 3731 conjecturam
811 3663 927 3731 not.
956 3660 1121 3731 410514.
1143 3659 1274 3731 Mox
1303 3660 1600 3731 conjectari
1615 3659 1757 3731 scri-

124 3725 328 3803 psimus
358 3725 711 3803 auctoritate
743 3729 967 3786 laudati
999 3729 1239 3798 codicis,
1273 3730 1377 3786 ubi
1397 3725 1465 3786 'in
1509 3729 1762 3803 vulgatis

123 3800 647 3873 eratconjecturari.

182 3868 357 3943 (1034)
385 3871 543 3928 Sicut
573 3878 722 3937 ante,
754 3870 813 3926 id
847 3874 938 3928 est
965 3875 1231 3943 tempore
1261 3870 1497 3927 Milonis
1510 3871 1762 3939 comitis,

126 3936 481 4022 dc'.quo'v_ide
515 3946 668 4022 part.
693 3936 720 4022 _i
751 3944 826 4022 De
854 3936 1170 4022 contemptu
1199 3957 1473 4022 canonum
1511 3960 1675 4022 num.
1711 3936 1764 4011 ις

128 4009 210 4064 ubi
226 4009 348 4086 jam
380 4009 537 4071 inde"
554 4015 626 4069 ab
654 4015 922 4086 ejusdem
955 4009 1193 4086 comitis
1223 4019 1484 4086 tempore
1517 4019 1650 4086 ante
1671 4009 1768 4070 seé

126 4082 353 4157 cundum
384 4101 565 4157 suam
598 4082 1002 4157 expulsionem
1035 4084 1182 4157 nihil
1216 4085 1329 4140 sibi
1346 4082 1395 4140 _a
1423 4085 1648 4141 clericis
1682 4103 1769 4142 re-

125 4149 352 4210 bellibus
384 4149 873 4213 relictum-tradit
898 4163 1100 4228 praeter
1126 4156 1441 4212 chrismatis
1477 4158 1771 4228 confectio-

126 4237 234 4310 ζψνη
261 4234 313 4310 cf
328 4228 685 4310 citrismandi
711 4228 978 4310 quidlibet
976 4232 1324 4310 potestatein.
1353 4228 1513 4310 Iianc
1532 4229 1770 4310 formu-

130 4290 250 4372 lein
264 4296 480 4372 ibidem
515 4290 943 4372 explicavimus
965 4290 1031 4372 in
1080 4304 1202 4355 not.
1234 4300 1397 4372 Quod
1419 4371 1422 4372 ν
1447 4304 1646 4372 autem
1678 4300 1775 4356 hic

130 4365 348 4443 additur
380 4386 507 4427 cum
557 4365 1073 4443 subscriptionibus,
1108 4387 1249 4443 num
1304 4371 1528 4426 indicat
1576 4371 1776 4443 aliqua

130 4434 462 4515 documenta
491 4434 781 4515 ex_gr.in'
809 4434 1373 4515 consecrationibus,
1398 4434 1777 4515 ordinationi-

132 4503 249 4595 bus,
280 4510 524 4595 aliisque
542 4503 883 4595 chrismatis
901 4513 1110 4568 usibus
1127 4503 1370 4581 tradita,
1387 4514 1603 4586 quibus
1620 4515 1773 4587 epis-

130 4590 294 4650 cepus
320 4583 767 4640 subscriberet?
1403 4583 1423 4586 ”
1657 4583 1674 4587 “

391 4655 759 4740 Adjecimus.
797 4670 924 4711 cum
954 4671 1025 4738 ei;
1052 4671 1208 4740 sape
1255 4653 1495 4740 laudato
1547 4657 1777 4740 codice;

134 4723 503 4810 ejusdemque
527 4726 800 4810 subsidio
831 4743 968 4810 mox
998 4723 1153 4783 inibi
1172 4727 1646 4800 emendavimus,
1675 4728 1776 4784 ubi

136 4794 423 4872 eratimihii.
455 4803 512 4854 et
545 4801 653 4872 [im
676 4799 779 4853 ubi
809 4801 936 4872 erat
963 4814 1105 4872 sum,

194 4865 365 4942 (1036)
381 4865 741 4942 Beneﬁcium
768 4869 1019 4926 militare
1047 4869 1351 4942 dicebatur
1380 4870 1599 4926 fundus
1634 4887 1778 4926 usu-

139 4929 432 5014 [ructnario
453 4929 593 5014 δαί-ρ
616 4957 955 5009 concessus,
978 4957 1153 5013 quem
1174 4941 1276 5012 qui
1309 4942 1649 5014 recipiebat,
1667 4943 1778 5014 ini-

140 4998 307 5085 !ilflrc,
334 4998 882 5085 autiumilites,icum
904 4998 1243 5085 opusesse‘t,
1280 4998 1660 5085 suppeditare
1687 5013 1786 5068 de-

140 5071 315 5169 iifbat.
334 5082 651 5169 Bathe‘rius
664 5071 888 5169 aliquot
903 5071 1044 5169 furid
1049 5084 1123 5166 is,
1148 5071 1248 5154 qui
1269 5071 1620 5169 episcopalis
1627 5085 1785 5156 juris

141 5153 305 5214 erant,
340 5153 393 5208 in
430 5153 784 5211 militarium
818 5153 1239 5211 beneﬁciorum
1293 5153 1547 5211 formam
1581 5153 1783 5211 decem

144 5216 469 5309 Egbedialis
490 5226 747 5309 ecclesiae
774 5226 1038 5291 clericos,
1073 5225 1581 5309 quosalloq‘uitur,
1603 5227 1787 5309 dona-

144 5295 302 5371 ferat.
336 5295 554 5371 Exsua
581 5303 780 5371 autem
806 5295 1432 5371 pauperlaiulainquit;
1457 5298 1598 5370 quia
1618 5298 1789 5370 plura

142 5353 470 5442 Veronensis
498 5353 1208 5442 episcoipatiisbonajamf
1228 5353 1514 5425 distracta
1536 5374 1592 5425 et
1620 5353 1785 5425 occu-

146 5434 265 5513 pa‘ta
293 5434 553 5513 fuerant;
576 5444 640 5497 ut
668 5434 727 5496 iri
763 5441 1060 5511 Qualitatis
1076 5434 1791 5513 conjecturaiconquestus

149 5504 410 5584 (ιβῒῐιιιῐηἶ
468 5504 557 5566 13.
607 5504 865 5568 Αάἁὶῖει
915 5513 1014 5584 lioc
1060 5504 1267 5581 gratis;
1323 5511 1461 5584 quia
1508 5504 1794 5568 beneficia

148 5580 412 5706 Ejetazriiodti
446 5598 875 5658 nonnunquam
898 5580 1096 5656 aliquo
1121 5599 1220 5638 mu
1233 5580 1371 5639 nere
1402 5588 1634 5656 recepto
1656 5600 1792 5640 con-

313 5666 380 5705 an
413 5669 503 5706 ur.

243 5662 503 5707 ebantur.

182 5718 383 5802 X1037.)
414 5724 733 5802 Construe:
757 5724 911 5802 Quid
940 5724 1217 5802 agentium
1258 5725 1480 5802 a__nobis_
1501 5725 1566 5802 de
1593 5725 1798 5802 synon

152 5794 451 5867 “perrime
478 5802 604 5853 acta
620 5801 645 5855 Ρ
663 5801 725 5855 In
747 5794 1212 5870 Q'uadmgesima
1228 5795 1454 5857 scilicet
1464 5794 1645 5875 huius
1657 5796 1799 5860 anni

447 5920 719 5992 Parcet.
764 5922 1071 5993 CXXXVI.

1862 3374 2015 3431 445
2049 3372 2290 3429 omnino
2335 3372 2416 3428 sit
2445 3372 2719 3445 quaestio;
2742 3371 2901 3427 unde
2923 3372 3185 3445 synodus
3217 3372 3310 3446 agi
3343 3362 3517 3431 debe-

1864 3518 1971 3573 966
2000 3516 2289 3587 synodum
2321 3513 2548 3587 habuit,
2580 3530 2648 3587 ex
2680 3528 2798 3585 qua
2813 3511 3382 3587 Synodicamedidit.

1938 3582 2122 3655 (1038)
2152 3582 2463 3640 Ratherius
2495 3585 2554 3638 in
2588 3582 2934 3654 Coniessione
2960 3598 3139 3655 num.
3159 3584 3197 3640 5
3222 3601 3291 3641 ex
3311 3584 3523 3642 Deuts-

1872 3653 2139 3715 ronomio
2170 3672 2220 3711 c.
2263 3670 2425 3724 xxm,
2454 3671 2506 3710 v.
2538 3657 2593 3727 2A,
2639 3653 2931 3719 Munzeres,
2978 3653 3195 3727 inquit,
3244 3655 3303 3713 id
3347 3663 3425 3713 est
3452 3670 3524 3714 ex

1871 3737 2043 3787 scorto
2071 3730 2254 3798 natus,
2283 3742 2389 3781 seu
2419 3725 2681 3798 spurius.

1947 3800 2134 3872 (1039)
2161 3794 2589 3879 commanentes,
2622 3796 2711 3853 illi
2743 3794 2968 3879 scilicet
3008 3794 3227 3869 clerici,
3260 3799 3363 3875 qui
3410 3817 3532 3858 una

1876 3868 2009 3928 cum
2045 3868 2261 3944 populo
2292 3885 2393 3924 seu
2426 3868 2595 3924 laicis
2626 3871 2887 3925 manent.
3102 3940 3112 3953 .
3212 3868 3217 3869 ⁷
3274 3868 3297 3875 “
3345 3942 3358 3954 .

1947 3944 2132 4024 (10110)
2160 3940 2462 4024 Synodum
2497 3940 2605 3996 hoc
2634 3940 2778 4024 loco.
2804 3955 3010 3997 vocare
3060 3942 3297 4024 Videtur
3341 3942 3530 4024 diem,

1878 4010 2009 4094 quae
2038 4010 2556 4094 in_visitaiionibus
2578 4010 2957 4094 ecclesiarum
2975 4014 3319 4094 cogebatur,
3344 4014 3445 4094 ubi
3461 4010 3534 4094 de

1878 4081 2047 4142 laicis
2101 4083 2403 4158 inquisitio
2450 4083 2646 4139 ﬂebat.
2697 4082 2844 4158 Vide
2889 4089 3014 4139 not.
3050 4081 3125 4158 in
3173 4081 3345 4158 epist.
3394 4087 3431 4142 5
3459 4086 3534 4158 ad
3645 4081 3656 4089 ’

1878 4158 2167 4214 Joannem
2184 4153 2313 4221 XII,
2347 4154 2406 4208 in
2440 4170 2556 4226 qua
2584 4153 2783 4226 synodi
2796 4169 3021 4226 nomen
3050 4154 3161 4210 hoc
3192 4153 3368 4211 sensu
3392 4155 3539 4226 acci-

1925 4229 2060 4306 itu_r.
2092 4228 2290 4306 Neque
2321 4224 2477 4306 enini
2510 4226 2583 4280 de
2618 4224 2860 4306 synodo
2898 4224 3246 4305 dimcesana,
3266 4224 3534 4306 .qualein

1937 4294 2289 4356 atherius'in
2322 4296 2503 4368 hujus
2533 4294 2679 4350 anni
2699 4294 3164 4368 Quadragesima
3200 4294 3533 4368 celebravit,

1884 4377 1941 4449 et
1970 4372 2040 4449 de
2073 4387 2190 4443 qua
2218 4365 2420 4449 agitur
2444 4383 2689 4423 numero
2715 4365 3018 4449 sequenti,
3037 4365 3097 4449 id
3121 4365 3401 4449 _inteliigi
3434 4365 3535 4449 pq.

1883 4448 2021 4511 test,
2054 4435 2189 4497 cum
2220 4435 2285 4494 iii
2310 4456 2439 4495 eam
2471 4455 2587 4511 non
2601 4435 3556 4511 convocenturiaici,necdedaicis'

1888 4507 2193 4585 inquisitio
2223 4512 2347 4585 fiat,
2381 4513 2448 4585 ut
2471 4510 2529 4565 in
2554 4507 3204 4585 synodisvisitationum
3236 4509 3542 4585 occasione

1890 4578 2107 4643 coactis
2138 4582 2369 4638 accidit.
2403 4578 2711 4653 Inquisitio
2743 4582 2812 4636 de
2840 4578 3068 4653 clericis
3091 4580 3268 4638 ﬁebat
3295 4582 3357 4637 in
3388 4579 3541 4653 capi-

1810 4642 1857 4707 D
1887 4656 2029 4712 tulis
2060 4642 2814 4723 visitationumfdequibus
2834 4651 2895 4707 in
2909 4652 3113 4709 eadem
3144 4642 3542 4710 notationedi-

1886 4728 2105 4795 ximus,
2139 4740 2362 4798 necnon
2394 4724 2454 4778 in
2485 4722 2707 4795 synodo
2739 4722 3089 4791 dimcesana,
3116 4723 3177 4798 in
3209 4740 3384 4798 quam
3433 4723 3545 4798 soli

1889 4794 2098 4855 clerici
2115 4794 2489 4861 conveniunt,
2522 4794 2589 4850 ut
2609 4810 2854 4850 numero
2880 4795 3146 4866 sequenti
3174 4794 3415 4866 patebit.
3439 4796 3544 4851 So-

1890 4871 2014 4927 lum
2047 4868 2107 4923 in
2136 4866 2429 4939 ejusmodi
2461 4866 2698 4939 synodis
2715 4864 3548 4939 constitutiones‘quandoque

1893 4937 2289 5022 feruniour'pro
2332 4937 2617 5020 laicorum
2662 4937 2969 5022 regimine,
3006 4941 3069 4992 ut
3102 4952 3174 4991 ne
3213 4937 3431 5022 ltamen
3451 4937 3546 5010 hi,

1893 5014 2000 5070 etsi
2025 5007 2277 5081 alicujus
2307 5008 2573 5065 criminis
2604 5007 2711 5076 rei,
2734 5007 2962 5081 ibidem
2994 5008 3437 5081 conveniantur.

1967 5085 2150 5157 (ΙΟιι1)
2177 5079 2315 5157 Haec
2346 5098 2414 5136 ex
2445 5080 2832 5157 sequentibus
2862 5079 2948 5157 sic
2987 5079 3545 5157 explicari__queunt.

1896 5150 2039 5213 Cum
2071 5150 2143 5210 de
2173 5153 2390 5209 talibus
2413 5150 2760 5226 criminibus
2773 5150 3171 5226 etcriminosis
3184 5150 3347 5226 nulla
3368 5168 3547 5226 penes

1898 5245 2005 5284 nos
2038 5226 2254 5298 debeat
2275 5222 2682 5298 essegpaastio,
2716 5222 3165 5298 seuinquisitio;
3189 5222 3549 5298 unde_syno-

1899 5266 2011 5356 dii;
2039 5266 2137 5369 agi
2168 5266 2975 5369 dueberethxemplumpor‘i'o
2997 5266 3550 5369 subiicitexhimce-

1901 5386 2049 5427 sana
2082 5365 2330 5441 synodo,
2354 5382 2531 5441 quam
2544 5365 2962 5441 in_qraacedent_i
2978 5365 3138 5441 Quad
3149 5365 3551 5441 regesimaha-

1901 5441 2053 5511 buit,
2084 5434 2186 5495 u'bi
2217 5439 2287 5493 de
2319 5434 2468 5511 solis
2493 5434 2739 5509 psalmis
2764 5442 2822 5511 et
2851 5437 2984 5511 aliis
3004 5434 3553 5511 ejusmodileviori-

1903 5506 2124 5571 bus'ab
2154 5527 2221 5567 eo
2253 5509 2424 5578 cujus
2455 5506 2734 5564 intererat
2771 5506 3066 5579 inquirere
3114 5507 3358 5579 quaestio
3406 5506 3561 5579 facta

1906 5584 2038 5656 fuit.
2072 5584 2157 5638 nit
2181 5574 2436 5656 ampiius‘
2449 5579 2590 5652 quod
2619 5574 3011 5656 emendaretur
3040 5574 3283 5656 invento:
3317 5574 3560 5656 De__nl_i_i.s

1907 5655 2138 5727 scilicet
2169 5645 2556 5727 gravioribus,
2575 5650 2791 5725 quibus
2804 5650 3070 5727 plerique
3080 5651 3250 5708 erant
3266 5645 3560 5721 impliciti,

1908 5720 2136 5805 inquiri
2160 5720 2456 5788 nolebant.

3163 5907 3244 5984 19
3554 5917 3572 5995 l
