3892 6386
319 353 437 412 587

1244 353 1617 414 RATHERII
1660 352 1905 413 EPISC.
1954 348 2236 412 VERON.
2286 350 2458 412 OPP.
2506 350 2708 414 PARS
2754 349 2807 414 Ι.

3619 350 3734 415 588

323 490 429 553 ret,
464 486 639 551 unde,
674 485 827 541 unde
857 501 1016 559 rogo,
1044 485 1401 541 concilium?
1420 485 1693 542 Recolitis
1714 502 1968 557 namque
1997 492 2053 553 Α
2081 483 2387 539 stolorum.
2421 485 2538 539 Hac
2568 485 2870 540 occasione
2902 485 3242 557 synodicam
3273 484 3530 543 scribere
3551 489 3738 543 omni-

325 591 629 647 cognosco,
666 592 759 630 me
789 575 1134 647 praecepisse
1169 575 1373 647 (1043),
1408 579 1471 629 ut
1502 575 1731 631 duobus
1763 574 1968 629 diebus

326 662 793 735 archipresbyter
821 666 878 718 et
924 663 1387 730 archidiaconus,
1440 680 1533 719 me
1587 665 1845 727 absente,
1877 663 1974 717 ad-

325 756 629 807 ventantes
660 768 794 807 cum
830 752 1142 807 ordinariis
1173 752 1448 808 omnibus
1475 752 1691 824 pariter
1721 752 1975 808 residen-

326 840 488 896 tibus
518 840 897 911 discuterent,
933 841 1743 897 dietertiaemendandamihi
1776 840 1976 895 omnia

327 929 652 985 recitarent.
686 931 924 986 Factum
956 936 1064 985 est.
1118 931 1400 987 Residens
1432 930 1781 1003 interrogavi
1832 929 1973 1001 quid

327 1022 521 1073 actum
555 1018 781 1074 fuisset.
816 1019 1136 1092 Respondit
1157 1019 1763 1090 cujusintererat,vos
1787 1018 1977 1089 inqui-

328 1105 475 1162 sisse
507 1109 689 1179 (1043)
723 1108 793 1163 de
824 1108 1089 1179 psalmis;
1122 1113 1178 1163 et
1206 1108 1572 1180 hujusmodi,
1595 1112 1671 1173 et,
1697 1108 1810 1163 Deo
1842 1124 1974 1179 gra-

328 1195 463 1263 tias,
498 1213 612 1251 non
639 1195 1341 1252 malumadeoinvenisse.
1363 1197 1507 1260 Quid
1543 1196 1815 1253 haberem
1839 1212 1975 1267 ergo

331 1284 401 1339 de
432 1288 517 1339 tot
549 1285 791 1353 sanctis,
825 1284 937 1341 nisi
968 1285 1083 1340 Deo
1101 1285 1319 1357 gratias
1340 1285 1560 1341 dicere?
1578 1284 1842 1339 Psalmos
1860 1301 1976 1339 non

332 1370 484 1427 male
516 1373 658 1428 adeo
688 1374 927 1441 scirent,
946 1373 1239 1428 immunes
1258 1391 1289 1428 a
1315 1372 1536 1429 caeteris
1555 1373 1744 1447 culpis
1768 1372 1976 1428 existe-

330 1464 487 1527 rent;
522 1461 697 1530 unde,
730 1478 948 1533 quaeso,
983 1463 1243 1534 synodus
1274 1462 1364 1534 agi
1394 1462 1658 1517 deberet?
1692 1463 1981 1532 Deceptio-

330 1564 462 1602 nem
487 1548 942 1620 igituranimaru
953 1567 1011 1604 n1
1025 1550 1133 1605 hoc
1150 1567 1277 1604 esse
1293 1549 1622 1621 intelligens
1637 1549 1975 1615 maximam,

330 1653 515 1691 unum
549 1637 607 1692 in
623 1639 796 1693 corde
819 1638 957 1705 dixi,
988 1637 1335 1693 aliudlabiis
1360 1637 1594 1709 protuli.
1629 1637 1976 1693 Cordeenim

330 1724 479 1781 mihi
511 1726 622 1798 ipsi
655 1727 1437 1798 sumitaconquestus:Quis
1467 1725 1660 1793 tubis,
1694 1725 1976 1796 autquasi

330 1814 464 1887 quis
495 1803 637 1870 hic?
670 1815 865 1870 Labiis
915 1832 1048 1871 vero
1082 1816 1162 1870 ita
1211 1815 1423 1871 dicenti
1482 1814 1783 1886 respondi:
1820 1814 1878 1869 Si
1908 1813 1979 1869 de

328 1904 593 1977 psalmis,
627 1911 682 1961 et
713 1922 827 1961 non
860 1906 929 1960 de
959 1904 1071 1960 alio
1104 1906 1161 1959 in
1196 1905 1305 1960 isto
1358 1903 1603 1959 concilio
1649 1904 1819 1958 debet
1851 1919 1979 1957 esse

329 1994 708 2065 conquaestio,
743 2012 835 2051 me
867 1995 1125 2067 primum
1158 1994 1230 2050 ad
1262 2010 1503 2049 examen
1533 1993 1672 2065 prod
1686 1991 1835 2048 ucite
1876 1993 1974 2062 [al.

330 2084 673 2156 perducite];
707 2084 968 2140 convinci
1001 2101 1136 2139 nam
1172 2100 1436 2156 possum,
1473 2100 1564 2139 me
1595 2082 1723 2137 illos
1766 2099 1881 2137 non
1914 2085 1980 2136 ut

332 2177 685 2246 competeret
706 2174 874 2228 scire.
905 2173 1068 2229 Unde
1101 2173 1282 2245 igitur
1298 2174 1556 2245 synodus
1582 2176 1871 2244 ageretur,
1895 2170 1977 2225 nil

330 2263 585 2335 amplius
616 2264 769 2335 quod
802 2263 1213 2320 emendarclur
1233 2262 1497 2317 invento?
1517 2260 1978 2315 Sciscitatusita-

330 2369 444 2423 que
474 2353 543 2407 de
574 2353 688 2408 ﬁde
717 2350 975 2420 illorum,
1009 2350 1201 2407 inveni
1233 2349 1517 2422 plurimos
1563 2365 1751 2420 neque
1783 2348 1979 2421 ipsum

331 2457 535 2513 sapere
565 2441 921 2514 symbolum,
949 2442 1105 2512 quod
1142 2441 1321 2496 fuisse
1354 2440 1507 2494 446
1539 2438 1797 2494 creditur
1842 2454 1979 2509 apo-

405 2622 752 2693 (1042)'Hazc
784 2620 1115 2693 referuntur
1145 2618 1215 2693 ad
1250 2617 1538 2693 synodum
1590 2617 1981 2693 dioecesanam

330 2689 596 2751 habitam
627 2696 685 2749 in
746 2691 1092 2765 praecedenti
1153 2690 1625 2765 Quadragesima
1671 2689 1980 2765 anni__966.

330 2759 912 2825 Animadversionem
953 2766 1209 2817 meretur
1234 2759 1412 2823 ritus,
1440 2777 1554 2830 quo
1576 2759 1863 2829 ejusmodi
1898 2776 1985 2830 sy-

334 2840 526 2896 nodus
556 2836 976 2892 celebrabatur.
1010 2831 1233 2887 Similis
1263 2831 1436 2884 etiam
1460 2831 1610 2885 ritus
1642 2831 1988 2885 servabatur

336 2912 397 2966 in
431 2908 688 2982 synodis,
723 2923 858 2982 quae
882 2903 1186 2982 occasione
1215 2900 1613 2982 visitationem
1646 2902 1703 2980 in
1734 2901 1985 2982 singulis

381 2971 632 3036 ardcbiis
662 2971 956 3032 ruralibus
978 2973 1350 3044 cogebantur.
1367 2972 1447 3044 De
1471 2971 1564 3044 bis
1590 2971 1741 3026 enim
1777 2971 1861 3027 sic
1883 2972 1986 3044 ba-

381 3056 438 3107 et
464 3066 650 3106 canon
680 3045 909 3104 concilii
931 3042 1420 3114 Rotbomagensis
1441 3058 1475 3096 a
1497 3042 1796 3114 Reginone
1818 3043 1985 3098 nobis

342 3126 717 3179 conservatus
766 3119 867 3173 lib.
902 3134 939 3171 Il
972 3117 1051 3171 De
1083 3112 1287 3170 eccles.
1349 3112 1609 3179 Disciplf
1653 3130 1702 3168 ο.
1734 3115 1789 3167 1;
1853 3114 1987 3169 Cum

339 3197 815 3283 episcopuslsuam
842 3188 1117 3268 diéecesim
1154 3186 1372 3283 ci'rc'ui‘t,
1423 3185 1858 3283 archidiaconus,
1882 3185 1984 3283 Ivel
2016 3216 2058 3283 Ο

339 3256 780 3336 archipresbyter
805 3277 931 3336 eum
947 3260 1157 3336 prwire
1183 3257 1337 3336 debet
1366 3272 1473 3311 uno
1503 3260 1598 3311 aut
1625 3256 1835 3336 duobus
1864 3256 1986 3311 die-

343 3342 439 3393 bus
464 3328 567 3409 per
591 3328 905 3409 parochias,
932 3328 1065 3409 quas
1090 3330 1412 3409 visitaturus
1440 3336 1549 3409 est;
1583 3331 1633 3381 et
1656 3328 1809 3409 plebe
1856 3344 1984 3409 con-5

339 3401 524 3465 vocata
552 3401 888 3462 aimuntiare
917 3401 1068 3457 debet
1092 3401 1319 3472 prolirii
1332 3401 1573 3471 pastoris
1601 3401 1912 3457 adventum.
1936 3407 1986 3453 et

340 3491 399 3537 ut
427 3497 611 3537 omnes
641 3479 710 3534 ad
739 3477 855 3548 ejus
886 3471 1645 3548 synodumdiedonominata
1678 3472 1983 3548 imprimer-

338 3558 502 3611 misse
532 3542 806 3609 occuran't.
853 3591 864 3602 .
911 3542 935 3602 ἶ
970 3590 981 3601 .
1014 3543 1217 3600 Deinde
1247 3542 1471 3598 adscitis
1498 3558 1681 3597 secum
1705 3544 1982 3612 presbyte-

337 3631 436 3692 ris,
470 3628 566 3697 qui
588 3625 691 3697 illo
724 3614 1702 3697 in_locoservitiumdebentem/libere
1718 3615 1982 3695 episcopo,

334 3686 601 3771 quidquid
629 3695 693 3748 de
721 3690 1027 3771 minoribus
1053 3696 1103 3742 et
1152 3686 1448 3771 levioribus
1489 3686 1669 3764 causis
1714 3686 1985 3754 corrigere

330 3757 520 3842 potest,
545 3763 840 3842 emendare
869 3767 1112 3842 satagat,‘
1136 3765 1201 3842 ut
1223 3757 1473 3842 pontifex
1502 3758 1724 3842 veniens
1775 3771 1982 3842 nequa-

332 3824 875 3910 quam'faczlioribus
904 3824 1149 3910 negotiis.
1169 3824 1606 3910 fatiget-armate.
1655 3824 1778 3878 Non
1807 3824 1982 3910 .absi-

330 3895 568 3972 militer,
599 3919 734 3958 cum
762 3895 1021 3971 cogenda
1037 3895 1430 3972 eratsynodus
1443 3895 1982 3972 dimcesana,bidu_o

329 3985 462 4035 ante
494 3966 973 4044 archipresbyter
993 3973 1049 4044 e_t
1072 3966 1520 4044 arcbidiaconus
1540 3983 1800 4044 unacum
1827 3966 1982 4044 ordi-

332 4049 531 4116 dariis,
563 4046 623 4100 id
654 4035 742 4099 est
771 4035 1067 4116 canonicis
1088 4036 1344 4116 ecclesiae
1370 4035 1984 4116 cathedralis,_parjter

330 4106 723 4177 residentibus
755 4130 873 4180 eos,
907 4110 1007 4182 qui
1039 4125 1107 4164 ex
1128 4106 1593 4182 titulisurbisac
1621 4123 1689 4162 ex
1712 4106 1980 4182 plebibus

333 4191 628 4248 ruralibus
658 4185 842 4241 vocati
861 4178 1043 4239 erant
1072 4180 1142 4234 ad
1173 4178 1793 4249 synodum,discutere
1815 4180 1983 4234 debe-

330 4265 492 4327 bant,
529 4266 594 4316 ut
626 4260 673 4315 si
708 4275 834 4329 qua:
865 4248 1442 4329 essentemendanda
1457 4248 1765 4329 diligenter
1786 4249 1976 4329 inqui-

332 4321 546 4399 rerent,
578 4336 636 4388 et
664 4321 1681 4403 dietertia,qua‘epjscopussynodo
1714 4325 1975 4403 praei-at,

332 4405 446 4477 ipsi
477 4392 838 4477 corrigenda
852 4392 1163 4477 referrent.‘
1176 4392 1470 4477 .Ord'inarii
1499 4395 1693 4472 autem
1708 4392 1806 4477 ita
1824 4392 1977 4477 dice-

334 4462 548 4532 bantur
578 4462 841 4527 canonici
873 4463 1224 4522 cathedralis
1253 4463 1626 4531 Veronensis,
1661 4462 1745 4517 uti
1773 4464 1976 4518 eadem

332 4543 720 4618 appellatione
752 4533 1976 4618 nubcupa‘banturcanoniciArgentinensis

330 4605 706 4686 cathedralis,
737 4615 794 4665 et
826 4605 1421 4686 Mediolanenseshoc
1448 4605 1681 4686 quoque
1716 4610 1976 4686 tempore

326 4684 603 4743 ordinarii
629 4676 926 4737 vereantur.
961 4678 1040 4734 De
1069 4676 1615 4747 Argentinensibus,
1647 4694 1750 4731 seu
1778 4676 1976 4731 Stras-

326 4755 717 4829 burgensibus
750 4754 925 4829 ﬁdem
957 4748 1094 4805 facit
1142 4747 1871 4829 lt'e'g‘inonis-continua.tor
1900 4748 1971 4802 ad

326 4818 545 4885 annixm
577 4828 704 4890 925,
738 4825 835 4879 ubi
861 4824 1152 4877 Benonem
1181 4818 1415 4889 Vitgero
1436 4818 1674 4873 Metensi
1700 4819 1972 4890 episcopo

326 4845 545 4885 annum
577 4837 704 4890 925,
738 4837 835 4879 ubi
861 4837 1152 4877 benenem
1190 4837 1415 4889 Vitgero
1436 4837 1674 4873 metens:
1700 4837 1893 4890 episco
1941 4837 1972 4873 0

326 4901 638 4955 suffectum
668 4896 843 4953 tradit
872 4911 941 4949 ex
969 4890 1271 4946 ordinariis
1296 4890 1824 4959 Strasburgensibus.
1861 4837 1972 4945 life-

327 4971 696 5025 diolaneuses
730 4982 898 5039 porro
928 4964 1103 5039 etiam
1136 4960 1395 5039 antiquis
1428 4960 1788 5039 temporibus
1819 4962 1972 5039 ordi:

325 5044 514 5096 uarios
546 5032 877 5095 nominatos
910 5032 1422 5106 probantantiqua
1439 5032 1791 5106 documenta
1816 5032 1968 5106 apud

326 5111 677 5167 Puricellum
710 5114 766 5163 et
787 5102 1140 5178 Ugh'ellium.
1158 5102 1396 5178 Nequis
1414 5119 1545 5178 vero
1564 5102 1681 5155 haec
1706 5102 1972 5173 exempla

327 5202 394 5240 ex
426 5182 556 5237 aliis
590 5173 865 5236 Ecclesiis
895 5176 1139 5248 quaesita
1171 5173 1399 5248 minimi
1435 5174 1625 5248 faciat,
1651 5178 1971 5248 prmstoest

323 5253 554 5325 insigne
587 5243 1003 5325 documentum
1022 5243 1620 5325 _nsstrze“Yeronensis
1651 5243 1917 5325 Ecclesia:
1936 5261 1970 5298 a

325 5314 659 5381 Marbhione
688 5324 855 5376 Joan.
884 5318 1095 5374 Jacobo
1127 5317 1198 5370 de
1230 5314 1518 5387 Dionysiis
1550 5315 1827 5370 canonico
1860 5332 1967 5369 nu-

324 5397 574 5467 perrime
603 5393 903 5467 vulgatum
934 5391 992 5443 in
1025 5385 1779 5467 Collecti‘one'di‘plomatum
1801 5402 1963 5467 num.

319 5455 379 5523 31
420 5483 550 5539 pag,
586 5455 1015 5539 448,Vscx-i_ptum
1040 5457 1414 5539 ann_o.973..lnl
1448 5455 1555 5511 hoc
1586 5456 1740 5539 enim
1755 5457 1966 5537 eodem

316 5526 707 5611 planevmodo;
726 5526 954 5611 legi-Itur
970 5549 1000 5611 ε.
1033 5529 1495 5611 ΑονεΙξζρΤεεὸείιενε
1548 5526 1967 5611 archidiaconus

316 5598 365 5665 ἐι
394 5610 582 5665 caeteri
610 5598 922 5663 ordinarii:
953 5607 1010 5657 et
1040 5598 1313 5656 similiter
1340 5598 1560 5669 pluries
1601 5598 1876 5653 ordinarii
1905 5599 1964 5654 in

312 5682 514 5735 eodem
531 5680 883 5735 documento
899 5672 1269 5745 appellantur
1292 5668 1774 5745 etintelliguntur
1790 5687 1963 5745 cano-

313 5753 450 5823 nici.
485 5751 629 5811 Hinc
661 5766 795 5822 cum
814 5740 1125 5811 Ratbérius
1143 5743 1202 5801 in
1217 5740 1964 5818 epistJZad'Ambrosium

2081 572 2192 627 bus
2224 573 2578 645 presbyteris
2611 589 2742 627 sum
2775 572 3139 646 compulsus,
3172 573 3230 629 in
3256 591 3374 646 qua
3401 576 3741 633 continetur

2081 661 2359 734 primitus
2390 662 2473 717 ita
2502 679 2766 718 suasum.
2789 686 2817 712 «
2852 662 3059 719 Moneo
3074 663 3670 736 igiturpaternaliler,
3685 671 3741 722 et

2082 750 2352 823 principio
2383 750 2773 823 pastoraliter,
2807 755 2873 806 ut
2903 752 3153 807 dicentis
3182 752 3443 824 Apostoli
3495 754 3738 810 remini-

2083 843 2332 907 scentes,
2368 840 2508 911 quia
2564 842 2684 895 sine
2713 840 2819 911 ﬁde
2873 842 3209 912 impossibile
3236 846 3312 897 est
3355 842 3580 913 placere
3636 845 3741 900 Deo

2085 928 2346 999 (Hebrum,
2378 930 2455 996 6),
2488 928 2597 982 hoc
2619 933 2707 983 est
2732 929 2858 984 sine
2889 928 3251 997 credulitate,
3284 948 3411 1002 qua:
3443 930 3618 987 nobis
3641 949 3741 1004 per

2084 1015 2398 1087 apostolos,
2448 1033 2768 1089 eorumque
2826 1006 3194 1074 successores
3223 1022 3312 1074 est
3358 1020 3610 1087 tradita;
3663 1024 3738 1088 et,

2084 1105 2224 1177 quia
2241 1107 2427 1177 justus
2456 1122 2525 1160 ea:
2551 1105 2676 1176 ﬁde,
2710 1105 2768 1160 id
2800 1108 2887 1161 est
2918 1105 3259 1162 creduiitate
3277 1109 3531 1163 suavivit
3563 1110 3740 1180 (Rom.

2085 1212 2125 1259 ι,
2164 1194 2282 1264 17);
2318 1198 2392 1261 et,
2428 1193 2705 1265 Quidquid
2727 1196 2847 1249 sine
2873 1195 2999 1265 ﬁde,
3045 1195 3153 1251 hoc
3184 1199 3272 1251 est
3320 1196 3446 1252 sine
3485 1197 3743 1254 creduli-

2087 1287 2201 1338 tate
2233 1282 2334 1338 Dei
2362 1287 2460 1353 est,
2491 1292 2776 1354 peccatum
2803 1287 2882 1338 est
2913 1284 3045 1354 (Jac.
3080 1302 3142 1351 ιι,
3191 1284 3281 1355 17)
3306 1303 3325 1352 ς
3353 1285 3489 1357 ﬁdes
3541 1290 3740 1343 autem

2086 1371 2144 1426 id
2177 1376 2265 1427 est
2294 1371 2609 1427 credulitas
2640 1371 2761 1437 Dei,
2794 1373 2845 1426 si
2867 1389 2975 1427 non
3009 1374 3169 1428 habet
3197 1389 3361 1445 opera
3408 1374 3566 1431 bona
3590 1393 3741 1432 mor-

2088 1469 2183 1515 tua
2210 1468 2288 1515 est
2317 1461 2377 1514 in
2405 1462 2721 1531 semetipsa:
2758 1459 2943 1531 ipsam
2971 1460 3169 1530 ﬁdem,
3203 1461 3260 1516 id
3294 1466 3383 1517 est
3421 1462 3738 1519 credulita-

2089 1554 2204 1604 tem
2238 1549 2336 1604 Dei
2369 1548 2587 1603 tril'arie
2618 1548 2800 1621 (104ἰι)
2830 1567 3034 1621 parare
3059 1550 3394 1606 memoriter
3426 1550 3739 1619 festinetis,

2088 1639 2197 1693 hoc
2228 1644 2317 1693 est
2345 1638 2599 1709 [subaudi
2628 1636 2814 1709 illam]
2840 1639 3167 1694 secundum
3190 1639 3544 1712 symbolum,
3569 1640 3627 1696 id
3654 1645 3745 1697 est

2088 1725 2457 1782 collationem
2490 1724 3135 1797 apostolorum,sicutin
3152 1726 3447 1799 psalteriis
3465 1729 3743 1784 correctis

2087 1815 2399 1883 invenitur,
2432 1819 2490 1870 et
2521 1814 2680 1870 illam
2715 1816 2839 1887 ε]υῶ
2866 1814 3198 1871 admissam
3229 1816 3482 1884 canitur,
3509 1816 3742 1874 etillam

2086 1909 2140 1958 S.
2174 1904 2498 1971 Athanasii,
2533 1921 2660 1976 qua:
2694 1904 2773 1959 ita
2802 1904 3038 1977 incipit;
3069 1906 3395 1977 Quicunque
3413 1907 3531 1962 vult
3557 1907 3744 1964 salvus

2086 1986 2594 2064 essefQuicunque
2622 1992 2744 2047 vult
2772 2009 2908 2065 ergo
2940 1994 3211 2050 sacerdos
3240 1993 3301 2049 in
3335 1998 3537 2051 nostra
3566 2013 3742 2067 paro-

2089 2082 2218 2136 chia
2248 2098 2396 2148 esse,
2431 2081 2697 2150 autﬁeri,
2724 2086 2824 2136 aut
2847 2098 3207 2154 permanere,
3227 2081 3361 2138 illas
3392 2088 3510 2139 tres
3527 2100 3745 2141 memo-

2090 2172 2230 2225 riter
2259 2170 2426 2226 nobis
2455 2171 2673 2238 recitet,
2702 2187 2837 2226 cum
2871 2171 3137 2243 proxime
3166 2189 3200 2226 a
3231 2171 3401 2227 nobis
3433 2171 3550 2228 huc
3571 2190 3743 2229 voca-

2090 2264 2186 2315 tus
2218 2260 2407 2315 fuerit.
2449 2283 2475 2309 n

2157 2351 2212 2403 7.
2246 2350 2396 2404 Istas
2454 2349 2601 2419 (1&5)
2656 2365 2790 2404 cum
2822 2353 2880 2404 et
2936 2348 3228 2405 mediante
3280 2350 3747 2424 Quadragesima

2090 2437 2210 2493 illis
2237 2437 2571 2493 scribendas
2600 2442 2775 2510 atque
2822 2438 3118 2493 memoriae
3144 2438 3513 2495 mandandas
3544 2440 3743 2496 dedis-

2094 2634 2256 2672 num.
2289 2619 2323 2670 2
2354 2615 2460 2690 ait:
2497 2616 3108 2690 Quemdamdiacmzum
3151 2658 3163 2671 .
3212 2657 3225 2670 .
3272 2658 3285 2671 .
3330 2658 3343 2670 .
3385 2621 3577 2690 contra
3596 2635 3745 2690 spem

2094 2704 2302 2760 quoque
2325 2688 2674 2760 ordinarium
2702 2689 2829 2758 feci,
2857 2687 3142 2760 innuitse
3173 2704 3307 2742 eum
3335 2689 3407 2743 ad
3440 2687 3747 2745 canonica-

2093 2758 2219 2815 tum
2249 2759 2601 2841 cathedralis
2627 2759 3004 2841 promovisse.
3038 2758 3153 2813 Hos
3185 2765 3382 2841 autem
3406 2761 3742 2841 canonicos,

2092 2848 2241 2902 quos
2268 2831 2361 2885 hic
2392 2829 2701 2902 ordinarios
2726 2833 2911 2902 vocat,
2932 2846 3080 2902 mox
3106 2829 3416 2885 cardinales
3445 2832 3741 2891 nominat:

2094 2900 2342 2973 utroque
2373 2902 2527 2973 enim
2552 2901 2719 2973 titulo
2745 2901 2944 2973 donati
2974 2900 3251 2973 leguntur
3269 2902 3446 2973 etiam
3477 2903 3747 2959 canonici

2093 2971 2899 3044 cathedralisMediolancnsis
2920 2971 3746 3044 apudLanduli'umjuniorem

2094 3044 2152 3124 in
2180 3043 2329 3124 llist.
2369 3043 2600 3124 Mediol.
2635 3043 3745 3124 c.22.tom.VRerumItalic.:pag.A4t{2,

2094 3115 2192 3169 ubi
2226 3114 2345 3168 haec
2378 3115 2668 3185 profertur
2695 3113 2958 3186 epistolae
2982 3131 3183 3169 eorum
3216 3113 3569 3186 inscriptio?
3583 3113 3747 3171 Ordié

2094 3188 2248 3240 uarii
2275 3184 2583 3240 cardinales
2611 3194 2820 3240 sancta:
2850 3184 3266 3240 Mediolanensis
3639 3187 3743 3242 Be-

2097 3256 2294 3311 roldus
2308 3273 2540 3328 quoque
2566 3256 2624 3310 in
2643 3256 2832 3328 ordine
2843 3256 3249 3328 EcclesimMed
3260 3256 3576 3313 iolanensis
3588 3258 3747 3314 edito

2097 3273 2540 3380 romusquoque
2566 3274 2624 3310 in
2643 3273 3576 3313 oramenccnesuemedicianensls
3588 3273 3747 3314 edito

2097 3333 2237 3402 tom.
2272 3329 2293 3383 1
2376 3328 2573 3402 Antiq_.
2608 3327 3126 3402 Italie._l\1uratorii
3161 3344 3292 3400 pag.
3324 3329 3421 3383 861
3458 3333 3523 3402 et
3552 3345 3747 3402 seqq.,

2095 3400 2329 3454 eosdem
2361 3397 2672 3453 canonicos
2703 3397 3176 3453 Mediolanenses’
3197 3397 3353 3454 nunc
3401 3397 3743 3467 ordinarios,

2095 3487 2251 3549 nunc
2282 3470 2587 3549 cardinales
2608 3468 2881 3549 appellat.
2910 3469 3117 3549 Notati}
3135 3470 3353 3549 pariter
3368 3469 3617 3549 dignum
3632 3476 3748 3549 est,

2093 3539 2702 3613 archipresbyterum,
2720 3539 2820 3610 qui
2841 3546 2974 3613 ante
2985 3539 3470 3613 archidiaconum
3483 3540 3749 3613 ponitur,

2094 3613 2203 3692 hoc
2233 3611 2496 3692 tempore
2534 3612 2785 3692 primum
2836 3611 3179 3692 dignitatem
3230 3611 3412 3692 fuisse
3457 3611 3516 3667 in
3544 3618 3750 3692 nostra

2093 3681 2413 3738 cathedrali
2445 3682 2707 3749 ecclesia;
2740 3698 2874 3754 cum
2905 3681 3071 3754 initio
3113 3681 3309 3737 saeculi
3361 3683 3745 3754 praecedentis

2094 3755 2374 3809 Paciﬁcus
2401 3758 2457 3808 et
2483 3754 2647 3807 Audo
2680 3752 3076 3808 archidiaconi
3108 3753 3329 3824 primas
3359 3752 3648 3819 tenerent,
3680 3759 3747 3810 ut

2092 3826 2151 3880 in
2184 3825 2317 3880 aliis
2348 3842 2580 3896 quoque
2612 3824 2875 3896 ecclesiis
2907 3826 3023 3896 lere
3053 3823 3371 3896 obtinebat.
3407 3824 3555 3880 Hinc
3575 3826 3636 3880 in
3664 3842 3749 3880 re-

2093 3897 2267 3951 citato
2298 3894 2518 3951 canone
2557 3894 3014 3968 Rothomageusi
3053 3895 3502 3952 archidiaconus
3551 3896 3746 3953 archi-

2091 3968 2429 4038 presbytero
2461 3984 2574 4038 prae
2581 3966 2836 4037 ponitur.

2163 4034 2344 4109 (1063)
2378 4034 2479 4093 Vos
2504 4034 2819 4109 inquisisse,
2871 4034 3084 4109 inquit;
3136 4035 3275 4108 quia
3305 4052 3421 4107 prie
3471 4036 3745 4109 multitu-

2091 4107 2226 4164 diue
2257 4107 2728 4164 convenientium
2760 4108 2832 4163 ad
2874 4107 3166 4179 synodum
3212 4112 3440 4179 tumiex
3489 4107 3742 4178 civitate,

2089 4185 2216 4235 tum
2251 4197 2282 4236 e
2314 4179 2572 4244 dioecesi,
2607 4183 2673 4234 ut
2701 4178 2941 4234 examen
2974 4178 3149 4250 citius
3181 4178 3572 4250 expediretur,
3623 4196 3741 4236 non

2090 4268 2245 4306 unus
2275 4251 2764 4322 archipresbyter,
2793 4255 2910 4322 aut~
2923 4249 3392 4322 archidiaconus,
3420 4251 3520 4306 sed
3536 4267 3742 4307 omnes

2088 4322 2265 4377 etiam
2296 4320 2573 4377 ordinarii
2607 4320 2940 4393 inquirendi
2968 4321 3228 4377 officium
3259 4320 3412 4376 inter
3440 4338 3505 4377 se
3528 4322 3742 4379 divise-

2088 4399 2236 4448 rant.

2157 4464 2459 4536 (1044)lta
2490 4462 2667 4518 codex
2698 4462 2952 4536 Frising.
2983 4479 3117 4517 cum
3148 4460 3400 4536 lectione
3422 4460 3613 4533 ipsius
3645 4479 3740 4536 sy-

2088 4536 2306 4598 nodicae
2332 4533 3140 4606 Vulg.,_praeparare.'Parare
3167 4535 3489 4589 memoriter
3535 4550 3642 4606 pro
3672 4533 3740 4591 eo

2008 4583 2053 4648 D
2087 4583 2481 4678 quodvltalicei
2495 4583 2748 4678 dicimiis
2767 4607 3046 4676 imperare
3075 4623 3107 4659 a
3131 4606 3418 4678 memoria.

2157 4677 2340 4748 (1οΔ5)
2372 4674 2569 4747 Vulg.,
2601 4676 2750 4748 Istud
2790 4674 2915 4730 cum
2944 4680 2997 4731 et
3042 4676 3372 4731 mediantem
3409 4674 3740 4748 Quadrage-

2082 4745 2283 4828 simam
2303 4748 2422 4828 illis
2446 4745 2729 4828 scribemia
2760 4751 2920 4828 atque
2950 4748 3231 4828 memoriae
3253 4745 3595 4828 mandanda.
3618 4747 3741 4828 _Ope

2083 4819 2299 4873 codicis
2334 4818 2581 4886 Frising.
2618 4817 2974 4873 correximus
2990 4818 3263 4873 mediante
3281 4817 3739 4886 Quadragesiuia,

2083 4835 2299 4873 coaicIs
2334 4835 2518 4873 r'risin
2571 4861 2581 4871 .
2618 4835 3263 4873 correximusmeazame
3281 4835 3739 4886 quadragesima,

2083 4890 2138 4943 id
2174 4894 2263 4945 est
2296 4889 2490 4945 media
2519 4835 3001 4960 Suadrugesima,
3036 4889 3118 4944 uti
3155 4890 3443 4945 Dominica
3473 4889 3740 4944 mediana

2081 4961 2403 5040 vocabatur
2430 4960 2731 5040 Dominica
2762 4960 3494 5040 Quadragesimtequarta,
3523 4976 3660 5040 quae
3682 4960 3741 5015 in

2082 5032 2332 5087 mediam
2368 5031 2719 5097 Quadragesi
2732 5048 2887 5085 mam
2910 5031 3223 5095 incidebat,
3246 5031 3501 5101 indeque
3517 5035 3642 5086 tota
3656 5047 3743 5086 se-

2080 5120 2265 5174 quens
2298 5102 2665 5174 hebdomade
2696 5102 2954 5174 mediana
2983 5102 3305 5156 dicebatur.
3330 5101 3447 5174 Hoc
3473 5105 3740 5173 tempore

2079 5171 2337 5246 synodus
2366 5191 2399 5227 a
2431 5172 2704 5246 Ratberio
2737 5172 3047 5228 celebrata.
3080 5174 3188 5228 Pro
3220 5171 3365 5228 istud
3393 5188 3527 5246 vero
3578 5171 3734 5246 istas,

2076 5242 2135 5300 id
2166 5249 2254 5300 est
2281 5248 2399 5299 tres
2429 5245 2594 5309 ﬁdes,
2630 5261 2775 5315 quas
2807 5249 2940 5299 ante
2970 5242 3470 5309 commemoravit,
3499 5244 3739 5299 scriben-

2075 5316 2171 5371 das
2201 5324 2359 5386 atque
2388 5316 2671 5387 memoriae
2689 5315 3032 5370 mandandos
3059 5332 3235 5371 sensu
3250 5315 3516 5387 exigente
3533 5330 3733 5387 emen-

2076 5384 2364 5442 davim'us.
2400 5387 2456 5440 Id
2493 5386 2549 5439 in
2575 5387 2795 5457 synodo
2824 5390 3194 5457 praeceperat,
3219 5384 3367 5441 cum
3386 5384 3730 5457 synodicam

2074 5458 2274 5513 edidit.
2311 5456 2627 5527 Sequentia
2657 5473 2788 5512 vero
2817 5461 2869 5512 et
2891 5456 3253 5513 inobedzentes
3266 5456 3541 5512 exstitisse
3566 5456 3735 5511 vidis-

2072 5546 2184 5584 sem
2214 5529 2280 5583 ad
2315 5528 2459 5583 illud
2491 5527 2859 5600 subsequens
2893 5530 3497 5600 tempusrel'eruntur,
3520 5527 3594 5582 de
3616 5544 3731 5600 quo

2074 5600 2133 5655 in
2164 5600 2402 5672 recitato
2429 5598 2716 5672 synodicae
2748 5598 3073 5672 fragmento
3103 5599 3355 5672 dixerat:
3388 5614 3516 5672 cum
3531 5599 3734 5669 proxi-

2069 5688 2157 5745 me
2184 5689 2218 5727 a
2247 5671 2400 5727 nobis
2430 5669 2534 5726 huc
2586 5678 2811 5745 vocatus
2845 5669 3050 5745 'fuerit.
3089 5669 3349 5745 _Voc_avit
3406 5671 3631 5745 autem,
3664 5672 3732 5745 ut

2068 5743 2317 5813 videtur,
2351 5757 2469 5801 non
2501 5740 2688 5801 multo
2719 5739 3062 5819 antequam
3089 5740 3573 5802 bocltinararium
3593 5739 3734 5803 scri-
