3892 6370
248 393 361 452 591

1172 393 1547 454 RATHERII
1591 393 1835 455 EPISC.
1881 391 2171 453 VEllON.
2218 390 2390 453 OPP.
2436 393 2635 454 PARS
2680 390 2727 454 Ι.

3549 392 3670 454 592

244 528 577 597 quaerentem
629 523 789 595 ﬁdem
824 540 844 586 ;
894 532 946 581 et
985 527 1257 596 propitius
1317 542 1407 605 ero
1471 526 1567 580 eis.
1643 524 1793 593 Quod
1846 525 1894 579 si
1923 525 1978 592 Α
2010 540 2143 578 cum
2167 538 2230 578 se
2260 524 2616 596 usurpative,
2646 540 2794 593 reor,
2830 523 3192 599 pronuntiat.
3220 524 3671 597 quicanonibus

247 614 435 681 etiam,
483 614 619 669 Vivit
666 615 958 679 Dominus,
1007 614 1270 681 dixerint,
1323 618 1374 669 ct
1424 614 1520 670 hoc
1565 613 1707 685 [also
1730 614 1893 684 jura-

2005 612 2224 667 sanctis
2275 613 2688 685 praesumptive
2748 618 3037 686 repugnat
3084 613 3251 687 (Cone
3299 613 3422 669 Nic.
3483 630 3535 669 c.
3588 613 3667 681 9).

253 701 408 756 bunt.
442 703 689 769 Domine,
723 702 868 757 oculi
897 704 980 757 tui
1007 704 1309 774 respiciunt
1338 702 1540 774 ﬁdem;
1575 703 1897 773 percussisti
2003 700 2190 755 Fidem
2236 700 2392 756 450
2447 705 2663 768 autem,
2704 706 2770 757 ut
2818 707 3149 770 cantamus,
3183 702 3522 757 catholicam
3550 703 3671 758 nisi

252 793 407 847 449
453 808 538 847 eos
590 796 776 847 etnon
805 792 1094 847 doluerunt
1126 792 1307 863 (1050)
1351 809 1365 859 ;

1410 793 1674 846 attrivistz
1707 807 1811 857 eos,
1846 793 1898 844 et
2007 790 2237 860 quisque
2267 790 2559 860 integram,
2619 791 3048 862 inviolatamque
3098 793 3415 859 servaverit,
3463 791 3672 865 absque

249 884 552 936 renuerunt
582 882 826 951 accipere
851 880 1203 952 disciplinam
1240 898 1261 941 ,ο
1303 880 1701 936 induravcrunt
1728 879 1898 951 facies
2007 877 2171 932 dubio
2223 878 2284 932 in
2313 887 2587 934 aeternum
2621 880 2826 951 peribit
2858 880 3198 951 (Symbolum
3228 880 3285 935 S.
3317 880 3661 951 Athanasii).

252 985 381 1024 suas
411 985 577 1040 supra
614 973 851 1040 petram,
893 973 943 1024 et
973 970 1267 1024 noluerunt
1314 971 1534 1024 reverti.
1576 969 1685 1036 Ego
1716 970 1901 1022 autem

260 1057 383 1112 dixi
402 1058 675 1111 :Forsitan
701 1074 971 1129 pauperes
998 1061 1124 1111 sunt
1154 1060 1206 1112 et
1219 1058 1396 1127 stulti,
1422 1059 1735 1126 ignorantes
1754 1058 1903 1110 viam

271 1146 513 1212 Domini,
540 1150 589 1201 et
611 1145 891 1217 judicium
916 1146 1014 1201 Dei
1036 1147 1144 1200 sui.
1178 1146 1267 1201 Ibo
1301 1147 1471 1216 igitur
1498 1145 1567 1200 ad
1592 1146 1901 1217 optimates,

262 1242 314 1290 et
348 1234 542 1305 loquar
569 1236 682 1289 eis:
714 1236 821 1305 ipsi
849 1236 997 1289 enim
1023 1237 1386 1305 cognoverunt
1413 1236 1561 1288 viam
1581 1234 1823 1299 Domini,
1855 1234 1907 1286 et

253 1322 531 1394 judicium
550 1324 648 1378 Dci
675 1324 764 1377 sui
785 1340 803 1376 :
837 1330 887 1377 et
916 1338 1033 1377 ecce
1061 1324 1239 1391 magis
1270 1324 1329 1377 hi
1340 1322 1507 1377 simul
1522 1324 1906 1393 confregerunt

254 1411 471 1482 jugum,
506 1418 776 1482 ruperunt
805 1412 1045 1466 vincula.
1080 1411 1281 1467 Idcirco
1306 1414 1574 1482 percussit
1602 1427 1689 1467 eos
1733 1411 1813 1465 leo
1844 1409 1910 1464 de

260 1500 417 1565 silva,
473 1500 636 1570 lupus
681 1500 751 1554 ad
795 1516 1077 1571 vesperam
1113 1503 1349 1555 vastavit
1396 1516 1483 1556 eos
1519 1501 1649 1571 (Jer.
1694 1518 1730 1568 ι,
1768 1499 1905 1568 1-6).

333 1588 444 1642 Leo
474 1586 695 1643 scilicet
709 1589 946 1659 rugiens
962 1590 1272 1661 quaarendo
1288 1606 1463 1661 quem
1489 1588 1804 1658 devoret,id
1822 1591 1911 1643 est

262 1675 529 1732 diabolus
570 1677 617 1748 (Ι
641 1678 788 1732 Petr.
815 1694 870 1745 ν,
904 1679 959 1749 8)
996 1695 1009 1745 ;
1043 1677 1217 1749 lupus
1249 1670 1305 1734 et
1334 1677 1542 1747 isdem,
1576 1677 1674 1749 qui
1709 1678 1781 1733 ob
1811 1692 1909 1732 ne-

263 1764 604 1837 gligentiam
636 1766 1131 1822 mercenariorum
1148 1770 1448 1838 pastorum
1476 1765 1772 1833 vacabulo,
1794 1782 1909 1820 non

258 1854 394 1924 jure
420 1854 871 1926 possidentium,
904 1856 1008 1910 sed
1042 1854 1801 1927 illegaliterusurpantium,
1825 1871 1911 1909 ra-

266 1941 352 2014 pit
386 1948 441 1996 ct
470 1943 757 2015 dispergit
787 1960 922 2000 oves
953 1945 1130 2015 (Joan.
1165 1963 1221 2009 x,
1256 1945 1342 2015 12)
1374 1963 1387 2013 ;
1422 1961 1536 2000 non
1590 1942 1781 1999 solum
1815 1958 1915 2014 per

270 2047 352 2096 se,
386 2032 483 2085 sed
517 2035 573 2086 et
596 2048 698 2102 per
718 2033 983 2088 membra
1000 2032 1107 2087 sibi
1124 2034 1516 2104 cooperantia,
1537 2051 1643 2088 sua
1660 2032 1916 2087 vineam-

271 2135 383 2190 que
408 2119 635 2174 Domini
666 2120 919 2175 Sabaoth
954 2138 986 2176 a
1016 2121 1269 2192 primore
1299 2122 1608 2177 vastantia.

343 2207 396 2261 9.
432 2207 499 2262 Et
528 2207 664 2275 heu,
698 2224 876 2280 quam
908 2226 1023 2264 non
1055 2210 1501 2266 disconveniunt
1525 2210 1756 2265 miseris
1779 2208 1920 2265 talia

274 2296 476 2352 nobis!
511 2297 628 2353 Nos
657 2298 812 2353 enim
840 2298 953 2370 ipsi
987 2315 1195 2354 sumus
1227 2297 1920 2370 aestimatione,quamvis

276 2402 390 2440 non
424 2401 504 2454 re,
533 2386 847 2458 optimates
872 2404 886 2442 :
922 2404 1050 2454 nos,
1069 2388 1518 2459 inquam,quos,
1544 2387 1760 2443 relictis
1784 2404 1923 2460 pau-

274 2473 514 2547 peribus
545 2474 810 2549 legisque
840 2476 939 2531 Dei
962 2476 1194 2548 penitus
1217 2476 1458 2549 ignaris,
1476 2476 1922 2549 alloquiturser-

278 2579 372 2618 mo
398 2563 740 2620 Dominicus
766 2583 779 2633 ;
807 2582 912 2620 nos
935 2564 1178 2637 legendo
1200 2565 1354 2621 viam
1369 2564 1467 2621 Dei
1484 2567 1917 2637 cognoscimus,

275 2666 455 2723 quam
479 2668 716 2725 pergere
739 2653 1104 2710 declinamus
1122 2672 1134 2721 ;
1152 2655 1562 2725 nosjudicium
1588 2655 1685 2710 Dei
1709 2655 1922 2722 nostri,
1944 2644 1953 2649 ’

273 2740 374 2794 sed
388 2757 495 2794 nos
508 2741 698 2812 magis
715 2745 944 2797 contem
956 2743 1388 2815 nendo,jugum
1408 2742 1593 2814 ipsius
1607 2760 1802 2811 suave,
1820 2744 1921 2799 sed

271 2825 622 2894 volentibus,
655 2833 712 2883 et
740 2846 891 2884 onus
922 2828 1066 2895 leve,
1098 2847 1215 2885 non
1248 2830 1705 2903 dedignantibus
1734 2830 1924 2903 (1051)

283 2918 541 2970 attamen
571 2916 737 2975 ferre.
771 2916 939 2988 quasi
971 2918 1368 2990 confregimus
1397 2918 1541 2973 illud
1568 2938 1581 2987 ;
1625 2921 1925 2991 rupimus-

276 3001 512 3058 vincula
539 3002 687 3075 legis
717 3004 1012 3060 cononicae
1028 3004 1175 3060 nihil
1206 3006 1276 3061 de
1292 3005 1391 3061 illa
1409 3008 1684 3063 curando.
1708 3009 1925 3064 Idcirco

276 3092 598 3147 verendum
632 3107 701 3147 ne
732 3092 1114 3165 pejoranobis
1132 3094 1926 3167 contingant,quamillis,de

285 3180 504 3252 quibus
535 3180 657 3236 hmo
686 3185 827 3237 tunc
857 3181 1303 3253 przesentialiter
1323 3183 1690 3254 dicebantur,
1724 3190 1925 3257 utpote

2010 966 2054 1021 Ο
2085 970 2281 1021 autem
2316 967 2601 1023 confessio
2633 969 3024 1040 (1051)ﬁrma,
3045 970 3198 1042 quod
3214 968 3671 1025 catholicusnon

2012 1054 2090 1110 sit
2148 1054 2245 1126 qui
2301 1054 2491 1129 legem
2523 1056 2863 1113 canonicam
2897 1057 3147 1131 respuit,
3181 1058 3455 1130 quodque
3483 1058 3671 1114 vitam

2013 1145 2287 1197 aeternam
2322 1145 2596 1215 consequi
2613 1161 2784 1200 nemo
2802 1145 2913 1202 nisi
2934 1145 3261 1219 catholicus
3278 1146 3486 1219 possit.
3504 1147 3671 1214 Quod

2015 1246 2147 1285 cum
2183 1231 2263 1286 ita
2288 1231 2632 1288 innutanter
2661 1239 2837 1306 atque
2885 1235 3216 1291 certissime
3247 1239 3494 1303 constet,
3530 1235 3673 1309 quid

2016 1318 2290 1390 cogitare,
2330 1321 2471 1392 quid
2506 1338 2828 1394 possumus
2858 1323 3156 1380 aestimare
3188 1323 3376 1380 deillo
3408 1330 3532 1381 tam
3564 1341 3674 1397 pu-

2018 1406 2171 1462 blico
2202 1407 2498 1465 canonica:
2545 1409 2710 1482 legis,
2740 1411 2841 1483 qui
2889 1411 3042 1468 inter
3070 1430 3178 1469 nos
3207 1418 3497 1482 versatur,
3532 1430 3673 1469 con-

2019 1499 2267 1568 temptu,
2288 1514 2530 1569 quonon
2548 1497 2739 1555 solum
2772 1499 2892 1568 illa,
2926 1517 3057 1573 qua:
3089 1505 3209 1557 tam
3242 1501 3678 1558 severitersunt

2021 1583 2313 1656 prohibita
2345 1586 2634 1644 ministris
2646 1587 2900 1644 ecclesiae
2920 1589 2990 1645 de
3012 1589 3445 1646 cobabitatione
3466 1589 3673 1647 mulie-

2020 1689 2155 1733 rum
2186 1672 2244 1727 in
2277 1674 2505 1731 Nicmno
2536 1677 2763 1732 sancita
2812 1676 3057 1733 consilio
3088 1677 3269 1742 (Coac.
3324 1678 3448 1734 Nic.
3482 1695 3533 1734 c.
3565 1679 3624 1748 3)
3657 1695 3672 1747 ;

2021 1773 2078 1823 et
2104 1766 2250 1822 illud
2301 1764 2453 1836 quod
2504 1764 2641 1819 alibi
2689 1769 2810 1820 tam
2841 1770 3073 1822 austere
3115 1766 3321 1821 feritur
3364 1765 3573 1837 (1053),
3608 1770 3676 1822 ut

2022 1873 2203 1929 supra
2232 1854 2484 1909 habetur
2508 1853 2595 1921 ;in
2614 1853 3067 1910 Neocmsariensi
3084 1858 3316 1926 quoque
3339 1871 3455 1909 non
3483 1852 3671 1910 levius

2023 1945 2136 2001 tale
2167 1942 2305 2015 quid
2339 1942 2671 1997 continetur
2700 1942 2982 1998 concilio:
3016 1944 3310 2015 Presbyter
3338 1945 3674 2015 siconfessus

2023 2035 2213 2105 fuerit,
2264 2030 2404 2103 quod
2446 2035 2574 2085 ante
2598 2031 3001 2087 ordinationem
3030 2032 3308 2103 corporali
3329 2036 3551 2104 peccato
3580 2032 3676 2087 de-

2027 2122 2269 2194 liquerit,
2302 2120 2482 2173 oblata
2514 2135 2619 2173 non
2651 2122 2943 2185 consecret,
2976 2135 3204 2174 manens
3236 2120 3295 2173 iu
3332 2120 3565 2189 reliquis
3592 2120 3678 2191 of-

2026 2210 2167 2279 ﬁciis
2191 2212 2417 2279 prOpter
2444 2207 2685 2263 studium
2712 2208 2913 2263 bonum
2942 2206 3085 2280 (can.
3118 2207 3194 2279 9).
3229 2209 3366 2273 Quae
3382 2207 3591 2279 utique
3614 2207 3673 2262 in

2029 2315 2090 2355 se
2121 2297 2419 2369 recognita
2448 2295 2771 2368 quemlibet
2802 2296 2859 2351 in
2889 2296 3315 2369 desperationis
3340 2295 3681 2369 voraginem

2031 2389 2296 2460 poterant
2350 2402 2629 2458 mergere,
2679 2384 2792 2441 nisi
2823 2384 3034 2441 fuisset
3063 2384 3411 2458 prmdictum
3444 2384 3631 2457 (1055)
3666 2400 3681 2439 :

2030 2477 2207 2532 Nescit
2260 2474 2415 2529 homo
2464 2478 2654 2529 utrum
2697 2474 2818 2530 odio
2860 2492 2933 2530 an
2976 2490 3162 2530 amore
3215 2473 3414 2545 dignus
3472 2475 3545 2529 sit
3582 2471 3681 2528 sed

2031 2567 2217 2621 omnia
2246 2566 2306 2618 in
2327 2566 2581 2635 futurum
2609 2566 2900 2618 servantur
2928 2563 3137 2618 incerta
3166 2562 3388 2623 (Eccles.
3424 2578 3500 2631 Ix,
3530 2561 3685 2634 1-2).

2033 2654 2091 2711 Si
2124 2653 2280 2709 enim
2313 2652 2413 2724 qui
2444 2656 2577 2708 ante
2604 2652 3032 2708 ordinationem
3063 2650 3443 2724 corporaliter
3465 2667 3529 2707 se
3545 2667 3684 2724 pec-

2033 2760 2196 2799 casse
2244 2741 2573 2812 conﬁtetur,
2622 2745 2743 2796 tam
2793 2744 3026 2797 austere
3058 2740 3296 2810 feritur;
3330 2740 3471 2812 quid
3507 2740 3576 2795 de
3606 2756 3675 2796 eo

2034 2831 2134 2904 qui
2168 2835 2299 2904 post
2328 2828 2753 2886 ordinationem
2785 2828 3111 2885 mmchatus
3140 2827 3356 2885 millies
3387 2828 3682 2885 fuisseco-

2033 2920 2336 2993 gnoscitur
2376 2918 2404 2973 ‘l
2434 2919 2513 2974 De
2545 2919 2761 2991 quibus
2800 2918 2986 2988 (1055)
3015 2918 3217 2990 utique
3248 2917 3513 2989 quidam,
3546 2916 3684 2973 licet

2034 3008 2278 3081 perrari,
2330 3008 2472 3063 dum
2524 3008 2836 3062 videantur
2882 3006 3180 3062 immunes
3214 3025 3228 3076 ;
3263 3006 3335 3062 de
3364 3005 3683 3062 levioribus

2036 3098 2202 3170 quasi
2235 3101 2292 3153 et
2323 3096 2607 3153 usualiter
2635 3097 2777 3152 adeo
2805 3095 3400 3168 usurpatis,utneque
3414 3095 3540 3166 jam
3570 3100 3689 3151 trs:

2034 3187 2251 3241 bantur
2268 3186 2325 3242 in
2339 3185 2593 3259 culpam,
2613 3185 2753 3257 quid
2769 3185 3106 3251 dicendum,
3124 3184 3262 3257 quid
3279 3183 3685 3257 cogitandum,

280 3270 379 3343 qui
407 3287 519 3324 non
536 3269 893 3338 solumillos,
914 3270 1703 3343 quituncloquebantur,sed
1727 3274 1922 3347 ipsum
1954 3257 1998 3324 Ο
2039 3277 2104 3328 ut
2135 3276 2273 3329 sunt
2302 3257 2459 3328 verbi
2510 3273 2698 3345 gratia
2727 3272 2876 3328 ista:
2910 3274 3224 3345 Fpiscopus,
3254 3272 3558 3345 presbyter.
3587 3279 3691 3328 aut

285 3360 738 3425 contemnimus,
772 3360 870 3432 qui
905 3376 1018 3415 non
1048 3364 1281 3416 tantum
1296 3361 1928 3436 peripsos,eorumque

281 3450 689 3520 scquaces,sed
723 3455 779 3506 et
809 3466 913 3522 per
940 3450 1201 3522 seipsum
1237 3466 1392 3506 nunc
1443 3451 1612 3506 nobis
1642 3451 1923 3525 loquitur,

279 3537 485 3593 Deum.
538 3538 705 3610 Pejor
733 3544 929 3596 autem
973 3538 1227 3595 multum
1258 3545 1347 3594 cst
1374 3538 1463 3595 leo
1495 3540 1723 3596 animas
1755 3543 1923 3597 devo-

278 3643 434 3697 rans,
467 3644 642 3700 quam
672 3626 760 3685 leo
814 3646 1023 3702 pecora
1070 3628 1336 3697 lanians;
1372 3628 1547 3701 lupus
1576 3628 1924 3688 interimens

277 3715 616 3786 spiritaliter
646 3716 1119 3787 homines,quam
1147 3716 1323 3788 lupus
1353 3718 1636 3774 devorans
1657 3736 1925 3791 corpora-

275 3803 410 3858 liter
438 3820 591 3860 oves.
626 3804 877 3859 Maxime
903 3804 1076 3860 sihoc
1106 3804 1274 3861 nobis
1304 3806 1604 3878 contingat
1634 3808 1706 3862 ad
1729 3824 1924 3880 vespe-

276 3904 423 3957 ram,
452 3891 559 3944 hoc
589 3895 696 3957 est,
730 3892 965 3963 quando
998 3897 1344 3962 praesentem
1377 3895 1828 3951 terminabimus
1844 3897 1924 3951 vi-

276 3983 418 4033 tam.
453 3976 633 4047 Cujus
692 3979 933 4048 periculi
981 3984 1137 4035 metu
1180 3980 1291 4035 iter
1320 3982 1637 4053 compellor
1666 3984 1923 4056 arripere

275 4066 431 4121 istud
443 4108 456 4133 ,
479 4065 728 4122 aliorum
742 4066 1102 4138 quaesiturus
1114 4067 1447 4137 consilium,
1464 4071 1601 4143 quia
1620 4070 1681 4127 in
1696 4088 1788 4127 me
1803 4089 1919 4128 non

277 4155 504 4211 invenio
536 4155 745 4210 ullum.

350 4246 435 4298 10.
485 4244 761 4300 Cruciant
806 4260 899 4299 me
950 4261 1085 4300 nam
1130 4263 1245 4301 non
1294 4264 1527 4319 parum,
1571 4248 1771 4320 fateor,
1806 4251 1921 4305 ista

274 4333 799 4402 qumrentem,istis
814 4336 1154 4390 utrumnam
1172 4337 1526 4409 contemptis
1557 4342 1736 4393 restet
1767 4337 1919 4395 salu-

274 4419 351 4474 tis
383 4419 514 4487 alia,
549 4420 705 4491 quod
739 4437 928 4492 neque
967 4423 1253 4493 suspicor,
1307 4425 1421 4480 via.
1464 4425 1520 4480 Si
1572 4426 1727 4481 enim
1760 4429 1913 4498 quod

272 4507 617 4562 canonicum
650 4512 738 4563 est
768 4507 1056 4565 catholica
1070 4510 1328 4567 defendit
1348 4511 1638 4579 Ecclesia;
1667 4515 1916 4571 catholi-

339 4700 525 4783 (1050)
557 4702 729 4787 .Editi‘
772 4703 1158 4787 indoluerunt.‘
1175 4706 1386 4787 Melius
1415 4707 1473 4763 in
1508 4727 1619 4766 ms.
1653 4712 1904 4787 Frising.

268 4773 606 4847 concinente
624 4774 855 4847 vulgati
887 4776 1221 4847 interpretis
1252 4777 1513 4835 lectione.

340 4845 727 4927 1051)_Yulg.,
749 4845 1135 4927 dignantibus,
1166 4864 1266 4918 pro
1297 4865 1412 4919 quo
1453 4850 1750 4927 meliorem
1783 4873 1905 4910 ma-

267 4917 548 4991 nuscripti
586 4917 975 4991 Frisingensis
1007 4917 1724 4991 lectionem‘prastulimus.
1759 4927 1905 4982 Con-

265 4989 426 5067 strne
456 5003 587 5042 vero
611 5006 627 5041 :
659 4991 763 5044 Nos
786 4989 1006 5059 legendo
1036 4989 1404 5057 cognoscimus
1432 4994 1725 5067 viachi,
1741 5014 1908 5067 quam

262 5054 601 5134 declinamus
634 5054 861 5129 pergere
890 5077 909 5120 ,'
941 5078 1037 5134 nos
1085 5054 1473 5118 contemnendo
1495 5054 1773 5134 judicium
1810 5069 1908 5124 Dei

261 5129 458 5206 nostri,
496 5129 598 5206 sed
659 5133 1044 5206 contemnendo
1093 5134 1282 5206 magis
1344 5149 1461 5200 nos,
1495 5129 1904 5194 contemnendo

251 5200 455 5266 juyum
485 5200 656 5272 ipsius
684 5217 865 5269 suave,
900 5202 990 5256 sed
1021 5200 1341 5270 volentibus,
1374 5213 1571 5260 etenus
1604 5207 1736 5272 leve,
1762 5217 1904 5263 atta-

259 5286 383 5348 men
412 5285 521 5348 non
551 5270 970 5341 dedignantibus
994 5276 1335 5345 fcrre,quusi
1353 5270 1901 5348 confregimusillud,

258 5343 308 5393 et
340 5342 612 5409 rupimus,
644 5349 751 5396 etc.

329 5412 513 5479 (1052)
541 5414 642 5487 lta_
656 5413 1014 5487 novissimus
1030 5414 1341 5487 ASpicilegii
1375 5417 1561 5471 editor
1573 5419 1905 5476 emendavit

253 5496 357 5603 pro
376 5499 461 5548 eo,
492 5483 646 5553 quod
676 5484 907 5539 Acherii
940 5483 1118 5540 codeic
1152 5483 1583 5554 Laudunensis,
1615 5494 1672 5544 et
1702 5495 1902 5546 noster

278 5551 682 5603 ‘rinsingensis
716 5555 932 5603 habent
960 5560 1245 5603 ηηηιξιξςςίη-

278 5551 682 5623 "rinsingensis
716 5555 932 5610 habent
960 5560 1245 5613 concessio.

321 5622 512 5703 (1053)
553 5624 747 5703 Vulg,
802 5644 937 5703 cum
987 5632 1185 5703 nostro
1233 5628 1431 5703 codice
1458 5630 1657 5703 fertur,
1698 5647 1899 5703 perpe-

249 5707 395 5772 ram.
426 5698 797 5774 porreximus
825 5700 1048 5769 feritur,
1083 5698 1140 5753 id
1173 5705 1262 5754 est
1293 5699 1594 5774 plectitur,
1633 5698 1895 5774 punitur,

238 5762 328 5829 sic
356 5765 619 5852 exigente
652 5762 925 5829 contextu
956 5775 1012 5829 et
1038 5762 1241 5842 'seusu,
1293 5762 1454 5830 sicut
1482 5771 1543 5831 in
1571 5762 1686 5834 ﬁde
1716 5762 1897 5852 hujus

1944 4622 1994 4688 D

2035 3362 2316 3431 diaconus,
2349 3364 2446 3434 qui
2476 3364 2533 3417 in
2561 3362 2822 3417 seditione
2850 3363 3041 3434 aliqua
3077 3379 3238 3417 arma
3264 3362 3585 3433 sumpserit,
3616 3362 3688 3417 ab

2035 3452 2186 3507 omni
2212 3459 2350 3509 ctetu
2382 3452 2821 3507 Christianorum
2847 3450 3149 3522 deponatur
3180 3450 3360 3523 (Cone.
3398 3450 3563 3506 Tolet.
3588 3466 3649 3505 Iv
3666 3466 3689 3513 ;

2034 3557 2157 3596 can.
2194 3540 2284 3611 45)
2307 3557 2325 3601 ,θ
2357 3544 2413 3595 et
2449 3556 2461 3594 :
2499 3541 2811 3611 Episcopus,
2836 3541 3125 3611 presbyter
3152 3543 3203 3595 et
3231 3540 3514 3606 diaconus,
3547 3538 3694 3596 alea!

2033 3633 2083 3684 et
2128 3629 2384 3684 ebrietati
2430 3627 2753 3696 deserviens,
2801 3635 2900 3683 aut
2943 3628 3178 3694 desinat,
3239 3635 3337 3683 aut
3384 3626 3693 3699 deponatur

2033 3718 2176 3790 (can.
2211 3719 2388 3790 Apost.
2422 3718 2530 3789 42),
2563 3720 2621 3773 et
2649 3716 2762 3772 alia
2792 3716 3132 3788 hujusmodi
3172 3715 3504 3782 innumera,
3556 3732 3687 3789 qua

2033 3824 2147 3862 non
2180 3806 2364 3862 levius
2396 3823 2573 3877 quam
2602 3805 2893 3861 cohabitio
2944 3805 3258 3861 mulierum
3291 3809 3348 3860 et
3377 3803 3686 3861 fornicatio

2030 3895 2118 3952 vel
2152 3893 2528 3960 adulteriu‘m,
2561 3893 2975 3949 incestuositas
3007 3898 3229 3950 naturae
3271 3893 3382 3966 ipsi
3423 3908 3684 3966 quoque,

2031 3985 2291 4051 adversa,
2326 3983 2607 4039 canonica
2637 3983 2927 4039 feriuntur
2956 3983 3265 4039 machaera.

2105 4073 2190 4127 11.
2226 4072 2328 4127 His
2358 4072 2539 4146 igitur
2568 4071 2818 4144 superbe
2846 4071 3148 4144 neglectis,
3185 4070 3511 4128 catholicus
3542 4088 3687 4144 qua-

2027 4159 2163 4216 liter
2190 4160 2325 4231 quis
2351 4160 2567 4216 nedum
2598 4158 2903 4231 appellari,
2936 4159 3147 4216 saltem
3161 4159 3350 4215 valeat
3368 4176 3484 4216 non
3511 4160 3683 4217 video

2029 4249 2304 4304 aestimari
2331 4267 2344 4317 ;
2378 4265 2535 4316 cum,
2569 4254 2636 4304 ut
2664 4264 2845 4321 supra
2874 4248 3107 4320 protuli,
3128 4248 3186 4303 in
3203 4248 3434 4304 Nicaeno
3454 4249 3683 4305 dictum

2026 4337 2255 4410 legatur
2283 4337 2528 4394 concilio
2554 4356 2567 4394 :
2598 4337 2746 4407 Quod
2774 4339 3099 4393 canonicum
3128 4341 3227 4407 est,
3276 4338 3546 4393 catholica
3584 4338 3685 4394 de-

2024 4426 2201 4496 fendit
2248 4428 2487 4481 Ecclesia
2536 4427 2739 4498 (1057).
2789 4426 3065 4491 Quamvis
3097 4427 3256 4482 enim
3284 4427 3532 4498 (dicente
3571 4427 3684 4483 Do-

2027 4515 2186 4570 mino
2212 4533 2224 4571 :
2257 4516 2483 4573 Dimitte
2511 4523 2750 4572 mortuos
2778 4516 3010 4588 sepelire
3038 4523 3277 4572 mortuos
3302 4531 3428 4572 suos
3467 4515 3683 4587 (Matth.

2023 4711 2254 4769 numeri
2279 4711 2510 4785 legitur,
2542 4713 2807 4769 canonica
2836 4714 3122 4784 feriuntur
3149 4713 3451 4771 machaera.

2090 4811 2270 4885 (1054)
2298 4810 2381 4885 ita
2412 4810 2539 4865 cod.
2576 4811 2827 4885 Frising.
2864 4812 2925 4865 In
2968 4810 3153 4885 vulg,
3185 4811 3339 4885 male
3378 4829 3675 4885 emergere.

2016 4883 2158 5009 tDein
2188 4881 2462 4937 laudatus
2492 4882 2673 4937 codex
2702 4881 2806 4955 pro
2832 4881 3163 4954 praedictum
3191 4882 3368 4939 habet
3392 4881 3674 4956 pradica-

2041 4971 2151 5009 um.

2086 5042 2269 5115 (1055)
2301 5040 2586 5115 Construe
2615 5045 2671 5094 et
2701 5039 2924 5115 explica
2964 5056 2994 5115 εΔ
3018 5042 3107 5115 De
3155 5042 3355 5113 quibus
3385 5042 3670 5115 graviori-

2015 5113 2124 5167 bus
2156 5114 2343 5183 ulique
2372 5112 2523 5184 vitiis
2552 5111 2683 5184 dum
2719 5111 2947 5184 quidam
2978 5113 3105 5168 licet
3122 5111 3346 5184 perrari
3376 5111 3675 5170 videantur

2014 5185 2284 5238 immunes
2311 5201 2329 5237 :
2379 5182 2510 5253 quid
2552 5182 2860 5255 dicendum,
2894 5184 3025 5254 quid
3053 5182 3409 5255 cogitandum
3438 5185 3505 5240 de
3534 5186 3669 5242 aliis

2013 5257 2171 5336 quasi
2182 5255 2496 5340 levioribus
2605 5254 2736 5340 adeo
2765 5256 3037 5310 usuatiter
3064 5254 3463 5340 usurpatis,ut
3491 5272 3671 5340 neque

2003 5325 2126 5398 jam
2173 5325 2468 5380 trahantur
2520 5326 2581 5379 in
2642 5325 2882 5396 culpam,
2939 5335 3000 5381 ut
3049 5325 3208 5382 sunt'
3240 5328 3395 5383 verbi
3458 5325 3667 5398 gratia,

2012 5397 2136 5466 ista,
2170 5400 2277 5451 etc.

2080 5492 2264 5563 (1056)
2296 5493 2423 5548 Haec
2454 5491 2746 5548 sententia
2776 5492 2927 5560 Quod
2972 5496 3302 5551 canonicum
3338 5498 3438 5563 est,
3471 5496 3669 5553 catho-

2011 5562 2117 5617 lica
2146 5564 2393 5627 defendit
2440 5564 2702 5635 Ecclesia,
2734 5563 2928 5635 paulo
2971 5565 3141 5621 aliter
3181 5566 3397 5635 legitur
3440 5583 3668 5623 canone

2008 5635 2436 5709 nonoﬂNiczenio
2467 5634 2559 5709 bis
2583 5634 2780 5709 verbis
2805 5652 2819 5690 :
2854 5635 3005 5704 Quod
3041 5634 3530 5709 irreprebmzsibile
3561 5641 3663 5705 est,

2008 5705 2275 5761 catholica
2306 5705 2545 5775 defendit
2576 5706 2848 5778 Ecclesia:
2883 5723 3058 5778 quam
3092 5705 3401 5764 lectionem
3414 5708 3664 5766 totidem

2011 5778 2204 5836 verbis
2237 5782 2440 5839 auctor
2485 5776 2727 5854 protulit
2772 5776 2920 5855 part}
2954 5794 2973 5841 ι
3019 5778 3097 5841 De
3139 5780 3468 5861 συνάρηρεν
3493 5795 3662 5844 rano-
