3892 6368
1202 465 1573 529 RATIIERII
1622 460 1869 527 EPISC.
1914 462 2205 526 VERON.
2252 464 2425 526 OPP.
2472 465 2671 528 PARS
2715 464 2765 527 Ι.

3575 457 3702 525 596

218 598 219 601 “
278 603 465 674 ipsum
492 608 591 669 est,
618 601 823 675 peribit
851 601 1040 658 anima
1072 602 1173 657 illa
1202 602 1267 658 de
1291 603 1492 674 papulo
1520 618 1616 657 suo
1649 602 1794 669 (Lev.
1828 618 1928 666 vn,
1960 601 2014 667 Α
2044 600 2211 671 num]
2266 599 2607 657 accenditis.
2660 598 2995 657 Vereudum
3051 596 3253 673 igitur,
3309 615 3381 656 ne
3438 614 3701 673 quorum

274 691 390 762 20).
425 691 725 765 Itemque:
759 694 924 749 Homo
953 694 1199 747 sacerdos
1228 694 1293 747 de
1340 694 1545 747 semine
1596 693 1778 745 Aaron
1835 690 1931 761 qui
2038 689 2374 761 exemplum
2405 691 2634 757 tenetis,
2668 706 2869 745 eorum
2901 688 3288 745 similitudine
3318 691 3597 762 pereatis.

277 780 537 837 habuerit
574 782 870 852 maculam,
922 798 1034 836 non
1083 784 1266 851 oﬂcret
1310 798 1480 852 panes
1537 782 1787 845 Domino,
1833 794 1931 833 nec

274 869 491 925 accedet
514 870 584 925 ad
612 871 984 925 ministerium
1033 869 1216 942 (1063)
1250 871 1365 941 ejus
1391 871 1535 936 (Leu.
1571 885 1684 930 xm,
1718 866 1927 937 17-18).

276 956 539 1022 Qualiter
550 958 728 1030 igitur
743 954 1340 1030 miserrimi,qualiter
1352 960 1422 1012 ab
1443 955 1933 1011 illaimmunditia

278 1044 478 1114 lavari,
512 1047 761 1118 qualiter
788 1047 881 1102 his
909 1047 1171 1102 valemus
1202 1046 1448 1102 maculis
1480 1044 1781 1116 ablui,qui
1802 1048 1933 1115 post

282 1133 614 1191 levatricem
629 1136 940 1191 criminum
957 1135 1357 1207 pmnitentiam
1372 1134 1588 1189 nedum
1611 1131 1933 1188 sacerdotio

286 1222 476 1296 fungi,
508 1223 568 1279 in
601 1224 875 1280 clericatu
909 1224 1115 1280 saltem
1164 1241 1279 1278 non
1328 1222 1726 1294 permittimur
1751 1221 1934 1291 (1064)

289 1310 710 1384 linquilEsto,
758 1314 914 1368 istud
962 1313 1331 1368 solummodo
1389 1311 1621 1366 miseris
1678 1310 1939 1363 obstaret

289 1398 631 1456 immaniter
655 1401 1000 1473 nobis,quid
1032 1402 1101 1456 de
1132 1402 1301 1455 nobis
1332 1398 1743 1455 aestimandum
1775 1413 1937 1451 com-

290 1487 491 1544 missis
520 1492 542 1556 (
576 1490 703 1556 065)
736 1490 884 1555 Quid
911 1491 983 1545 dc
1011 1490 1105 1545 his
1136 1506 1262 1561 qua:
1292 1488 1492 1555 lavari,
1517 1485 1789 1542 mundari
1820 1489 1876 1540 et
1906 1501 1941 1538 a

289 1576 459 1631 nobis
489 1576 811 1632 debuerant
861 1577 1146 1643 benedici,
1194 1594 1321 1649 quae
1367 1578 1795 1647 consequenter
1824 1573 1938 1627 im-

289 1666 513 1721 munda
543 1669 742 1722 noster
767 1667 974 1721 etfacit.
1030 1666 1176 1738 proh
1224 1667 1390 1720 dolor
1417 1665 1429 1719 l
1464 1669 1659 1719 tactus
1691 1662 1937 1717 Domino

288 1753 551 1810 dicente:
577 1755 727 1824 Quod
755 1757 996 1824 tetigerit
1039 1756 1375 1823 immundus,
1416 1752 1764 1808 immundum
1794 1752 1941 1806 erit?

290 1844 469 1916 (Num.
503 1861 619 1913 XIX,
649 1844 764 1915 22).
797 1845 854 1900 Si
887 1861 1023 1900 vero
1058 1843 1228 1915 pauci
1273 1843 1611 1909 fuissemus,
1646 1841 1801 1913 quod
1834 1839 1942 1894 uti-

288 1949 425 1989 nam
460 1932 780 1989 fuissemus
803 1934 825 2029 l.
848 1933 1107 2029 indignis
1138 1932 1290 2029 4.58
1322 1936 1495 2003 atque
1518 1930 1808 2029 Mrepulsis
1838 1928 1936 2029 Dei
1970 1965 2017 2029 Β

291 2022 481 2095 gratia
510 2022 694 2094 (1066)
727 2021 829 2094 qui
887 2021 1059 2078 nobis
1114 2020 1374 2077 valerent
1437 2020 1651 2086 suffici,
1694 2017 1941 2074 inveniri

266 2110 537 2167 forsitan
559 2115 821 2184 possent,
856 2128 971 2166 non
1003 2110 1120 2167 tale
1152 2112 1340 2166 fuerat
1396 2107 1745 2181 periculum.
1778 2108 1943 2162 Nunc

290 2215 447 2265 vero,
482 2200 625 2273 proh
658 2199 860 2257 nefas!
895 2217 1029 2256 cum
1076 2216 1440 2271 conquerens
1488 2198 1701 2252 clamet
1756 2195 1946 2251 Domi-

294 2304 430 2356 nus,
461 2288 662 2346 dicens
690 2307 704 2346 :
738 2294 990 2347 Attamen
1023 2289 1084 2343 hi
1110 2289 1278 2343 simul
1316 2303 1501 2342 omnes
1559 2287 1946 2356 confregerunt

284 2377 506 2450 jugum,
531 2387 804 2451 ruperunt
828 2380 1050 2435 vincula
1079 2379 1215 2451 (Jer.
1241 2395 1295 2445 v,
1317 2377 1394 2448 5);
1430 2376 1584 2447 quod
1617 2374 1944 2429 remedium

293 2464 518 2523 invenit
546 2468 807 2541 decepta,
840 2484 1017 2541 quam
1049 2483 1249 2540 regere
1279 2464 1613 2532 debuimus,
1649 2460 1942 2529 Ecclesia;

296 2570 433 2611 cum
463 2573 669 2614 omnes
693 2575 808 2614 non
841 2557 1017 2614 simul
1046 2556 1403 2628 confregisse
1449 2554 1682 2625 jugum,
1714 2549 1947 2605 vincula

293 2644 525 2717 rupisse
551 2664 660 2703 vox
689 2652 1082 2720 conqueratur
1127 2644 1429 2701 Dominiea
1452 2644 1480 2699 ‘l
1512 2643 1745 2698 Dicente
1788 2640 1943 2695 enim

291 2733 512 2791 Jacobo
532 2734 562 2789 ‘l
592 2734 948 2807 Conﬁtemini
965 2737 1296 2791 alterutrum
1334 2740 1572 2805 peccata,
1605 2735 1668 2786 ut
1695 2731 1946 2785 salvemi—

292 2823 377 2884 ni.
408 2831 587 2879 vestra
614 2826 752 2893 (Jac.
802 2842 857 2891 v,
907 2824 1035 2895 16):
1088 2820 1539 2878 Neocaasariensi
1585 2836 1719 2874 vero
1760 2816 1942 2873 conti-

293 2914 468 2966 nente
498 2911 770 2983 superius
792 2911 1009 2985 scripto
1036 2910 1292 2983 capitulo
1322 2908 1509 2980 (1067)
1537 2925 1549 2963 :
1582 2908 1869 2977 Presbyter
1896 2908 1947 2961 si

292 3000 567 3071 confessus
606 3002 797 3072 faerit,
846 3000 988 3073 quod
1036 3008 1163 3055 ante
1220 2999 1623 3054 ordinationem
1671 2996 1947 3066 corporali

294 3092 510 3159 peccato
532 3088 843 3162 deliquerit,
889 3090 1074 3146 oblata
1112 3104 1225 3143 non.
1280 3094 1567 3153 consecret,
1626 3101 1855 3140 manens
1886 3086 1946 3138 in

295 3177 527 3249 reltquis
583 3178 779 3249 ofﬁciis
833 3186 1059 3251 propter
1099 3176 1342 3233 studium
1399 3176 1599 3232 bonum
1636 3175 1780 3246 (can.
1840 3173 1941 3243 9);

301 3264 439 3337 quis
470 3266 713 3323 missam
744 3272 1099 3336 cautet,cum
1124 3266 1413 3323 sententia
1443 3264 1556 3320 ista
1585 3279 1731 3335 pene
1752 3261 1940 3318 omni-

2113 780 2199 833 14.
2263 784 2575 850 Desperare
2625 780 2821 850 itaque
2865 796 2966 834 vos
3017 795 3249 834 mecum
3293 777 3698 850 compellerer,

2042 867 2154 922 nisi
2188 868 2398 922 iterum
2431 867 2642 923 lectum
2678 867 2893 939 saepius
2932 868 3305 924 recordarer:
3337 871 3511 923 nescit
3541 870 3701 925 homo

2041 960 2231 1011 utrum
2259 957 2379 1011 odio
2409 974 2481 1011 an
2519 972 2703 1011 amore
2740 957 2811 1010 sit
2860 957 3057 1027 dignus
3109 957 3301 1027 (Eccle.
3338 974 3409 1024 Ix,
3446 956 3521 1027 1).
3559 958 3702 1023 Quis

2043 1044 2200 1099 enim
2228 1044 2407 1109 novit,
2459 1045 2507 1100 si
2562 1045 2655 1100 cui
2708 1050 2980 1099 nostrum
3024 1044 3102 1100 sit
3142 1061 3487 1101 concessum
3526 1051 3703 1102 antea

2045 1133 2501 1205 converti,quam
2521 1134 2668 1189 mori
2690 1133 2718 1187 ‘l
2745 1132 2956 1189 Felices
2969 1133 3125 1189 enim
3149 1133 3258 1189 hac
3277 1134 3403 1207 lege
3421 1135 3699 1207 depositi,

2046 1222 2242 1278 felices
2264 1223 2513 1295 expulsi,
2540 1222 2738 1278 felices
2760 1222 2884 1277 suis
2906 1223 3079 1277 rebus
3102 1222 3353 1295 spoliati,
3388 1227 3445 1279 et
3472 1223 3698 1295 episco-

2046 1316 2183 1383 patu
2220 1313 2401 1381 (1070)
2434 1310 2653 1366 viduati
2680 1332 2693 1381 ;
2728 1310 2775 1367 si
2808 1317 3003 1366 tamen
3035 1312 3119 1367 eis
3150 1312 3373 1383 aliquid
3407 1312 3543 1368 huic
3573 1328 3700 1368 cve-

2048 1400 2170 1455 niat
2196 1398 2384 1455 simile
2407 1400 2559 1471 quod
2584 1400 2905 1470 Scotigenis
2945 1400 3177 1455 duobus
3208 1401 3545 1456 audivimus
3579 1418 3702 1456 eve-

2049 1490 2227 1544 nisse.
2248 1490 2492 1554 Quidam
2525 1489 2677 1544 enim
2705 1489 2997 1560 potentior
3017 1505 3193 1560 super
3223 1490 3701 1561 impotentiorem

2049 1578 2479 1643 insiliens,sede
2509 1577 2675 1632 illum
2709 1577 2942 1650 propria
2963 1577 3384 1650 pepulit,eique
3406 1578 3698 1651 prmsedit.

2049 1667 2185 1721 Erat
2216 1666 2335 1722 illic
2364 1667 2550 1737 (1771)
2576 1667 2815 1739 quidam
2849 1682 3070 1738 pauper
3113 1667 3389 1723 omnibus
3419 1668 3702 1724 membris

2049 1760 2403 1823 contractus,
2437 1756 2866 1827 abeuntemque
2896 1755 2977 1810 ita
3006 1760 3096 1811 est
3116 1754 3405 1812 allocutus
3432 1773 3445 1812 :
3471 1756 3578 1812 Cui
3612 1773 3703 1813 me

2050 1844 2272 1899 deseris
2302 1844 2513 1915 pater?
2545 1849 2679 1911 Deo,
2714 1844 2923 1915 inquit.
2957 1845 3108 1899 Esne
3140 1860 3403 1917 unquam
3435 1862 3702 1902 reversu—

2051 1950 2151 1987 rus
2167 1932 2467 1998 ?Non,nisi
2490 1937 2553 1987 tu
2585 1948 2678 1987 me
2702 1932 3025 1998 reduxeris,
3056 1933 3211 1989 454
3234 1933 3708 2005 inquit.Sccessit

2053 2021 2235 2093 igitur
2254 2020 2591 2093 sepulcrum
2623 2020 2825 2075 adiens
2856 2021 3106 2076 Domini.
3133 2021 3438 2093 Interjecto
3463 2024 3705 2079 tandem

2053 2115 2337 2181 tempore,
2368 2113 2530 2165 tanta
2558 2108 2686 2164 lues
2735 2114 2941 2177 totam,
2978 2110 3132 2165 unde
3190 2115 3430 2167 sanctus
3468 2111 3558 2167 vir
3606 2112 3706 2168 ille

2056 2198 2243 2252 fuerat
2274 2198 2507 2270 pulsus,
2539 2197 2754 2253 invasit
2785 2198 3166 2270 provinciam,
3203 2202 3269 2255 ut
3296 2199 3390 2255 vix
3419 2217 3611 2273 usque
3634 2201 3705 2256 ad

2054 2286 2345 2342 decimam
2376 2286 2684 2342 hominum
2718 2288 3061 2359 pervenerit.
3079 2287 3419 2344 Sciscitatus
3446 2290 3703 2360 jejuniov

2055 2392 2186 2430 rum
2220 2376 2423 2447 (1072),
2458 2375 2819 2442 litaniarum,
2851 2380 2907 2430 et
2936 2375 3440 2450 eleemosynarum
3482 2378 3707 2434 instan-

2054 2463 2464 2536 tia,respondit
2493 2466 2664 2520 modo
2697 2481 2812 2536 quo
2837 2466 2888 2520 ei
2915 2464 3130 2537 placuit
3151 2466 3509 2539 Dominus,ej
3522 2484 3706 2539 usque

2055 2554 2341 2610 invasoris
2365 2554 2729 2609 confessione
2753 2555 3380 2629 monstravit,stragem
3407 2555 3573 2612 illam
3603 2557 3705 2613 ho-

2055 2643 2283 2698 minum
2318 2643 2478 2699 illius
2510 2643 2722 2699 scelere
2772 2644 3106 2717 contigisse.
3155 2645 3370 2700 Beatus
3401 2645 3586 2717 igitur
3615 2647 3705 2702 sui

2055 2732 2520 2787 consideratione
2570 2736 2889 2804 permotus,
2942 2732 3140 2788 relicto
3190 2749 3364 2805 quem
3414 2733 3709 2791 invaserat

2053 2820 2391 2892 episcopatu
2425 2822 2628 2892 (.073),
2654 2821 3342 2895 abseessit,insulamque
3364 2825 3703 2895 quamdam,

2055 2908 2455 2981 pccnitentiam
2487 2911 2602 2965 ﬁne
2632 2914 2804 2965 tenus
2828 2914 3089 2976 acturus,
3122 2911 3377 2966 intravit.
3397 2911 3705 2969 Solitarius

2055 2997 2293 3069 quidem
2312 3015 2548 3053 manere
2561 2998 2946 3064 voluerat,sed
2966 3000 3291 3055 vicinorum
3305 3000 3708 3059 benevolentia

2054 3086 2211 3142 hunc
2244 3087 2448 3159 sapies
2473 3087 2911 3158 visitabat,cum
2942 3093 3179 3161 repente
3205 3088 3413 3144 incolis
3439 3090 3705 3148 deficien-

2053 3175 2498 3244 tibus,maxima
2527 3175 2739 3232 invasit
2760 3178 3008 3249 patriam
3041 3178 3248 3244 fames,
3269 3195 3397 3250 quae
3420 3178 3709 3252 compulit

2056 3262 2468 3320 liberalitatem
2482 3264 2649 3320 illum
2663 3266 3131 3323 sanctumvirum
3147 3266 3428 3323 alentium
3446 3266 3522 3323 ali
3531 3285 3709 3341 quan-

304 3328 611 3411 busoblata
638 3372 750 3412 non
777 3328 1096 3413 consecrare
1132 3355 1439 3429 prohibeat
1478 3328 1662 3425 (1068)
1680 3352 1708 3406 ?
1730 3353 1799 3407 Et
1819 3350 1950 3406 vide
1979 3328 2024 3397 (ἶ
2056 3354 2247 3409 tutum
2270 3353 2998 3426 repigrari.Trieris(1071)
3026 3371 3239 3427 magna
3260 3355 3319 3410 in
3343 3328 3707 3413 littore-casu

304 3448 525 3515 quanta
553 3445 648 3502 hic
677 3447 1012 3504 continetur
1040 3445 1380 3502 adversitas.
1415 3442 1622 3499 Oblata
1652 3441 1809 3497 enim
1833 3456 1948 3495 non

305 3534 661 3606 permitteris
698 3552 1061 3603 consecrare,
1094 3534 1144 3591 si
1194 3538 1251 3589 te
1295 3547 1567 3605 peccasse
1611 3529 1945 3595 confiteris;

304 3620 553 3680 salutem
583 3640 699 3680 non
726 3626 1124 3698 consequeris,
1170 3623 1285 3679 nisi
1337 3626 1393 3678 te
1452 3635 1722 3693 peccasse
1768 3617 1947 3674 conti-

300 3711 481 3767 tearis
511 3713 717 3784 (1069).
747 3713 896 3779 Quid
951 3713 1133 3786 igitur
1179 3713 1250 3766 de
1280 3711 1445 3766 vobis
1476 3710 1707 3775 faciam,
1743 3709 1948 3763 fratres

301 3800 361 3853 et
391 3798 848 3871 compresbyteri
878 3800 1040 3855 mei?
1071 3799 1131 3855 Si
1162 3803 1400 3871 peccata
1426 3800 1619 3852 vestra
1671 3811 1786 3850 non
1818 3812 1949 3850 con-

300 3886 569 3955 ﬁtemini,
602 3886 800 3957 timeo,
831 3888 1009 3944 timeo
1039 3903 1111 3944 ne
1143 3904 1259 3943 non
1309 3886 1611 3941 salvemini
1647 3901 1659 3939 :
1689 3883 1739 3939 si
1768 3883 1944 3939 conﬁ-

297 3973 529 4043 temini,
562 3975 756 4031 oblata
787 3975 899 4033 nisi
930 3980 1135 4032 contra
1182 3975 1426 4031 vetitum
1472 3972 1861 4040 censecratis;
1896 3971 1946 4027 si

298 4067 503 4120 contra
529 4062 769 4120 vetitum
802 4063 1379 4136 consecratis,ignem
1413 4061 1668 4118 alienum
1702 4062 1944 4132 [Laeter-

369 4206 551 4275 (1063)
579 4207 862 4263 Acherius
890 4206 961 4262 ad
988 4206 1326 4261 ministrum.
1352 4204 1780 4275 Correctionem
1815 4202 1944 4275 novi

298 4274 539 4352 editoris
571 4278 867 4352 Spicilegii
899 4277 1230 4352 approbant
1258 4280 1455 4331 noster
1484 4275 1663 4331 codex
1697 4274 1942 4346 Frising.

300 4352 359 4402 et
381 4348 653 4425 vulgatu}
678 4348 990 4425 interpres.
1116 4420 1125 4425 Δ
1188 4350 1191 4355 ’
1376 4421 1422 4425 __
1463 4415 1499 4425 η
1601 4415 1615 4425 _
1720 4416 1735 4425 _
1786 4414 1821 4425 _,

369 4415 558 4487 (1061)
583 4418 781 4492 Vulg,
812 4415 925 4473 non
946 4420 1350 4490 permittamur.
1375 4415 1572 4471 Melior
1601 4415 1824 4471 laudati
1855 4432 1945 4470 co-

297 4488 445 4544 dicis
474 4490 665 4544 lectio.

342 4488 445 4544 icis
474 4490 665 4546 lectio.

371 4560 559 4628 (1065)
587 4564 868 4615 Construe
896 4578 908 4615 :
943 4559 1083 4627 Quid
1119 4559 1502 4615 trstimandum
1542 4559 1611 4613 de
1647 4560 1943 4613 commissis

297 4631 497 4701 nobis?
524 4630 581 4685 id
607 4635 698 4685 est
725 4631 797 4686 de
827 4632 900 4686 iis
937 4630 1036 4701 qui
1070 4631 1373 4685 commissi
1404 4629 1762 4701 sunt_nobis.

369 4700 555 4773 (1066)
584 4701 771 4773 codex
801 4689 1048 4773 Frising.
1086 4702 1291 4773 proDei
1319 4703 1502 4769 gratia
1552 4699 1730 4754 habet
1757 4700 1942 4770 digno.
1970 4689 2022 4755 D

296 4771 542 4827 forsitan
598 4771 780 4843 digne,
840 4777 898 4829 et
951 4771 1184 4827 melius.
1246 4771 1530 4843 Construe
1583 4787 1756 4833 vero;
1802 4774 1947 4843 quod

292 4844 509 4898 utinam
544 4830 856 4915 fuissemus,
915 4843 1137 4899 scilicet
1186 4842 1378 4913 pauci,
1428 4843 1670 4965 forsitan
1722 4830 1941 4912 possent

292 4914 652 4965 inveniriﬂui
682 4918 782 4965 Dei
809 4917 989 4965 oratiu
1011 4915 1136 4965 (aut
1154 4914 1339 4965 diana)
1358 4928 1423 4965 va
1450 4916 1599 4965 erent
1628 4914 1810 4965 suffici
1840 4932 1938 4965 no-

292 4914 652 4985 inveniri,qui
682 4918 782 4971 Dei
809 4917 989 4984 gratia
1011 4915 1136 4985 (aut
1154 4914 1339 4985 digne)
1358 4914 1599 4966 valerent
1628 4914 1810 4982 sufﬁci
1840 4932 1938 4970 no-

292 4983 375 5056 bis
400 4971 669 5056 indiénis,
700 4971 863 5056 atque
901 4971 1177 5055 repulsis!
1210 4971 1338 5037 Mox
1384 4999 1486 5056 pro
1536 4971 1933 5040 nunc'Aclierii

288 5054 465 5109 editio
487 5052 739 5111 habebat
770 5052 1126 5124 'numfi‘orte
1175 5052 1671 5125 typographorum
1721 5071 1933 5120 errore,

288 5141 464 5196 quem
500 5125 854 5196 novissimus
886 5123 1934 5188 editoremendavit,emendationem-

288 5195 404 5267 que
430 5195 612 5267 codex
641 5201 839 5251 noster
868 5198 1193 5251 confirmat.

2045 5064 2101 5111 et
2132 5059 2263 5131 dein
2322 5059 2609 5131 reduxeris
2640 5064 2841 5131 inquit,

2058 3442 2370 3498 restiterat.
2406 3447 2542 3498 Eam
2601 3443 2873 3515 ingressi,
2924 3459 3075 3514 quos
3132 3444 3443 3515 educabat,
3476 3445 3707 3517 pueruli

2058 3531 2212 3586 fame
2271 3536 2529 3604 cogente,
2582 3535 2714 3604 post
2757 3531 2964 3586 ludum
3022 3547 3438 3605 quemcunque
3494 3534 3705 3590 obdor-

2059 3620 2334 3674 mierunt.
2371 3620 2633 3692 Remigio
2652 3620 2848 3692 itaque
2861 3619 3123 3691 angelico
3139 3620 3254 3676 illis
3276 3621 3707 3680 dormientibus

2058 3710 2131 3764 ad
2162 3709 2320 3764 aliud
2350 3708 2514 3765 littus
2560 3708 2761 3781 patria:
2809 3709 3125 3782 perignotm
3168 3710 3417 3767 venitur.
3472 3711 3581 3768 Cui
3614 3730 3708 3768 rex

2057 3798 2326 3869 ejusdem
2358 3798 2557 3870 patriae
2587 3798 2806 3852 circum
2846 3801 3133 3870 equilans,
3168 3800 3541 3872 praestolatus
3573 3818 3707 3857 cum

2056 3886 2444 3942 admiratione
2476 3886 2733 3941 maxima
2763 3888 2959 3943 navim
2979 3888 3105 3944 sine
3130 3888 3472 3945 hominibus
3505 3891 3708 3946 rectis-

2056 3973 2203 4031 sime
2215 3975 2933 4047 adventantem,puerulos
2950 3977 3140 4033 solum
3155 3978 3215 4033 in
3238 3994 3306 4033 ea
3328 3977 3544 4050 repetit
3571 3980 3712 4035 dor-

2057 4066 2324 4118 mientes.
2360 4063 2801 4135 Expergefactos
2832 4066 2987 4120 unde
3018 4071 3233 4134 essent,
3262 4067 3607 4140 interrogat.
3647 4069 3715 4125 Ut

2054 4202 2346 4275 legeretur
2373 4206 2505 4271 nisi,
2540 4204 2637 4259 sed
2671 4207 2740 4273 si,
2774 4207 3110 4277 suppletum
3144 4207 3254 4263 fuit
3276 4225 3389 4264 non
3420 4207 3544 4264 sic:
3577 4209 3714 4265 Site

2091 4292 2299 4330 eccasse
2330 4278 2486 4347 (non)
2516 4277 2847 4346 conﬁtearis.
2873 4277 3008 4335 Post
3037 4279 3320 4335 nonnulla
3341 4282 3524 4348 timeo,
3550 4283 3712 4337 timeo

2100 4348 2146 4422 is
2178 4348 2574 4422 expressimus
2600 4362 2734 4422 cum
2784 4350 2987 4404 eodem
3031 4351 3249 4417 codice,
3285 4368 3354 4422 ex
3383 4352 3711 4422 quoctiam

2053 4417 2328 4493 editionis
2359 4420 2539 4493 oblata
2567 4418 3166 4493 nisirontravetitum,
3201 4421 3299 4476 ubi
3331 4417 3476 4476 forte
3512 4421 3708 4493 legen-

2052 4488 2193 4543 dum
2226 4506 2335 4544 non
2363 4489 2954 4555 nisi,utMabillonius
2983 4498 3135 4549 recte
3161 4493 3468 4549 monuitin
3494 4488 3710 4549 Ra‘the-

2052 4560 2122 4614 rii
2155 4560 2343 4633 elogio
2376 4578 2539 4616 num.
2573 4560 2661 4627 21,
2697 4564 2839 4617 tom.
2891 4563 2993 4617 VII
3033 4566 3159 4620 Act.
3208 4569 3545 4620 sanctorum
3579 4566 3706 4620 0rd.

2054 4632 2241 4705 Bened
2255 4673 2273 4705 ,ί
2301 4649 2441 4705 pag.
2466 4634 2589 4689 481.

2124 4703 2532 4779 (1070)_Vul_g.,
2582 4708 2917 4779 episcopiis.,
2962 4705 3134 4762 lectio
3185 4706 3403 4762 codicis
3451 4705 3707 4773 Frising.

2052 4774 2241 4843 magis
2271 4774 2507 4845 placuit.

2121 4845 2304 4915 (1071)
2340 4846 2478 4901 Mss.
2511 4864 2643 4902 cum
2677 4847 2927 4919 vulgatis
2957 4848 3067 4903 illi.
3100 4848 3529 4905 Correctionem
3565 4848 3709 4904 feci-

2048 4913 2163 4997 lem
2196 4913 2406 4999 sensus
2424 4923 2700 4999 praebuit.
2727 4913 2863 4999 Mox
2892 4920 3287 4999 abeuntemque
3322 4937 3387 4999 ex
3437 4935 3553 4974 ms.
3583 4920 3709 4999 Fri-

2048 4987 2602 5062 sing._praetu_limus
2636 4990 2864 5044 lectioni
2895 4990 3141 5062 vulgatae
3161 4987 3708 5062 abeunlemque,qui:

2916 5079 2977 5116 ro
3008 5061 3317 5127 redituris,
3349 5061 3488 5131 inﬁt.

2115 5130 2296 5199 (1072)
2330 5130 2422 5185 Sic
2456 5130 2607 5185 idem
2639 5130 2819 5204 codex
2851 5130 3101 5203 Frising.
3126 5132 3359 5204 Vulgati
3386 5130 3705 5190 suscitatus.

2043 5198 2329 5275 Construe
2359 5207 2551 5275 autem
2581 5219 2594 5256 :
2628 5203 2945 5258 Sciscilatus
2992 5198 3273 5258 Dominus
3304 5204 3573 5258 instantia
3615 5206 3704 5275 je~

360 5266 546 5346 (1067)
572 5266 691 5337 Ope
722 5268 987 5346 ejusdem
1018 5263 1653 5346 cod‘icisuexpunximus
1674 5269 1929 5346 estquod
2032 5270 2345 5346 juniorum,
2377 5273 2725 5346 litaniarum,
2782 5282 2833 5329 et
2888 5275 3381 5344 eleemosynarum,
3422 5263 3706 5346 respondit

286 5334 419 5408 poet
436 5334 641 5409 vocem
667 5334 907 5409 capitulo
935 5338 1017 5409 ing
1038 5337 1294 5409 vulgatis
1348 5351 1650 5406 perperam
1700 5334 1930 5407 legeba-

283 5406 401 5461 tur.
434 5407 571 5487 Post
600 5406 786 5479 pauca
813 5406 1117 5487 Acherius,
1146 5406 1281 5487 'quis
1321 5421 1571 5484 mensam
1597 5406 1781 5487 cantat
1806 5412 1831 5460 .9
1862 5409 1927 5462 E-

2039 5343 2217 5402 modo,
2253 5359 2355 5412 quo
2381 5345 2433 5397 ei
2466 5346 2701 5413 placuit,
2737 5350 2845 5399 etc.

2111 5414 2296 5494 (1.073)
2329 5413 2933 5496 Obrelativumquem
2956 5432 3091 5471 cum
3126 5415 3707 5496 ins.F_rising.emen-

283 5475 720 5559 mendatipnem
769 5495 947 5559 nova:
982 5475 1262 5559 editionis.
1306 5475 1656 5546 recepimus.
1715 5477 1929 5547 Missam
2037 5475 2306 5559 davimus
2335 5487 2667 5555 episcopatu,
2702 5475 2799 5540 ubi
2840 5486 2997 5558 vulg.
3048 5489 3334 5559 episcopio.
3372 5475 3533 5543 IdEm
3565 5505 3704 5545 vero

280 5547 457 5603 habet
487 5548 664 5602 etiam
698 5550 876 5603 codex
908 5548 1319 5619 Frisingensis.

2037 5554 2217 5629 codex
2248 5554 2476 5629 ignorat
2505 5572 2672 5611 voces
2704 5559 2891 5613 relicto
2941 5554 3102 5629 quem
3148 5554 3448 5614 inuascrat.
3483 5559 3619 5615 Mox
3647 5567 3707 5616 et

351 5620 535 5687 (1068)
583 5620 877 5674 Prohibeat
924 5615 1171 5685 scilicet,
1220 5636 1354 5673 cum
1388 5615 1506 5671 ait:
1571 5616 1760 5672 Oblata
1817 5637 1928 5676 non
2035 5625 2237 5677 eodem
2270 5615 2383 5679 ins.
2420 5627 2695 5691 introivit,
2730 5628 2871 5683 editi
2906 5615 3139 5684 introiit.

275 5697 562 5743 consecret.

2105 5696 2289 5759 (1074)
2323 5697 2514 5750 Codex
2538 5697 2815 5753 laudatus
2849 5701 3149 5765 Triremis;
3178 5703 3235 5754 et
3283 5699 3419 5753 dein
3454 5701 3575 5755 illis
3607 5702 3704 5757 ob-

348 5760 533 5831 (1069)
566 5760 652 5815 Ita
682 5777 793 5816 ms.
848 5761 1095 5833 Frising.
1133 5762 1196 5818 In
1244 5760 1397 5831 vulg.
1450 5774 1607 5829 vero,
1640 5776 1772 5816 cum
1810 5780 1922 5819 non
2031 5764 2430 5821 dormientibus
2468 5768 2538 5821 ad
2571 5770 2725 5823 aliud
2757 5772 2910 5825 littus
2936 5760 3145 5841 patria}
3160 5787 3329 5843 prope
3359 5772 3587 5839 ignota}.
