3892 6388
355 405 470 468 615

1279 400 1657 468 RATHERII
1701 400 1947 469 EPISC.
1994 402 2286 470 'VERON.
2333 402 2506 466 OPP.
2555 398 2752 465 PARS
2796 396 2847 463 Ῑ.

3651 399 3762 461 616

345 539 646 610 loquimini
672 540 829 596 nobis
844 537 1324 613 placentia,videte
1341 539 1497 596 nobis
1516 555 1750 596 errores.
1783 539 2004 611 Auferte
2030 538 2087 606 Α
2116 537 2298 595 Nolite
2314 538 2566 610 aspicere
2616 535 2772 593 nobis
2811 549 2936 607 qua?
2980 540 3124 590 recta
3165 540 3331 603 sunt;
3364 533 3676 605 loquimini,
3709 532 3763 588 id

341 643 377 683 a
406 643 495 704 me
522 629 693 696 viam,
719 628 989 684 declinate
1033 646 1068 683 a
1110 644 1196 683 me
1249 630 1523 697 semitam,
1572 632 1739 684 cesset
1783 645 1817 682 a
1859 629 2006 696 facie
2114 630 2222 692 est,
2253 644 2367 681 non
2402 644 2529 697 qua:
2559 642 2695 679 vera
2727 622 2995 692 sunt,sed
3031 640 3158 695 qua:
3191 622 3361 678 nobis
3384 625 3541 678 recta
3571 621 3763 678 viden-

339 720 532 772 nostra
587 721 809 772 sanctus
856 717 1025 773 Israel
1084 718 1212 784 (Isa.
1245 734 1377 783 xm,
1435 717 1544 788 10).
1616 717 1800 789 (1143)
1839 716 2001 780 Quod

342 805 488 861 dum
521 822 657 861 cum
689 804 783 860 his
814 803 1194 860 contulissem
1218 804 1598 877 caeteris,quae
1620 810 1678 861 et
1708 805 1766 861 in
1796 806 1999 861 eodem

341 894 664 959 audieram,
695 891 1018 965 prophetis,
1070 892 1337 965 psalmis,
1382 893 1641 965 hymnis,
1676 896 1732 949 et
1757 890 1999 948 canticis

341 981 771 1053 spiritualibus,
797 997 925 1051 quae
956 997 1060 1036 vos
1083 981 1327 1052 jactatis
1358 981 1488 1037 aliis
1520 981 1699 1037 italia:
1724 981 1999 1037 Ecclesiis

337 1070 705 1141 frequentare
740 1068 991 1125 melius:
1016 1086 1269 1141 cumque
1301 1086 1571 1126 sermone
1603 1070 1855 1138 Domini,
1880 1086 1996 1141 quo

336 1157 632 1231 prophetae
676 1158 830 1214 480
889 1175 925 1213 a
978 1175 1040 1214 se
1097 1175 1434 1214 consonans
1493 1158 1698 1226 misso,
1754 1157 2000 1214 auctori-

334 1248 448 1303 bus
478 1245 663 1318 (1145)
696 1245 755 1301 in
784 1245 891 1302 hoc
922 1246 1003 1302 ita
1045 1245 1309 1319 loquitur
1356 1247 1603 1303 vestris:
1638 1248 1879 1319 Populus
1910 1248 1998 1302 hic

334 1335 498 1391 labiis
527 1350 613 1390 me
644 1333 915 1395 honorat;
941 1351 1034 1390 cor
1059 1343 1243 1390 autem
1282 1336 1508 1391 illorum
1532 1336 1690 1404 longe
1710 1340 1791 1391 est
1823 1352 1857 1390 α
1885 1351 1990 1392 me.

333 1424 395 1479 In
414 1440 621 1479 vanum
670 1439 777 1492 me,
805 1425 1010 1491 colunt,
1040 1427 1285 1479 tenentes
1309 1424 1593 1480 doctrinas
1623 1428 1674 1479 et
1716 1433 1993 1495 praecepta

330 1514 620 1569 hominum
646 1511 854 1584 (Matth.
884 1530 978 1580 xv,
1009 1513 1064 1584 8)
1090 1529 1102 1568 :
1139 1529 1276 1568 cum
1326 1512 1604 1584 Apostolo
1636 1529 1873 1585 quoque
1904 1512 1990 1567 di-

331 1606 497 1658 cente
526 1619 540 1669 ;
575 1601 693 1655 Erit
714 1603 945 1672 tempus,
977 1617 1103 1656 cum
1161 1618 1358 1657 sanam
1404 1601 1710 1657 doctrinam
1740 1618 1851 1657 non
1870 1617 1989 1656 sus-

330 1690 601 1756 tinebunt,
631 1688 722 1744 sed
749 1688 820 1744 ad
848 1706 950 1744 sua
995 1689 1267 1744 desideria
1316 1690 1711 1746 coacervabunt
1747 1690 1855 1745 sibi
1877 1707 1991 1745 ma-

328 1781 525 1851 gistros
548 1778 863 1850 prurientes
892 1778 1142 1843 auribus,
1190 1782 1242 1834 et
1289 1795 1323 1833 a
1370 1780 1603 1834 veritate
1646 1778 1865 1851 quidem
1894 1796 1991 1833 au-

328 1869 507 1924 dit-um
548 1870 816 1935 avertent,
867 1866 938 1921 ad
981 1868 1202 1939 fabulas
1260 1871 1448 1923 autem
1496 1871 1877 1923 convertentur
1921 1867 1993 1940 (II

331 1958 546 2024 Tim.xv,
574 1958 627 2024 3)
656 1971 668 2009 :
702 1953 1045 2026 compulsus
1067 1972 1201 2011 sum
1225 1955 1618 2026 miserrimus,
1640 1956 1753 2012 heu
1786 1955 1983 2012 dolor!

329 2063 437 2101 nos
469 2041 751 2117 populum
768 2043 1085 2098 Dominum
1099 2044 1171 2099 ad
1193 2044 1559 2098 iracundiam
1575 2048 1985 2115 provocantem

328 2133 675 2205 intelligere,
738 2149 854 2186 non
914 2131 1158 2204 ignarus
1213 2130 1581 2202 Apostolum,
1636 2135 1988 2204 Quaecunque

326 2225 531 2295 scripta
559 2223 707 2286 sunt,
740 2220 810 2276 ad
851 2224 1097 2275 nostram
1135 2219 1442 2274 doctrinam
1458 2221 1662 2290 scripta
1688 2221 1859 2291 (Rom.
1889 2238 1981 2287 xv,

325 2309 780 2383 4),veracissime
811 2312 1091 2364 testatum
1123 2308 1323 2362 fuisse.
1361 2305 1491 2362 Filii
1525 2307 1684 2362 enim
1719 2307 1983 2364 nolentes

326 2399 525 2456 audire
556 2398 745 2470 legem
773 2396 893 2463 Dei,
928 2396 1029 2467 qui
1085 2395 1279 2466 aptius
1331 2398 1497 2467 (pace
1552 2397 1706 2469 quod
1737 2396 1982 2452 dixerim

323 2491 534 2557 vestra)
565 2485 760 2542 valent
790 2483 1243 2555 intelligi,quam
1277 2483 1384 2554 illi,
1419 2484 1518 2556 qui
1550 2502 1684 2539 cum
1717 2486 1980 2541 canonici

326 2575 597 2633 affectent
620 2573 834 2642 vocari,
863 2577 920 2629 et
976 2573 1047 2628 de
1095 2571 1248 2644 stipe
1275 2572 1573 2629 canonicis
1607 2574 1790 2645 (1145)
1823 2574 1979 2631 dele-

325 2668 461 2739 gata
508 2664 871 2719 incessanter
927 2665 1386 2733 conquerantur,
1424 2661 1483 2717 in
1534 2666 1763 2718 tantum
1815 2679 1977 2719 recu-

326 2758 460 2809 sant
489 2753 638 2807 481
674 2767 803 2806 esse
833 2749 1117 2813 canonici,
1161 2752 1224 2803 ut
1251 2751 1779 2806 consuetudinibus
1816 2751 1980 2807 mali-

326 2855 578 2913 gnorum
610 2838 980 2893 solummodo
1042 2837 1384 2904 innitentes,
1421 2839 1501 2894 nil
1536 2841 1691 2911 quod
1725 2857 1978 2896 canones

327 2926 604 2983 sanciunt
632 2924 842 2993 sancti,
876 2926 1091 2980 nedum
1126 2924 1336 2998 legere,
1368 2927 1455 2982 vel
1491 2928 1696 2995 facere,
1728 2928 1977 2985 tolerent

326 3015 536 3073 saltem
566 3013 791 3082 audire,
822 3013 1043 3069 eisdem
1076 3015 1270 3070 verbis
1317 3014 1575 3072 dicentes
1618 3016 1972 3085 videntibus,

326 3120 530 3160 eorum
563 3102 764 3174 utique
792 3101 1119 3175 periculum
1168 3103 1503 3158 animarum
1557 3105 1971 3174 cernentibus;

323 3193 501 3249 Nolite
526 3190 733 3254 videre;
755 3197 812 3246 et
840 3191 1263 3263 aspicientibus
1288 3183 1633 3263 pravitatem
1666 3192 1928 3266 ipsorum
1957 3211 1970 3249 :

396 3332 577 3405 (1143)
599 3331 770 3406 Vulg.
806 3333 967 3404 Quod
993 3331 1133 3387 dum
1155 3349 1283 3387 cum
1316 3333 1403 3406 [iis
1448 3335 1817 3402 contulissem,
1850 3352 1976 3406 quae

323 3404 565 3471 caeteris,
590 3412 641 3459 et
673 3404 737 3458 in?
759 3404 1388 3476 eodem.perperam.Ut
1419 3421 1629 3459 sensus
1661 3404 1971 3470 constaret,

322 3492 449 3549 quae
478 3480 618 3549 post
637 3478 846 3549 cieteris
864 3476 1314 3549 transtulimus.
1348 3476 1633 3531 Construe
1664 3483 1883 3549 autem,
1917 3484 1975 3533 et

321 3546 544 3620 explica
574 3546 694 3601 sic:
725 3546 875 3620 Quod
903 3546 1034 3620 dum
1072 3548 1441 3620 contulissem,
1468 3563 1597 3603 cum
1653 3547 1738 3603 his
1767 3551 1977 3605 czeteris

315 3619 867 3692 prophetis,psa_lmis,
902 3619 1171 3692 hymnzs,_
1195 3622 1245 3673 et
1265 3619 1521 3692 __canticis
1565 3621 1971 3692 spiritualibus,

322 3688 447 3761 qua,»
470 3693 521 3743 et
541 3688 840 3761 ingeodem(
848 3694 1019 3742 noctu
1031 3688 1173 3742 rnali
1195 3688 1418 3744 scilicet
1435 3688 1648 3761 officio)
1665 3691 1971 3748 audieram.

474 3775 574 3838 vos
587 3759 810 3838 jactatis
836 3762 1183 3838 frequentare
1211 3761 1409 3838 melius
1439 3760 1568 3838 aliis
1597 3760 1977 3838 Ecclesiislta-

323 3829 621 3954 ῐίΐιξηΝοιει
669 3829 1056 3899 frequentiam
1096 3829 1259 3883 chori
1307 3830 1368 3884 in
1419 3831 1747 3886 nocturnali
1796 3834 1973 3889 etiam

324 3918 357 3954 ο
406 3915 536 3953 icio.

324 3915 536 3957 ONICIO.

396 3967 582 4040 (1144)
614 3968 937 4040 Legebatur
964 3968 1023 4022 in
1066 3967 1338 4040 vulgatis
1366 3972 1505 4024 meis
1550 3973 1881 4037 auctoribus,
1913 3976 1975 4028 in

323 4037 670 4102 hoc.SenSus
698 4037 1116 4093 correctionem
1150 4037 1789 4109 postulavit.Construe
1808 4061 1971 4100 vero:

322 4115 375 4166 et
403 4111 557 4181 (dum
584 4110 955 4183 contulissem)
987 4124 1112 4163 cum
1157 4125 1404 4183 sermone
1442 4112 1681 4176 Domini,
1716 4130 1817 4183 quo
1845 4131 1973 4169 con-

321 4181 866 4257 sonausprophetm
912 4197 947 4234 a
994 4196 1053 4257 se
1105 4181 1292 4257 misso,
1316 4182 1404 4257 _it_a
1462 4184 1523 4257 in
1579 4183 1689 4257 hoc
1724 4181 1977 4257 loquitur

321 4251 635 4309 auctoribus
671 4251 941 4306 _vestris:
1010 4251 1250 4320 Populus
1308 4251 1414 4320 hic,
1475 4251 1585 4309 etc.
1654 4251 1975 4312 Auctoribus

320 4326 538 4392 vestris,
571 4322 782 4393 inquit,
812 4322 871 4376 id
903 4326 991 4375 est
1024 4322 1350 4392 majoribus
1403 4333 1459 4378 et
1502 4327 1974 4383 antecessoribus

319 4396 564 4462 vestris;
600 4392 810 4448 herum
842 4392 997 4447 enim
1030 4394 1435 4448 auctoritatem
1486 4401 1544 4450 et
1596 4400 1972 4453 consuetudi-

319 4482 454 4540 nem
486 4463 1069 4540 canonici_Ratherio
1117 4466 1508 4540 apponebant,
1555 4483 1740 4540 eaque
1787 4486 1849 4524 se
1879 4487 1971 4525 sa-

317 4535 587 4661 gsqtutos
620 4535 925 4607 putabant,
963 4541 1028 4589 ut
1072 4535 1161 4590 vel
1197 4535 1287 4592 lex
1342 4535 1727 4608 sequentibus
1771 4541 1970 4612 palam

365 4622 394 4660 e
427 4646 439 4659 .

365 4622 439 4660 θι.

393 4674 753 4754 (1145)-βιίρε
786 4679 1062 4754 canonicis
1090 4676 1971 4754 delegataproprieintelligun-

318 4745 416 4801 tur
444 4745 483 4801 ii
513 4745 866 4822 cathedra‘lis
899 4749 1152 4804 ecclesia:
1196 4745 1490 4822 redditus,
1513 4751 1615 4822 qui
1673 4745 1970 4808 canonicis

319 4823 487 4895 erant
518 4818 972 4895 assignati.Cum
1001 4825 1197 4895 autem
1228 4820 1478 4895 potiores
1513 4818 1779 4895 redditus
1811 4827 1968 4895 ejus-

320 4890 452 4944 dem
482 4890 738 4945 ecclesize
781 4892 935 4946 inter
989 4890 1243 4961 majores
1293 4892 1556 4951 clericos.
1584 4892 1641 4946 id
1702 4900 1789 4949 est
1820 4890 1973 4950 inter

319 4961 631 5016 canonicos
661 4962 831 5016 divisi
864 4967 1080 5027 essent,
1115 4962 1493 5017 inferioribus
1552 4980 1686 5018 vero
1741 4965 1969 5022 clericis

320 5030 523 5103 relicta
551 5038 704 5087 esset
733 5033 1082 5087 tenuissima
1112 5033 1319 5103 portio,
1355 5034 1497 5087 adeo
1552 5039 1614 5087 ut
1646 5034 1821 5091 iidem
1850 5038 1971 5092 ino-

320 5102 416 5175 pia
445 5108 885 5175 premerentur;
922 5102 1142 5175 aliquid
1163 5120 1241 5175 rex
1267 5103 1614 5175 redditibus,
1640 5122 1787 5175 quos
1817 5109 1967 5162 obti«

319 5173 539 5243 nebant
590 5173 875 5238 canonici,
940 5174 1250 5228 Ratherius
1309 5173 1448 5228 olim
1517 5173 1967 5234 subducendum

321 5242 575 5325 curavit,
605 5248 687 5324 ut‘
728 5242 1788 5325 inferioribus“aequiushprovideret.
1822 5249 1968 5304 Huic

320 5313 950 5386 porroAdivisionigeum
1005 5313 1243 5386 acriter‘
1276 5313 1633 5386 restitissent
1663 5317 1840 5373 iidem
1872 5337 1966 5375 ca-

320 5383 535 5448 nonici,
569 5383 880 5439 Ratherius
930 5389 994 5438 ut
1042 5385 1417 5440 inferioribus
1468 5386 1693 5443 clericis
1733 5390 1847 5445 alia
1876 5391 1969 5446 via

318 5454 699 5528 prospiceret,
732 5455 975 5510 abstulit
1004 5473 1038 5528 a
1068 5457 1268 5510 decem
1329 5456 1624 5528 canonicis
1655 5475 1723 5513 ea
1747 5461 1964 5516 beneﬁ-

318 5526 564 5599 cia,qu:n
588 5526 800 5599 ipserex
839 5543 944 5582 suo
984 5527 1205 5582 eisdem
1256 5526 1711 5595 contulerat;ac
1743 5548 1812 5586 ex
1834 5531 1968 5588 isto-

315 5614 449 5670 rum
482 5598 896 5670 beneﬁciorum
940 5602 1104 5670 parte
1161 5599 1447 5670 quosdam
1502 5598 1806 5657 inferiores
1854 5602 1967 5659 cle-

317 5669 469 5725 ricos
502 5668 1081 5745 .aleudosudecrevit
1130 5668 1519 5745 eouludicato,
1559 5673 1733 5745 _quo_d
1793 5680 1965 5733 antea

312 5738 729 5829 praemisimus.
758 5739 849 5804 Illi
874 5757 1005 5805 vero
1036 5740 1145 5805 etsi
1202 5740 1276 5802 iis
1326 5738 1629 5806 beneficiis
1661 5743 1772 5806 sibi
1803 5747 1962 5811 aufe-

2076 3107 2472 3174 persequentur
2506 3117 2596 3157 vos
2649 3100 2832 3172 (Ibid.)
2860 3119 2873 3157 :

2111 717 2243 782 tur;
2276 716 2454 783 nobis,
2488 731 2603 769 non
2655 713 2772 769 Deo
2814 713 3097 784 placentia
3145 709 3358 779 dicite;
3391 710 3567 768 videte
3614 711 3767 767 nobis

2109 819 2339 871 errores,
2372 802 2480 859 hoc
2511 806 2601 859 est
2650 801 2845 859 simile
2878 818 2984 857 nos
3035 800 3256 857 nostris
3306 800 3767 870 inventionibus,

2110 896 2287 964 atque
2318 895 2755 948 antecessorum
2788 892 3123 948 nostrorum
3157 888 3433 963 malignis
3463 893 3769 945 consuetu-

2108 981 2346 1036 dinibus
2377 980 2605 1053 decipi;
2640 981 2859 1053 Auferte
2913 997 2947 1033 a
2978 996 3064 1035 me
3111 980 3260 1034 viam
3308 979 3435 1050 (Isa.
3485 995 3619 1046 xxx,
3655 978 3765 1051 10),

2107 1070 2310 1141 utique
2340 1069 2635 1141 illum,qui
2670 1068 2846 1124 dicit:
2881 1069 2988 1140 Ego
3017 1084 3142 1123 sum
3165 1068 3255 1122 via
3287 1067 3337 1139 (I
3361 1069 3517 1124 Joan.
3542 1086 3659 1135 xxv,
3684 1069 3763 1135 6).

2104 1158 2392 1213 Declinate
2419 1159 2671 1213 semitam
2700 1159 2827 1221 (Isa.
2860 1174 2991 1224 xxx,
3024 1157 3133 1224 11),
3170 1172 3489 1228 angusmm
3544 1156 3768 1213 scilicet

2104 1251 2279 1319 atque
2301 1251 2520 1303 arctam
2545 1245 2696 1302 viam
2718 1246 3027 1301 ducentem
3042 1245 3113 1300 ad
3132 1244 3330 1301 vitam.
3358 1245 3533 1301 Cesset
3559 1261 3593 1300 a
3621 1247 3764 1318 facie

2100 1343 2286 1390 nostra
2316 1339 2539 1391 sanctus
2568 1335 2739 1390 Israel
2770 1334 2976 1406 (Ibid),
3006 1333 3063 1389 id
3096 1337 3207 1401 est,
3245 1332 3477 1389 desinat
3533 1351 3640 1390 nos
3672 1334 3765 1389 in-

2101 1423 2363 1494 quietare
2398 1422 2765 1478 sanctitatem
2799 1439 2969 1477 suam
3011 1422 3181 1477 nobis
3231 1421 3595 1492 sequendam
3629 1439 3763 1494 pro-

2101 1528 2326 1584 ponens
2359 1516 2623 1578 sauctus,
2656 1510 2939 1567 visionem
2964 1528 3109 1565 verae
3160 1527 3227 1565 ac
3276 1509 3643 1583 sempiterna
3667 1527 3766 1583 pa-

2101 1600 2186 1656 cis
2213 1601 2647 1665 demonstrans,
2681 1604 2737 1656 et
2779 1598 3150 1668 Dominicus,
3186 1614 3366 1672 quem
3400 1598 3570 1655 nobis
3602 1599 3764 1672 inge-

2100 1688 2201 1756 ris,
2238 1706 2455 1745 sermo.

2169 1779 2222 1831 2.
2257 1777 2404 1841 Quid
2438 1795 2593 1845 vero,
2629 1776 2752 1841 filii,
2788 1794 2964 1849 super
3007 1775 3225 1848 quibus
3275 1792 3589 1832 monemur
3611 1776 3763 1832 divi-

2097 1865 2258 1920 nitus
2288 1882 2403 1921 non
2436 1864 2640 1933 laetari,
2677 1865 2725 1919 si
2776 1863 3249 1938 multiplicemini
3292 1866 3482 1933 (Eccli.
3518 1882 3631 1932 xv1,
3662 1866 3755 1936 1);

2097 1953 2260 2023 quid,
2296 1953 2559 2026 inquam,
2595 1952 2723 2021 erit,
2760 1952 2808 2008 si
2838 1954 3036 2008 audito
3082 1951 3619 2009 misericordissimi
3654 1954 3756 2009 Dei

2097 2041 2388 2113 promisso
2448 2041 2739 2097 dicentis:
2795 2041 2858 2097 Si
2910 2042 3283 2097 revertamini
3338 2050 3389 2098 et
3441 2044 3754 2115 quicscaiis,

2093 2131 2238 2184 salvi
2262 2132 2370 2184 erit
2380 2133 2448 2183 is.
2477 2133 2536 2184 In
2562 2131 2785 2184 silentio
2816 2132 2871 2184 ei
2898 2133 2957 2184 in
3007 2147 3100 2202 spe
3148 2140 3252 2186 erit
3280 2131 3545 2202 fortitudo
3575 2139 3757 2186 vestra

2095 2218 2218 2289 (Isa.
2256 2234 2386 2283 xxx,
2422 2218 2508 2283 15)
2544 2234 2556 2285 ;
2593 2220 2764 2287 atque
2814 2221 2947 2288 post
2999 2234 3227 2289 pauca:
3261 2223 3546 2291 Exspectat
3574 2221 3758 2275 Domi-

2091 2313 2313 2361 παλαι
2354 2307 2687 2360 misereatur
2736 2307 2902 2359 vestri
2950 2306 3134 2377 (Ibid.
3166 2310 3293 2375 18);
3328 2306 3761 2379 parvipenditis

2093 2393 2259 2456 illud,
2280 2394 2544 2449 moribus
2575 2392 2797 2465 utique,
2831 2397 2888 2449 et
2914 2392 2963 2448 si
2994 2411 3109 2449 non
3139 2395 3352 2462 verbis,
3388 2396 3756 2468 responden-

2090 2488 2200 2548 tes,
2233 2485 2609 2555 Nequaquam,
2638 2480 2731 2536 sed
2760 2481 2831 2536 ad
2882 2498 3042 2553 equos
3088 2483 3364 2553 fugiemus
3420 2484 3606 2555 (ΗΜΛ,
3638 2485 3756 2557 l6),

2056 2558 2239 2644 'quos
2262 2572 2463 2643 utique
2493 2574 2757 2644 potentes
2788 2570 3099 2642 quoslibet,
3120 2586 3373 2642 quorum
3403 2571 3757 2645 patrociniis

2089 2661 2182 2716 ﬁsi
2232 2661 2415 2732 (1140)
2459 2658 2917 2715 ecclesiasticam
2975 2663 3099 2715 tam
3158 2657 3564 2731 nullipenditis
3623 2662 3753 2717 dis-

2088 2749 2389 2821 ciplinam,
2419 2748 2580 2804 482
2612 2748 2693 2803 nil
2725 2749 2921 2805 obstat
2970 2746 3217 2819 intelligi
3244 2765 3256 2803 :
3292 2748 3554 2818 [subaudi
3584 2753 3644 2805 et
3675 2750 3755 2822 si]

2088 2838 2432 2894 auctoritate
2464 2854 2621 2910 papae
2654 2836 2914 2910 Gregorii
2954 2836 3132 2892 etiam
3180 2837 3252 2892 ad
3284 2835 3543 2892 litteram
3576 2839 3751 2894 vobis

2086 2926 2397 2981 Dominum
2443 2927 2794 2996 respondere
2839 2925 3169 2997 contigerit.
3224 2924 3345 2980 Ideo
3394 2927 3645 2996 fugietis.
3680 2928 3753 2983 Et

2083 3032 2246 3085 super
2274 3016 2476 3070 veloces
2524 3013 2912 3082 ascendemus;
2952 3013 3070 3069 ideo
3117 3014 3409 3069 velociores
3454 3022 3615 3069 erunt
3646 3017 3751 3087 qui

2938 3100 3241 3157 vindicans
3301 3101 3744 3160 immanitatem

2084 3190 2416 3248 rebellionis
2447 3191 2652 3263 utique
2681 3195 2884 3246 vestrae
2936 3189 3356 3262 temporaliter,
3390 3206 3464 3246 ne
3493 3191 3744 3248 damnet

2085 3333 2285 3413 rendis
2318 3331 3175 3413 quodammodopraabuissent
3209 3348 3538 3413 assensum,
3574 3333 3752 3413 dum-

2084 3406 2258 3459 modo
2290 3404 2600 3474 episcopus
2642 3404 2975 3458 redditibus
3023 3404 3440 3475 canonicorum
3488 3405 3749 3475 propriis

2083 3473 2541 3548 parceret;gc_um
2573 3480 2769 3529 tamen
2800 3483 2930 3548 post
2981 3473 3306 3548 Judicaiuin
3331 3492 3393 3548 se
3439 3473 3506 3548 id
3517 3473 3750 3548 iisdem

2084 3545 2209 3602 suis
2243 3545 2569 3601 redditibus
2596 3551 2753 3600 tutos
2800 3546 3093 3609 viderunt,
3129 3546 3411 3601 beneﬁcia
3459 3545 3568 3600 sibi
3600 3546 3750 3602 olim

2084 3616 2316 3681 collata,
2349 3634 2416 3672 ac
2447 3616 2590 3690 dein
2612 3616 2808 3690 ablata
2847 3622 3127 3688 tanquam
3181 3634 3290 3672 sua
3338 3613 3745 3690 praeferentes,

2080 3690 2391 3745 Judicatum
2450 3688 2901 3742 rescindendum
2981 3692 3263 3742 curarunt
3309 3688 3609 3758 {hacque
3673 3690 3752 3745 de

2083 3776 2264 3816 causa
2292 3759 2633 3831 episcopum
2653 3759 3125 3831 accusationibus
3144 3758 3560 3831 impetiverunt
3581 3762 3747 3830 apud

2082 3830 2456 3895 Caesarem,et
2487 3830 2738 3884 missum
2772 3830 2845 3884 ab
2875 3846 2942 3885 eo
2973 3830 3353 3901 expetierunt,
3379 3830 3483 3901 qui
3515 3831 3586 3885 de
3615 3836 3749 3887 tota

2083 3919 2263 3957 causa
2311 3906 2686 3972 cognosceret
2733 3906 2905 3971 atque
2950 3902 3209 3964 referret.
3240 3900 3425 3972 eoque
3474 3900 3748 3972 ipsorum

2084 3972 2391 4043 molimina
2421 3977 2848 4043 processere,ut
2878 3972 3033 4027 idem
3062 3972 3378 4027 Judicatum
3406 3972 3645 4027 tandem
3674 3991 3750 4029 ex

2084 4041 2321 4114 speciali
2355 4041 2719 4123 imperaloris
2750 4043 3029 4123 mandato
3060 4043 3748 4123 rescisum.l'uerit.S_tips

2082 4113 2219 4185 ergo
2249 4113 2549 4186 canonicis
2580 4114 2942 4186 delegata,de
2972 4130 3086 4185 qua
3109 4113 3393 4186 canonici,
3416 4113 3747 4186 quereban-

2083 4184 2321 4257 turmon
2355 4184 2545 4257 solum
2577 4184 2937 4257 intelligendi
2970 4189 3110 4257 sunt
3141 4185 3403 4257 redditus
3432 4184 3747 4257 cathedra-

2083 4255 2156 4311 lis
2187 4253 2312 4309 loco
2344 4254 2678 4327 accipienda
2707 4253 2793 4326 ea'
2828 4255 3127 4321 beneﬁcia,
3163 4273 3289 4326 qua:
3323 4255 3636 4312 Ratherius
3667 4274 3745 4313 ex

2083 4342 2216 4451 ego.t
2239 4326 2649 4450 plauptertatula
2692 4327 2913 4382 eisdem
2972 4331 3360 4394 concesserat,
3418 4332 3478 4383 et
3533 4332 3750 4398 postea

2084 4415 2117 4451 a
2162 4414 2190 4450 s
2223 4415 2253 4450 u
2284 4413 2383 4451 era
2414 4438 2425 4450 .

2084 4401 2425 4453 abstulerat.

2156 4468 2339 4538 (1146)
2369 4467 2663 4540 Canonici,
2698 4472 2763 4522 ut
2789 4467 3074 4540 Ratherio
3111 4467 3494 4540 fobsisterent,
3529 4474 3748 4540 peten-

2084 4539 2231 4593 tium
2267 4538 2588 4610 patrocinia
2620 4538 2998 4609 quaesierunt.
3020 4538 3162 4594 Vide
3193 4538 3741 4595 Discordiaminum.

2001 4630 2047 4694 Β
2081 4612 2452 4694 pons-true
2484 4616 2711 4694 autem:
2743 4625 2874 4694 quos
2921 4611 3110 4680 utique
3159 4610 3387 4694 (equos)
3437 4612 3751 4694 niluobstat

2080 4682 2326 4749 intelligi
2338 4681 2629 4753 quoslibet
2668 4685 2930 4753 potentes.
2984 4697 3215 4753 quorum
3237 4681 3581 4752 patrociniis
3623 4684 3744 4753 ﬁsi,

2080 4758 2197 4805 tam
2248 4752 2636 4823 nullipenditis
2683 4752 3110 4807 ecclesiasticam
3162 4752 3549 4823 disciplinam:
3582 4752 3637 4808 et
3690 4756 3747 4810 si

2079 4822 2405 4895 auctoritate
2430 4825 2598 4895 etiam
2620 4839 2777 4895 papae
2829 4822 3082 4891 Gregorii
3126 4822 3413 4895 contigerit
3442 4824 3753 4881 Dominum

2076 4893 2407 4964 respondere
2460 4894 2611 4949 vobis
2657 4893 2729 4948 ad
2783 4895 3027 4965 litteram
3056 4912 3074 4948 :
3131 4893 3286 4950 Ideo'
3316 4895 3562 4965 fugietis,
3622 4901 3745 4952 etc.

2076 4966 2244 5034 Apud
2277 4965 2487 5019 Isaiam
2528 4965 2867 5020 Jurlzeorum
2926 4964 3048 5020 haec
3103 4966 3279 5020 verba
3318 4964 3461 5020 sunt
3488 4982 3501 5019 :
3530 4965 3640 5021 Sed
3670 4967 3749 5022 ad

2079 5052 2240 5106 equos
2270 5038 2565 5107 fugiemus.
2597 5036 2926 5106 Respondet
2972 5036 3293 5091 Dominus:
3327 5036 3450 5092 Ideo
3478 5039 3742 5107 fugietis.

2076 5105 2417 5179 Sequuntur
2446 5105 2529 5160 illi
2548 5108 2663 5179 7;_Et
2686 5105 2852 5177 super
2879 5109 3082 5162 veloces
3125 5105 3495 5163 ascendeme
3532 5105 3740 5179 Repo-

2076 5178 2164 5231 nit
2189 5178 2501 5232 Dominus:
2536 5177 2657 5233 Ideo
2677 5180 2966 5233 velociores
2995 5182 3177 5247 erunt,
3210 5180 3306 5249 qui
3333 5177 3747 5249 persequentur

2075 5259 2188 5303 vos;
2221 5249 2370 5302 Mille
2400 5248 2647 5302 homines
2695 5266 2728 5303 a
2772 5251 2917 5320 facie
2961 5251 3187 5304 terroris
3228 5248 3414 5315 unius,
3446 5259 3498 5304 et
3522 5268 3557 5304 a
3586 5253 3747 5320 facie

2077 5321 2302 5374 terroris
2336 5321 2575 5391 quinque
2602 5321 2845 5391 fugietis,
2879 5324 2987 5375 etc.
3038 5321 3186 5374 Hine
3244 5320 3502 5375 Ratherii
3536 5326 3745 5377 textus

2077 5389 2615 5473 emendandus—seu
2647 5389 3035 5473 explicandps
3054 5392 3304 5473 videtur.
3341 5392 3540 5473 innuit
3570 5393 3743 5448 enim

2075 5459 2300 5535 clericis
2332 5459 2649 5535 rebellibus
2680 5459 2824 5516 nihil
2846 5463 3154 5535 profutura
3177 5462 3507 5535 potentium
3540 5469 3751 5535 patro-

2074 5533 2226 5605 cinia
2257 5536 2463 5605 contra
2494 5531 2823 5605 Dominum,
2847 5531 2956 5605 qui
2987 5531 3196 5590 eodeni
3224 5534 3420 5599 modo,
3446 5531 3563 5605 quo
3591 5533 3745 5590 olim

2074 5602 2353 5667 Hebraeis,
2384 5604 2736 5676 respondere
2768 5602 2913 5676 ipsis
2944 5605 3175 5676 poterit,
3214 5602 3503 5664 Vindicans
3534 5606 3749 5664 imma-

2074 5619 2353 5667 HeDI‘tBlS,
2384 5619 2736 5731 respondere
2768 5621 2913 5676 IPSlS
2944 5619 3026 5676 p01

2072 5675 2302 5735 nitatem
2330 5674 2479 5735 rebel
2503 5675 2645 5734 ionis
2674 5679 2882 5749 vestrae,
2914 5681 3026 5737 etc.
