  <div class='ocr_page' id='page_1' title='image "/cluster/home/n/w/nwhite01/storage/ocr_20150623/136-137/uc1.31175019686917/315.png"; bbox 0 0 3892 6370; ppageno 0'>
   <div class='ocr_carea' id='block_1_1' title="bbox 367 475 486 537">
    <p class='ocr_par' dir='ltr' id='par_1_1' title="bbox 367 475 486 537">
     <span class='ocr_line' id='line_1_1' title="bbox 367 475 486 537; baseline 0 -1"><span class='ocrx_word' id='word_1_1' title='bbox 367 475 486 537; x_wconf 82' lang='lat'>619</span> 
     </span>
    </p>
   </div>
   <div class='ocr_carea' id='block_1_2' title="bbox 1289 466 2864 536">
    <p class='ocr_par' dir='ltr' id='par_1_2' title="bbox 1289 466 2864 536">
     <span class='ocr_line' id='line_1_2' title="bbox 1289 466 2864 536; baseline -0.005 0"><span class='ocrx_word' id='word_1_2' title='bbox 1289 473 1669 536; x_wconf 76' lang='lat' dir='ltr'>RATHEBII</span> <span class='ocrx_word' id='word_1_3' title='bbox 1715 466 1960 532; x_wconf 86' lang='lat' dir='ltr'>EPISC.</span> <span class='ocrx_word' id='word_1_4' title='bbox 2008 466 2296 529; x_wconf 82' lang='lat' dir='ltr'>VERON.</span> <span class='ocrx_word' id='word_1_5' title='bbox 2345 467 2518 528; x_wconf 89' lang='lat' dir='ltr'>OPP.</span> <span class='ocrx_word' id='word_1_6' title='bbox 2563 467 2769 530; x_wconf 80' lang='lat' dir='ltr'>PARS</span> <span class='ocrx_word' id='word_1_7' title='bbox 2815 468 2864 529; x_wconf 91' lang='grc' dir='ltr'>Ι.</span> 
     </span>
    </p>
   </div>
   <div class='ocr_carea' id='block_1_3' title="bbox 3682 452 3802 532">
    <p class='ocr_par' dir='ltr' id='par_1_3' title="bbox 3682 452 3802 532">
     <span class='ocr_line' id='line_1_3' title="bbox 3682 452 3802 532; baseline 0.008 -1"><span class='ocrx_word' id='word_1_8' title='bbox 3682 452 3802 532; x_wconf 71' lang='lat' dir='ltr'>ese</span> 
     </span>
    </p>
   </div>
   <div class='ocr_carea' id='block_1_4' title="bbox 364 600 3806 680">
    <p class='ocr_par' dir='ltr' id='par_1_4' title="bbox 364 600 3806 680">
     <span class='ocr_line' id='line_1_4' title="bbox 364 600 3806 680; baseline -0.001 -16"><span class='ocrx_word' id='word_1_9' title='bbox 364 608 501 664; x_wconf 78' lang='lat' dir='ltr'>audi</span> <span class='ocrx_word' id='word_1_10' title='bbox 528 607 712 679; x_wconf 85' lang='lat' dir='ltr'>sunt],</span> <span class='ocrx_word' id='word_1_11' title='bbox 766 608 867 680; x_wconf 88' lang='lat' dir='ltr'>qui</span> <span class='ocrx_word' id='word_1_12' title='bbox 919 611 1131 680; x_wconf 88' lang='lat' dir='ltr'>putant</span> <span class='ocrx_word' id='word_1_13' title='bbox 1178 607 1394 663; x_wconf 89' lang='lat' dir='ltr'>Judam</span> <span class='ocrx_word' id='word_1_14' title='bbox 1443 612 1585 662; x_wconf 91' lang='lat' dir='ltr'>tunc</span> <span class='ocrx_word' id='word_1_15' title='bbox 1631 605 1891 678; x_wconf 89' lang='lat' dir='ltr'>primum</span> <span class='ocrx_word' id='word_1_16' title='bbox 1937 616 2033 673; x_wconf 88' lang='lat' dir='ltr'>pe-</span> <span class='ocrx_word' id='word_1_17' title='bbox 2063 603 2117 669; x_wconf 85' lang='grc' dir='ltr'>Α</span> <span class='ocrx_word' id='word_1_18' title='bbox 2146 600 2270 656; x_wconf 90' lang='lat' dir='ltr'>rius</span> <span class='ocrx_word' id='word_1_19' title='bbox 2327 604 2435 656; x_wconf 88' lang='lat' dir='ltr'>est.</span> <span class='ocrx_word' id='word_1_20' title='bbox 2469 600 2611 665; x_wconf 90' lang='lat' dir='ltr'>Quis</span> <span class='ocrx_word' id='word_1_21' title='bbox 2670 616 2807 674; x_wconf 82' lang='lat' dir='ltr'>ergo</span> <span class='ocrx_word' id='word_1_22' title='bbox 2858 601 3105 659; x_wconf 81' lang='lat' dir='ltr'>clericus</span> <span class='ocrx_word' id='word_1_23' title='bbox 3163 600 3290 660; x_wconf 81' lang='lat' dir='ltr'>est?</span> <span class='ocrx_word' id='word_1_24' title='bbox 3342 600 3586 659; x_wconf 83' lang='lat' dir='ltr'>Adulter</span> <span class='ocrx_word' id='word_1_25' title='bbox 3642 603 3806 662; x_wconf 89' lang='lat' dir='ltr'>enim</span> 
     </span>
    </p>
   </div>
   <div class='ocr_carea' id='block_1_5' title="bbox 366 691 2032 768">
    <p class='ocr_par' dir='ltr' id='par_1_5' title="bbox 366 691 2032 768">
     <span class='ocr_line' id='line_1_5' title="bbox 366 691 2032 768; baseline -0.004 -17"><span class='ocrx_word' id='word_1_26' title='bbox 366 696 567 767; x_wconf 88' lang='lat' dir='ltr'>riisse,</span> <span class='ocrx_word' id='word_1_27' title='bbox 601 697 837 768; x_wconf 83' lang='lat' dir='ltr'>quando</span> <span class='ocrx_word' id='word_1_28' title='bbox 876 697 1059 753; x_wconf 88' lang='lat' dir='ltr'>miser</span> <span class='ocrx_word' id='word_1_29' title='bbox 1088 695 1402 752; x_wconf 89' lang='lat' dir='ltr'>Dominum</span> <span class='ocrx_word' id='word_1_30' title='bbox 1432 694 1715 763; x_wconf 83' lang='lat' dir='ltr'>vendidit,</span> <span class='ocrx_word' id='word_1_31' title='bbox 1748 709 1881 749; x_wconf 90' lang='lat' dir='ltr'>cum</span> <span class='ocrx_word' id='word_1_32' title='bbox 1906 691 2032 761; x_wconf 90' lang='lat' dir='ltr'>jam</span> 
     </span>
    </p>
   </div>
   <div class='ocr_carea' id='block_1_6' title="bbox 367 779 2031 858">
    <p class='ocr_par' dir='ltr' id='par_1_6' title="bbox 367 779 2031 858">
     <span class='ocr_line' id='line_1_6' title="bbox 367 779 2031 858; baseline -0.004 -18"><span class='ocrx_word' id='word_1_33' title='bbox 367 784 508 840; x_wconf 88' lang='lat' dir='ltr'>olim</span> <span class='ocrx_word' id='word_1_34' title='bbox 540 800 675 840; x_wconf 90' lang='lat' dir='ltr'>cum</span> <span class='ocrx_word' id='word_1_35' title='bbox 726 785 1007 858; x_wconf 80' lang='lat' dir='ltr'>apostolis</span> <span class='ocrx_word' id='word_1_36' title='bbox 1064 801 1307 857; x_wconf 91' lang='lat' dir='ltr'>corpore</span> <span class='ocrx_word' id='word_1_37' title='bbox 1356 784 1718 841; x_wconf 89' lang='lat' dir='ltr'>constitutus</span> <span class='ocrx_word' id='word_1_38' title='bbox 1774 779 2031 854; x_wconf 89' lang='lat' dir='ltr'>perierit,</span> 
     </span>
    </p>
   </div>
   <div class='ocr_carea' id='block_1_7' title="bbox 369 867 2034 946">
    <p class='ocr_par' dir='ltr' id='par_1_7' title="bbox 369 867 2034 946">
     <span class='ocr_line' id='line_1_7' title="bbox 369 867 2034 946; baseline -0.004 -17"><span class='ocrx_word' id='word_1_39' title='bbox 369 874 603 946; x_wconf 86' lang='lat' dir='ltr'>quando</span> <span class='ocrx_word' id='word_1_40' title='bbox 635 873 858 930; x_wconf 87' lang='lat' dir='ltr'>scilicet</span> <span class='ocrx_word' id='word_1_41' title='bbox 894 874 1147 930; x_wconf 82' lang='lat' dir='ltr'>avaritiae</span> <span class='ocrx_word' id='word_1_42' title='bbox 1191 873 1519 929; x_wconf 85' lang='lat' dir='ltr'>inebriatus</span> <span class='ocrx_word' id='word_1_43' title='bbox 1547 887 1792 938; x_wconf 89' lang='lat' dir='ltr'>veneno,</span> <span class='ocrx_word' id='word_1_44' title='bbox 1827 867 2034 925; x_wconf 91' lang='lat' dir='ltr'>tandiu</span> 
     </span>
    </p>
   </div>
   <div class='ocr_carea' id='block_1_8' title="bbox 368 956 2034 1029">
    <p class='ocr_par' dir='ltr' id='par_1_8' title="bbox 368 956 2034 1029">
     <span class='ocr_line' id='line_1_8' title="bbox 368 956 2034 1029; baseline -0.004 -11"><span class='ocrx_word' id='word_1_45' title='bbox 368 979 485 1018; x_wconf 90' lang='lat' dir='ltr'>non</span> <span class='ocrx_word' id='word_1_46' title='bbox 516 962 739 1019; x_wconf 85' lang='lat' dir='ltr'>destitit</span> <span class='ocrx_word' id='word_1_47' title='bbox 768 963 1000 1019; x_wconf 92' lang='lat' dir='ltr'>lucrum</span> <span class='ocrx_word' id='word_1_48' title='bbox 1045 963 1233 1029; x_wconf 87' lang='lat' dir='ltr'>sitire,</span> <span class='ocrx_word' id='word_1_49' title='bbox 1258 963 1441 1019; x_wconf 92' lang='lat' dir='ltr'>donec</span> <span class='ocrx_word' id='word_1_50' title='bbox 1488 959 1820 1017; x_wconf 89' lang='lat' dir='ltr'>miserrimo</span> <span class='ocrx_word' id='word_1_51' title='bbox 1847 958 1918 1013; x_wconf 87' lang='lat' dir='ltr'>ad</span> <span class='ocrx_word' id='word_1_52' title='bbox 1952 956 2034 1012; x_wconf 85' lang='lat' dir='ltr'>la-</span> 
     </span>
    </p>
   </div>
   <div class='ocr_carea' id='block_1_9' title="bbox 371 1045 2033 1124">
    <p class='ocr_par' dir='ltr' id='par_1_9' title="bbox 371 1045 2033 1124">
     <span class='ocr_line' id='line_1_9' title="bbox 371 1045 2033 1124; baseline -0.004 -18"><span class='ocrx_word' id='word_1_53' title='bbox 371 1067 589 1123; x_wconf 90' lang='lat' dir='ltr'>queum</span> <span class='ocrx_word' id='word_1_54' title='bbox 608 1051 1310 1124; x_wconf 86' lang='lat' dir='ltr'>contingeretpervenire.</span> <span class='ocrx_word' id='word_1_55' title='bbox 1334 1045 2033 1120; x_wconf 86' lang='lat' dir='ltr'>Diebus,inquiunt,istis,</span> 
     </span>
    </p>
   </div>
   <div class='ocr_carea' id='block_1_10' title="bbox 373 1135 2037 1211">
    <p class='ocr_par' dir='ltr' id='par_1_10' title="bbox 373 1135 2037 1211">
     <span class='ocr_line' id='line_1_10' title="bbox 373 1135 2037 1211; baseline -0.004 -17"><span class='ocrx_word' id='word_1_56' title='bbox 373 1156 492 1196; x_wconf 90' lang='lat' dir='ltr'>non</span> <span class='ocrx_word' id='word_1_57' title='bbox 518 1156 623 1211; x_wconf 90' lang='lat' dir='ltr'>per</span> <span class='ocrx_word' id='word_1_58' title='bbox 644 1141 844 1195; x_wconf 80' lang='lat' dir='ltr'>omnia</span> <span class='ocrx_word' id='word_1_59' title='bbox 864 1140 1104 1207; x_wconf 90' lang='lat' dir='ltr'>falsum,</span> <span class='ocrx_word' id='word_1_60' title='bbox 1121 1140 1223 1195; x_wconf 90' lang='lat' dir='ltr'>sed</span> <span class='ocrx_word' id='word_1_61' title='bbox 1247 1139 1782 1209; x_wconf 89' lang='lat' dir='ltr'>ostensione,quam</span> <span class='ocrx_word' id='word_1_62' title='bbox 1811 1135 2037 1191; x_wconf 85' lang='lat' dir='ltr'>actione</span> 
     </span>
    </p>
   </div>
   <div class='ocr_carea' id='block_1_11' title="bbox 373 1222 2033 1300">
    <p class='ocr_par' dir='ltr' id='par_1_11' title="bbox 373 1222 2033 1300">
     <span class='ocr_line' id='line_1_11' title="bbox 373 1222 2033 1300; baseline -0.004 -17"><span class='ocrx_word' id='word_1_63' title='bbox 373 1229 572 1300; x_wconf 86' lang='lat' dir='ltr'>potius</span> <span class='ocrx_word' id='word_1_64' title='bbox 601 1246 824 1284; x_wconf 91' lang='lat' dir='ltr'>verum.</span> <span class='ocrx_word' id='word_1_65' title='bbox 854 1229 1176 1285; x_wconf 87' lang='lat' dir='ltr'>Monstrato</span> <span class='ocrx_word' id='word_1_66' title='bbox 1207 1228 1424 1300; x_wconf 87' lang='lat' dir='ltr'>quippe</span> <span class='ocrx_word' id='word_1_67' title='bbox 1447 1226 1586 1299; x_wconf 90' lang='lat' dir='ltr'>quid</span> <span class='ocrx_word' id='word_1_68' title='bbox 1616 1227 1694 1281; x_wconf 86' lang='lat' dir='ltr'>sit</span> <span class='ocrx_word' id='word_1_69' title='bbox 1721 1222 2033 1289; x_wconf 86' lang='lat' dir='ltr'>discordia,</span> 
     </span>
    </p>
   </div>
   <div class='ocr_carea' id='block_1_12' title="bbox 373 1315 2039 1389">
    <p class='ocr_par' dir='ltr' id='par_1_12' title="bbox 373 1315 2039 1389">
     <span class='ocr_line' id='line_1_12' title="bbox 373 1315 2039 1389; baseline -0.004 -17"><span class='ocrx_word' id='word_1_70' title='bbox 373 1334 681 1389; x_wconf 89' lang='lat' dir='ltr'>nunquam</span> <span class='ocrx_word' id='word_1_71' title='bbox 711 1317 866 1373; x_wconf 88' lang='lat' dir='ltr'>inter</span> <span class='ocrx_word' id='word_1_72' title='bbox 891 1333 983 1372; x_wconf 90' lang='lat' dir='ltr'>me</span> <span class='ocrx_word' id='word_1_73' title='bbox 1006 1324 1057 1372; x_wconf 85' lang='lat' dir='ltr'>et</span> <span class='ocrx_word' id='word_1_74' title='bbox 1080 1315 1214 1372; x_wconf 92' lang='lat' dir='ltr'>illos</span> <span class='ocrx_word' id='word_1_75' title='bbox 1236 1316 1582 1388; x_wconf 87' lang='lat' dir='ltr'>probabitur</span> <span class='ocrx_word' id='word_1_76' title='bbox 1602 1315 1783 1369; x_wconf 84' lang='lat' dir='ltr'>fuisse</span> <span class='ocrx_word' id='word_1_77' title='bbox 1805 1328 2039 1367; x_wconf 86' lang='lat' dir='ltr'>concor-</span> 
     </span>
    </p>
   </div>
   <div class='ocr_carea' id='block_1_13' title="bbox 373 1401 2038 1478">
    <p class='ocr_par' dir='ltr' id='par_1_13' title="bbox 373 1401 2038 1478">
     <span class='ocr_line' id='line_1_13' title="bbox 373 1401 2038 1478; baseline -0.004 -17"><span class='ocrx_word' id='word_1_78' title='bbox 373 1405 492 1474; x_wconf 90' lang='lat' dir='ltr'>dia,</span> <span class='ocrx_word' id='word_1_79' title='bbox 517 1407 796 1477; x_wconf 86' lang='lat' dir='ltr'>prodente</span> <span class='ocrx_word' id='word_1_80' title='bbox 819 1406 1143 1478; x_wconf 59' lang='lat' dir='ltr'>prsesertim</span> <span class='ocrx_word' id='word_1_81' title='bbox 1164 1405 1275 1461; x_wconf 92' lang='lat' dir='ltr'>hoc</span> <span class='ocrx_word' id='word_1_82' title='bbox 1301 1404 1760 1476; x_wconf 87' lang='lat' dir='ltr'>traditione,qua</span> <span class='ocrx_word' id='word_1_83' title='bbox 1780 1418 1872 1457; x_wconf 93' lang='lat' dir='ltr'>me</span> <span class='ocrx_word' id='word_1_84' title='bbox 1902 1401 2038 1455; x_wconf 92' lang='lat' dir='ltr'>hinc</span> 
     </span>
    </p>
   </div>
   <div class='ocr_carea' id='block_1_14' title="bbox 364 1487 2039 1567">
    <p class='ocr_par' dir='ltr' id='par_1_14' title="bbox 364 1487 2039 1567">
     <span class='ocr_line' id='line_1_14' title="bbox 364 1487 2039 1567; baseline -0.004 -19"><span class='ocrx_word' id='word_1_85' title='bbox 364 1496 490 1567; x_wconf 89' lang='lat' dir='ltr'>jam</span> <span class='ocrx_word' id='word_1_86' title='bbox 515 1495 561 1565; x_wconf 87' lang='lat'>(1</span> <span class='ocrx_word' id='word_1_87' title='bbox 578 1494 700 1563; x_wconf 81' lang='grc'>454)</span> <span class='ocrx_word' id='word_1_88' title='bbox 719 1494 1090 1565; x_wconf 89' lang='lat' dir='ltr'>pepulerunt,</span> <span class='ocrx_word' id='word_1_89' title='bbox 1112 1492 1358 1548; x_wconf 84' lang='lat' dir='ltr'>trifaria.</span> <span class='ocrx_word' id='word_1_90' title='bbox 1380 1493 1595 1547; x_wconf 85' lang='lat' dir='ltr'>Eadem</span> <span class='ocrx_word' id='word_1_91' title='bbox 1621 1506 1874 1562; x_wconf 86' lang='lat' dir='ltr'>namque</span> <span class='ocrx_word' id='word_1_92' title='bbox 1892 1487 2039 1544; x_wconf 87' lang='lat' dir='ltr'>velle</span> 
     </span>
    </p>
   </div>
   <div class='ocr_carea' id='block_1_15' title="bbox 375 1578 2037 1655">
    <p class='ocr_par' dir='ltr' id='par_1_15' title="bbox 375 1578 2037 1655">
     <span class='ocr_line' id='line_1_15' title="bbox 375 1578 2037 1655; baseline -0.004 -17"><span class='ocrx_word' id='word_1_93' title='bbox 375 1588 553 1655; x_wconf 88' lang='lat' dir='ltr'>atque</span> <span class='ocrx_word' id='word_1_94' title='bbox 575 1583 730 1639; x_wconf 91' lang='lat' dir='ltr'>nolle</span> <span class='ocrx_word' id='word_1_95' title='bbox 746 1584 1028 1653; x_wconf 87' lang='lat' dir='ltr'><strong>(1155),ea</strong></span> <span class='ocrx_word' id='word_1_96' title='bbox 1048 1584 1285 1637; x_wconf 89' lang='lat' dir='ltr'>demum</span> <span class='ocrx_word' id='word_1_97' title='bbox 1313 1580 1574 1636; x_wconf 88' lang='lat' dir='ltr'>amicitia</span> <span class='ocrx_word' id='word_1_98' title='bbox 1596 1580 1843 1651; x_wconf 85' lang='lat' dir='ltr'>si,juxta</span> <span class='ocrx_word' id='word_1_99' title='bbox 1868 1578 2037 1632; x_wconf 89' lang='lat' dir='ltr'>illum</span> 
     </span>
    </p>
   </div>
   <div class='ocr_carea' id='block_1_16' title="bbox 374 1667 2035 1744">
    <p class='ocr_par' dir='ltr' id='par_1_16' title="bbox 374 1667 2035 1744">
     <span class='ocr_line' id='line_1_16' title="bbox 374 1667 2035 1744; baseline -0.004 -17"><span class='ocrx_word' id='word_1_100' title='bbox 374 1673 475 1744; x_wconf 87' lang='lat' dir='ltr'>qui</span> <span class='ocrx_word' id='word_1_101' title='bbox 494 1672 603 1727; x_wconf 83' lang='lat' dir='ltr'>hoc</span> <span class='ocrx_word' id='word_1_102' title='bbox 625 1672 903 1744; x_wconf 87' lang='lat' dir='ltr'>primitus</span> <span class='ocrx_word' id='word_1_103' title='bbox 925 1671 1091 1737; x_wconf 88' lang='lat' dir='ltr'>dixit,</span> <span class='ocrx_word' id='word_1_104' title='bbox 1106 1675 1196 1727; x_wconf 90' lang='lat' dir='ltr'>est</span> <span class='ocrx_word' id='word_1_105' title='bbox 1216 1671 1414 1736; x_wconf 83' lang='lat' dir='ltr'>ﬁrma;</span> <span class='ocrx_word' id='word_1_106' title='bbox 1438 1669 1527 1724; x_wconf 92' lang='lat' dir='ltr'>vel</span> <span class='ocrx_word' id='word_1_107' title='bbox 1554 1668 1811 1739; x_wconf 81' lang='lat' dir='ltr'>si,juxta</span> <span class='ocrx_word' id='word_1_108' title='bbox 1830 1667 2035 1732; x_wconf 89' lang='lat' dir='ltr'>alium,</span> 
     </span>
    </p>
   </div>
   <div class='ocr_carea' id='block_1_17' title="bbox 372 1753 2036 1832">
    <p class='ocr_par' dir='ltr' id='par_1_17' title="bbox 372 1753 2036 1832">
     <span class='ocr_line' id='line_1_17' title="bbox 372 1753 2036 1832; baseline -0.005 -17"><span class='ocrx_word' id='word_1_109' title='bbox 372 1761 651 1816; x_wconf 68' lang='lat' dir='ltr'>humanm</span> <span class='ocrx_word' id='word_1_110' title='bbox 680 1760 951 1815; x_wconf 73' lang='lat' dir='ltr'>amicitiae</span> <span class='ocrx_word' id='word_1_111' title='bbox 985 1776 1154 1832; x_wconf 90' lang='lat' dir='ltr'>pares</span> <span class='ocrx_word' id='word_1_112' title='bbox 1186 1759 1416 1813; x_wconf 89' lang='lat' dir='ltr'>animos</span> <span class='ocrx_word' id='word_1_113' title='bbox 1445 1758 1599 1813; x_wconf 75' lang='lat'>486</span> <span class='ocrx_word' id='word_1_114' title='bbox 1628 1763 1685 1811; x_wconf 91' lang='lat' dir='ltr'>et</span> <span class='ocrx_word' id='word_1_115' title='bbox 1715 1772 1830 1811; x_wconf 92' lang='lat' dir='ltr'>non</span> <span class='ocrx_word' id='word_1_116' title='bbox 1863 1753 2036 1810; x_wconf 90' lang='lat' dir='ltr'>dissi-</span> 
     </span>
    </p>
   </div>
   <div class='ocr_carea' id='block_1_18' title="bbox 373 1843 2040 1923">
    <p class='ocr_par' dir='ltr' id='par_1_18' title="bbox 373 1843 2040 1923">
     <span class='ocr_line' id='line_1_18' title="bbox 373 1843 2040 1923; baseline -0.006 -17"><span class='ocrx_word' id='word_1_117' title='bbox 373 1850 544 1906; x_wconf 88' lang='lat' dir='ltr'>miles</span> <span class='ocrx_word' id='word_1_118' title='bbox 576 1854 854 1921; x_wconf 85' lang='lat' dir='ltr'>expetunt</span> <span class='ocrx_word' id='word_1_119' title='bbox 885 1849 1028 1923; x_wconf 82' lang='lat' dir='ltr'>adeo</span> <span class='ocrx_word' id='word_1_120' title='bbox 1053 1848 1403 1915; x_wconf 88' lang='lat' dir='ltr'>voluntates,</span> <span class='ocrx_word' id='word_1_121' title='bbox 1428 1850 1495 1901; x_wconf 90' lang='lat' dir='ltr'>ut</span> <span class='ocrx_word' id='word_1_122' title='bbox 1525 1861 1827 1917; x_wconf 89' lang='lat' dir='ltr'>nunquam</span> <span class='ocrx_word' id='word_1_123' title='bbox 1861 1843 2040 1898; x_wconf 91' lang='lat' dir='ltr'>diver-</span> 
     </span>
    </p>
   </div>
   <div class='ocr_carea' id='block_1_19' title="bbox 376 1931 2037 2008">
    <p class='ocr_par' dir='ltr' id='par_1_19' title="bbox 376 1931 2037 2008">
     <span class='ocr_line' id='line_1_19' title="bbox 376 1931 2037 2008; baseline -0.004 -15"><span class='ocrx_word' id='word_1_124' title='bbox 376 1941 522 1994; x_wconf 85' lang='lat' dir='ltr'>sitas</span> <span class='ocrx_word' id='word_1_125' title='bbox 540 1953 771 1992; x_wconf 91' lang='lat' dir='ltr'>morum</span> <span class='ocrx_word' id='word_1_126' title='bbox 786 1937 857 1992; x_wconf 88' lang='lat' dir='ltr'>ad</span> <span class='ocrx_word' id='word_1_127' title='bbox 878 1937 1109 1992; x_wconf 81' lang='lat' dir='ltr'>firmam</span> <span class='ocrx_word' id='word_1_128' title='bbox 1130 1936 1315 2008; x_wconf 87' lang='lat' dir='ltr'>possit</span> <span class='ocrx_word' id='word_1_129' title='bbox 1332 1934 1630 2006; x_wconf 86' lang='lat' dir='ltr'>pervenire</span> <span class='ocrx_word' id='word_1_130' title='bbox 1644 1931 2037 1997; x_wconf 83' lang='lat' dir='ltr'>concordiam;</span> 
     </span>
    </p>
   </div>
   <div class='ocr_carea' id='block_1_20' title="bbox 378 2021 2037 2098">
    <p class='ocr_par' dir='ltr' id='par_1_20' title="bbox 378 2021 2037 2098">
     <span class='ocr_line' id='line_1_20' title="bbox 378 2021 2037 2098; baseline -0.004 -17"><span class='ocrx_word' id='word_1_131' title='bbox 378 2042 685 2098; x_wconf 86' lang='lat' dir='ltr'>nunquam</span> <span class='ocrx_word' id='word_1_132' title='bbox 713 2025 799 2080; x_wconf 87' lang='lat' dir='ltr'>vel</span> <span class='ocrx_word' id='word_1_133' title='bbox 832 2026 988 2096; x_wconf 90' lang='lat' dir='ltr'>apud</span> <span class='ocrx_word' id='word_1_134' title='bbox 1041 2041 1135 2079; x_wconf 89' lang='lat' dir='ltr'>me</span> <span class='ocrx_word' id='word_1_135' title='bbox 1162 2023 1252 2079; x_wconf 89' lang='lat' dir='ltr'>vel</span> <span class='ocrx_word' id='word_1_136' title='bbox 1285 2024 1439 2095; x_wconf 89' lang='lat' dir='ltr'>apud</span> <span class='ocrx_word' id='word_1_137' title='bbox 1474 2023 1605 2077; x_wconf 91' lang='lat' dir='ltr'>illos</span> <span class='ocrx_word' id='word_1_138' title='bbox 1656 2021 2037 2077; x_wconf 87' lang='lat' dir='ltr'>stabilitatem</span> 
     </span>
    </p>
   </div>
   <div class='ocr_carea' id='block_1_21' title="bbox 379 2111 2035 2185">
    <p class='ocr_par' dir='ltr' id='par_1_21' title="bbox 379 2111 2035 2185">
     <span class='ocr_line' id='line_1_21' title="bbox 379 2111 2035 2185; baseline -0.003 -17"><span class='ocrx_word' id='word_1_139' title='bbox 379 2114 638 2168; x_wconf 86' lang='lat' dir='ltr'>amicitia</span> <span class='ocrx_word' id='word_1_140' title='bbox 669 2130 902 2185; x_wconf 87' lang='lat' dir='ltr'>semper</span> <span class='ocrx_word' id='word_1_141' title='bbox 929 2113 1225 2168; x_wconf 87' lang='lat' dir='ltr'>contraria</span> <span class='ocrx_word' id='word_1_142' title='bbox 1249 2112 1493 2183; x_wconf 90' lang='lat' dir='ltr'>cupiens</span> <span class='ocrx_word' id='word_1_143' title='bbox 1524 2111 1807 2175; x_wconf 86' lang='lat' dir='ltr'>obtinere,</span> <span class='ocrx_word' id='word_1_144' title='bbox 1837 2114 1901 2165; x_wconf 91' lang='lat' dir='ltr'>ut</span> <span class='ocrx_word' id='word_1_145' title='bbox 1920 2126 2035 2164; x_wconf 89' lang='lat' dir='ltr'>non</span> 
     </span>
    </p>
   </div>
   <div class='ocr_carea' id='block_1_22' title="bbox 376 2198 2039 2272">
    <p class='ocr_par' dir='ltr' id='par_1_22' title="bbox 376 2198 2039 2272">
     <span class='ocr_line' id='line_1_22' title="bbox 376 2198 2039 2272; baseline -0.002 -15"><span class='ocrx_word' id='word_1_146' title='bbox 376 2201 561 2257; x_wconf 91' lang='lat' dir='ltr'>valuit</span> <span class='ocrx_word' id='word_1_147' title='bbox 587 2206 806 2268; x_wconf 89' lang='lat' dir='ltr'>nostra,</span> <span class='ocrx_word' id='word_1_148' title='bbox 834 2201 916 2257; x_wconf 89' lang='lat' dir='ltr'>ita</span> <span class='ocrx_word' id='word_1_149' title='bbox 945 2216 1179 2272; x_wconf 91' lang='lat' dir='ltr'>quoque</span> <span class='ocrx_word' id='word_1_150' title='bbox 1205 2200 1500 2271; x_wconf 90' lang='lat' dir='ltr'>nequibit;</span> <span class='ocrx_word' id='word_1_151' title='bbox 1528 2215 1662 2254; x_wconf 90' lang='lat' dir='ltr'>cum</span> <span class='ocrx_word' id='word_1_152' title='bbox 1694 2198 1778 2252; x_wconf 92' lang='lat' dir='ltr'>illi</span> <span class='ocrx_word' id='word_1_153' title='bbox 1807 2214 2039 2269; x_wconf 87' lang='lat' dir='ltr'>semper</span> 
     </span>
    </p>
   </div>
   <div class='ocr_carea' id='block_1_23' title="bbox 378 2286 2036 2360">
    <p class='ocr_par' dir='ltr' id='par_1_23' title="bbox 378 2286 2036 2360">
     <span class='ocr_line' id='line_1_23' title="bbox 378 2286 2036 2360; baseline -0.002 -14"><span class='ocrx_word' id='word_1_154' title='bbox 378 2289 865 2346; x_wconf 88' lang='lat' dir='ltr'>consuetudinem</span> <span class='ocrx_word' id='word_1_155' title='bbox 898 2302 1354 2355; x_wconf 84' lang='lat' dir='ltr'>antecessorum,</span> <span class='ocrx_word' id='word_1_156' title='bbox 1386 2288 1760 2360; x_wconf 82' lang='lat' dir='ltr'>pontiﬁcibus</span> <span class='ocrx_word' id='word_1_157' title='bbox 1791 2288 1917 2343; x_wconf 88' lang='lat' dir='ltr'>suis</span> <span class='ocrx_word' id='word_1_158' title='bbox 1948 2286 2036 2342; x_wconf 89' lang='lat' dir='ltr'>in-</span> 
     </span>
    </p>
   </div>
   <div class='ocr_carea' id='block_1_24' title="bbox 378 2377 2039 2448">
    <p class='ocr_par' dir='ltr' id='par_1_24' title="bbox 378 2377 2039 2448">
     <span class='ocr_line' id='line_1_24' title="bbox 378 2377 2039 2448; baseline -0.004 -12"><span class='ocrx_word' id='word_1_159' title='bbox 378 2384 676 2436; x_wconf 88' lang='lat' dir='ltr'>cessanter</span> <span class='ocrx_word' id='word_1_160' title='bbox 694 2378 1025 2444; x_wconf 89' lang='lat' dir='ltr'>rebellium,</span> <span class='ocrx_word' id='word_1_161' title='bbox 1047 2378 1266 2434; x_wconf 84' lang='lat' dir='ltr'>sanctis</span> <span class='ocrx_word' id='word_1_162' title='bbox 1288 2382 1344 2433; x_wconf 91' lang='lat' dir='ltr'>et</span> <span class='ocrx_word' id='word_1_163' title='bbox 1369 2395 1403 2432; x_wconf 90' lang='lat' dir='ltr'>a</span> <span class='ocrx_word' id='word_1_164' title='bbox 1423 2378 1538 2432; x_wconf 91' lang='lat' dir='ltr'>Deo</span> <span class='ocrx_word' id='word_1_165' title='bbox 1561 2377 1808 2432; x_wconf 86' lang='lat' dir='ltr'>decretis</span> <span class='ocrx_word' id='word_1_166' title='bbox 1830 2380 2039 2448; x_wconf 62' lang='lat' dir='ltr'>praetu-</span> 
     </span>
    </p>
   </div>
   <div class='ocr_carea' id='block_1_25' title="bbox 377 2465 2038 2537">
    <p class='ocr_par' dir='ltr' id='par_1_25' title="bbox 377 2465 2038 2537">
     <span class='ocr_line' id='line_1_25' title="bbox 377 2465 2038 2537; baseline -0.002 -16"><span class='ocrx_word' id='word_1_167' title='bbox 377 2465 554 2523; x_wconf 88' lang='lat' dir='ltr'>lerint</span> <span class='ocrx_word' id='word_1_168' title='bbox 584 2465 940 2533; x_wconf 84' lang='lat' dir='ltr'>canonibus;</span> <span class='ocrx_word' id='word_1_169' title='bbox 977 2481 1081 2537; x_wconf 85' lang='lat' dir='ltr'>ego</span> <span class='ocrx_word' id='word_1_170' title='bbox 1114 2468 1347 2522; x_wconf 88' lang='lat' dir='ltr'>sanctos</span> <span class='ocrx_word' id='word_1_171' title='bbox 1375 2468 1433 2520; x_wconf 92' lang='lat' dir='ltr'>et</span> <span class='ocrx_word' id='word_1_172' title='bbox 1456 2482 1489 2521; x_wconf 89' lang='lat' dir='ltr'>a</span> <span class='ocrx_word' id='word_1_173' title='bbox 1514 2465 1630 2520; x_wconf 93' lang='lat' dir='ltr'>Deo</span> <span class='ocrx_word' id='word_1_174' title='bbox 1663 2465 1926 2520; x_wconf 90' lang='lat' dir='ltr'>decretos</span> <span class='ocrx_word' id='word_1_175' title='bbox 1948 2480 2038 2519; x_wconf 87' lang='lat' dir='ltr'>ca-</span> 
     </span>
    </p>
   </div>
   <div class='ocr_carea' id='block_1_26' title="bbox 375 2552 2037 2626">
    <p class='ocr_par' dir='ltr' id='par_1_26' title="bbox 375 2552 2037 2626">
     <span class='ocr_line' id='line_1_26' title="bbox 375 2552 2037 2626; baseline -0.002 -15"><span class='ocrx_word' id='word_1_176' title='bbox 375 2573 624 2611; x_wconf 90' lang='lat' dir='ltr'>nonesa</span> <span class='ocrx_word' id='word_1_177' title='bbox 663 2553 893 2610; x_wconf 82' lang='lat' dir='ltr'>diabolo</span> <span class='ocrx_word' id='word_1_178' title='bbox 950 2554 1201 2611; x_wconf 86' lang='lat' dir='ltr'>inventis</span> <span class='ocrx_word' id='word_1_179' title='bbox 1262 2554 1652 2626; x_wconf 61' lang='lat' dir='ltr'>praeferendos</span> <span class='ocrx_word' id='word_1_180' title='bbox 1710 2552 2037 2625; x_wconf 84' lang='lat' dir='ltr'>putaverim</span> 
     </span>
    </p>
   </div>
   <div class='ocr_carea' id='block_1_27' title="bbox 375 2641 2037 2715">
    <p class='ocr_par' dir='ltr' id='par_1_27' title="bbox 375 2641 2037 2715">
     <span class='ocr_line' id='line_1_27' title="bbox 375 2641 2037 2715; baseline -0.002 -15"><span class='ocrx_word' id='word_1_181' title='bbox 375 2645 604 2700; x_wconf 89' lang='lat' dir='ltr'>usibus.</span> <span class='ocrx_word' id='word_1_182' title='bbox 630 2644 960 2699; x_wconf 84' lang='lat' dir='ltr'>Prohibitas</span> <span class='ocrx_word' id='word_1_183' title='bbox 981 2643 1140 2698; x_wconf 91' lang='lat' dir='ltr'>enim</span> <span class='ocrx_word' id='word_1_184' title='bbox 1162 2642 1220 2698; x_wconf 87' lang='lat' dir='ltr'>in</span> <span class='ocrx_word' id='word_1_185' title='bbox 1249 2643 1481 2698; x_wconf 75' lang='lat' dir='ltr'>Niczena</span> <span class='ocrx_word' id='word_1_186' title='bbox 1508 2643 1730 2715; x_wconf 83' lang='lat' dir='ltr'>synodo</span> <span class='ocrx_word' id='word_1_187' title='bbox 1762 2641 2037 2697; x_wconf 81' lang='lat' dir='ltr'>mulieres</span> 
     </span>
    </p>
   </div>
   <div class='ocr_carea' id='block_1_28' title="bbox 375 2730 2035 2803">
    <p class='ocr_par' dir='ltr' id='par_1_28' title="bbox 375 2730 2035 2803">
     <span class='ocr_line' id='line_1_28' title="bbox 375 2730 2035 2803; baseline -0.002 -14"><span class='ocrx_word' id='word_1_188' title='bbox 375 2738 495 2789; x_wconf 91' lang='lat' dir='ltr'>tam</span> <span class='ocrx_word' id='word_1_189' title='bbox 530 2730 1112 2797; x_wconf 86' lang='lat' dir='ltr'>consuetudinaliter,</span> <span class='ocrx_word' id='word_1_190' title='bbox 1135 2736 1372 2803; x_wconf 85' lang='lat' dir='ltr'>tamque</span> <span class='ocrx_word' id='word_1_191' title='bbox 1406 2730 1635 2802; x_wconf 88' lang='lat' dir='ltr'>publice</span> <span class='ocrx_word' id='word_1_192' title='bbox 1658 2730 1891 2795; x_wconf 90' lang='lat' dir='ltr'>habere,</span> <span class='ocrx_word' id='word_1_193' title='bbox 1914 2734 2035 2786; x_wconf 90' lang='lat' dir='ltr'>tam</span> 
     </span>
    </p>
   </div>
   <div class='ocr_carea' id='block_1_29' title="bbox 380 2819 2039 2894">
    <p class='ocr_par' dir='ltr' id='par_1_29' title="bbox 380 2819 2039 2894">
     <span class='ocr_line' id='line_1_29' title="bbox 380 2819 2039 2894; baseline 0 -19"><span class='ocrx_word' id='word_1_194' title='bbox 380 2820 731 2894; x_wconf 86' lang='lat' dir='ltr'>parvipensa</span> <span class='ocrx_word' id='word_1_195' title='bbox 746 2820 844 2874; x_wconf 90' lang='lat' dir='ltr'>Dei</span> <span class='ocrx_word' id='word_1_196' title='bbox 871 2824 926 2874; x_wconf 87' lang='lat' dir='ltr'>et</span> <span class='ocrx_word' id='word_1_197' title='bbox 946 2819 1255 2875; x_wconf 90' lang='lat' dir='ltr'>hominum</span> <span class='ocrx_word' id='word_1_198' title='bbox 1288 2820 1631 2890; x_wconf 88' lang='lat' dir='ltr'>reverentia,</span> <span class='ocrx_word' id='word_1_199' title='bbox 1656 2820 1783 2891; x_wconf 89' lang='lat' dir='ltr'>ipso</span> <span class='ocrx_word' id='word_1_200' title='bbox 1806 2835 2039 2891; x_wconf 90' lang='lat' dir='ltr'>quoque</span> 
     </span>
    </p>
   </div>
   <div class='ocr_carea' id='block_1_30' title="bbox 377 2907 2040 2982">
    <p class='ocr_par' dir='ltr' id='par_1_30' title="bbox 377 2907 2040 2982">
     <span class='ocr_line' id='line_1_30' title="bbox 377 2907 2040 2982; baseline -0.002 -16"><span class='ocrx_word' id='word_1_201' title='bbox 377 2911 592 2966; x_wconf 89' lang='lat' dir='ltr'>timore</span> <span class='ocrx_word' id='word_1_202' title='bbox 622 2909 897 2982; x_wconf 65' lang='lat' dir='ltr'>gehennae</span> <span class='ocrx_word' id='word_1_203' title='bbox 947 2908 1005 2964; x_wconf 89' lang='lat' dir='ltr'>in</span> <span class='ocrx_word' id='word_1_204' title='bbox 1054 2912 1281 2964; x_wconf 84' lang='lat' dir='ltr'>tantum</span> <span class='ocrx_word' id='word_1_205' title='bbox 1335 2907 1689 2980; x_wconf 90' lang='lat' dir='ltr'>posthabito,</span> <span class='ocrx_word' id='word_1_206' title='bbox 1723 2911 1787 2962; x_wconf 90' lang='lat' dir='ltr'>ut</span> <span class='ocrx_word' id='word_1_207' title='bbox 1833 2911 2040 2978; x_wconf 90' lang='lat' dir='ltr'>putent</span> 
     </span>
    </p>
   </div>
   <div class='ocr_carea' id='block_1_31' title="bbox 381 2996 2041 3067">
    <p class='ocr_par' dir='ltr' id='par_1_31' title="bbox 381 2996 2041 3067">
     <span class='ocr_line' id='line_1_31' title="bbox 381 2996 2041 3067; baseline -0.001 -13"><span class='ocrx_word' id='word_1_208' title='bbox 381 3000 525 3054; x_wconf 90' lang='lat' dir='ltr'>adeo</span> <span class='ocrx_word' id='word_1_209' title='bbox 555 2998 679 3053; x_wconf 85' lang='lat' dir='ltr'>fieri</span> <span class='ocrx_word' id='word_1_210' title='bbox 712 3014 826 3053; x_wconf 92' lang='lat' dir='ltr'>non</span> <span class='ocrx_word' id='word_1_211' title='bbox 878 2999 1050 3054; x_wconf 91' lang='lat' dir='ltr'>modo</span> <span class='ocrx_word' id='word_1_212' title='bbox 1082 2997 1278 3062; x_wconf 86' lang='lat' dir='ltr'>licere,</span> <span class='ocrx_word' id='word_1_213' title='bbox 1303 2997 1402 3052; x_wconf 88' lang='lat' dir='ltr'>sed</span> <span class='ocrx_word' id='word_1_214' title='bbox 1447 2996 1623 3051; x_wconf 87' lang='lat' dir='ltr'>etiam</span> <span class='ocrx_word' id='word_1_215' title='bbox 1655 3000 1938 3067; x_wconf 86' lang='lat' dir='ltr'>oportere,</span> <span class='ocrx_word' id='word_1_216' title='bbox 1973 3000 2041 3052; x_wconf 83' lang='lat' dir='ltr'>ut</span> 
     </span>
    </p>
   </div>
   <div class='ocr_carea' id='block_1_32' title="bbox 382 3083 2036 3155">
    <p class='ocr_par' dir='ltr' id='par_1_32' title="bbox 382 3083 2036 3155">
     <span class='ocr_line' id='line_1_32' title="bbox 382 3083 2036 3155; baseline -0.002 -12"><span class='ocrx_word' id='word_1_217' title='bbox 382 3104 553 3143; x_wconf 93' lang='lat' dir='ltr'>nemo</span> <span class='ocrx_word' id='word_1_218' title='bbox 585 3087 693 3143; x_wconf 90' lang='lat' dir='ltr'>hoc</span> <span class='ocrx_word' id='word_1_219' title='bbox 724 3088 910 3143; x_wconf 82' lang='lat' dir='ltr'>facere</span> <span class='ocrx_word' id='word_1_220' title='bbox 931 3087 1217 3154; x_wconf 86' lang='lat' dir='ltr'>devitans,</span> <span class='ocrx_word' id='word_1_221' title='bbox 1234 3085 1502 3139; x_wconf 86' lang='lat' dir='ltr'>videatur</span> <span class='ocrx_word' id='word_1_222' title='bbox 1528 3083 1614 3139; x_wconf 93' lang='lat' dir='ltr'>eis</span> <span class='ocrx_word' id='word_1_223' title='bbox 1634 3084 1890 3155; x_wconf 89' lang='lat' dir='ltr'>pessimo</span> <span class='ocrx_word' id='word_1_224' title='bbox 1914 3083 2036 3153; x_wconf 92' lang='lat' dir='ltr'>illo,</span> 
     </span>
    </p>
   </div>
   <div class='ocr_carea' id='block_1_33' title="bbox 382 3171 2041 3251">
    <p class='ocr_par' dir='ltr' id='par_1_33' title="bbox 382 3171 2041 3251">
     <span class='ocr_line' id='line_1_33' title="bbox 382 3171 2041 3251; baseline -0.002 -19"><span class='ocrx_word' id='word_1_225' title='bbox 382 3177 535 3251; x_wconf 91' lang='lat' dir='ltr'>quod</span> <span class='ocrx_word' id='word_1_226' title='bbox 568 3175 882 3249; x_wconf 90' lang='lat' dir='ltr'>Apostolus</span> <span class='ocrx_word' id='word_1_227' title='bbox 913 3174 973 3229; x_wconf 91' lang='lat' dir='ltr'>in</span> <span class='ocrx_word' id='word_1_228' title='bbox 1003 3171 1265 3246; x_wconf 88' lang='lat' dir='ltr'>Epistola</span> <span class='ocrx_word' id='word_1_229' title='bbox 1302 3172 1374 3227; x_wconf 91' lang='lat' dir='ltr'>ad</span> <span class='ocrx_word' id='word_1_230' title='bbox 1420 3172 1713 3228; x_wconf 82' lang='lat' dir='ltr'>Romanos</span> <span class='ocrx_word' id='word_1_231' title='bbox 1752 3178 2041 3228; x_wconf 89' lang='lat' dir='ltr'>memorat</span> 
     </span>
    </p>
   </div>
   <div class='ocr_carea' id='block_1_34' title="bbox 381 3260 2040 3336">
    <p class='ocr_par' dir='ltr' id='par_1_34' title="bbox 381 3260 2040 3336">
     <span class='ocr_line' id='line_1_34' title="bbox 381 3260 2040 3336; baseline -0.006 -9"><span class='ocrx_word' id='word_1_232' title='bbox 381 3269 554 3336; x_wconf 76' lang='lat' dir='ltr'>(llam.</span> <span class='ocrx_word' id='word_1_233' title='bbox 587 3283 625 3333; x_wconf 82' lang='grc' dir='ltr'>ι,</span> <span class='ocrx_word' id='word_1_234' title='bbox 656 3267 770 3333; x_wconf 87' lang='grc'>27),</span> <span class='ocrx_word' id='word_1_235' title='bbox 806 3263 1022 3320; x_wconf 90' lang='lat' dir='ltr'>scelere</span> <span class='ocrx_word' id='word_1_236' title='bbox 1071 3278 1243 3335; x_wconf 92' lang='lat' dir='ltr'>posse</span> <span class='ocrx_word' id='word_1_237' title='bbox 1275 3277 1487 3328; x_wconf 85' lang='lat' dir='ltr'>carere,</span> <span class='ocrx_word' id='word_1_238' title='bbox 1513 3278 1631 3317; x_wconf 90' lang='lat' dir='ltr'>non</span> <span class='ocrx_word' id='word_1_239' title='bbox 1674 3260 1780 3316; x_wconf 88' lang='lat' dir='ltr'>tibi</span> <span class='ocrx_word' id='word_1_240' title='bbox 1811 3260 2040 3317; x_wconf 85' lang='lat' dir='ltr'>videtur</span> 
     </span>
    </p>
   </div>
   <div class='ocr_carea' id='block_1_35' title="bbox 2142 688 3808 766">
    <p class='ocr_par' dir='ltr' id='par_1_35' title="bbox 2142 688 3808 766">
     <span class='ocr_line' id='line_1_35' title="bbox 2142 688 3808 766; baseline 0.004 -22"><span class='ocrx_word' id='word_1_241' title='bbox 2142 688 2389 745; x_wconf 87' lang='lat' dir='ltr'>clericus</span> <span class='ocrx_word' id='word_1_242' title='bbox 2421 689 2582 745; x_wconf 92' lang='lat' dir='ltr'>nullo</span> <span class='ocrx_word' id='word_1_243' title='bbox 2623 691 2815 759; x_wconf 88' lang='lat' dir='ltr'>modo,</span> <span class='ocrx_word' id='word_1_244' title='bbox 2848 690 2946 747; x_wconf 86' lang='lat' dir='ltr'>ille</span> <span class='ocrx_word' id='word_1_245' title='bbox 2976 691 3124 748; x_wconf 91' lang='lat' dir='ltr'>alter</span> <span class='ocrx_word' id='word_1_246' title='bbox 3154 692 3336 766; x_wconf 90' lang='grc'>(4458)</span> <span class='ocrx_word' id='word_1_247' title='bbox 3365 692 3553 749; x_wconf 90' lang='lat' dir='ltr'>multo</span> <span class='ocrx_word' id='word_1_248' title='bbox 3602 693 3808 751; x_wconf 86' lang='lat' dir='ltr'>minus</span> 
     </span>
    </p>
   </div>
   <div class='ocr_carea' id='block_1_36' title="bbox 2141 777 3808 854">
    <p class='ocr_par' dir='ltr' id='par_1_36' title="bbox 2141 777 3808 854">
     <span class='ocr_line' id='line_1_36' title="bbox 2141 777 3808 854; baseline 0.003 -20"><span class='ocrx_word' id='word_1_249' title='bbox 2141 782 2250 835; x_wconf 88' lang='lat' dir='ltr'>est.</span> <span class='ocrx_word' id='word_1_250' title='bbox 2285 778 2345 833; x_wconf 91' lang='lat' dir='ltr'>Si</span> <span class='ocrx_word' id='word_1_251' title='bbox 2377 777 2535 834; x_wconf 89' lang='lat' dir='ltr'>enim</span> <span class='ocrx_word' id='word_1_252' title='bbox 2580 778 2829 836; x_wconf 88' lang='lat' dir='ltr'>clericus</span> <span class='ocrx_word' id='word_1_253' title='bbox 2877 780 3006 837; x_wconf 88' lang='lat' dir='ltr'>ideo</span> <span class='ocrx_word' id='word_1_254' title='bbox 3052 781 3286 850; x_wconf 90' lang='lat' dir='ltr'>dicitur,</span> <span class='ocrx_word' id='word_1_255' title='bbox 3321 783 3477 854; x_wconf 92' lang='lat' dir='ltr'>quod</span> <span class='ocrx_word' id='word_1_256' title='bbox 3526 782 3598 838; x_wconf 93' lang='lat' dir='ltr'>de</span> <span class='ocrx_word' id='word_1_257' title='bbox 3650 788 3808 839; x_wconf 89' lang='lat' dir='ltr'>sorte</span> 
     </span>
    </p>
   </div>
   <div class='ocr_carea' id='block_1_37' title="bbox 2144 867 3813 944">
    <p class='ocr_par' dir='ltr' id='par_1_37' title="bbox 2144 867 3813 944">
     <span class='ocr_line' id='line_1_37' title="bbox 2144 867 3813 944; baseline 0.002 -21"><span class='ocrx_word' id='word_1_258' title='bbox 2144 867 2221 924; x_wconf 88' lang='lat' dir='ltr'>sit</span> <span class='ocrx_word' id='word_1_259' title='bbox 2254 868 2517 936; x_wconf 89' lang='lat' dir='ltr'>Domini;</span> <span class='ocrx_word' id='word_1_260' title='bbox 2553 869 2709 941; x_wconf 88' lang='lat' dir='ltr'>quod</span> <span class='ocrx_word' id='word_1_261' title='bbox 2763 886 2904 943; x_wconf 91' lang='lat' dir='ltr'>rogo</span> <span class='ocrx_word' id='word_1_262' title='bbox 2956 871 3315 927; x_wconf 89' lang='lat' dir='ltr'>consortium</span> <span class='ocrx_word' id='word_1_263' title='bbox 3347 871 3563 944; x_wconf 89' lang='lat' dir='ltr'>aliquis</span> <span class='ocrx_word' id='word_1_264' title='bbox 3612 876 3813 944; x_wconf 88' lang='lat' dir='ltr'>potest</span> 
     </span>
    </p>
   </div>
   <div class='ocr_carea' id='block_1_38' title="bbox 2143 954 3811 1034">
    <p class='ocr_par' dir='ltr' id='par_1_38' title="bbox 2143 954 3811 1034">
     <span class='ocr_line' id='line_1_38' title="bbox 2143 954 3811 1034; baseline 0.002 -23"><span class='ocrx_word' id='word_1_265' title='bbox 2143 954 2360 1012; x_wconf 87' lang='lat' dir='ltr'>habere</span> <span class='ocrx_word' id='word_1_266' title='bbox 2390 973 2525 1011; x_wconf 92' lang='lat' dir='ltr'>cum</span> <span class='ocrx_word' id='word_1_267' title='bbox 2556 957 2825 1025; x_wconf 87' lang='lat' dir='ltr'>Domino,</span> <span class='ocrx_word' id='word_1_268' title='bbox 2848 957 2908 1013; x_wconf 93' lang='lat' dir='ltr'>in</span> <span class='ocrx_word' id='word_1_269' title='bbox 2934 960 3262 1031; x_wconf 89' lang='lat' dir='ltr'>unoquovis</span> <span class='ocrx_word' id='word_1_270' title='bbox 3290 959 3539 1016; x_wconf 90' lang='lat' dir='ltr'>istorum</span> <span class='ocrx_word' id='word_1_271' title='bbox 3573 977 3811 1034; x_wconf 89' lang='lat' dir='ltr'>perma-</span> 
     </span>
    </p>
   </div>
   <div class='ocr_carea' id='block_1_39' title="bbox 2144 1044 3811 1123">
    <p class='ocr_par' dir='ltr' id='par_1_39' title="bbox 2144 1044 3811 1123">
     <span class='ocr_line' id='line_1_39' title="bbox 2144 1044 3811 1123; baseline 0.004 -23"><span class='ocrx_word' id='word_1_272' title='bbox 2144 1061 2293 1101; x_wconf 91' lang='lat' dir='ltr'>nens</span> <span class='ocrx_word' id='word_1_273' title='bbox 2339 1044 2596 1116; x_wconf 83' lang='lat' dir='ltr'>ﬂagitio?</span> <span class='ocrx_word' id='word_1_274' title='bbox 2628 1047 2725 1101; x_wconf 71' lang='lat' dir='ltr'>Vae</span> <span class='ocrx_word' id='word_1_275' title='bbox 2758 1046 3000 1119; x_wconf 88' lang='lat' dir='ltr'>insuper</span> <span class='ocrx_word' id='word_1_276' title='bbox 3044 1047 3513 1105; x_wconf 88' lang='lat' dir='ltr'>Christianorum</span> <span class='ocrx_word' id='word_1_277' title='bbox 3560 1065 3811 1123; x_wconf 87' lang='lat' dir='ltr'>genera-</span> 
     </span>
    </p>
   </div>
   <div class='ocr_carea' id='block_1_40' title="bbox 2144 1133 3815 1211">
    <p class='ocr_par' dir='ltr' id='par_1_40' title="bbox 2144 1133 3815 1211">
     <span class='ocr_line' id='line_1_40' title="bbox 2144 1133 3815 1211; baseline 0.002 -22"><span class='ocrx_word' id='word_1_278' title='bbox 2144 1134 2314 1199; x_wconf 90' lang='lat' dir='ltr'>litati,</span> <span class='ocrx_word' id='word_1_279' title='bbox 2350 1133 2400 1191; x_wconf 88' lang='lat' dir='ltr'>si</span> <span class='ocrx_word' id='word_1_280' title='bbox 2440 1135 2610 1205; x_wconf 84' lang='lat' dir='ltr'>juxta</span> <span class='ocrx_word' id='word_1_281' title='bbox 2639 1134 3089 1193; x_wconf 66' lang='lat' dir='ltr'>aastimationem</span> <span class='ocrx_word' id='word_1_282' title='bbox 3121 1137 3368 1194; x_wconf 89' lang='lat' dir='ltr'>istorum</span> <span class='ocrx_word' id='word_1_283' title='bbox 3402 1153 3576 1194; x_wconf 92' lang='lat' dir='ltr'>nemo</span> <span class='ocrx_word' id='word_1_284' title='bbox 3621 1140 3815 1211; x_wconf 86' lang='lat' dir='ltr'>possit</span> 
     </span>
    </p>
   </div>
   <div class='ocr_carea' id='block_1_41' title="bbox 2146 1222 3811 1300">
    <p class='ocr_par' dir='ltr' id='par_1_41' title="bbox 2146 1222 3811 1300">
     <span class='ocr_line' id='line_1_41' title="bbox 2146 1222 3811 1300; baseline 0.005 -23"><span class='ocrx_word' id='word_1_285' title='bbox 2146 1223 2298 1278; x_wconf 91' lang='lat' dir='ltr'>inter</span> <span class='ocrx_word' id='word_1_286' title='bbox 2326 1239 2425 1278; x_wconf 89' lang='lat' dir='ltr'>eos</span> <span class='ocrx_word' id='word_1_287' title='bbox 2476 1222 2748 1289; x_wconf 86' lang='lat' dir='ltr'>inveniri,</span> <span class='ocrx_word' id='word_1_288' title='bbox 2772 1225 2872 1297; x_wconf 93' lang='lat' dir='ltr'>qui</span> <span class='ocrx_word' id='word_1_289' title='bbox 2900 1242 3017 1281; x_wconf 91' lang='lat' dir='ltr'>non</span> <span class='ocrx_word' id='word_1_290' title='bbox 3049 1227 3126 1282; x_wconf 93' lang='lat' dir='ltr'>sit</span> <span class='ocrx_word' id='word_1_291' title='bbox 3180 1230 3281 1281; x_wconf 88' lang='lat' dir='ltr'>aut</span> <span class='ocrx_word' id='word_1_292' title='bbox 3337 1226 3645 1300; x_wconf 80' lang='lat' dir='ltr'>hypocrita</span> <span class='ocrx_word' id='word_1_293' title='bbox 3675 1245 3811 1284; x_wconf 91' lang='lat' dir='ltr'>cum</span> 
     </span>
    </p>
   </div>
   <div class='ocr_carea' id='block_1_42' title="bbox 2146 1310 3813 1375">
    <p class='ocr_par' dir='ltr' id='par_1_42' title="bbox 2146 1310 3813 1375">
     <span class='ocr_line' id='line_1_42' title="bbox 2146 1310 3813 1375; baseline 0.005 -10"><span class='ocrx_word' id='word_1_294' title='bbox 2146 1310 2476 1375; x_wconf 70' lang='lat' dir='ltr'>Pharisaeis,</span> <span class='ocrx_word' id='word_1_295' title='bbox 2495 1319 2595 1367; x_wconf 93' lang='lat' dir='ltr'>aut</span> <span class='ocrx_word' id='word_1_296' title='bbox 2614 1312 2972 1370; x_wconf 90' lang='lat' dir='ltr'>Publicanus</span> <span class='ocrx_word' id='word_1_297' title='bbox 2997 1331 3131 1370; x_wconf 90' lang='lat' dir='ltr'>cum</span> <span class='ocrx_word' id='word_1_298' title='bbox 3154 1315 3422 1371; x_wconf 87' lang='lat' dir='ltr'>ethnicis.</span> <span class='ocrx_word' id='word_1_299' title='bbox 3447 1315 3813 1374; x_wconf 89' lang='lat' dir='ltr'>Publicanus</span> 
     </span>
    </p>
   </div>
   <div class='ocr_carea' id='block_1_43' title="bbox 2145 1400 3814 1478">
    <p class='ocr_par' dir='ltr' id='par_1_43' title="bbox 2145 1400 3814 1478">
     <span class='ocr_line' id='line_1_43' title="bbox 2145 1400 3814 1478; baseline 0.004 -24"><span class='ocrx_word' id='word_1_300' title='bbox 2145 1400 2303 1455; x_wconf 89' lang='lat' dir='ltr'>enim</span> <span class='ocrx_word' id='word_1_301' title='bbox 2334 1405 2441 1466; x_wconf 91' lang='lat' dir='ltr'>est,</span> <span class='ocrx_word' id='word_1_302' title='bbox 2460 1401 2559 1472; x_wconf 90' lang='lat' dir='ltr'>qui</span> <span class='ocrx_word' id='word_1_303' title='bbox 2583 1400 2812 1457; x_wconf 90' lang='lat' dir='ltr'>adulter</span> <span class='ocrx_word' id='word_1_304' title='bbox 2838 1403 3072 1474; x_wconf 90' lang='lat' dir='ltr'>publice</span> <span class='ocrx_word' id='word_1_305' title='bbox 3103 1406 3219 1471; x_wconf 91' lang='lat' dir='ltr'>est;</span> <span class='ocrx_word' id='word_1_306' title='bbox 3243 1403 3545 1476; x_wconf 75' lang='lat' dir='ltr'>hypocrita</span> <span class='ocrx_word' id='word_1_307' title='bbox 3569 1408 3684 1471; x_wconf 89' lang='lat' dir='ltr'>est,</span> <span class='ocrx_word' id='word_1_308' title='bbox 3709 1404 3814 1478; x_wconf 87' lang='lat' dir='ltr'>qui</span> 
     </span>
    </p>
   </div>
   <div class='ocr_carea' id='block_1_44' title="bbox 2147 1488 3811 1567">
    <p class='ocr_par' dir='ltr' id='par_1_44' title="bbox 2147 1488 3811 1567">
     <span class='ocr_line' id='line_1_44' title="bbox 2147 1488 3811 1567; baseline 0.005 -25"><span class='ocrx_word' id='word_1_309' title='bbox 2147 1489 2258 1543; x_wconf 89' lang='lat' dir='ltr'>sub</span> <span class='ocrx_word' id='word_1_310' title='bbox 2290 1488 2462 1560; x_wconf 90' lang='lat' dir='ltr'>pallio</span> <span class='ocrx_word' id='word_1_311' title='bbox 2494 1488 2794 1562; x_wconf 87' lang='lat' dir='ltr'>religionis</span> <span class='ocrx_word' id='word_1_312' title='bbox 2815 1490 3371 1564; x_wconf 85' lang='lat' dir='ltr'>irreligiosissimus,</span> <span class='ocrx_word' id='word_1_313' title='bbox 3396 1493 3505 1548; x_wconf 87' lang='lat' dir='ltr'>sub</span> <span class='ocrx_word' id='word_1_314' title='bbox 3537 1493 3811 1567; x_wconf 87' lang='lat' dir='ltr'>clamyde</span> 
     </span>
    </p>
   </div>
   <div class='ocr_carea' id='block_1_45' title="bbox 2147 1577 3811 1654">
    <p class='ocr_par' dir='ltr' id='par_1_45' title="bbox 2147 1577 3811 1654">
     <span class='ocr_line' id='line_1_45' title="bbox 2147 1577 3811 1654; baseline 0.005 -23"><span class='ocrx_word' id='word_1_315' title='bbox 2147 1577 2434 1634; x_wconf 86' lang='lat' dir='ltr'>castitatis</span> <span class='ocrx_word' id='word_1_316' title='bbox 2464 1578 2745 1646; x_wconf 89' lang='lat' dir='ltr'>incestus,</span> <span class='ocrx_word' id='word_1_317' title='bbox 2771 1581 2880 1635; x_wconf 91' lang='lat' dir='ltr'>sub</span> <span class='ocrx_word' id='word_1_318' title='bbox 2913 1585 3195 1652; x_wconf 66' lang='lat' dir='ltr'>praetextu</span> <span class='ocrx_word' id='word_1_319' title='bbox 3219 1582 3469 1652; x_wconf 67' lang='lat' dir='ltr'>justitia:</span> <span class='ocrx_word' id='word_1_320' title='bbox 3498 1581 3811 1654; x_wconf 78' lang='lat' dir='ltr'>iniquissi-</span> 
     </span>
    </p>
   </div>
   <div class='ocr_carea' id='block_1_46' title="bbox 2148 1667 3812 1741">
    <p class='ocr_par' dir='ltr' id='par_1_46' title="bbox 2148 1667 3812 1741">
     <span class='ocr_line' id='line_1_46' title="bbox 2148 1667 3812 1741; baseline 0.004 -21"><span class='ocrx_word' id='word_1_321' title='bbox 2148 1683 2282 1720; x_wconf 86' lang='lat' dir='ltr'>mus</span> <span class='ocrx_word' id='word_1_322' title='bbox 2312 1671 2419 1722; x_wconf 88' lang='lat' dir='ltr'>est.</span> <span class='ocrx_word' id='word_1_323' title='bbox 2461 1667 2592 1722; x_wconf 87' lang='lat' dir='ltr'>Ideo</span> <span class='ocrx_word' id='word_1_324' title='bbox 2623 1684 2755 1724; x_wconf 89' lang='lat' dir='ltr'>vero</span> <span class='ocrx_word' id='word_1_325' title='bbox 2787 1668 3143 1741; x_wconf 87' lang='lat' dir='ltr'>superlativo</span> <span class='ocrx_word' id='word_1_326' title='bbox 3174 1673 3377 1725; x_wconf 86' lang='lat' dir='ltr'>contra</span> <span class='ocrx_word' id='word_1_327' title='bbox 3419 1670 3600 1725; x_wconf 89' lang='lat' dir='ltr'>istum</span> <span class='ocrx_word' id='word_1_328' title='bbox 3648 1688 3812 1727; x_wconf 90' lang='lat' dir='ltr'>com-</span> 
     </span>
    </p>
   </div>
   <div class='ocr_carea' id='block_1_47' title="bbox 2148 1755 3812 1831">
    <p class='ocr_par' dir='ltr' id='par_1_47' title="bbox 2148 1755 3812 1831">
     <span class='ocr_line' id='line_1_47' title="bbox 2148 1755 3812 1831; baseline 0.004 -21"><span class='ocrx_word' id='word_1_329' title='bbox 2148 1755 2470 1827; x_wconf 86' lang='lat' dir='ltr'>parationis</span> <span class='ocrx_word' id='word_1_330' title='bbox 2516 1755 2759 1812; x_wconf 90' lang='lat' dir='ltr'>invehor</span> <span class='ocrx_word' id='word_1_331' title='bbox 2788 1758 2998 1830; x_wconf 89' lang='lat' dir='ltr'>gradu,</span> <span class='ocrx_word' id='word_1_332' title='bbox 3032 1758 3171 1831; x_wconf 88' lang='lat' dir='ltr'>quia</span> <span class='ocrx_word' id='word_1_333' title='bbox 3218 1776 3333 1814; x_wconf 92' lang='lat' dir='ltr'>non</span> <span class='ocrx_word' id='word_1_334' title='bbox 3384 1759 3565 1815; x_wconf 89' lang='lat' dir='ltr'>semel</span> <span class='ocrx_word' id='word_1_335' title='bbox 3616 1760 3812 1818; x_wconf 89' lang='lat' dir='ltr'>recolo</span> 
     </span>
    </p>
   </div>
   <div class='ocr_carea' id='block_1_48' title="bbox 2148 1836 3818 1920">
    <p class='ocr_par' dir='ltr' id='par_1_48' title="bbox 2148 1836 3818 1920">
     <span class='ocr_line' id='line_1_48' title="bbox 2148 1836 3818 1920; baseline 0.006 -24"><span class='ocrx_word' id='word_1_336' title='bbox 2148 1836 2362 1898; x_wconf 87' lang='lat' dir='ltr'>lectum</span> <span class='ocrx_word' id='word_1_337' title='bbox 2399 1860 2412 1897; x_wconf 90' lang='lat'>:</span> <span class='ocrx_word' id='word_1_338' title='bbox 2446 1844 2802 1901; x_wconf 77' lang='lat' dir='ltr'>Simulatores</span> <span class='ocrx_word' id='word_1_339' title='bbox 2841 1850 2893 1901; x_wconf 81' lang='lat' dir='ltr'>et</span> <span class='ocrx_word' id='word_1_340' title='bbox 2940 1848 3133 1902; x_wconf 84' lang='lat' dir='ltr'>callidi</span> <span class='ocrx_word' id='word_1_341' title='bbox 3174 1856 3470 1920; x_wconf 76' lang='lat' dir='ltr'>provocant</span> <span class='ocrx_word' id='word_1_342' title='bbox 3515 1850 3666 1905; x_wconf 86' lang='lat' dir='ltr'>iram</span> <span class='ocrx_word' id='word_1_343' title='bbox 3715 1851 3818 1906; x_wconf 82' lang='lat' dir='ltr'>Dei</span> 
     </span>
    </p>
   </div>
   <div class='ocr_carea' id='block_1_49' title="bbox 2068 1932 3817 2036">
    <p class='ocr_par' dir='ltr' id='par_1_49' title="bbox 2068 1932 3817 2036">
     <span class='ocr_line' id='line_1_49' title="bbox 2068 1932 3817 2036; baseline 0.005 -49"><span class='ocrx_word' id='word_1_344' title='bbox 2068 1972 2116 2036; x_wconf 78' lang='grc' dir='ltr'><strong>Β</strong></span> <span class='ocrx_word' id='word_1_345' title='bbox 2148 1932 2292 2031; x_wconf 72' lang='lat' dir='ltr'>(Job.</span> <span class='ocrx_word' id='word_1_346' title='bbox 2315 1949 2508 2002; x_wconf 76' lang='lat' dir='ltr'>xxxvr,</span> <span class='ocrx_word' id='word_1_347' title='bbox 2534 1934 2641 2004; x_wconf 89' lang='grc'>13).</span> <span class='ocrx_word' id='word_1_348' title='bbox 2668 1934 2784 2036; x_wconf 58' lang='lat' dir='ltr'>lloc</span> <span class='ocrx_word' id='word_1_349' title='bbox 2815 1935 2896 1990; x_wconf 90' lang='lat' dir='ltr'>ita</span> <span class='ocrx_word' id='word_1_350' title='bbox 2924 1952 2986 1992; x_wconf 88' lang='lat' dir='ltr'>se</span> <span class='ocrx_word' id='word_1_351' title='bbox 3016 1936 3268 1992; x_wconf 86' lang='lat' dir='ltr'>habente</span> <span class='ocrx_word' id='word_1_352' title='bbox 3312 1953 3447 1993; x_wconf 91' lang='lat' dir='ltr'>cum</span> <span class='ocrx_word' id='word_1_353' title='bbox 3480 1937 3817 2012; x_wconf 83' lang='lat' dir='ltr'>hypocrisis</span> 
     </span>
    </p>
   </div>
   <div class='ocr_carea' id='block_1_50' title="bbox 2145 2020 3819 2096">
    <p class='ocr_par' dir='ltr' id='par_1_50' title="bbox 2145 2020 3819 2096">
     <span class='ocr_line' id='line_1_50' title="bbox 2145 2020 3819 2096; baseline 0.006 -22"><span class='ocrx_word' id='word_1_354' title='bbox 2145 2025 2202 2074; x_wconf 92' lang='lat' dir='ltr'>et</span> <span class='ocrx_word' id='word_1_355' title='bbox 2231 2020 2644 2077; x_wconf 87' lang='lat' dir='ltr'>incestuositas</span> <span class='ocrx_word' id='word_1_356' title='bbox 2675 2022 2845 2096; x_wconf 89' lang='lat' dir='ltr'>longe</span> <span class='ocrx_word' id='word_1_357' title='bbox 2877 2024 3211 2096; x_wconf 72' lang='lat' dir='ltr'>praecellant</span> <span class='ocrx_word' id='word_1_358' title='bbox 3241 2026 3356 2082; x_wconf 89' lang='lat' dir='ltr'>alia</span> <span class='ocrx_word' id='word_1_359' title='bbox 3374 2026 3436 2081; x_wconf 92' lang='lat' dir='ltr'>in</span> <span class='ocrx_word' id='word_1_360' title='bbox 3458 2026 3681 2084; x_wconf 89' lang='lat' dir='ltr'>scelere</span> <span class='ocrx_word' id='word_1_361' title='bbox 3704 2028 3819 2084; x_wconf 83' lang='lat' dir='ltr'>ori-</span> 
     </span>
    </p>
   </div>
   <div class='ocr_carea' id='block_1_51' title="bbox 2148 2109 3813 2188">
    <p class='ocr_par' dir='ltr' id='par_1_51' title="bbox 2148 2109 3813 2188">
     <span class='ocr_line' id='line_1_51' title="bbox 2148 2109 3813 2188; baseline 0.007 -25"><span class='ocrx_word' id='word_1_362' title='bbox 2148 2109 2328 2176; x_wconf 88' lang='lat' dir='ltr'>mina,</span> <span class='ocrx_word' id='word_1_363' title='bbox 2352 2126 2419 2165; x_wconf 90' lang='lat' dir='ltr'>eo</span> <span class='ocrx_word' id='word_1_364' title='bbox 2450 2114 2656 2166; x_wconf 67' lang='lat' dir='ltr'>caetera</span> <span class='ocrx_word' id='word_1_365' title='bbox 2682 2117 2821 2167; x_wconf 90' lang='lat' dir='ltr'>sunt</span> <span class='ocrx_word' id='word_1_366' title='bbox 2850 2113 3135 2184; x_wconf 83' lang='lat' dir='ltr'>graviora,</span> <span class='ocrx_word' id='word_1_367' title='bbox 3162 2132 3278 2187; x_wconf 89' lang='lat' dir='ltr'>quo</span> <span class='ocrx_word' id='word_1_368' title='bbox 3310 2115 3500 2188; x_wconf 81' lang='lat' dir='ltr'>magis</span> <span class='ocrx_word' id='word_1_369' title='bbox 3528 2116 3813 2188; x_wconf 85' lang='lat' dir='ltr'>publica:</span> 
     </span>
    </p>
   </div>
   <div class='ocr_carea' id='block_1_52' title="bbox 2145 2190 3816 2278">
    <p class='ocr_par' dir='ltr' id='par_1_52' title="bbox 2145 2190 3816 2278">
     <span class='ocr_line' id='line_1_52' title="bbox 2145 2190 3816 2278; baseline 0.007 -27"><span class='ocrx_word' id='word_1_370' title='bbox 2145 2195 2247 2252; x_wconf 88' lang='lat' dir='ltr'>illa</span> <span class='ocrx_word' id='word_1_371' title='bbox 2275 2190 2432 2253; x_wconf 90' lang='lat' dir='ltr'>enim</span> <span class='ocrx_word' id='word_1_372' title='bbox 2477 2199 2632 2255; x_wconf 91' lang='lat' dir='ltr'>solos</span> <span class='ocrx_word' id='word_1_373' title='bbox 2662 2199 3024 2257; x_wconf 81' lang='lat' dir='ltr'>interficiunt</span> <span class='ocrx_word' id='word_1_374' title='bbox 3064 2208 3421 2275; x_wconf 88' lang='lat' dir='ltr'>operatores,</span> <span class='ocrx_word' id='word_1_375' title='bbox 3442 2204 3558 2261; x_wconf 88' lang='lat' dir='ltr'>ista</span> <span class='ocrx_word' id='word_1_376' title='bbox 3584 2208 3647 2261; x_wconf 89' lang='lat' dir='ltr'>et</span> <span class='ocrx_word' id='word_1_377' title='bbox 3671 2221 3816 2278; x_wconf 89' lang='lat' dir='ltr'>ope-</span> 
     </span>
    </p>
   </div>
   <div class='ocr_carea' id='block_1_53' title="bbox 2148 2290 3819 2359">
    <p class='ocr_par' dir='ltr' id='par_1_53' title="bbox 2148 2290 3819 2359">
     <span class='ocr_line' id='line_1_53' title="bbox 2148 2290 3819 2359; baseline 0.006 -19"><span class='ocrx_word' id='word_1_378' title='bbox 2148 2290 2369 2342; x_wconf 87' lang='lat' dir='ltr'>ratores</span> <span class='ocrx_word' id='word_1_379' title='bbox 2423 2293 2650 2358; x_wconf 90' lang='lat' dir='ltr'>necant,</span> <span class='ocrx_word' id='word_1_380' title='bbox 2698 2293 2756 2343; x_wconf 89' lang='lat' dir='ltr'>et</span> <span class='ocrx_word' id='word_1_381' title='bbox 2802 2290 3338 2348; x_wconf 88' lang='lat' dir='ltr'>consideratoribus</span> <span class='ocrx_word' id='word_1_382' title='bbox 3397 2297 3628 2349; x_wconf 82' lang='lat' dir='ltr'>nocent.</span> <span class='ocrx_word' id='word_1_383' title='bbox 3663 2295 3819 2359; x_wconf 84' lang='lat' dir='ltr'>Quia</span> 
     </span>
    </p>
   </div>
   <div class='ocr_carea' id='block_1_54' title="bbox 2145 2374 3818 2452">
    <p class='ocr_par' dir='ltr' id='par_1_54' title="bbox 2145 2374 3818 2452">
     <span class='ocr_line' id='line_1_54' title="bbox 2145 2374 3818 2452; baseline 0.005 -24"><span class='ocrx_word' id='word_1_384' title='bbox 2145 2374 2300 2429; x_wconf 90' lang='lat' dir='ltr'>enim</span> <span class='ocrx_word' id='word_1_385' title='bbox 2333 2391 2445 2430; x_wconf 93' lang='lat' dir='ltr'>non</span> <span class='ocrx_word' id='word_1_386' title='bbox 2480 2375 2695 2431; x_wconf 87' lang='lat' dir='ltr'>habent</span> <span class='ocrx_word' id='word_1_387' title='bbox 2729 2376 2969 2432; x_wconf 86' lang='lat' dir='ltr'>latentia</span> <span class='ocrx_word' id='word_1_388' title='bbox 2989 2385 3226 2451; x_wconf 87' lang='lat' dir='ltr'>peccata</span> <span class='ocrx_word' id='word_1_389' title='bbox 3249 2381 3568 2452; x_wconf 86' lang='lat' dir='ltr'>judicium,</span> <span class='ocrx_word' id='word_1_390' title='bbox 3592 2383 3665 2438; x_wconf 92' lang='lat' dir='ltr'>de</span> <span class='ocrx_word' id='word_1_391' title='bbox 3688 2399 3818 2439; x_wconf 87' lang='lat' dir='ltr'>ma-</span> 
     </span>
    </p>
   </div>
   <div class='ocr_carea' id='block_1_55' title="bbox 2147 2462 3815 2537">
    <p class='ocr_par' dir='ltr' id='par_1_55' title="bbox 2147 2462 3815 2537">
     <span class='ocr_line' id='line_1_55' title="bbox 2147 2462 3815 2537; baseline 0.007 -21"><span class='ocrx_word' id='word_1_392' title='bbox 2147 2462 2375 2518; x_wconf 76' lang='lat' dir='ltr'>nifestis</span> <span class='ocrx_word' id='word_1_393' title='bbox 2406 2463 2565 2535; x_wconf 90' lang='lat' dir='ltr'>loqui</span> <span class='ocrx_word' id='word_1_394' title='bbox 2617 2465 2893 2522; x_wconf 90' lang='lat' dir='ltr'>omnibus</span> <span class='ocrx_word' id='word_1_395' title='bbox 2926 2468 3283 2537; x_wconf 87' lang='lat' dir='ltr'>conceditur,</span> <span class='ocrx_word' id='word_1_396' title='bbox 3318 2470 3391 2525; x_wconf 92' lang='lat' dir='ltr'>de</span> <span class='ocrx_word' id='word_1_397' title='bbox 3440 2471 3815 2529; x_wconf 88' lang='lat' dir='ltr'>absconditis</span> 
     </span>
    </p>
   </div>
   <div class='ocr_carea' id='block_1_56' title="bbox 2147 2550 3814 2632">
    <p class='ocr_par' dir='ltr' id='par_1_56' title="bbox 2147 2550 3814 2632">
     <span class='ocr_line' id='line_1_56' title="bbox 2147 2550 3814 2632; baseline 0.008 -27"><span class='ocrx_word' id='word_1_398' title='bbox 2147 2550 2314 2607; x_wconf 90' lang='lat' dir='ltr'>nulli.</span> <span class='ocrx_word' id='word_1_399' title='bbox 2340 2551 2401 2607; x_wconf 89' lang='lat' dir='ltr'>Si</span> <span class='ocrx_word' id='word_1_400' title='bbox 2431 2552 2608 2622; x_wconf 92' lang='lat' dir='ltr'>enim,</span> <span class='ocrx_word' id='word_1_401' title='bbox 2630 2558 2697 2609; x_wconf 92' lang='lat' dir='ltr'>ut</span> <span class='ocrx_word' id='word_1_402' title='bbox 2718 2555 2843 2625; x_wconf 87' lang='lat' dir='ltr'>jam</span> <span class='ocrx_word' id='word_1_403' title='bbox 2882 2556 3216 2628; x_wconf 90' lang='lat' dir='ltr'>contingere</span> <span class='ocrx_word' id='word_1_404' title='bbox 3258 2559 3467 2629; x_wconf 90' lang='lat' dir='ltr'>potuit,</span> <span class='ocrx_word' id='word_1_405' title='bbox 3501 2560 3642 2632; x_wconf 87' lang='lat' dir='ltr'>quis</span> <span class='ocrx_word' id='word_1_406' title='bbox 3673 2577 3814 2617; x_wconf 91' lang='lat' dir='ltr'>cum</span> 
     </span>
    </p>
   </div>
   <div class='ocr_carea' id='block_1_57' title="bbox 2148 2641 3810 2717">
    <p class='ocr_par' dir='ltr' id='par_1_57' title="bbox 2148 2641 3810 2717">
     <span class='ocr_line' id='line_1_57' title="bbox 2148 2641 3810 2717; baseline 0.008 -23"><span class='ocrx_word' id='word_1_407' title='bbox 2148 2641 2367 2711; x_wconf 87' lang='lat' dir='ltr'>pecude</span> <span class='ocrx_word' id='word_1_408' title='bbox 2397 2641 2657 2713; x_wconf 89' lang='lat' dir='ltr'>quolibet</span> <span class='ocrx_word' id='word_1_409' title='bbox 2681 2643 2738 2697; x_wconf 89' lang='lat' dir='ltr'>in</span> <span class='ocrx_word' id='word_1_410' title='bbox 2760 2643 2996 2716; x_wconf 86' lang='lat' dir='ltr'>angulo,</span> <span class='ocrx_word' id='word_1_411' title='bbox 3020 2644 3142 2701; x_wconf 89' lang='lat' dir='ltr'>solo</span> <span class='ocrx_word' id='word_1_412' title='bbox 3165 2645 3280 2702; x_wconf 91' lang='lat' dir='ltr'>Deo</span> <span class='ocrx_word' id='word_1_413' title='bbox 3302 2651 3466 2703; x_wconf 89' lang='lat' dir='ltr'>coeat</span> <span class='ocrx_word' id='word_1_414' title='bbox 3496 2657 3810 2717; x_wconf 89' lang='lat' dir='ltr'>cernente;</span> 
     </span>
    </p>
   </div>
   <div class='ocr_carea' id='block_1_58' title="bbox 2148 2730 3817 2808">
    <p class='ocr_par' dir='ltr' id='par_1_58' title="bbox 2148 2730 3817 2808">
     <span class='ocr_line' id='line_1_58' title="bbox 2148 2730 3817 2808; baseline 0.006 -25"><span class='ocrx_word' id='word_1_415' title='bbox 2148 2732 2207 2784; x_wconf 86' lang='lat' dir='ltr'>tu</span> <span class='ocrx_word' id='word_1_416' title='bbox 2239 2746 2342 2801; x_wconf 90' lang='lat' dir='ltr'>per</span> <span class='ocrx_word' id='word_1_417' title='bbox 2371 2730 2767 2802; x_wconf 88' lang='lat' dir='ltr'>suspicionem</span> <span class='ocrx_word' id='word_1_418' title='bbox 2796 2736 3026 2788; x_wconf 86' lang='lat' dir='ltr'>tantum</span> <span class='ocrx_word' id='word_1_419' title='bbox 3057 2732 3192 2790; x_wconf 89' lang='lat' dir='ltr'>inde</span> <span class='ocrx_word' id='word_1_420' title='bbox 3223 2750 3358 2790; x_wconf 89' lang='lat' dir='ltr'>eum</span> <span class='ocrx_word' id='word_1_421' title='bbox 3387 2736 3717 2808; x_wconf 88' lang='lat' dir='ltr'>vituperas,</span> <span class='ocrx_word' id='word_1_422' title='bbox 3750 2744 3817 2793; x_wconf 90' lang='lat' dir='ltr'>ut</span> 
     </span>
    </p>
   </div>
   <div class='ocr_carea' id='block_1_59' title="bbox 2147 2818 3815 2898">
    <p class='ocr_par' dir='ltr' id='par_1_59' title="bbox 2147 2818 3815 2898">
     <span class='ocr_line' id='line_1_59' title="bbox 2147 2818 3815 2898; baseline 0.007 -26"><span class='ocrx_word' id='word_1_423' title='bbox 2147 2818 2335 2874; x_wconf 89' lang='lat' dir='ltr'>facere</span> <span class='ocrx_word' id='word_1_424' title='bbox 2366 2822 2598 2891; x_wconf 86' lang='lat' dir='ltr'>poteras</span> <span class='ocrx_word' id='word_1_425' title='bbox 2648 2820 2852 2893; x_wconf 88' lang='lat' dir='ltr'>utique</span> <span class='ocrx_word' id='word_1_426' title='bbox 2896 2821 2945 2877; x_wconf 90' lang='lat' dir='ltr'>si</span> <span class='ocrx_word' id='word_1_427' title='bbox 2993 2822 3279 2895; x_wconf 84' lang='lat' dir='ltr'>vidisses;</span> <span class='ocrx_word' id='word_1_428' title='bbox 3314 2824 3455 2895; x_wconf 90' lang='lat' dir='ltr'>quid</span> <span class='ocrx_word' id='word_1_429' title='bbox 3507 2825 3659 2898; x_wconf 84' lang='lat' dir='ltr'>agis,</span> <span class='ocrx_word' id='word_1_430' title='bbox 3695 2828 3815 2883; x_wconf 89' lang='lat' dir='ltr'>nisi</span> 
     </span>
    </p>
   </div>
   <div class='ocr_carea' id='block_1_60' title="bbox 2150 2907 3816 2985">
    <p class='ocr_par' dir='ltr' id='par_1_60' title="bbox 2150 2907 3816 2985">
     <span class='ocr_line' id='line_1_60' title="bbox 2150 2907 3816 2985; baseline 0.007 -24"><span class='ocrx_word' id='word_1_431' title='bbox 2150 2908 2305 2979; x_wconf 86' lang='lat' dir='ltr'>quod</span> <span class='ocrx_word' id='word_1_432' title='bbox 2337 2907 2520 2964; x_wconf 91' lang='lat' dir='ltr'>solius</span> <span class='ocrx_word' id='word_1_433' title='bbox 2551 2908 2655 2964; x_wconf 89' lang='lat' dir='ltr'>Dei</span> <span class='ocrx_word' id='word_1_434' title='bbox 2684 2915 2796 2975; x_wconf 90' lang='lat' dir='ltr'>est,</span> <span class='ocrx_word' id='word_1_435' title='bbox 2830 2911 2934 2966; x_wconf 89' lang='lat' dir='ltr'>tibi</span> <span class='ocrx_word' id='word_1_436' title='bbox 2968 2912 3262 2985; x_wconf 78' lang='lat' dir='ltr'>usurpas?</span> <span class='ocrx_word' id='word_1_437' title='bbox 3289 2914 3430 2980; x_wconf 81' lang='lat' dir='ltr'>Quis</span> <span class='ocrx_word' id='word_1_438' title='bbox 3461 2917 3664 2971; x_wconf 88' lang='lat' dir='ltr'>autem</span> <span class='ocrx_word' id='word_1_439' title='bbox 3693 2934 3816 2973; x_wconf 91' lang='lat' dir='ltr'>non</span> 
     </span>
    </p>
   </div>
   <div class='ocr_carea' id='block_1_61' title="bbox 2146 2996 3817 3077">
    <p class='ocr_par' dir='ltr' id='par_1_61' title="bbox 2146 2996 3817 3077">
     <span class='ocr_line' id='line_1_61' title="bbox 2146 2996 3817 3077; baseline 0.007 -26"><span class='ocrx_word' id='word_1_440' title='bbox 2146 2996 2299 3051; x_wconf 87' lang='lat' dir='ltr'>valet</span> <span class='ocrx_word' id='word_1_441' title='bbox 2328 2998 2399 3052; x_wconf 92' lang='lat' dir='ltr'>de</span> <span class='ocrx_word' id='word_1_442' title='bbox 2427 2997 2624 3068; x_wconf 90' lang='lat' dir='ltr'>aliquo</span> <span class='ocrx_word' id='word_1_443' title='bbox 2657 3000 2812 3070; x_wconf 87' lang='lat' dir='ltr'>quod</span> <span class='ocrx_word' id='word_1_444' title='bbox 2845 2998 2996 3055; x_wconf 91' lang='lat' dir='ltr'>volet</span> <span class='ocrx_word' id='word_1_445' title='bbox 3023 3002 3393 3073; x_wconf 79' lang='lat' dir='ltr'>conﬁngere?</span> <span class='ocrx_word' id='word_1_446' title='bbox 3424 3003 3490 3059; x_wconf 85' lang='lat' dir='ltr'>Et</span> <span class='ocrx_word' id='word_1_447' title='bbox 3517 3004 3592 3059; x_wconf 89' lang='lat' dir='ltr'>ob</span> <span class='ocrx_word' id='word_1_448' title='bbox 3625 3021 3817 3077; x_wconf 86' lang='lat' dir='ltr'>quam</span> 
     </span>
    </p>
   </div>
   <div class='ocr_carea' id='block_1_62' title="bbox 2147 3083 3821 3162">
    <p class='ocr_par' dir='ltr' id='par_1_62' title="bbox 2147 3083 3821 3162">
     <span class='ocr_line' id='line_1_62' title="bbox 2147 3083 3821 3162; baseline 0.007 -24"><span class='ocrx_word' id='word_1_449' title='bbox 2147 3100 2216 3139; x_wconf 89' lang='lat' dir='ltr'>ex</span> <span class='ocrx_word' id='word_1_450' title='bbox 2243 3100 2305 3139; x_wconf 89' lang='lat' dir='ltr'>se</span> <span class='ocrx_word' id='word_1_451' title='bbox 2337 3083 2480 3140; x_wconf 88' lang='lat' dir='ltr'>alios</span> <span class='ocrx_word' id='word_1_452' title='bbox 2506 3090 2751 3142; x_wconf 88' lang='lat' dir='ltr'>conatur</span> <span class='ocrx_word' id='word_1_453' title='bbox 2780 3088 2996 3154; x_wconf 87' lang='lat' dir='ltr'>metiri,</span> <span class='ocrx_word' id='word_1_454' title='bbox 3025 3089 3126 3161; x_wconf 90' lang='lat' dir='ltr'>qui</span> <span class='ocrx_word' id='word_1_455' title='bbox 3146 3106 3263 3145; x_wconf 92' lang='lat' dir='ltr'>non</span> <span class='ocrx_word' id='word_1_456' title='bbox 3296 3094 3462 3162; x_wconf 90' lang='lat' dir='ltr'>putat</span> <span class='ocrx_word' id='word_1_457' title='bbox 3490 3090 3640 3148; x_wconf 90' lang='lat' dir='ltr'>alios</span> <span class='ocrx_word' id='word_1_458' title='bbox 3670 3093 3821 3151; x_wconf 84' lang='lat' dir='ltr'>alte-</span> 
     </span>
    </p>
   </div>
   <div class='ocr_carea' id='block_1_63' title="bbox 2148 3172 3817 3252">
    <p class='ocr_par' dir='ltr' id='par_1_63' title="bbox 2148 3172 3817 3252">
     <span class='ocr_line' id='line_1_63' title="bbox 2148 3172 3817 3252; baseline 0.007 -25"><span class='ocrx_word' id='word_1_459' title='bbox 2148 3172 2271 3227; x_wconf 91' lang='lat' dir='ltr'>rius</span> <span class='ocrx_word' id='word_1_460' title='bbox 2297 3174 2454 3228; x_wconf 90' lang='lat' dir='ltr'>modi</span> <span class='ocrx_word' id='word_1_461' title='bbox 2477 3190 2651 3246; x_wconf 90' lang='lat' dir='ltr'>posse</span> <span class='ocrx_word' id='word_1_462' title='bbox 2674 3174 2940 3244; x_wconf 85' lang='lat' dir='ltr'>existere,</span> <span class='ocrx_word' id='word_1_463' title='bbox 2965 3176 3081 3232; x_wconf 90' lang='lat' dir='ltr'>nisi</span> <span class='ocrx_word' id='word_1_464' title='bbox 3113 3178 3284 3249; x_wconf 88' lang='lat' dir='ltr'>cujus</span> <span class='ocrx_word' id='word_1_465' title='bbox 3304 3182 3392 3235; x_wconf 88' lang='lat' dir='ltr'>est</span> <span class='ocrx_word' id='word_1_466' title='bbox 3417 3178 3562 3252; x_wconf 89' lang='lat' dir='ltr'>ipse,</span> <span class='ocrx_word' id='word_1_467' title='bbox 3586 3182 3817 3239; x_wconf 88' lang='lat' dir='ltr'>rustico</span> 
     </span>
    </p>
   </div>
   <div class='ocr_carea' id='block_1_64' title="bbox 2146 3260 3820 3341">
    <p class='ocr_par' dir='ltr' id='par_1_64' title="bbox 2146 3260 3820 3341">
     <span class='ocr_line' id='line_1_64' title="bbox 2146 3260 3820 3341; baseline 0.008 -26"><span class='ocrx_word' id='word_1_468' title='bbox 2146 3260 2246 3317; x_wconf 91' lang='lat' dir='ltr'>illo</span> <span class='ocrx_word' id='word_1_469' title='bbox 2279 3278 2393 3317; x_wconf 88' lang='lat' dir='ltr'>non</span> <span class='ocrx_word' id='word_1_470' title='bbox 2422 3261 2473 3317; x_wconf 91' lang='lat' dir='ltr'>ei</span> <span class='ocrx_word' id='word_1_471' title='bbox 2505 3262 2977 3321; x_wconf 88' lang='lat' dir='ltr'>disconveniente</span> <span class='ocrx_word' id='word_1_472' title='bbox 3008 3265 3290 3322; x_wconf 89' lang='lat' dir='ltr'>nimirum</span> <span class='ocrx_word' id='word_1_473' title='bbox 3336 3268 3640 3341; x_wconf 90' lang='lat' dir='ltr'>proverbio</span> <span class='ocrx_word' id='word_1_474' title='bbox 3666 3286 3679 3327; x_wconf 88' lang='lat'><strong>:</strong></span> <span class='ocrx_word' id='word_1_475' title='bbox 3705 3273 3820 3340; x_wconf 82' lang='lat' dir='ltr'>Qui</span> 
     </span>
    </p>
   </div>
   <div class='ocr_carea' id='block_1_65' title="bbox 381 3333 3339 3426">
    <p class='ocr_par' dir='ltr' id='par_1_65' title="bbox 381 3333 3339 3426">
     <span class='ocr_line' id='line_1_65' title="bbox 381 3333 3339 3426; baseline 0.001 -16"><span class='ocrx_word' id='word_1_476' title='bbox 381 3333 682 3422; x_wconf 79' lang='lat' dir='ltr'>diabolum</span> <span class='ocrx_word' id='word_1_477' title='bbox 733 3333 1185 3415; x_wconf 42' lang='lat' dir='ltr'>invenisse?_Et,</span> <span class='ocrx_word' id='word_1_478' title='bbox 1218 3368 1250 3406; x_wconf 92' lang='grc' dir='ltr'>ο</span> <span class='ocrx_word' id='word_1_479' title='bbox 1301 3354 1506 3406; x_wconf 88' lang='lat' dir='ltr'>sancta</span> <span class='ocrx_word' id='word_1_480' title='bbox 1550 3353 1609 3406; x_wconf 89' lang='lat' dir='ltr'>et</span> <span class='ocrx_word' id='word_1_481' title='bbox 1657 3349 2040 3406; x_wconf 88' lang='lat' dir='ltr'>immaculata</span> <span class='ocrx_word' id='word_1_482' title='bbox 2069 3333 2112 3400; x_wconf 85' lang='lat' dir='ltr'>C</span> <span class='ocrx_word' id='word_1_483' title='bbox 2147 3352 2257 3422; x_wconf 78' lang='lat' dir='ltr'>fuit</span> <span class='ocrx_word' id='word_1_484' title='bbox 2288 3352 2348 3406; x_wconf 88' lang='lat' dir='ltr'>in</span> <span class='ocrx_word' id='word_1_485' title='bbox 2366 3352 2554 3423; x_wconf 82' lang='lat' dir='ltr'>furno,</span> <span class='ocrx_word' id='word_1_486' title='bbox 2582 3369 2739 3423; x_wconf 78' lang='lat' dir='ltr'>pares</span> <span class='ocrx_word' id='word_1_487' title='bbox 2767 3369 2896 3409; x_wconf 82' lang='lat' dir='ltr'>suos</span> <span class='ocrx_word' id='word_1_488' title='bbox 2925 3354 3071 3410; x_wconf 79' lang='lat' dir='ltr'>inibi</span> <span class='ocrx_word' id='word_1_489' title='bbox 3098 3334 3339 3426; x_wconf 56' lang='lat' dir='ltr'>quaerit!</span> 
     </span>
    </p>
   </div>
   <div class='ocr_carea' id='block_1_66' title="bbox 374 3441 2036 3517">
    <p class='ocr_par' dir='ltr' id='par_1_66' title="bbox 374 3441 2036 3517">
     <span class='ocr_line' id='line_1_66' title="bbox 374 3441 2036 3517; baseline -0.003 -18"><span class='ocrx_word' id='word_1_490' title='bbox 374 3444 669 3517; x_wconf 88' lang='lat' dir='ltr'>virginum</span> <span class='ocrx_word' id='word_1_491' title='bbox 719 3441 1029 3515; x_wconf 89' lang='lat' dir='ltr'>pudicitia,</span> <span class='ocrx_word' id='word_1_492' title='bbox 1060 3441 1248 3513; x_wconf 89' lang='grc'>(1156)</span> <span class='ocrx_word' id='word_1_493' title='bbox 1280 3455 1458 3512; x_wconf 87' lang='lat' dir='ltr'>quam</span> <span class='ocrx_word' id='word_1_494' title='bbox 1508 3443 1567 3494; x_wconf 89' lang='lat' dir='ltr'>et</span> <span class='ocrx_word' id='word_1_495' title='bbox 1607 3443 1673 3494; x_wconf 93' lang='lat' dir='ltr'>tu</span> <span class='ocrx_word' id='word_1_496' title='bbox 1721 3456 2036 3511; x_wconf 88' lang='lat' dir='ltr'>nusquam,</span> 
     </span>
    </p>
   </div>
   <div class='ocr_carea' id='block_1_67' title="bbox 375 3527 2040 3600">
    <p class='ocr_par' dir='ltr' id='par_1_67' title="bbox 375 3527 2040 3600">
     <span class='ocr_line' id='line_1_67' title="bbox 375 3527 2040 3600; baseline -0.003 -11"><span class='ocrx_word' id='word_1_497' title='bbox 375 3533 425 3589; x_wconf 91' lang='lat' dir='ltr'>si</span> <span class='ocrx_word' id='word_1_498' title='bbox 458 3533 566 3589; x_wconf 91' lang='lat' dir='ltr'>hoc</span> <span class='ocrx_word' id='word_1_499' title='bbox 618 3548 822 3588; x_wconf 91' lang='lat' dir='ltr'>verum</span> <span class='ocrx_word' id='word_1_500' title='bbox 865 3535 974 3599; x_wconf 89' lang='lat' dir='ltr'>est,</span> <span class='ocrx_word' id='word_1_501' title='bbox 1008 3530 1136 3585; x_wconf 92' lang='lat' dir='ltr'>sine</span> <span class='ocrx_word' id='word_1_502' title='bbox 1166 3528 1411 3584; x_wconf 80' lang='lat' dir='ltr'>infamia</span> <span class='ocrx_word' id='word_1_503' title='bbox 1444 3527 1547 3583; x_wconf 82' lang='lat' dir='ltr'>es?</span> <span class='ocrx_word' id='word_1_504' title='bbox 1578 3528 1763 3592; x_wconf 88' lang='lat' dir='ltr'>Quam</span> <span class='ocrx_word' id='word_1_505' title='bbox 1814 3528 2040 3600; x_wconf 87' lang='lat' dir='ltr'>perdita</span> 
     </span>
    </p>
   </div>
   <div class='ocr_carea' id='block_1_68' title="bbox 376 3616 2039 3690">
    <p class='ocr_par' dir='ltr' id='par_1_68' title="bbox 376 3616 2039 3690">
     <span class='ocr_line' id='line_1_68' title="bbox 376 3616 2039 3690; baseline -0.002 -13"><span class='ocrx_word' id='word_1_506' title='bbox 376 3625 818 3677; x_wconf 88' lang='lat' dir='ltr'>tonsuratorum</span> <span class='ocrx_word' id='word_1_507' title='bbox 867 3619 1220 3675; x_wconf 88' lang='lat' dir='ltr'>universitas</span> <span class='ocrx_word' id='word_1_508' title='bbox 1248 3622 1392 3688; x_wconf 87' lang='lat' dir='ltr'>tota,</span> <span class='ocrx_word' id='word_1_509' title='bbox 1427 3617 1477 3673; x_wconf 91' lang='lat' dir='ltr'>si</span> <span class='ocrx_word' id='word_1_510' title='bbox 1520 3634 1691 3673; x_wconf 89' lang='lat' dir='ltr'>nemo</span> <span class='ocrx_word' id='word_1_511' title='bbox 1722 3616 1781 3672; x_wconf 91' lang='lat' dir='ltr'>in</span> <span class='ocrx_word' id='word_1_512' title='bbox 1810 3617 1893 3672; x_wconf 89' lang='lat' dir='ltr'>eis</span> <span class='ocrx_word' id='word_1_513' title='bbox 1939 3617 2039 3690; x_wconf 90' lang='lat' dir='ltr'>qui</span> 
     </span>
    </p>
   </div>
   <div class='ocr_carea' id='block_1_69' title="bbox 372 3706 2033 3778">
    <p class='ocr_par' dir='ltr' id='par_1_69' title="bbox 372 3706 2033 3778">
     <span class='ocr_line' id='line_1_69' title="bbox 372 3706 2033 3778; baseline -0.002 -14"><span class='ocrx_word' id='word_1_514' title='bbox 372 3727 491 3764; x_wconf 91' lang='lat' dir='ltr'>non</span> <span class='ocrx_word' id='word_1_515' title='bbox 525 3715 627 3764; x_wconf 90' lang='lat' dir='ltr'>aut</span> <span class='ocrx_word' id='word_1_516' title='bbox 674 3707 821 3763; x_wconf 71' lang='grc'>487</span> <span class='ocrx_word' id='word_1_517' title='bbox 862 3707 1112 3773; x_wconf 88' lang='lat' dir='ltr'>adulter,</span> <span class='ocrx_word' id='word_1_518' title='bbox 1145 3710 1246 3761; x_wconf 90' lang='lat' dir='ltr'>aut</span> <span class='ocrx_word' id='word_1_519' title='bbox 1297 3706 1376 3761; x_wconf 90' lang='lat' dir='ltr'>sit</span> <span class='ocrx_word' id='word_1_520' title='bbox 1424 3706 1800 3777; x_wconf 87' lang='lat' dir='ltr'>arsenoquita</span> <span class='ocrx_word' id='word_1_521' title='bbox 1831 3707 2033 3778; x_wconf 88' lang='grc'>(1157).</span> 
     </span>
    </p>
   </div>
   <div class='ocr_carea' id='block_1_70' title="bbox 369 3794 2034 3866">
    <p class='ocr_par' dir='ltr' id='par_1_70' title="bbox 369 3794 2034 3866">
     <span class='ocr_line' id='line_1_70' title="bbox 369 3794 2034 3866; baseline -0.001 -14"><span class='ocrx_word' id='word_1_522' title='bbox 369 3796 615 3852; x_wconf 85' lang='lat' dir='ltr'>Adulter</span> <span class='ocrx_word' id='word_1_523' title='bbox 645 3795 802 3852; x_wconf 91' lang='lat' dir='ltr'>enim</span> <span class='ocrx_word' id='word_1_524' title='bbox 852 3794 1022 3850; x_wconf 93' lang='lat' dir='ltr'>nobis</span> <span class='ocrx_word' id='word_1_525' title='bbox 1063 3800 1171 3862; x_wconf 84' lang='lat' dir='ltr'>est,</span> <span class='ocrx_word' id='word_1_526' title='bbox 1208 3795 1307 3866; x_wconf 90' lang='lat' dir='ltr'>qui</span> <span class='ocrx_word' id='word_1_527' title='bbox 1360 3800 1563 3851; x_wconf 88' lang='lat' dir='ltr'>contra</span> <span class='ocrx_word' id='word_1_528' title='bbox 1609 3811 1862 3851; x_wconf 86' lang='lat' dir='ltr'>canones</span> <span class='ocrx_word' id='word_1_529' title='bbox 1893 3812 2034 3850; x_wconf 83' lang='lat' dir='ltr'>uxo-</span> 
     </span>
    </p>
   </div>
   <div class='ocr_carea' id='block_1_71' title="bbox 370 3968 2031 4045">
    <p class='ocr_par' dir='ltr' id='par_1_71' title="bbox 370 3968 2031 4045">
     <span class='ocr_line' id='line_1_71' title="bbox 370 3968 2031 4045; baseline 0 -17"><span class='ocrx_word' id='word_1_530' title='bbox 370 3988 518 4045; x_wconf 84' lang='lat' dir='ltr'>ncns</span> <span class='ocrx_word' id='word_1_531' title='bbox 536 3988 592 4026; x_wconf 92' lang='lat' dir='ltr'>n.</span> <span class='ocrx_word' id='word_1_532' title='bbox 615 3972 666 4039; x_wconf 78' lang='grc'>4,</span> <span class='ocrx_word' id='word_1_533' title='bbox 681 3985 840 4045; x_wconf 76' lang='lat' dir='ltr'>eme.</span> <span class='ocrx_word' id='word_1_534' title='bbox 858 3968 1215 4045; x_wconf 69' lang='lat' dir='ltr'>Erisingensi</span> <span class='ocrx_word' id='word_1_535' title='bbox 1233 3971 2031 4045; x_wconf 77' lang='lat' dir='ltr'>transcriptumaccepimus.</span> 
     </span>
    </p>
   </div>
   <div class='ocr_carea' id='block_1_72' title="bbox 368 4040 2030 4115">
    <p class='ocr_par' dir='ltr' id='par_1_72' title="bbox 368 4040 2030 4115">
     <span class='ocr_line' id='line_1_72' title="bbox 368 4040 2030 4115; baseline 0 -16"><span class='ocrx_word' id='word_1_536' title='bbox 368 4043 672 4115; x_wconf 6' lang='lat' dir='ltr'>Directumg</span> <span class='ocrx_word' id='word_1_537' title='bbox 697 4040 804 4096; x_wconf 81' lang='lat' dir='ltr'>fuit</span> <span class='ocrx_word' id='word_1_538' title='bbox 832 4041 911 4115; x_wconf 87' lang='lat' dir='ltr'>ad</span> <span class='ocrx_word' id='word_1_539' title='bbox 933 4040 1308 4097; x_wconf 84' lang='lat' dir='ltr'>Ambrosium</span> <span class='ocrx_word' id='word_1_540' title='bbox 1337 4040 1566 4099; x_wconf 77' lang='lat' dir='ltr'>Ottonis</span> <span class='ocrx_word' id='word_1_541' title='bbox 1603 4044 1624 4098; x_wconf 92' lang='grc' dir='ltr'>Ι</span> <span class='ocrx_word' id='word_1_542' title='bbox 1656 4040 2030 4115; x_wconf 76' lang='lat' dir='ltr'>imperatoris</span> 
     </span>
    </p>
   </div>
   <div class='ocr_carea' id='block_1_73' title="bbox 367 4112 2028 4185">
    <p class='ocr_par' dir='ltr' id='par_1_73' title="bbox 367 4112 2028 4185">
     <span class='ocr_line' id='line_1_73' title="bbox 367 4112 2028 4185; baseline -0.002 -14"><span class='ocrx_word' id='word_1_543' title='bbox 367 4113 805 4184; x_wconf 85' lang='lat' dir='ltr'>cancellarium,</span> <span class='ocrx_word' id='word_1_544' title='bbox 831 4112 911 4168; x_wconf 83' lang='lat' dir='ltr'>uti</span> <span class='ocrx_word' id='word_1_545' title='bbox 960 4115 1337 4185; x_wconf 88' lang='lat' dir='ltr'>ostendemus</span> <span class='ocrx_word' id='word_1_546' title='bbox 1383 4119 1502 4170; x_wconf 90' lang='lat' dir='ltr'>not.</span> <span class='ocrx_word' id='word_1_547' title='bbox 1540 4116 1699 4169; x_wconf 89' lang='lat'><strong>1182.</strong></span> <span class='ocrx_word' id='word_1_548' title='bbox 1732 4112 2028 4185; x_wconf 83' lang='lat' dir='ltr'>Scriptum</span> 
     </span>
    </p>
   </div>
   <div class='ocr_carea' id='block_1_74' title="bbox 364 4184 2029 4263">
    <p class='ocr_par' dir='ltr' id='par_1_74' title="bbox 364 4184 2029 4263">
     <span class='ocr_line' id='line_1_74' title="bbox 364 4184 2029 4263; baseline -0.003 -21"><span class='ocrx_word' id='word_1_549' title='bbox 364 4192 625 4258; x_wconf 81' lang='lat' dir='ltr'>tempore</span> <span class='ocrx_word' id='word_1_550' title='bbox 657 4184 1123 4256; x_wconf 70' lang='lat' dir='ltr'>Quadragesimm</span> <span class='ocrx_word' id='word_1_551' title='bbox 1156 4185 1537 4263; x_wconf 57' lang='lat' dir='ltr'>probantilla</span> <span class='ocrx_word' id='word_1_552' title='bbox 1576 4202 1633 4239; x_wconf 91' lang='lat' dir='ltr'>n.</span> <span class='ocrx_word' id='word_1_553' title='bbox 1664 4187 1747 4263; x_wconf 85' lang='lat'>7_:</span> <span class='ocrx_word' id='word_1_554' title='bbox 1779 4186 1886 4238; x_wconf 80' lang='lat' dir='ltr'>Per</span> <span class='ocrx_word' id='word_1_555' title='bbox 1910 4200 2029 4263; x_wconf 81' lang='lat' dir='ltr'>om-</span> 
     </span>
    </p>
   </div>
   <div class='ocr_carea' id='block_1_75' title="bbox 362 4255 2029 4330">
    <p class='ocr_par' dir='ltr' id='par_1_75' title="bbox 362 4255 2029 4330">
     <span class='ocr_line' id='line_1_75' title="bbox 362 4255 2029 4330; baseline -0.003 -16"><span class='ocrx_word' id='word_1_556' title='bbox 362 4276 458 4314; x_wconf 77' lang='lat' dir='ltr'>nes</span> <span class='ocrx_word' id='word_1_557' title='bbox 483 4255 615 4314; x_wconf 73' lang='lat' dir='ltr'>sane</span> <span class='ocrx_word' id='word_1_558' title='bbox 657 4255 951 4330; x_wconf 70' lang='lat' dir='ltr'>sennoiws,</span> <span class='ocrx_word' id='word_1_559' title='bbox 984 4273 1115 4330; x_wconf 79' lang='lat' dir='ltr'>quos</span> <span class='ocrx_word' id='word_1_560' title='bbox 1157 4255 1359 4330; x_wconf 65' lang='lat' dir='ltr'>populo</span> <span class='ocrx_word' id='word_1_561' title='bbox 1411 4256 1523 4311; x_wconf 82' lang='lat' dir='ltr'>ista</span> <span class='ocrx_word' id='word_1_562' title='bbox 1546 4255 2029 4330; x_wconf 66' lang='lat' dir='ltr'>quadragesima</span> 
     </span>
    </p>
   </div>
   <div class='ocr_carea' id='block_1_76' title="bbox 364 4275 2029 4404">
    <p class='ocr_par' dir='ltr' id='par_1_76' title="bbox 364 4275 2029 4404">
     <span class='ocr_line' id='line_1_76' title="bbox 364 4275 2029 4330; baseline -0.003 -16"><span class='ocrx_word' id='word_1_563' title='bbox 364 4276 458 4314; x_wconf 79' lang='lat' dir='ltr'>nes</span> <span class='ocrx_word' id='word_1_564' title='bbox 483 4275 615 4314; x_wconf 83' lang='lat' dir='ltr'>sane</span> <span class='ocrx_word' id='word_1_565' title='bbox 657 4275 951 4323; x_wconf 73' lang='lat' dir='ltr'>sermones,</span> <span class='ocrx_word' id='word_1_566' title='bbox 984 4275 1115 4330; x_wconf 79' lang='lat' dir='ltr'>quos</span> <span class='ocrx_word' id='word_1_567' title='bbox 1157 4275 1228 4329; x_wconf 86' lang='lat' dir='ltr'>po</span> <span class='ocrx_word' id='word_1_568' title='bbox 1270 4275 1359 4311; x_wconf 71' lang='lat' dir='ltr'>uio</span> <span class='ocrx_word' id='word_1_569' title='bbox 1411 4275 1523 4311; x_wconf 73' lang='grc' dir='ltr'>ιειο</span> <span class='ocrx_word' id='word_1_570' title='bbox 1573 4275 2029 4324; x_wconf 68' lang='lat' dir='ltr'>quauragemmu</span> 
     </span>
     <span class='ocr_line' id='line_1_77' title="bbox 364 4275 2029 4404; baseline -0.004 -19"><span class='ocrx_word' id='word_1_571' title='bbox 364 4331 494 4395; x_wconf 85' lang='lat' dir='ltr'>feci,</span> <span class='ocrx_word' id='word_1_572' title='bbox 528 4334 634 4404; x_wconf 77' lang='lat' dir='ltr'>etc.</span> <span class='ocrx_word' id='word_1_573' title='bbox 661 4328 802 4404; x_wconf 87' lang='lat' dir='ltr'>Cum</span> <span class='ocrx_word' id='word_1_574' title='bbox 839 4344 1168 4404; x_wconf 86' lang='lat' dir='ltr'>vero__nu_m.</span> <span class='ocrx_word' id='word_1_575' title='bbox 1289 4325 1646 4404; x_wconf 66' lang='lat' dir='ltr'>Augustalem</span> <span class='ocrx_word' id='word_1_576' title='bbox 1690 4325 2029 4404; x_wconf 60' lang='lat' dir='ltr'>voluntatem</span> 
     </span>
    </p>
   </div>
   <div class='ocr_carea' id='block_1_77' title="bbox 366 4396 2028 4466">
    <p class='ocr_par' dir='ltr' id='par_1_77' title="bbox 366 4396 2028 4466">
     <span class='ocr_line' id='line_1_78' title="bbox 366 4396 2028 4466; baseline -0.004 -9"><span class='ocrx_word' id='word_1_577' title='bbox 366 4402 435 4457; x_wconf 88' lang='lat' dir='ltr'>de</span> <span class='ocrx_word' id='word_1_578' title='bbox 485 4399 906 4455; x_wconf 85' lang='lat' dir='ltr'>mulierositate</span> <span class='ocrx_word' id='word_1_579' title='bbox 953 4398 1305 4454; x_wconf 88' lang='lat' dir='ltr'>dimittenda</span> <span class='ocrx_word' id='word_1_580' title='bbox 1334 4397 1393 4450; x_wconf 90' lang='lat' dir='ltr'>in</span> <span class='ocrx_word' id='word_1_581' title='bbox 1430 4396 1753 4466; x_wconf 79' lang='lat' dir='ltr'>Ravennati</span> <span class='ocrx_word' id='word_1_582' title='bbox 1807 4396 2028 4466; x_wconf 86' lang='lat' dir='ltr'>synodo</span> 
     </span>
    </p>
   </div>
   <div class='ocr_carea' id='block_1_78' title="bbox 365 4464 2029 4541">
    <p class='ocr_par' dir='ltr' id='par_1_78' title="bbox 365 4464 2029 4541">
     <span class='ocr_line' id='line_1_79' title="bbox 365 4464 2029 4541; baseline -0.002 -15"><span class='ocrx_word' id='word_1_583' title='bbox 365 4472 654 4527; x_wconf 85' lang='lat' dir='ltr'>celebrata</span> <span class='ocrx_word' id='word_1_584' title='bbox 676 4488 878 4526; x_wconf 82' lang='lat' dir='ltr'>mense</span> <span class='ocrx_word' id='word_1_585' title='bbox 903 4470 1084 4541; x_wconf 88' lang='lat' dir='ltr'>Aprili</span> <span class='ocrx_word' id='word_1_586' title='bbox 1116 4468 1255 4541; x_wconf 83' lang='lat' dir='ltr'>anni</span> <span class='ocrx_word' id='word_1_587' title='bbox 1285 4468 1392 4522; x_wconf 85' lang='lat'>967</span> <span class='ocrx_word' id='word_1_588' title='bbox 1422 4464 1779 4541; x_wconf 66' lang='lat' dir='ltr'>declaratam</span> <span class='ocrx_word' id='word_1_589' title='bbox 1814 4464 2029 4523; x_wconf 77' lang='lat' dir='ltr'>memo-</span> 
     </span>
    </p>
   </div>
   <div class='ocr_carea' id='block_1_79' title="bbox 363 4536 2028 4612">
    <p class='ocr_par' dir='ltr' id='par_1_79' title="bbox 363 4536 2028 4612">
     <span class='ocr_line' id='line_1_80' title="bbox 363 4536 2028 4612; baseline -0.002 -16"><span class='ocrx_word' id='word_1_590' title='bbox 363 4548 471 4608; x_wconf 90' lang='lat' dir='ltr'>ret,</span> <span class='ocrx_word' id='word_1_591' title='bbox 528 4546 593 4612; x_wconf 84' lang='lat' dir='ltr'>ut</span> <span class='ocrx_word' id='word_1_592' title='bbox 643 4542 854 4596; x_wconf 89' lang='lat' dir='ltr'>ibidem</span> <span class='ocrx_word' id='word_1_593' title='bbox 902 4536 1285 4612; x_wconf 70' lang='lat' dir='ltr'>probabimus</span> <span class='ocrx_word' id='word_1_594' title='bbox 1315 4540 1453 4612; x_wconf 83' lang='lat' dir='ltr'>_not.</span> <span class='ocrx_word' id='word_1_595' title='bbox 1491 4536 1660 4606; x_wconf 85' lang='lat'>1169;</span> <span class='ocrx_word' id='word_1_596' title='bbox 1693 4542 1761 4612; x_wconf 86' lang='lat' dir='ltr'>e_t_</span> <span class='ocrx_word' id='word_1_597' title='bbox 1795 4555 1958 4612; x_wconf 76' lang='lat' dir='ltr'>num.</span> <span class='ocrx_word' id='word_1_598' title='bbox 1994 4541 2028 4612; x_wconf 92' lang='lat'>8_</span> 
     </span>
    </p>
   </div>
   <div class='ocr_carea' id='block_1_80' title="bbox 362 4608 2028 4667">
    <p class='ocr_par' dir='ltr' id='par_1_80' title="bbox 362 4608 2028 4667">
     <span class='ocr_line' id='line_1_81' title="bbox 362 4608 2028 4667; baseline -0.001 -1"><span class='ocrx_word' id='word_1_599' title='bbox 362 4611 720 4666; x_wconf 85' lang='lat' dir='ltr'>mentionem</span> <span class='ocrx_word' id='word_1_600' title='bbox 769 4608 943 4667; x_wconf 77' lang='lat' dir='ltr'>faciat</span> <span class='ocrx_word' id='word_1_601' title='bbox 988 4610 1232 4666; x_wconf 83' lang='lat' dir='ltr'>Judicati</span> <span class='ocrx_word' id='word_1_602' title='bbox 1262 4608 1401 4663; x_wconf 92' lang='lat' dir='ltr'>editi</span> <span class='ocrx_word' id='word_1_603' title='bbox 1459 4625 1661 4664; x_wconf 90' lang='lat' dir='ltr'>mense</span> <span class='ocrx_word' id='word_1_604' title='bbox 1715 4609 2028 4665; x_wconf 87' lang='lat' dir='ltr'>Novembri</span> 
     </span>
    </p>
   </div>
   <div class='ocr_carea' id='block_1_81' title="bbox 361 4677 2023 4764">
    <p class='ocr_par' dir='ltr' id='par_1_81' title="bbox 361 4677 2023 4764">
     <span class='ocr_line' id='line_1_82' title="bbox 361 4677 2023 4764; baseline -0.001 -28"><span class='ocrx_word' id='word_1_605' title='bbox 361 4682 501 4737; x_wconf 87' lang='lat' dir='ltr'>anni</span> <span class='ocrx_word' id='word_1_606' title='bbox 535 4682 804 4764; x_wconf 74' lang='lat' dir='ltr'>ejusdem</span> <span class='ocrx_word' id='word_1_607' title='bbox 833 4681 1093 4764; x_wconf 46' lang='lat' dir='ltr'>;Apalam</span> <span class='ocrx_word' id='word_1_608' title='bbox 1141 4681 1217 4761; x_wconf 41' lang='lat' dir='ltr'>fit.</span> <span class='ocrx_word' id='word_1_609' title='bbox 1257 4677 1368 4734; x_wconf 91' lang='lat' dir='ltr'>hoc</span> <span class='ocrx_word' id='word_1_610' title='bbox 1417 4679 1768 4764; x_wconf 63' lang='lat' dir='ltr'>epusculum</span> <span class='ocrx_word' id='word_1_611' title='bbox 1825 4697 2023 4764; x_wconf 75' lang='lat' dir='ltr'>exara-</span> 
     </span>
    </p>
   </div>
   <div class='ocr_carea' id='block_1_82' title="bbox 358 4751 2023 4823">
    <p class='ocr_par' dir='ltr' id='par_1_82' title="bbox 358 4751 2023 4823">
     <span class='ocr_line' id='line_1_83' title="bbox 358 4751 2023 4823; baseline 0 -16"><span class='ocrx_word' id='word_1_612' title='bbox 358 4758 487 4808; x_wconf 86' lang='lat' dir='ltr'>tum</span> <span class='ocrx_word' id='word_1_613' title='bbox 531 4753 712 4807; x_wconf 75' lang='lat' dir='ltr'>fuisse</span> <span class='ocrx_word' id='word_1_614' title='bbox 763 4753 818 4808; x_wconf 90' lang='lat' dir='ltr'>in</span> <span class='ocrx_word' id='word_1_615' title='bbox 862 4751 1324 4823; x_wconf 49' lang='lat' dir='ltr'>Q&#39;uadragesima</span> <span class='ocrx_word' id='word_1_616' title='bbox 1375 4751 1514 4806; x_wconf 84' lang='lat' dir='ltr'>anni</span> <span class='ocrx_word' id='word_1_617' title='bbox 1560 4751 1686 4818; x_wconf 85' lang='lat'>968,</span> <span class='ocrx_word' id='word_1_618' title='bbox 1717 4770 1850 4807; x_wconf 90' lang='lat' dir='ltr'>cum</span> <span class='ocrx_word' id='word_1_619' title='bbox 1901 4753 2023 4808; x_wconf 79' lang='lat' dir='ltr'>haec</span> 
     </span>
    </p>
   </div>
   <div class='ocr_carea' id='block_1_83' title="bbox 2217 3438 3818 3522">
    <p class='ocr_par' dir='ltr' id='par_1_83' title="bbox 2217 3438 3818 3522">
     <span class='ocr_line' id='line_1_84' title="bbox 2217 3438 3818 3522; baseline 0.006 -27"><span class='ocrx_word' id='word_1_620' title='bbox 2217 3444 2273 3496; x_wconf 91' lang='lat'><strong>2.</strong></span> <span class='ocrx_word' id='word_1_621' title='bbox 2307 3440 2375 3495; x_wconf 92' lang='lat' dir='ltr'>Et</span> <span class='ocrx_word' id='word_1_622' title='bbox 2430 3438 2547 3495; x_wconf 89' lang='lat' dir='ltr'>ista</span> <span class='ocrx_word' id='word_1_623' title='bbox 2601 3440 2839 3513; x_wconf 91' lang='lat' dir='ltr'>quidem</span> <span class='ocrx_word' id='word_1_624' title='bbox 2894 3442 3091 3499; x_wconf 89' lang='lat' dir='ltr'>omnia</span> <span class='ocrx_word' id='word_1_625' title='bbox 3147 3444 3336 3501; x_wconf 86' lang='lat' dir='ltr'>facere</span> <span class='ocrx_word' id='word_1_626' title='bbox 3363 3445 3450 3502; x_wconf 85' lang='lat' dir='ltr'>vel</span> <span class='ocrx_word' id='word_1_627' title='bbox 3508 3445 3673 3520; x_wconf 90' lang='lat' dir='ltr'>loqui</span> <span class='ocrx_word' id='word_1_628' title='bbox 3707 3466 3818 3522; x_wconf 86' lang='lat' dir='ltr'>per</span> 
     </span>
    </p>
   </div>
   <div class='ocr_carea' id='block_1_84' title="bbox 2149 3530 3815 3611">
    <p class='ocr_par' dir='ltr' id='par_1_84' title="bbox 2149 3530 3815 3611">
     <span class='ocr_line' id='line_1_85' title="bbox 2149 3530 3815 3611; baseline 0.008 -29"><span class='ocrx_word' id='word_1_629' title='bbox 2149 3543 2322 3583; x_wconf 90' lang='lat' dir='ltr'>usum</span> <span class='ocrx_word' id='word_1_630' title='bbox 2347 3532 2549 3584; x_wconf 87' lang='lat' dir='ltr'>contra</span> <span class='ocrx_word' id='word_1_631' title='bbox 2574 3534 2840 3601; x_wconf 91' lang='lat' dir='ltr'>pastores</span> <span class='ocrx_word' id='word_1_632' title='bbox 2868 3530 3146 3589; x_wconf 89' lang='lat' dir='ltr'>rebellare</span> <span class='ocrx_word' id='word_1_633' title='bbox 3177 3549 3280 3606; x_wconf 92' lang='lat' dir='ltr'>per</span> <span class='ocrx_word' id='word_1_634' title='bbox 3307 3551 3483 3591; x_wconf 92' lang='lat' dir='ltr'>usum</span> <span class='ocrx_word' id='word_1_635' title='bbox 3515 3537 3675 3608; x_wconf 91' lang='lat' dir='ltr'>quod</span> <span class='ocrx_word' id='word_1_636' title='bbox 3709 3554 3815 3611; x_wconf 85' lang='lat' dir='ltr'>ge-</span> 
     </span>
    </p>
   </div>
   <div class='ocr_carea' id='block_1_85' title="bbox 2149 3615 3817 3694">
    <p class='ocr_par' dir='ltr' id='par_1_85' title="bbox 2149 3615 3817 3694">
     <span class='ocr_line' id='line_1_86' title="bbox 2149 3615 3817 3694; baseline 0.007 -23"><span class='ocrx_word' id='word_1_637' title='bbox 2149 3615 2423 3673; x_wconf 90' lang='lat' dir='ltr'>neraliter</span> <span class='ocrx_word' id='word_1_638' title='bbox 2451 3617 2729 3674; x_wconf 91' lang='lat' dir='ltr'>omnibus</span> <span class='ocrx_word' id='word_1_639' title='bbox 2775 3622 2866 3675; x_wconf 91' lang='lat' dir='ltr'>est</span> <span class='ocrx_word' id='word_1_640' title='bbox 2896 3618 3125 3677; x_wconf 89' lang='lat' dir='ltr'>clericis</span> <span class='ocrx_word' id='word_1_641' title='bbox 3155 3620 3510 3694; x_wconf 89' lang='lat' dir='ltr'>delegatum,</span> <span class='ocrx_word' id='word_1_642' title='bbox 3534 3624 3617 3680; x_wconf 88' lang='lat' dir='ltr'>ita</span> <span class='ocrx_word' id='word_1_643' title='bbox 3665 3625 3817 3683; x_wconf 70' lang='lat' dir='ltr'>inse-</span> 
     </span>
    </p>
   </div>
   <div class='ocr_carea' id='block_1_86' title="bbox 2148 3705 3814 3785">
    <p class='ocr_par' dir='ltr' id='par_1_86' title="bbox 2148 3705 3814 3785">
     <span class='ocr_line' id='line_1_87' title="bbox 2148 3705 3814 3785; baseline 0.007 -25"><span class='ocrx_word' id='word_1_644' title='bbox 2148 3705 2400 3778; x_wconf 88' lang='lat' dir='ltr'>qualiter</span> <span class='ocrx_word' id='word_1_645' title='bbox 2415 3711 2471 3762; x_wconf 91' lang='lat' dir='ltr'>et</span> <span class='ocrx_word' id='word_1_646' title='bbox 2492 3723 2594 3779; x_wconf 92' lang='lat' dir='ltr'>per</span> <span class='ocrx_word' id='word_1_647' title='bbox 2610 3707 2978 3765; x_wconf 87' lang='lat' dir='ltr'>massaritias</span> <span class='ocrx_word' id='word_1_648' title='bbox 2992 3710 3177 3779; x_wconf 87' lang='lat'><strong>(1159)</strong></span> <span class='ocrx_word' id='word_1_649' title='bbox 3190 3710 3541 3777; x_wconf 86' lang='lat' dir='ltr'>dividere,ut</span> <span class='ocrx_word' id='word_1_650' title='bbox 3560 3713 3814 3785; x_wconf 88' lang='lat' dir='ltr'>quidam</span> 
     </span>
    </p>
   </div>
   <div class='ocr_carea' id='block_1_87' title="bbox 2145 3794 3812 3875">
    <p class='ocr_par' dir='ltr' id='par_1_87' title="bbox 2145 3794 3812 3875">
     <span class='ocr_line' id='line_1_88' title="bbox 2145 3794 3812 3875; baseline 0.006 -25"><span class='ocrx_word' id='word_1_651' title='bbox 2145 3794 2382 3851; x_wconf 91' lang='lat' dir='ltr'>illorum</span> <span class='ocrx_word' id='word_1_652' title='bbox 2414 3794 2551 3851; x_wconf 92' lang='lat' dir='ltr'>inde</span> <span class='ocrx_word' id='word_1_653' title='bbox 2583 3797 2727 3852; x_wconf 82' lang='lat' dir='ltr'>ﬁant</span> <span class='ocrx_word' id='word_1_654' title='bbox 2774 3812 2844 3852; x_wconf 83' lang='lat' dir='ltr'>ex</span> <span class='ocrx_word' id='word_1_655' title='bbox 2891 3798 3284 3870; x_wconf 88' lang='lat' dir='ltr'>pauperrimis</span> <span class='ocrx_word' id='word_1_656' title='bbox 3331 3800 3812 3875; x_wconf 88' lang='lat' dir='ltr'>locupletissimi,</span> 
     </span>
    </p>
   </div>
   <div class='ocr_carea' id='block_1_88' title="bbox 2142 3972 3816 4052">
    <p class='ocr_par' dir='ltr' id='par_1_88' title="bbox 2142 3972 3816 4052">
     <span class='ocr_line' id='line_1_89' title="bbox 2142 3972 3816 4052; baseline 0.007 -25"><span class='ocrx_word' id='word_1_657' title='bbox 2142 3972 2458 4052; x_wconf 65' lang='lat' dir='ltr'>dissimiles,</span> <span class='ocrx_word' id='word_1_658' title='bbox 2482 3981 2543 4029; x_wconf 84' lang='lat' dir='ltr'>ut</span> <span class='ocrx_word' id='word_1_659' title='bbox 2560 3973 2851 4030; x_wconf 76' lang='lat' dir='ltr'>diversitas</span> <span class='ocrx_word' id='word_1_660' title='bbox 2864 3991 3084 4052; x_wconf 87' lang='lat' dir='ltr'>_m_orum</span> <span class='ocrx_word' id='word_1_661' title='bbox 3112 3993 3395 4050; x_wconf 83' lang='lat' dir='ltr'>nunquam</span> <span class='ocrx_word' id='word_1_662' title='bbox 3417 3982 3592 4052; x_wconf 78' lang='lat' dir='ltr'>possit</span> <span class='ocrx_word' id='word_1_663' title='bbox 3619 3997 3816 4052; x_wconf 80' lang='lat' dir='ltr'>perve-</span> 
     </span>
    </p>
   </div>
   <div class='ocr_carea' id='block_1_89' title="bbox 2141 4042 3812 4123">
    <p class='ocr_par' dir='ltr' id='par_1_89' title="bbox 2141 4042 3812 4123">
     <span class='ocr_line' id='line_1_90' title="bbox 2141 4042 3812 4123; baseline 0.008 -27"><span class='ocrx_word' id='word_1_664' title='bbox 2141 4044 2267 4123; x_wconf 61' lang='lat' dir='ltr'>nire</span> <span class='ocrx_word' id='word_1_665' title='bbox 2299 4042 2367 4097; x_wconf 77' lang='lat' dir='ltr'>ad</span> <span class='ocrx_word' id='word_1_666' title='bbox 2393 4044 2615 4123; x_wconf 57' lang='lat' dir='ltr'>[irinum</span> <span class='ocrx_word' id='word_1_667' title='bbox 2645 4046 3023 4123; x_wconf 70' lang='lat' dir='ltr'>concordiam;</span> <span class='ocrx_word' id='word_1_668' title='bbox 3072 4042 3360 4120; x_wconf 75' lang='lat' dir='ltr'>nunquam</span> <span class='ocrx_word' id='word_1_669' title='bbox 3388 4042 3472 4106; x_wconf 67' lang='lat' dir='ltr'>uel</span> <span class='ocrx_word' id='word_1_670' title='bbox 3518 4042 3669 4123; x_wconf 62' lang='lat' dir='ltr'>apud</span> <span class='ocrx_word' id='word_1_671' title='bbox 3695 4071 3812 4123; x_wconf 84' lang='lat' dir='ltr'>me,</span> 
     </span>
    </p>
   </div>
   <div class='ocr_carea' id='block_1_90' title="bbox 2141 4114 3813 4193">
    <p class='ocr_par' dir='ltr' id='par_1_90' title="bbox 2141 4114 3813 4193">
     <span class='ocr_line' id='line_1_91' title="bbox 2141 4114 3813 4193; baseline 0.008 -26"><span class='ocrx_word' id='word_1_672' title='bbox 2141 4114 2226 4193; x_wconf 70' lang='lat' dir='ltr'>vel</span> <span class='ocrx_word' id='word_1_673' title='bbox 2256 4114 2402 4193; x_wconf 84' lang='lat' dir='ltr'>apud</span> <span class='ocrx_word' id='word_1_674' title='bbox 2434 4116 2559 4171; x_wconf 78' lang='lat' dir='ltr'>illos</span> <span class='ocrx_word' id='word_1_675' title='bbox 2588 4119 2833 4193; x_wconf 74' lang='lat' dir='ltr'>amicitia</span> <span class='ocrx_word' id='word_1_676' title='bbox 2877 4128 3061 4174; x_wconf 82' lang='lat' dir='ltr'>nostra</span> <span class='ocrx_word' id='word_1_677' title='bbox 3088 4114 3300 4191; x_wconf 64' lang='lat' dir='ltr'>semper</span> <span class='ocrx_word' id='word_1_678' title='bbox 3331 4114 3813 4193; x_wconf 52' lang='lat' dir='ltr'>cupz&#39;ens&#39;contrai</span> 
     </span>
    </p>
   </div>
   <div class='ocr_carea' id='block_1_91' title="bbox 2141 4185 3812 4263">
    <p class='ocr_par' dir='ltr' id='par_1_91' title="bbox 2141 4185 3812 4263">
     <span class='ocr_line' id='line_1_92' title="bbox 2141 4185 3812 4263; baseline 0.01 -26"><span class='ocrx_word' id='word_1_679' title='bbox 2141 4185 2265 4263; x_wconf 54' lang='lat' dir='ltr'>ria,</span> <span class='ocrx_word' id='word_1_680' title='bbox 2287 4192 2348 4239; x_wconf 75' lang='lat' dir='ltr'>ut</span> <span class='ocrx_word' id='word_1_681' title='bbox 2373 4201 2481 4241; x_wconf 87' lang='lat' dir='ltr'>non</span> <span class='ocrx_word' id='word_1_682' title='bbox 2514 4188 2708 4263; x_wconf 69' lang='lat' dir='ltr'>valuit,</span> <span class='ocrx_word' id='word_1_683' title='bbox 2740 4190 2817 4243; x_wconf 85' lang='lat' dir='ltr'>ita</span> <span class='ocrx_word' id='word_1_684' title='bbox 2847 4206 3057 4261; x_wconf 82' lang='lat' dir='ltr'>quoque</span> <span class='ocrx_word' id='word_1_685' title='bbox 3083 4185 3334 4263; x_wconf 72' lang='lat' dir='ltr'>nequibit</span> <span class='ocrx_word' id='word_1_686' title='bbox 3362 4185 3605 4250; x_wconf 69' lang='lat' dir='ltr'>obtinere</span> <span class='ocrx_word' id='word_1_687' title='bbox 3633 4198 3812 4252; x_wconf 81' lang='lat' dir='ltr'>stabi-</span> 
     </span>
    </p>
   </div>
   <div class='ocr_carea' id='block_1_92' title="bbox 2143 4254 2820 4327">
    <p class='ocr_par' dir='ltr' id='par_1_92' title="bbox 2143 4254 2820 4327">
     <span class='ocr_line' id='line_1_93' title="bbox 2143 4254 2820 4327; baseline 0.009 -19"><span class='ocrx_word' id='word_1_688' title='bbox 2143 4254 2382 4315; x_wconf 79' lang='lat' dir='ltr'>litatem;</span> <span class='ocrx_word' id='word_1_689' title='bbox 2412 4272 2535 4311; x_wconf 88' lang='lat' dir='ltr'>cum</span> <span class='ocrx_word' id='word_1_690' title='bbox 2566 4259 2677 4327; x_wconf 83' lang='lat' dir='ltr'>illi,</span> <span class='ocrx_word' id='word_1_691' title='bbox 2696 4254 2820 4314; x_wconf 87' lang='lat' dir='ltr'>etc.</span> 
     </span>
    </p>
   </div>
   <div class='ocr_carea' id='block_1_93' title="bbox 2215 4327 3807 4407">
    <p class='ocr_par' dir='ltr' id='par_1_93' title="bbox 2215 4327 3807 4407">
     <span class='ocr_line' id='line_1_94' title="bbox 2215 4327 3807 4407; baseline 0.009 -27"><span class='ocrx_word' id='word_1_692' title='bbox 2215 4327 2396 4407; x_wconf 72' lang='grc'>(1156)</span> <span class='ocrx_word' id='word_1_693' title='bbox 2428 4327 2623 4407; x_wconf 63' lang='lat' dir='ltr'>Yulg.,</span> <span class='ocrx_word' id='word_1_694' title='bbox 2657 4347 2822 4407; x_wconf 76' lang='lat' dir='ltr'>quam</span> <span class='ocrx_word' id='word_1_695' title='bbox 2867 4340 2930 4407; x_wconf 7' lang='lat' dir='ltr'>tu,</span> <span class='ocrx_word' id='word_1_696' title='bbox 2952 4348 3244 4407; x_wconf 73' lang='lat' dir='ltr'>nusquam,</span> <span class='ocrx_word' id='word_1_697' title='bbox 3276 4335 3328 4407; x_wconf 70' lang='lat' dir='ltr'>si</span> <span class='ocrx_word' id='word_1_698' title='bbox 3354 4335 3453 4407; x_wconf 62' lang='lat' dir='ltr'>hoc</span> <span class='ocrx_word' id='word_1_699' title='bbox 3480 4352 3673 4393; x_wconf 84' lang='lat' dir='ltr'>verum</span> <span class='ocrx_word' id='word_1_700' title='bbox 3699 4343 3807 4407; x_wconf 80' lang='lat' dir='ltr'>est,</span> 
     </span>
    </p>
   </div>
   <div class='ocr_carea' id='block_1_94' title="bbox 2139 4396 3808 4478">
    <p class='ocr_par' dir='ltr' id='par_1_94' title="bbox 2139 4396 3808 4478">
     <span class='ocr_line' id='line_1_95' title="bbox 2139 4396 3808 4478; baseline 0.01 -28"><span class='ocrx_word' id='word_1_701' title='bbox 2139 4396 2287 4478; x_wconf 63' lang='lat' dir='ltr'>apud</span> <span class='ocrx_word' id='word_1_702' title='bbox 2309 4396 2702 4478; x_wconf 51' lang='lat' dir='ltr'>pergiilos&#39;vefo</span> <span class='ocrx_word' id='word_1_703' title='bbox 2735 4404 2874 4478; x_wconf 58' lang='lat' dir='ltr'>sine</span> <span class='ocrx_word' id='word_1_704' title='bbox 2908 4396 3145 4478; x_wconf 71' lang='lat' dir='ltr'>infaniia</span> <span class='ocrx_word' id='word_1_705' title='bbox 3173 4396 3249 4470; x_wconf 78' lang='lat' dir='ltr'>es,</span> <span class='ocrx_word' id='word_1_706' title='bbox 3275 4405 3481 4463; x_wconf 90' lang='lat' dir='ltr'>Melior</span> <span class='ocrx_word' id='word_1_707' title='bbox 3507 4413 3600 4463; x_wconf 90' lang='lat' dir='ltr'>est</span> <span class='ocrx_word' id='word_1_708' title='bbox 3625 4396 3808 4467; x_wconf 78' lang='lat' dir='ltr'>lectio</span> 
     </span>
    </p>
   </div>
   <div class='ocr_carea' id='block_1_95' title="bbox 2138 4468 3809 4552">
    <p class='ocr_par' dir='ltr' id='par_1_95' title="bbox 2138 4468 3809 4552">
     <span class='ocr_line' id='line_1_96' title="bbox 2138 4468 3809 4552; baseline 0.01 -31"><span class='ocrx_word' id='word_1_709' title='bbox 2138 4468 2358 4552; x_wconf 72' lang='lat' dir='ltr'>codicis</span> <span class='ocrx_word' id='word_1_710' title='bbox 2394 4468 3426 4552; x_wconf 7' lang='lat' dir='ltr'>Frisingensis._Explica:_Quamg(id</span> <span class='ocrx_word' id='word_1_711' title='bbox 3476 4482 3567 4535; x_wconf 85' lang='lat' dir='ltr'>est</span> <span class='ocrx_word' id='word_1_712' title='bbox 3615 4497 3809 4552; x_wconf 89' lang='lat' dir='ltr'>quan-</span> 
     </span>
    </p>
   </div>
   <div class='ocr_carea' id='block_1_96' title="bbox 2134 4542 3804 4621">
    <p class='ocr_par' dir='ltr' id='par_1_96' title="bbox 2134 4542 3804 4621">
     <span class='ocr_line' id='line_1_97' title="bbox 2134 4542 3804 4621; baseline 0.008 -27"><span class='ocrx_word' id='word_1_713' title='bbox 2134 4542 2285 4620; x_wconf 82' lang='lat' dir='ltr'>tum)</span> <span class='ocrx_word' id='word_1_714' title='bbox 2310 4548 2361 4621; x_wconf 60' lang='lat' dir='ltr'>et</span> <span class='ocrx_word' id='word_1_715' title='bbox 2388 4544 2449 4596; x_wconf 85' lang='lat' dir='ltr'>tu</span> <span class='ocrx_word' id='word_1_716' title='bbox 2478 4542 2748 4615; x_wconf 66' lang='lat' dir='ltr'>nasi/unm</span> <span class='ocrx_word' id='word_1_717' title='bbox 2777 4546 2899 4600; x_wconf 82' lang='lat' dir='ltr'>sine</span> <span class='ocrx_word' id='word_1_718' title='bbox 2922 4542 3168 4621; x_wconf 68' lang='lat' dir='ltr'>infantia</span> <span class='ocrx_word' id='word_1_719' title='bbox 3185 4564 3259 4619; x_wconf 82' lang='lat' dir='ltr'>es,</span> <span class='ocrx_word' id='word_1_720' title='bbox 3282 4542 3456 4621; x_wconf 71' lang='lat' dir='ltr'>silioc</span> <span class='ocrx_word' id='word_1_721' title='bbox 3482 4559 3559 4606; x_wconf 77' lang='lat' dir='ltr'>est</span> <span class='ocrx_word' id='word_1_722' title='bbox 3580 4542 3804 4620; x_wconf 61' lang='lat' dir='ltr'>verum,</span> 
     </span>
    </p>
   </div>
   <div class='ocr_carea' id='block_1_97' title="bbox 2136 4617 3803 4691">
    <p class='ocr_par' dir='ltr' id='par_1_97' title="bbox 2136 4617 3803 4691">
     <span class='ocr_line' id='line_1_98' title="bbox 2136 4617 3803 4691; baseline 0.01 -27"><span class='ocrx_word' id='word_1_723' title='bbox 2136 4617 2500 4691; x_wconf 68' lang='lat' dir='ltr'>sinimirum</span> <span class='ocrx_word' id='word_1_724' title='bbox 2531 4632 2734 4669; x_wconf 88' lang='lat' dir='ltr'>verum</span> <span class='ocrx_word' id='word_1_725' title='bbox 2767 4621 2873 4691; x_wconf 84' lang='lat' dir='ltr'>est,</span> <span class='ocrx_word' id='word_1_726' title='bbox 2907 4617 3351 4691; x_wconf 85' lang='lat' dir='ltr'>neminem,qui</span> <span class='ocrx_word' id='word_1_727' title='bbox 3385 4621 3663 4678; x_wconf 88' lang='lat' dir='ltr'>mulieres</span> <span class='ocrx_word' id='word_1_728' title='bbox 3696 4617 3803 4681; x_wconf 44' lang='lat' dir='ltr'>de;</span> 
     </span>
    </p>
   </div>
   <div class='ocr_carea' id='block_1_98' title="bbox 2132 4680 3802 4807">
    <p class='ocr_par' dir='ltr' id='par_1_98' title="bbox 2132 4680 3802 4807">
     <span class='ocr_line' id='line_1_99' title="bbox 2132 4680 3802 4807; baseline 0.009 -70"><span class='ocrx_word' id='word_1_729' title='bbox 2132 4680 2293 4807; x_wconf 58' lang='lat' dir='ltr'>vitttzt,</span> <span class='ocrx_word' id='word_1_730' title='bbox 2327 4699 2522 4740; x_wconf 85' lang='lat' dir='ltr'>carere</span> <span class='ocrx_word' id='word_1_731' title='bbox 2552 4702 2723 4757; x_wconf 89' lang='lat' dir='ltr'>posse</span> <span class='ocrx_word' id='word_1_732' title='bbox 2769 4680 3014 4743; x_wconf 86' lang='lat' dir='ltr'>crimine</span> <span class='ocrx_word' id='word_1_733' title='bbox 3043 4680 3323 4762; x_wconf 80' lang='lat' dir='ltr'>pessimo,</span> <span class='ocrx_word' id='word_1_734' title='bbox 3357 4692 3415 4747; x_wconf 93' lang='lat' dir='ltr'>id</span> <span class='ocrx_word' id='word_1_735' title='bbox 3464 4696 3555 4748; x_wconf 88' lang='lat' dir='ltr'>est</span> <span class='ocrx_word' id='word_1_736' title='bbox 3602 4694 3802 4751; x_wconf 87' lang='lat' dir='ltr'>Sodo-</span> 
     </span>
     <span class='ocr_line' id='line_1_100' title="bbox 2134 4769 2356 4807; baseline 0 0"><span class='ocrx_word' id='word_1_737' title='bbox 2134 4769 2214 4807; x_wconf 76' lang='lat' dir='ltr'>mi</span> <span class='ocrx_word' id='word_1_738' title='bbox 2248 4770 2356 4807; x_wconf 75' lang='lat' dir='ltr'>xeo.</span> 
     </span>
    </p>
   </div>
   <div class='ocr_carea' id='block_1_99' title="bbox 2134 4769 2356 4808">
    <p class='ocr_par' dir='ltr' id='par_1_99' title="bbox 2134 4769 2356 4808">
     <span class='ocr_line' id='line_1_101' title="bbox 2134 4769 2356 4808; baseline 0.005 -1"><span class='ocrx_word' id='word_1_739' title='bbox 2134 4769 2356 4808; x_wconf 78' lang='grc' dir='ltr'>ωιιιοο.</span> 
     </span>
    </p>
   </div>
   <div class='ocr_carea' id='block_1_100' title="bbox 359 4822 3805 4900">
    <p class='ocr_par' dir='ltr' id='par_1_100' title="bbox 359 4822 3805 4900">
     <span class='ocr_line' id='line_1_102' title="bbox 359 4822 3805 4900; baseline 0.003 -21"><span class='ocrx_word' id='word_1_740' title='bbox 359 4825 437 4880; x_wconf 90' lang='lat' dir='ltr'>sit</span> <span class='ocrx_word' id='word_1_741' title='bbox 478 4824 961 4900; x_wconf 33' lang='lat' dir='ltr'>Quadragesima.</span> <span class='ocrx_word' id='word_1_742' title='bbox 996 4822 1126 4894; x_wconf 85' lang='lat' dir='ltr'>post</span> <span class='ocrx_word' id='word_1_743' title='bbox 1176 4822 1571 4900; x_wconf 61' lang='lat' dir='ltr'>Ravennatem</span> <span class='ocrx_word' id='word_1_744' title='bbox 1617 4824 1931 4900; x_wconf 72' lang='lat' dir='ltr'>synodum,</span> <span class='ocrx_word' id='word_1_745' title='bbox 1962 4826 2020 4900; x_wconf 80' lang='lat' dir='ltr'>et</span> <span class='ocrx_word' id='word_1_746' title='bbox 2050 4824 2096 4889; x_wconf 91' lang='lat' dir='ltr'>D</span> <span class='ocrx_word' id='word_1_747' title='bbox 2202 4825 2773 4900; x_wconf 72' lang='lat' dir='ltr'>(1_157)_A_rsenoquita</span> <span class='ocrx_word' id='word_1_748' title='bbox 2803 4844 2833 4884; x_wconf 91' lang='lat' dir='ltr'>e</span> <span class='ocrx_word' id='word_1_749' title='bbox 2864 4828 3061 4886; x_wconf 66' lang='lat' dir='ltr'>Graeco</span> <span class='ocrx_word' id='word_1_750' title='bbox 3094 4836 3181 4887; x_wconf 92' lang='lat' dir='ltr'>est</span> <span class='ocrx_word' id='word_1_751' title='bbox 3223 4831 3623 4889; x_wconf 90' lang='lat' dir='ltr'>masculorum</span> <span class='ocrx_word' id='word_1_752' title='bbox 3656 4852 3805 4892; x_wconf 90' lang='lat' dir='ltr'>con-</span> 
     </span>
    </p>
   </div>
   <div class='ocr_carea' id='block_1_101' title="bbox 355 4893 2016 5019">
    <p class='ocr_par' dir='ltr' id='par_1_101' title="bbox 355 4893 2016 5019">
     <span class='ocr_line' id='line_1_103' title="bbox 355 4893 2016 5019; baseline 0.001 -70"><span class='ocrx_word' id='word_1_753' title='bbox 355 4901 489 5019; x_wconf 74' lang='lat' dir='ltr'>ppst</span> <span class='ocrx_word' id='word_1_754' title='bbox 533 4893 847 4951; x_wconf 79' lang='lat' dir='ltr'>Judicatum</span> <span class='ocrx_word' id='word_1_755' title='bbox 878 4893 1086 4966; x_wconf 84' lang='lat' dir='ltr'>prima,</span> <span class='ocrx_word' id='word_1_756' title='bbox 1121 4893 1493 4966; x_wconf 85' lang='lat' dir='ltr'>episcopatus</span> <span class='ocrx_word' id='word_1_757' title='bbox 1532 4893 1728 4949; x_wconf 86' lang='lat' dir='ltr'>autem</span> <span class='ocrx_word' id='word_1_758' title='bbox 1757 4895 2016 4951; x_wconf 82' lang='lat' dir='ltr'>Ratherii</span> 
     </span>
     <span class='ocr_line' id='line_1_104' title="bbox 355 4974 586 5019; baseline 0 0"><span class='ocrx_word' id='word_1_759' title='bbox 355 4983 391 5019; x_wconf 84' lang='grc' dir='ltr'><strong>ι]</strong></span> <span class='ocrx_word' id='word_1_760' title='bbox 426 4974 586 5019; x_wconf 80' lang='lat' dir='ltr'>tima.</span> 
     </span>
    </p>
   </div>
   <div class='ocr_carea' id='block_1_102' title="bbox 354 4966 586 5020">
    <p class='ocr_par' dir='ltr' id='par_1_102' title="bbox 354 4966 586 5020">
     <span class='ocr_line' id='line_1_105' title="bbox 354 4966 586 5020; baseline 0 -1"><span class='ocrx_word' id='word_1_761' title='bbox 354 4966 586 5020; x_wconf 85' lang='lat' dir='ltr'>ultima.</span> 
     </span>
    </p>
   </div>
   <div class='ocr_carea' id='block_1_103' title="bbox 422 5032 2011 5107">
    <p class='ocr_par' dir='ltr' id='par_1_103' title="bbox 422 5032 2011 5107">
     <span class='ocr_line' id='line_1_106' title="bbox 422 5032 2011 5107; baseline 0 -17"><span class='ocrx_word' id='word_1_762' title='bbox 422 5036 608 5107; x_wconf 70' lang='grc'>(1154)</span> <span class='ocrx_word' id='word_1_763' title='bbox 631 5034 913 5107; x_wconf 85' lang='lat' dir='ltr'>Acherius</span> <span class='ocrx_word' id='word_1_764' title='bbox 933 5051 1098 5105; x_wconf 88' lang='lat' dir='ltr'>quam</span> <span class='ocrx_word' id='word_1_765' title='bbox 1119 5034 1249 5090; x_wconf 82' lang='lat' dir='ltr'>hinc</span> <span class='ocrx_word' id='word_1_766' title='bbox 1268 5036 1391 5107; x_wconf 88' lang='lat' dir='ltr'>jam</span> <span class='ocrx_word' id='word_1_767' title='bbox 1434 5032 1803 5089; x_wconf 90' lang='lat' dir='ltr'>Novissimus</span> <span class='ocrx_word' id='word_1_768' title='bbox 1831 5035 2011 5107; x_wconf 87' lang='lat' dir='ltr'>Spici-</span> 
     </span>
    </p>
   </div>
   <div class='ocr_carea' id='block_1_104' title="bbox 352 5103 2010 5177">
    <p class='ocr_par' dir='ltr' id='par_1_104' title="bbox 352 5103 2010 5177">
     <span class='ocr_line' id='line_1_107' title="bbox 352 5103 2010 5177; baseline 0.002 -18"><span class='ocrx_word' id='word_1_769' title='bbox 352 5103 487 5177; x_wconf 80' lang='lat' dir='ltr'>legii</span> <span class='ocrx_word' id='word_1_770' title='bbox 520 5103 707 5159; x_wconf 84' lang='lat' dir='ltr'>editor</span> <span class='ocrx_word' id='word_1_771' title='bbox 736 5106 850 5177; x_wconf 79' lang='lat' dir='ltr'>etsi</span> <span class='ocrx_word' id='word_1_772' title='bbox 875 5103 1095 5177; x_wconf 39' lang='lat' dir='ltr'>ten—{tum</span> <span class='ocrx_word' id='word_1_773' title='bbox 1129 5103 1443 5162; x_wconf 80' lang='lat' dir='ltr'>emendare</span> <span class='ocrx_word' id='word_1_774' title='bbox 1473 5121 1589 5177; x_wconf 86' lang='lat' dir='ltr'>non</span> <span class='ocrx_word' id='word_1_775' title='bbox 1628 5121 1829 5171; x_wconf 90' lang='lat' dir='ltr'>ausus,</span> <span class='ocrx_word' id='word_1_776' title='bbox 1859 5103 2010 5162; x_wconf 69' lang='lat' dir='ltr'>recte</span> 
     </span>
    </p>
   </div>
   <div class='ocr_carea' id='block_1_105' title="bbox 351 5175 2013 5257">
    <p class='ocr_par' dir='ltr' id='par_1_105' title="bbox 351 5175 2013 5257">
     <span class='ocr_line' id='line_1_108' title="bbox 351 5175 2013 5257; baseline 0.001 -27"><span class='ocrx_word' id='word_1_777' title='bbox 351 5175 548 5257; x_wconf 73' lang='lat' dir='ltr'>tamen</span> <span class='ocrx_word' id='word_1_778' title='bbox 588 5175 1171 5257; x_wconf 76' lang='lat' dir='ltr'>notavit_legeudum,</span> <span class='ocrx_word' id='word_1_779' title='bbox 1198 5195 1311 5257; x_wconf 38' lang='lat' dir='ltr'>.qua</span> <span class='ocrx_word' id='word_1_780' title='bbox 1360 5176 1636 5257; x_wconf 33' lang='lat' dir='ltr'>menlloine</span> <span class='ocrx_word' id='word_1_781' title='bbox 1661 5177 1814 5257; x_wconf 71' lang='lat' dir='ltr'>jam;</span> <span class='ocrx_word' id='word_1_782' title='bbox 1847 5183 1902 5232; x_wconf 94' lang='lat' dir='ltr'>et</span> <span class='ocrx_word' id='word_1_783' title='bbox 1932 5179 2013 5257; x_wconf 76' lang='lat' dir='ltr'>ita</span> 
     </span>
    </p>
   </div>
   <div class='ocr_carea' id='block_1_106' title="bbox 349 5245 2008 5317">
    <p class='ocr_par' dir='ltr' id='par_1_106' title="bbox 349 5245 2008 5317">
     <span class='ocr_line' id='line_1_109' title="bbox 349 5245 2008 5317; baseline 0.002 -15"><span class='ocrx_word' id='word_1_784' title='bbox 349 5248 590 5317; x_wconf 86' lang='lat' dir='ltr'>quidem</span> <span class='ocrx_word' id='word_1_785' title='bbox 610 5245 966 5301; x_wconf 78' lang='lat' dir='ltr'>correximus</span> <span class='ocrx_word' id='word_1_786' title='bbox 990 5245 1333 5303; x_wconf 78' lang='lat' dir='ltr'>auctoritate</span> <span class='ocrx_word' id='word_1_787' title='bbox 1357 5246 1575 5302; x_wconf 88' lang='lat' dir='ltr'>codicis</span> <span class='ocrx_word' id='word_1_788' title='bbox 1602 5245 2008 5317; x_wconf 68' lang='lat' dir='ltr'>Frisingensis.</span> 
     </span>
    </p>
   </div>
   <div class='ocr_carea' id='block_1_107' title="bbox 350 5316 2007 5389">
    <p class='ocr_par' dir='ltr' id='par_1_107' title="bbox 350 5316 2007 5389">
     <span class='ocr_line' id='line_1_110' title="bbox 350 5316 2007 5389; baseline 0.001 -16"><span class='ocrx_word' id='word_1_789' title='bbox 350 5316 648 5389; x_wconf 78' lang='lat' dir='ltr'>Trz’farium</span> <span class='ocrx_word' id='word_1_790' title='bbox 701 5320 896 5389; x_wconf 71' lang='lat' dir='ltr'>autem</span> <span class='ocrx_word' id='word_1_791' title='bbox 930 5317 1298 5389; x_wconf 68' lang='lat' dir='ltr'>tradilione-m,</span> <span class='ocrx_word' id='word_1_792' title='bbox 1342 5335 1447 5389; x_wconf 83' lang='lat' dir='ltr'>seu</span> <span class='ocrx_word' id='word_1_793' title='bbox 1489 5316 1887 5388; x_wconf 82' lang='lat' dir='ltr'>expulsionem</span> <span class='ocrx_word' id='word_1_794' title='bbox 1938 5336 2007 5375; x_wconf 78' lang='lat' dir='ltr'>ex</span> 
     </span>
    </p>
   </div>
   <div class='ocr_carea' id='block_1_108' title="bbox 347 5386 2009 5461">
    <p class='ocr_par' dir='ltr' id='par_1_108' title="bbox 347 5386 2009 5461">
     <span class='ocr_line' id='line_1_111' title="bbox 347 5386 2009 5461; baseline -0.001 -14"><span class='ocrx_word' id='word_1_795' title='bbox 347 5386 689 5461; x_wconf 79' lang='lat' dir='ltr'>episcopatu</span> <span class='ocrx_word' id='word_1_796' title='bbox 706 5386 1024 5461; x_wconf 71' lang='lat' dir='ltr'>Veronensi</span> <span class='ocrx_word' id='word_1_797' title='bbox 1047 5388 1186 5461; x_wconf 89' lang='lat' dir='ltr'>dum</span> <span class='ocrx_word' id='word_1_798' title='bbox 1202 5393 1413 5461; x_wconf 64' lang='lat' dir='ltr'>auctor</span> <span class='ocrx_word' id='word_1_799' title='bbox 1436 5387 1545 5443; x_wconf 91' lang='lat' dir='ltr'>hoc</span> <span class='ocrx_word' id='word_1_800' title='bbox 1563 5386 1828 5461; x_wconf 80' lang='lat' dir='ltr'>tempore</span> <span class='ocrx_word' id='word_1_801' title='bbox 1856 5406 2009 5445; x_wconf 91' lang='lat' dir='ltr'>com-</span> 
     </span>
    </p>
   </div>
   <div class='ocr_carea' id='block_1_109' title="bbox 392 5456 2001 5540">
    <p class='ocr_par' dir='ltr' id='par_1_109' title="bbox 392 5456 2001 5540">
     <span class='ocr_line' id='line_1_112' title="bbox 392 5456 2001 5540; baseline 0.001 -24"><span class='ocrx_word' id='word_1_802' title='bbox 392 5456 759 5540; x_wconf 48' lang='lat' dir='ltr'>utatfprima</span> <span class='ocrx_word' id='word_1_803' title='bbox 800 5462 900 5540; x_wconf 39' lang='lat' dir='ltr'>est.</span> <span class='ocrx_word' id='word_1_804' title='bbox 928 5456 990 5509; x_wconf 89' lang='lat' dir='ltr'>ill</span> <span class='ocrx_word' id='word_1_805' title='bbox 1012 5477 1031 5512; x_wconf 66' lang='grc' dir='ltr'><strong>ι</strong></span> <span class='ocrx_word' id='word_1_806' title='bbox 1060 5460 1169 5538; x_wconf 82' lang='lat' dir='ltr'>sub</span> <span class='ocrx_word' id='word_1_807' title='bbox 1202 5458 1442 5530; x_wconf 85' lang='lat' dir='ltr'>Hugone</span> <span class='ocrx_word' id='word_1_808' title='bbox 1475 5477 1627 5540; x_wconf 74' lang='lat' dir='ltr'>rege,</span> <span class='ocrx_word' id='word_1_809' title='bbox 1661 5456 1844 5515; x_wconf 88' lang='lat' dir='ltr'>altera</span> <span class='ocrx_word' id='word_1_810' title='bbox 1891 5463 2001 5518; x_wconf 90' lang='lat' dir='ltr'>sub</span> 
     </span>
    </p>
   </div>
   <div class='ocr_carea' id='block_1_110' title="bbox 389 5526 1662 5600">
    <p class='ocr_par' dir='ltr' id='par_1_110' title="bbox 389 5526 1662 5600">
     <span class='ocr_line' id='line_1_113' title="bbox 389 5526 1662 5600; baseline -0.002 -12"><span class='ocrx_word' id='word_1_811' title='bbox 389 5526 638 5595; x_wconf 72' lang='lat' dir='ltr'>cibario,</span> <span class='ocrx_word' id='word_1_812' title='bbox 677 5546 777 5600; x_wconf 87' lang='lat' dir='ltr'>per</span> <span class='ocrx_word' id='word_1_813' title='bbox 807 5526 1081 5582; x_wconf 85' lang='lat' dir='ltr'>Milonem</span> <span class='ocrx_word' id='word_1_814' title='bbox 1112 5526 1435 5585; x_wconf 41' lang='lat' dir='ltr'>invasourem</span> <span class='ocrx_word' id='word_1_815' title='bbox 1469 5526 1662 5586; x_wconf 84' lang='lat' dir='ltr'>tertia.</span> 
     </span>
    </p>
   </div>
   <div class='ocr_carea' id='block_1_111' title="bbox 412 5600 1997 5673">
    <p class='ocr_par' dir='ltr' id='par_1_111' title="bbox 412 5600 1997 5673">
     <span class='ocr_line' id='line_1_114' title="bbox 412 5600 1997 5673; baseline -0.001 -15"><span class='ocrx_word' id='word_1_816' title='bbox 412 5602 597 5673; x_wconf 82' lang='grc'>(1155)</span> <span class='ocrx_word' id='word_1_817' title='bbox 632 5601 912 5673; x_wconf 82' lang='lat' dir='ltr'>Construe</span> <span class='ocrx_word' id='word_1_818' title='bbox 945 5615 956 5653; x_wconf 92' lang='lat'>:</span> <span class='ocrx_word' id='word_1_819' title='bbox 986 5600 1225 5673; x_wconf 74' lang='lat' dir='ltr'>Namque</span> <span class='ocrx_word' id='word_1_820' title='bbox 1253 5603 1305 5656; x_wconf 84' lang='lat' dir='ltr'>si</span> <span class='ocrx_word' id='word_1_821' title='bbox 1348 5618 1407 5657; x_wconf 85' lang='lat' dir='ltr'>ea</span> <span class='ocrx_word' id='word_1_822' title='bbox 1458 5601 1676 5657; x_wconf 76' lang='lat' dir='ltr'>demum</span> <span class='ocrx_word' id='word_1_823' title='bbox 1726 5604 1997 5671; x_wconf 80' lang='lat' dir='ltr'>amicitia,</span> 
     </span>
    </p>
   </div>
   <div class='ocr_carea' id='block_1_112' title="bbox 330 5670 2001 5747">
    <p class='ocr_par' dir='ltr' id='par_1_112' title="bbox 330 5670 2001 5747">
     <span class='ocr_line' id='line_1_115' title="bbox 330 5670 2001 5747; baseline 0 -17"><span class='ocrx_word' id='word_1_824' title='bbox 330 5670 498 5747; x_wconf 63' lang='lat' dir='ltr'>juxta</span> <span class='ocrx_word' id='word_1_825' title='bbox 528 5670 710 5747; x_wconf 73' lang='lat' dir='ltr'>illum,</span> <span class='ocrx_word' id='word_1_826' title='bbox 745 5673 843 5747; x_wconf 78' lang='lat' dir='ltr'>qui</span> <span class='ocrx_word' id='word_1_827' title='bbox 878 5671 977 5725; x_wconf 85' lang='lat' dir='ltr'>hoc</span> <span class='ocrx_word' id='word_1_828' title='bbox 1021 5670 1277 5747; x_wconf 59' lang='lat' dir='ltr'>primitus</span> <span class='ocrx_word' id='word_1_829' title='bbox 1304 5673 1465 5747; x_wconf 56' lang='lat' dir='ltr'>dixit,</span> <span class='ocrx_word' id='word_1_830' title='bbox 1512 5675 1677 5747; x_wconf 73' lang='lat' dir='ltr'>ﬁrma</span> <span class='ocrx_word' id='word_1_831' title='bbox 1727 5679 1825 5743; x_wconf 84' lang='lat' dir='ltr'>est,</span> <span class='ocrx_word' id='word_1_832' title='bbox 1859 5670 2001 5731; x_wconf 78' lang='lat' dir='ltr'>velle</span> 
     </span>
    </p>
   </div>
   <div class='ocr_carea' id='block_1_113' title="bbox 337 5742 1997 5819">
    <p class='ocr_par' dir='ltr' id='par_1_113' title="bbox 337 5742 1997 5819">
     <span class='ocr_line' id='line_1_116' title="bbox 337 5742 1997 5819; baseline -0.002 -14"><span class='ocrx_word' id='word_1_833' title='bbox 337 5742 497 5819; x_wconf 75' lang='lat' dir='ltr'>alque</span> <span class='ocrx_word' id='word_1_834' title='bbox 526 5746 671 5819; x_wconf 80' lang='lat' dir='ltr'>nolle</span> <span class='ocrx_word' id='word_1_835' title='bbox 699 5742 923 5819; x_wconf 74' lang='lat' dir='ltr'>eadem;</span> <span class='ocrx_word' id='word_1_836' title='bbox 954 5743 1067 5819; x_wconf 63' lang='lat' dir='ltr'>vel,</span> <span class='ocrx_word' id='word_1_837' title='bbox 1080 5744 1133 5797; x_wconf 83' lang='lat' dir='ltr'>si</span> <span class='ocrx_word' id='word_1_838' title='bbox 1150 5744 1316 5814; x_wconf 68' lang='lat' dir='ltr'>juxta</span> <span class='ocrx_word' id='word_1_839' title='bbox 1340 5742 1538 5809; x_wconf 76' lang='lat' dir='ltr'>alium,</span> <span class='ocrx_word' id='word_1_840' title='bbox 1560 5742 1817 5803; x_wconf 51' lang='lat' dir='ltr'>humana</span> <span class='ocrx_word' id='word_1_841' title='bbox 1847 5748 1997 5804; x_wconf 88' lang='lat' dir='ltr'>ami-</span> 
     </span>
    </p>
   </div>
   <div class='ocr_carea' id='block_1_114' title="bbox 333 5813 1996 5914">
    <p class='ocr_par' dir='ltr' id='par_1_114' title="bbox 333 5813 1996 5914">
     <span class='ocr_line' id='line_1_117' title="bbox 333 5813 1996 5914; baseline -0.005 -28"><span class='ocrx_word' id='word_1_842' title='bbox 333 5813 477 5914; x_wconf 58' lang='lat' dir='ltr'>citia</span> <span class='ocrx_word' id='word_1_843' title='bbox 504 5818 636 5881; x_wconf 71' lang='lat' dir='ltr'>adeo</span> <span class='ocrx_word' id='word_1_844' title='bbox 681 5818 940 5891; x_wconf 68' lang='lat' dir='ltr'>expetunt</span> <span class='ocrx_word' id='word_1_845' title='bbox 967 5813 1179 5877; x_wconf 70' lang='lat' dir='ltr'>animos</span> <span class='ocrx_word' id='word_1_846' title='bbox 1217 5833 1379 5895; x_wconf 72' lang='lat' dir='ltr'>pares</span> <span class='ocrx_word' id='word_1_847' title='bbox 1424 5821 1475 5879; x_wconf 77' lang='lat' dir='ltr'>et</span> <span class='ocrx_word' id='word_1_848' title='bbox 1519 5819 1830 5880; x_wconf 77' lang='lat' dir='ltr'>voluntates</span> <span class='ocrx_word' id='word_1_849' title='bbox 1883 5835 1996 5878; x_wconf 86' lang='lat' dir='ltr'>non</span> 
     </span>
    </p>
   </div>
   <div class='ocr_carea' id='block_1_115' title="bbox 2129 4895 3806 4980">
    <p class='ocr_par' dir='ltr' id='par_1_115' title="bbox 2129 4895 3806 4980">
     <span class='ocr_line' id='line_1_118' title="bbox 2129 4895 3806 4980; baseline 0.01 -30"><span class='ocrx_word' id='word_1_850' title='bbox 2129 4895 2377 4980; x_wconf 63' lang='lat' dir='ltr'>cupitor.</span> <span class='ocrx_word' id='word_1_851' title='bbox 2402 4897 2532 4980; x_wconf 80' lang='lat' dir='ltr'>Mox</span> <span class='ocrx_word' id='word_1_852' title='bbox 2562 4895 2666 4980; x_wconf 66' lang='lat' dir='ltr'>pro</span> <span class='ocrx_word' id='word_1_853' title='bbox 2697 4901 2853 4956; x_wconf 84' lang='lat' dir='ltr'>nobis</span> <span class='ocrx_word' id='word_1_854' title='bbox 2879 4909 2956 4957; x_wconf 81' lang='lat' dir='ltr'>est</span> <span class='ocrx_word' id='word_1_855' title='bbox 2980 4904 3384 4976; x_wconf 86' lang='lat' dir='ltr'>apographum</span> <span class='ocrx_word' id='word_1_856' title='bbox 3418 4905 3806 4980; x_wconf 86' lang='lat' dir='ltr'>Frisingeuse</span> 
     </span>
    </p>
   </div>
   <div class='ocr_carea' id='block_1_116' title="bbox 2125 4965 2641 5026">
    <p class='ocr_par' dir='ltr' id='par_1_116' title="bbox 2125 4965 2641 5026">
     <span class='ocr_line' id='line_1_119' title="bbox 2125 4965 2641 5026; baseline 0.012 -6"><span class='ocrx_word' id='word_1_857' title='bbox 2125 4965 2303 5022; x_wconf 86' lang='lat' dir='ltr'>habet</span> <span class='ocrx_word' id='word_1_858' title='bbox 2332 4971 2513 5023; x_wconf 81' lang='lat' dir='ltr'>omnis</span> <span class='ocrx_word' id='word_1_859' title='bbox 2542 4965 2641 5026; x_wconf 60' lang='lat' dir='ltr'>cst.</span> 
     </span>
    </p>
   </div>
   <div class='ocr_carea' id='block_1_117' title="bbox 2158 5039 3805 5162">
    <p class='ocr_par' dir='ltr' id='par_1_117' title="bbox 2158 5039 3805 5162">
     <span class='ocr_line' id='line_1_120' title="bbox 2158 5039 3805 5162; baseline 0.01 -72"><span class='ocrx_word' id='word_1_860' title='bbox 2158 5039 2381 5162; x_wconf 74' lang='grc'>1(1158)</span> <span class='ocrx_word' id='word_1_861' title='bbox 2412 5041 2581 5109; x_wconf 77' lang='lat' dir='ltr'>Alter,</span> <span class='ocrx_word' id='word_1_862' title='bbox 2614 5041 2672 5097; x_wconf 91' lang='lat' dir='ltr'>id</span> <span class='ocrx_word' id='word_1_863' title='bbox 2713 5047 2804 5099; x_wconf 89' lang='lat' dir='ltr'>est</span> <span class='ocrx_word' id='word_1_864' title='bbox 2847 5044 3228 5117; x_wconf 87' lang='lat' dir='ltr'>arsenoquita</span> <span class='ocrx_word' id='word_1_865' title='bbox 3257 5047 3442 5103; x_wconf 89' lang='lat' dir='ltr'>multo</span> <span class='ocrx_word' id='word_1_866' title='bbox 3472 5046 3675 5105; x_wconf 86' lang='lat' dir='ltr'>minus</span> <span class='ocrx_word' id='word_1_867' title='bbox 3706 5056 3805 5108; x_wconf 87' lang='lat' dir='ltr'>est</span> 
     </span>
     <span class='ocr_line' id='line_1_121' title="bbox 2182 5126 2393 5162; baseline 0 0"><span class='ocrx_word' id='word_1_868' title='bbox 2182 5126 2393 5162; x_wconf 73' lang='lat' dir='ltr'>BPIOUS.</span> 
     </span>
    </p>
   </div>
   <div class='ocr_carea' id='block_1_118' title="bbox 2123 5126 3800 5272">
    <p class='ocr_par' dir='ltr' id='par_1_118' title="bbox 2123 5126 3800 5272">
     <span class='ocr_line' id='line_1_122' title="bbox 2123 5126 3800 5272; baseline 0.009 -39"><span class='ocrx_word' id='word_1_869' title='bbox 2123 5126 2393 5251; x_wconf 45' lang='lat'><strong>“(1110595).</strong></span> <span class='ocrx_word' id='word_1_870' title='bbox 2420 5184 2743 5262; x_wconf 76' lang='lat' dir='ltr'>Massarilia</span> <span class='ocrx_word' id='word_1_871' title='bbox 2802 5202 2835 5240; x_wconf 93' lang='lat' dir='ltr'>a</span> <span class='ocrx_word' id='word_1_872' title='bbox 2877 5202 3090 5272; x_wconf 73' lang='lat' dir='ltr'>massa</span> <span class='ocrx_word' id='word_1_873' title='bbox 3118 5194 3508 5272; x_wconf 40' lang='lat' dir='ltr'>.nuncupata,</span> <span class='ocrx_word' id='word_1_874' title='bbox 3558 5192 3800 5264; x_wconf 89' lang='lat' dir='ltr'>aliquot</span> 
     </span>
    </p>
   </div>
   <div class='ocr_carea' id='block_1_119' title="bbox 2120 5260 3799 5406">
    <p class='ocr_par' dir='ltr' id='par_1_119' title="bbox 2120 5260 3799 5406">
     <span class='ocr_line' id='line_1_123' title="bbox 2123 5260 3799 5334; baseline 0.01 -31"><span class='ocrx_word' id='word_1_875' title='bbox 2123 5265 2465 5322; x_wconf 84' lang='lat' dir='ltr'>camporum</span> <span class='ocrx_word' id='word_1_876' title='bbox 2513 5260 2788 5309; x_wconf 84' lang='lat' dir='ltr'>unionem</span> <span class='ocrx_word' id='word_1_877' title='bbox 2840 5260 3162 5327; x_wconf 73' lang='lat' dir='ltr'>significat;</span> <span class='ocrx_word' id='word_1_878' title='bbox 3211 5277 3277 5315; x_wconf 90' lang='lat' dir='ltr'>ac</span> <span class='ocrx_word' id='word_1_879' title='bbox 3328 5260 3638 5333; x_wconf 82' lang='lat' dir='ltr'>propterea</span> <span class='ocrx_word' id='word_1_880' title='bbox 3660 5260 3799 5334; x_wconf 50' lang='lat' dir='ltr'>_per</span> 
     </span>
     <span class='ocr_line' id='line_1_124' title="bbox 2120 5324 3796 5406; baseline 0.009 -30"><span class='ocrx_word' id='word_1_881' title='bbox 2120 5324 2469 5406; x_wconf 61' lang='lat' dir='ltr'>massarilias</span> <span class='ocrx_word' id='word_1_882' title='bbox 2498 5324 2751 5406; x_wconf 72' lang='lat' dir='ltr'>dividere</span> <span class='ocrx_word' id='word_1_883' title='bbox 2790 5327 2943 5406; x_wconf 71' lang='lat' dir='ltr'>idem</span> <span class='ocrx_word' id='word_1_884' title='bbox 2967 5332 3057 5406; x_wconf 88' lang='lat' dir='ltr'>est</span> <span class='ocrx_word' id='word_1_885' title='bbox 3076 5347 3142 5406; x_wconf 79' lang='lat' dir='ltr'>ac</span> <span class='ocrx_word' id='word_1_886' title='bbox 3166 5331 3421 5406; x_wconf 79' lang='lat' dir='ltr'>dividere</span> <span class='ocrx_word' id='word_1_887' title='bbox 3437 5349 3538 5406; x_wconf 67' lang='lat' dir='ltr'>per</span> <span class='ocrx_word' id='word_1_888' title='bbox 3567 5350 3796 5406; x_wconf 86' lang='lat' dir='ltr'>campos</span> 
     </span>
    </p>
   </div>
   <div class='ocr_carea' id='block_1_120' title="bbox 2115 5395 3798 5478">
    <p class='ocr_par' dir='ltr' id='par_1_120' title="bbox 2115 5395 3798 5478">
     <span class='ocr_line' id='line_1_125' title="bbox 2115 5395 3798 5478; baseline 0.01 -34"><span class='ocrx_word' id='word_1_889' title='bbox 2115 5396 2165 5478; x_wconf 62' lang='lat' dir='ltr'>et</span> <span class='ocrx_word' id='word_1_890' title='bbox 2198 5395 2417 5478; x_wconf 64' lang='lat' dir='ltr'>vincas;</span> <span class='ocrx_word' id='word_1_891' title='bbox 2439 5396 2595 5476; x_wconf 78' lang='lat' dir='ltr'>quod</span> <span class='ocrx_word' id='word_1_892' title='bbox 2627 5395 3278 5478; x_wconf 24' lang='lat' dir='ltr'>ipaqualit‘atemfucile</span> <span class='ocrx_word' id='word_1_893' title='bbox 3310 5395 3669 5478; x_wconf 77' lang='lat' dir='ltr'>inducebat;</span> <span class='ocrx_word' id='word_1_894' title='bbox 3689 5395 3798 5478; x_wconf 72' lang='lat' dir='ltr'>po-</span> 
     </span>
    </p>
   </div>
   <div class='ocr_carea' id='block_1_121' title="bbox 2114 5464 3799 5547">
    <p class='ocr_par' dir='ltr' id='par_1_121' title="bbox 2114 5464 3799 5547">
     <span class='ocr_line' id='line_1_126' title="bbox 2114 5464 3799 5547; baseline 0.01 -31"><span class='ocrx_word' id='word_1_895' title='bbox 2114 5464 2398 5547; x_wconf 42' lang='lat' dir='ltr'>t‘enti‘ores</span> <span class='ocrx_word' id='word_1_896' title='bbox 2423 5464 2579 5547; x_wconf 65' lang='lat' dir='ltr'>enim</span> <span class='ocrx_word' id='word_1_897' title='bbox 2612 5464 2810 5547; x_wconf 77' lang='lat' dir='ltr'>plures</span> <span class='ocrx_word' id='word_1_898' title='bbox 2840 5474 2942 5547; x_wconf 82' lang='lat' dir='ltr'>aut</span> <span class='ocrx_word' id='word_1_899' title='bbox 2976 5471 3246 5547; x_wconf 77' lang='lat' dir='ltr'>meliores</span> <span class='ocrx_word' id='word_1_900' title='bbox 3266 5490 3504 5547; x_wconf 80' lang='lat' dir='ltr'>campos</span> <span class='ocrx_word' id='word_1_901' title='bbox 3531 5464 3656 5531; x_wconf 78' lang='lat' dir='ltr'>sibi</span> <span class='ocrx_word' id='word_1_902' title='bbox 3671 5464 3799 5532; x_wconf 69' lang='lat' dir='ltr'>vin-</span> 
     </span>
    </p>
   </div>
   <div class='ocr_carea' id='block_1_122' title="bbox 2116 5534 3797 5614">
    <p class='ocr_par' dir='ltr' id='par_1_122' title="bbox 2116 5534 3797 5614">
     <span class='ocr_line' id='line_1_127' title="bbox 2116 5534 3797 5614; baseline 0.01 -26"><span class='ocrx_word' id='word_1_903' title='bbox 2116 5534 2413 5614; x_wconf 70' lang='lat' dir='ltr'>dicabant.</span> <span class='ocrx_word' id='word_1_904' title='bbox 2438 5534 2845 5614; x_wconf 46' lang='lat' dir='ltr'>Hanc-autem</span> <span class='ocrx_word' id='word_1_905' title='bbox 2880 5541 3339 5614; x_wconf 73' lang='lat' dir='ltr'>inaequalitatem</span> <span class='ocrx_word' id='word_1_906' title='bbox 3373 5534 3692 5604; x_wconf 59' lang='lat' dir='ltr'>Piatherius</span> <span class='ocrx_word' id='word_1_907' title='bbox 3725 5556 3797 5605; x_wconf 90' lang='lat' dir='ltr'>ut</span> 
     </span>
    </p>
   </div>
   <div class='ocr_carea' id='block_1_123' title="bbox 2113 5605 3796 5691">
    <p class='ocr_par' dir='ltr' id='par_1_123' title="bbox 2113 5605 3796 5691">
     <span class='ocr_line' id='line_1_128' title="bbox 2113 5605 3796 5691; baseline 0.01 -32"><span class='ocrx_word' id='word_1_908' title='bbox 2113 5605 2185 5660; x_wconf 93' lang='lat' dir='ltr'>de</span> <span class='ocrx_word' id='word_1_909' title='bbox 2220 5607 2413 5691; x_wconf 72' lang='lat' dir='ltr'>medio</span> <span class='ocrx_word' id='word_1_910' title='bbox 2444 5608 2692 5679; x_wconf 89' lang='lat' dir='ltr'>tolleret,</span> <span class='ocrx_word' id='word_1_911' title='bbox 2723 5628 2837 5691; x_wconf 66' lang='lat' dir='ltr'>non</span> <span class='ocrx_word' id='word_1_912' title='bbox 2864 5629 2969 5691; x_wconf 51' lang='lat' dir='ltr'>per</span> <span class='ocrx_word' id='word_1_913' title='bbox 2991 5605 3209 5691; x_wconf 62' lang='lat' dir='ltr'>campos</span> <span class='ocrx_word' id='word_1_914' title='bbox 3239 5620 3291 5672; x_wconf 83' lang='lat' dir='ltr'>et</span> <span class='ocrx_word' id='word_1_915' title='bbox 3318 5619 3527 5691; x_wconf 72' lang='lat' dir='ltr'>vineas,</span> <span class='ocrx_word' id='word_1_916' title='bbox 3553 5619 3659 5674; x_wconf 90' lang='lat' dir='ltr'>sed</span> <span class='ocrx_word' id='word_1_917' title='bbox 3689 5637 3796 5691; x_wconf 78' lang='lat' dir='ltr'>per</span> 
     </span>
    </p>
   </div>
   <div class='ocr_carea' id='block_1_124' title="bbox 2109 5677 3795 5761">
    <p class='ocr_par' dir='ltr' id='par_1_124' title="bbox 2109 5677 3795 5761">
     <span class='ocr_line' id='line_1_129' title="bbox 2109 5677 3795 5761; baseline 0.009 -31"><span class='ocrx_word' id='word_1_918' title='bbox 2109 5677 2318 5761; x_wconf 61' lang='lat' dir='ltr'>modios</span> <span class='ocrx_word' id='word_1_919' title='bbox 2347 5677 2735 5761; x_wconf 41' lang='lat' dir='ltr'>cemens‘uras</span> <span class='ocrx_word' id='word_1_920' title='bbox 2781 5677 3271 5761; x_wconf 70' lang='lat' dir='ltr'>distributionem</span> <span class='ocrx_word' id='word_1_921' title='bbox 3305 5677 3651 5761; x_wconf 85' lang='lat' dir='ltr'>reddituum</span> <span class='ocrx_word' id='word_1_922' title='bbox 3689 5677 3795 5746; x_wconf 61' lang='grc'>’4⁵0-</span> 
     </span>
    </p>
   </div>
   <div class='ocr_carea' id='block_1_125' title="bbox 2107 5749 3794 5882">
    <p class='ocr_par' dir='ltr' id='par_1_125' title="bbox 2107 5749 3794 5882">
     <span class='ocr_line' id='line_1_130' title="bbox 2107 5749 3794 5882; baseline 0.011 -78"><span class='ocrx_word' id='word_1_923' title='bbox 2107 5749 2382 5882; x_wconf 47' lang='lat' dir='ltr'>giep&#39;dgsm</span> <span class='ocrx_word' id='word_1_924' title='bbox 2413 5750 2473 5809; x_wconf 90' lang='lat' dir='ltr'>in</span> <span class='ocrx_word' id='word_1_925' title='bbox 2502 5753 2752 5812; x_wconf 81' lang='lat' dir='ltr'>Judicato</span> <span class='ocrx_word' id='word_1_926' title='bbox 2807 5756 3134 5815; x_wconf 85' lang='lat' dir='ltr'>constituit.</span> <span class='ocrx_word' id='word_1_927' title='bbox 3167 5758 3310 5818; x_wconf 89' lang='lat' dir='ltr'>Vide</span> <span class='ocrx_word' id='word_1_928' title='bbox 3353 5758 3438 5817; x_wconf 90' lang='lat' dir='ltr'>ibi</span> <span class='ocrx_word' id='word_1_929' title='bbox 3484 5765 3609 5821; x_wconf 86' lang='lat' dir='ltr'>not.</span> <span class='ocrx_word' id='word_1_930' title='bbox 3645 5763 3794 5823; x_wconf 80' lang='lat'><strong>1163</strong></span> 
     </span>
    </p>
   </div>
  </div>
