3892 6392
209 436 320 499 621

1708 450 2149 517 DlSCOIlDIA.

3524 464 3643 526 622

219 590 465 663 quidam
495 591 887 659 mediocriter,
916 588 1157 667 quidam
1190 613 1337 669 pene
1368 596 1513 653 nihil
1545 615 1613 654 ex
1643 615 1709 655 οο
1732 600 1875 657 ποί-
1901 588 1958 654 Α
1988 587 2148 644 davit
2176 589 2437 662 digneris
2462 588 2673 647 saltem
2706 591 2928 662 audire,
2950 593 3049 651 sed
3062 594 3310 654 Judaico
3340 598 3456 655 ritu
3483 614 3646 656 man-

209 678 376 753 piant
406 682 676 753 omnino,
696 698 800 755 per
823 700 998 740 usum
1018 688 1077 740 et
1111 686 1599 743 consuetudinem
1614 688 1874 762 illorum,

212 785 365 841 quos
401 770 638 841 jamdiu
697 771 920 828 detinet
975 773 1345 842 barathrum;
1380 776 1454 830 ad
1506 782 1875 848 postremum

203 858 411 914 omnia
433 860 569 931 jura
598 863 721 916 tam
754 860 954 918 divina
983 878 1162 934 quam
1194 862 1464 919 humana
1507 866 1875 937 prazvaricari

203 962 309 1019 per
341 964 538 1015 usum,
601 965 720 1005 non
777 949 885 1006 tibi
917 968 950 1006 a
981 950 1214 1008 diabolo
1245 952 1475 1009 videtur
1530 954 1875 1012 inventum?

200 1035 370 1100 Quod
398 1053 532 1093 vero
564 1037 850 1111 scriptum
873 1038 1166 1096 invenitur
1195 1041 1253 1096 in
1286 1040 1412 1115 lege
1434 1043 1637 1117 Moysi,
1660 1049 1717 1100 et
1742 1062 1874 1117 pro-

199 1123 399 1197 phetis
428 1129 487 1181 et
515 1126 794 1199 psalmis;
827 1128 983 1200 quod
1028 1128 1088 1184 in
1143 1129 1473 1203 Evangelio,
1521 1133 1782 1202 Actibus,
1815 1138 1873 1190 ct

198 1214 725 1286 praedicationibus
755 1217 1178 1289 apostolorum,
1212 1218 1603 1277 decretalibus
1632 1223 1873 1295 pontifi-

199 1319 364 1372 cum,
399 1308 457 1359 et
484 1304 1010 1363 constitutionibus
1051 1323 1370 1375 canonum,
1421 1327 1536 1366 non
1570 1328 1805 1367 rursum
1837 1330 1871 1368 a

197 1390 323 1448 Deo
354 1393 462 1449 tibi
492 1393 687 1450 elucet
709 1393 1095 1468 inspiratum?
1117 1397 1273 1452 Nihil
1296 1415 1428 1454 vero
1450 1398 1512 1454 in
1534 1399 1686 1471 istis,
1710 1403 1866 1473 quod

200 1497 411 1538 eorum
447 1483 578 1555 jam
628 1484 949 1540 nominatis
996 1489 1280 1555 congruat
1316 1490 1866 1561 consuetudinibus,

196 1571 347 1627 dum
380 1588 645 1644 nequeas
677 1571 957 1643 invenire;
983 1590 1099 1646 qua
1115 1591 1213 1630 eos
1236 1576 1472 1646 judicas
1503 1577 1692 1633 vivere
1713 1578 1869 1651 lege?

197 1659 364 1716 Inter
394 1660 811 1734 prohibentem
841 1661 1026 1734 igitur
1050 1662 1210 1729 talia,
1242 1668 1317 1731 et,
1342 1664 1392 1719 si
1416 1666 1727 1736 prohibere
1749 1684 1868 1722 non

194 1750 400 1816 audet,
434 1749 649 1805 saltem
685 1750 1208 1821 reprehendentem
1242 1753 1397 1809 .188
1428 1770 1492 1809 ac
1532 1754 1866 1827 vituperan-

192 1842 343 1907 tem,
378 1843 437 1894 et
467 1837 754 1893 iacientes
786 1838 950 1905 talia,
986 1857 1113 1912 qua:
1147 1845 1337 1912 potest
1366 1859 1494 1899 esse
1536 1844 1866 1913 concordia,

186 1926 536 1998 praesertim
569 1942 705 2024 cum
736 1927 1021 2024 Dominus
1054 1929 1166 1984 sub
1215 1929 1623 2024 appellatione.
1661 1932 1864 2024 gladii,
1896 1959 1943 2024 B

184 2016 398 2087 ipsam
433 2018 497 2070 ut
529 2015 787 2072 mitteret
808 2016 1038 2073 venisse
1055 2034 1116 2073 se
1130 2023 1353 2074 asserat
1373 2020 1759 2077 discordiam?
1770 2021 1865 2077 Ait

190 2103 385 2172 enim,
420 2107 630 2160 notum
659 2109 766 2174 est,
803 2110 1072 2177 apertum
1104 2110 1210 2174 est,
1247 2108 1359 2164 ait:
1390 2110 1567 2165 Nolite
1594 2111 1864 2167 arbitrari

188 2193 332 2264 quia
358 2194 605 2248 venerim
635 2195 858 2250 mittere
880 2210 1074 2266 pacem
1102 2197 1158 2249 in
1194 2200 1419 2267 terram;
1451 2215 1562 2254 non
1612 2202 1740 2255 veni
1759 2216 1862 2271 pa-

189 2298 312 2338 cem
341 2282 579 2348 mittere,
611 2281 705 2338 sed
731 2281 1005 2352 gladium.
1046 2286 1179 2341 Veni
1195 2290 1344 2341 enim
1375 2302 1634 2359 separare
1680 2288 1858 2345 homi-

188 2388 325 2427 nem
353 2371 616 2427 adversus
638 2380 856 2445 patrem
880 2378 1130 2442 suum,et
1151 2375 1328 2442 ﬁliam
1358 2376 1859 2435 adversusmatrem

190 2478 380 2531 suam,
409 2464 463 2516 et
518 2478 729 2516 nurum
782 2461 1045 2518 adversus
1093 2479 1310 2519 socrum
1360 2482 1518 2521 suam
1557 2468 1766 2538 (Matth.
1797 2486 1854 2536 x,

188 2553 285 2619 3h,
318 2551 447 2621 35):
481 2554 540 2607 et
570 2549 724 2623 quod
749 2551 876 2622 jam
891 2552 1861 2625 perprophetamdixerat:Inimici

195 2640 440 2696 hominis
488 2638 776 2696 domestici
837 2642 960 2713 ejus
989 2642 1167 2711 (Mich.
1201 2660 1256 2710 ν,
1289 2643 1367 2715 6).
1429 2645 1615 2711 Quare
1663 2650 1860 2702 autem

193 2729 421 2785 inimici
446 2728 705 2786 hominis
721 2730 851 2802 ejus
864 2729 986 2786 sint
1012 2730 1265 2788 maxime
1284 2732 1706 2800 domestici,cst
1719 2733 1862 2792 ratis

186 2819 454 2885 evidens,
489 2818 630 2891 quia
646 2818 918 2875 videlicet
948 2836 1083 2875 cum
1097 2820 1337 2892 quidam
1354 2822 1490 2877 unis
1513 2821 1864 2879 claudantur

190 2908 541 2981 parietibus.
575 2908 889 2964 contrariis
919 2913 976 2965 et
1003 2927 1037 2965 a
1065 2926 1127 2965 se
1158 2910 1405 2966 diversis
1430 2916 1569 2966 sunt
1597 2912 1862 2968 moribus

187 2997 391 3054 evenit
420 3013 572 3071 saepe
603 3001 670 3053 ut
700 2997 948 3053 maritus
981 2998 1237 3068 sobrius,
1285 3016 1429 3055 uxor
1478 2999 1553 3056 sit
1596 3001 1857 3071 ebriosa;

187 3085 292 3144 ille
324 3090 694 3157 mansuetus,
711 3086 812 3143 illa
833 3085 1141 3157 iracunda;
1158 3088 1256 3144 sed
1274 3087 1384 3145 iste
1397 3088 1499 3145 Dei
1513 3089 1743 3158 timore,
1760 3089 1861 3147 illa

183 3177 433 3250 propria
450 3175 772 3245 voluntate;
808 3175 918 3233 iste
944 3176 1060 3233 Deo
1092 3176 1439 3249 inspirante,
1472 3177 1574 3233 illa
1623 3178 1857 3236 diabolo

181 3266 535 3339 instigante.
569 3267 706 3331 Quae
735 3280 874 3337 ergo
927 3265 1081 3321 inter
1127 3265 1276 3321 tales
1331 3268 1663 3335 concordia,
1726 3285 1854 3340 qua:

1985 676 2121 732 data
2150 676 2252 733 Dei
2283 677 2634 752 relinquere,
2668 680 2977 738 hominum
3008 684 3353 743 traditiones
3375 690 3433 743 et
3464 704 3642 745 usum

1986 770 2108 821 tam
2142 767 2510 824 obstinanter
2569 774 2804 838 tenere;
2838 775 2903 827 ut
2957 772 3030 828 de
3085 776 3360 847 tepossit
3414 776 3641 834 dictum

1984 854 2223 919 haberi;
2253 858 2543 913 Peccatum
2589 859 2746 917 Iuda?
2764 862 3029 932 scriptum
3056 867 3134 918 est
3185 866 3247 924 in
3295 882 3478 936 ungue
3504 867 3639 923 ada-

1981 947 2232 1000 mantina
2264 948 2395 1019 (Jer.
2427 965 2563 1016 xvn,
2595 950 2681 1018 1);
2733 949 3073 1008 obliviscine
3121 969 3216 1009 me
3262 955 3477 1011 suades
3523 972 3640 1011 un-

1984 1050 2161 1106 quam
2195 1035 2422 1091 dictum
2454 1037 2724 1094 audisse:
2764 1038 2825 1095 Si
2853 1056 2963 1095 non
2992 1044 3414 1099 annuntiaveris
3451 1046 3639 1115 iniquo

1981 1125 2335 1195 iniquitatem
2363 1142 2541 1196 suam,
2573 1131 2901 1199 sanguinem
2917 1130 3034 1202 ejus
3052 1130 3117 1186 de
3144 1148 3317 1188 manu
3346 1136 3439 1188 tua
3454 1136 3635 1206 requi-

1979 1229 2104 1268 ram
2136 1216 2353 1286 (Ezech.
2389 1231 2475 1286 ιιι,
2510 1217 2619 1288 18);
2644 1221 2701 1273 et
2734 1235 2748 1273 :
2786 1220 2888 1284 Vae,
2922 1221 3020 1292 qui
3046 1219 3232 1276 dicitis
3264 1221 3465 1277 bonum
3512 1239 3636 1277 ma-

1978 1302 2115 1368 lum,
2175 1307 2231 1359 et
2286 1305 2497 1360 malum
2544 1307 2748 1362 bonum
2802 1308 2930 1370 (Isa.
2989 1325 3044 1377 v,
3077 1311 3208 1379 20);
3267 1314 3353 1367 et:
3414 1313 3637 1369 Dimitte

1976 1394 2220 1447 mortuos
2248 1394 2480 1464 sepelire
2509 1399 2748 1450 mortuos
2776 1411 2901 1450 suos
2960 1396 3131 1469 (Matt.
3176 1414 3299 1466 vm,
3354 1399 3481 1471 22);
3538 1405 3631 1456 et:

1976 1482 2150 1551 Impia
2201 1482 2355 1537 489
2401 1484 2613 1553 praebes
2652 1487 2957 1553 auxilium,
3008 1489 3059 1541 et
3088 1487 3193 1554 his,
3255 1490 3351 1559 qui
3403 1487 3636 1544 oderunt

1977 1573 2176 1637 Deum,
2209 1573 2456 1626 amicitia
2469 1573 2725 1642 jungeris
2756 1575 2828 1643 (II
2854 1575 2986 1629 Par.
3030 1591 3151 1641 xxx,
3181 1575 3272 1645 2);
3298 1579 3356 1631 et
3405 1576 3636 1633 infinita

1978 1657 2114 1712 inde
2133 1658 2342 1712 divina:
2357 1660 2834 1716 comminationis
2848 1661 3134 1717 tonitrua?
3148 1662 3283 1735 Legi
3297 1663 3357 1718 in
3373 1666 3632 1736 quodam

1978 1745 2135 1801 beati
2165 1744 2509 1802 Columbani
2539 1748 2709 1815 libro,
2742 1749 2899 1805 idem
2931 1750 3189 1807 ofﬁcium
3212 1753 3425 1810 habere
3443 1754 3503 1810 in
3526 1755 3632 1811 Ec-

1977 1833 2156 1890 clesia
2185 1837 2570 1903 sacerdotem,
2596 1838 2747 1909 quod
2764 1838 3099 1910 possidetin
3123 1842 3633 1915 corporehominis

1976 1923 2447 1997 stomachus,qui
2482 1925 2705 1983 scilicet
2733 1932 3039 2001 acceptum
3059 1946 3389 2004 excoquens
3409 1932 3630 2005 cibum,

1974 2013 2273 2069 ministrat
2302 2029 2436 2069 eum
2468 2014 2745 2073 omnibus
2774 2017 3080 2087 membris,
3114 2035 3369 2092 quorum
3411 2039 3631 2079 unum-

1971 2103 2245 2175 quodque
2277 2103 2357 2159 ita
2389 2103 2449 2158 in
2482 2121 2651 2160 suam
2684 2105 2968 2162 convertit
3014 2106 3183 2164 illum
3237 2114 3531 2180 naturam,
3564 2115 3630 2168 ut

1970 2191 2122 2264 qnod
2155 2191 2583 2263 suscipitjecur
2597 2192 2701 2249 ﬁat
2717 2194 2982 2267 sanguis,
2999 2197 3154 2269 quod
3168 2199 3420 2272 suscipit
3433 2200 3507 2257 fel
3523 2201 3629 2258 fiat

1968 2280 2126 2349 bilis,
2150 2280 2309 2352 quod
2343 2280 2718 2337 descenditin
2734 2281 3042 2355 pulmones
3060 2284 3275 2343 efﬁciat
3285 2286 3626 2363 phlegmata

1967 2371 2085 2426 Hoc
2114 2368 2295 2442 igitur
2310 2368 2576 2442 exemplo
2607 2370 2658 2427 si
2671 2371 3151 2447 fortecontingat,
3168 2378 3233 2432 ut
3263 2376 3624 2449 quibusdam

1968 2458 2346 2516 audientibus
2374 2459 2563 2531 prosit
2591 2459 2662 2514 ad
2706 2459 2886 2516 vitam
2918 2462 3075 2533 quod
3123 2463 3339 2521 alicubi
3390 2464 3620 2537 loquor,

1967 2547 2239 2622 pluribus
2268 2547 2514 2602 suscitet
2533 2546 2923 2620 iracundiam,
2948 2555 3013 2605 ut
3039 2551 3200 2607 verbi
3221 2556 3411 2625 gratia
3430 2570 3625 2611 sense-

1969 2642 2059 2692 rat
2089 2636 2187 2692 ille
2218 2635 2318 2707 qui
2350 2634 2524 2690 dixit:
2559 2635 2708 2690 Sicut
2734 2640 2947 2693 acetum
2979 2640 3040 2693 in
3066 2640 3235 2709 nitro,
3266 2642 3347 2697 sic
3376 2644 3472 2714 qui
3492 2659 3624 2699 can-

1972 2729 2049 2781 tat
2078 2725 2330 2780 carmina
2359 2723 2511 2780 cordi
2549 2726 2786 2795 pessimo
2837 2725 3019 2799 (Prov.
3064 2745 3200 2799 xxv,
3235 2730 3366 2804 20):
3410 2731 3626 2790 debue-

1971 2818 2135 2870 ratne
2148 2818 2383 2887 propter
2395 2813 2627 2869 illorum
2643 2813 3017 2873 formidinem
3030 2817 3239 2875 saltem
3254 2837 3409 2878 unus
3420 2838 3623 2879 eorum

1971 2903 2210 2975 negligi,
2259 2902 2353 2959 cui
2411 2904 2567 2975 quod
2627 2904 2845 2961 dicitur
2900 2906 2972 2962 ad
3026 2906 3281 2966 salutem
3347 2912 3629 2983 proficere

1969 2992 2197 3066 posset?
2227 2992 2297 3047 Et
2326 2991 2427 3047 ubi
2460 2996 2615 3048 esset
2644 2994 2799 3064 quod
2816 2993 3076 3052 Ezechiel
3096 2997 3390 3056 aDomino
3406 3000 3629 3057 dicitur

1967 3080 2077 3137 ita:
2115 3081 2224 3136 Fili
2252 3080 2509 3149 hominis,
2541 3082 2704 3139 verba
2740 3084 2971 3140 illorum
2998 3102 3069 3142 ne
3099 3088 3317 3158 timeas,
3350 3092 3403 3146 et
3446 3091 3628 3148 vultus

1966 3172 2193 3227 illorum
2231 3188 2301 3227 ne
2349 3171 2633 3243 formides,
2694 3175 2827 3244 quia
2882 3174 3074 3232 domus
3122 3194 3455 3252 exasperans
3504 3183 3629 3236 est?

1966 3262 2180 3333 (Ezech.
2232 3278 2295 3327 Il,
2350 3262 2430 3323 6.)
2464 3261 2579 3331 Ubi,
2635 3261 2928 3320 dicentis:
2988 3265 3095 3332 Qui
3122 3282 3211 3321 me
3264 3268 3544 3325 erubuerit
3570 3273 3625 3325 et

186 3327 489 3429 paxiqua’.
523 3371 652 3410 esse
683 3327 875 3427 potest
904 3353 1560 3422 amicitia,nolenteisto
1584 3356 1738 3429 quod
1751 3356 1853 3411 de-
1885 3327 1929 3396 (ἶ
1960 3366 2108 3406 meos
2134 3365 2429 3417 sermom’s,
2460 3354 2512 3405 et
2541 3352 2687 3405 hunc
2714 3353 2890 3407 Filius
2921 3352 3162 3408 hominis
3191 3357 3468 3412 erubescet
3493 3373 3622 3414 cum

186 3444 415 3502 siderat
441 3441 575 3511 illa;
609 3459 743 3499 cum
768 3441 981 3516 abipso
1005 3447 1118 3499 Deo
1146 3443 1855 3518 hujusmodiproccsserit

188 3532 358 3589 rixa?
389 3533 519 3605 Ipse
540 3532 698 3588 enim
732 3532 1247 3589 mansuetudinem
1281 3534 1574 3607 praecepit,
1618 3534 1852 3589 iracun-

186 3624 349 3677 diam
384 3621 706 3694 prohibuit,
740 3621 1003 3693 nullique
1035 3621 1196 3677 alteri
1232 3623 1416 3693 (1160)
1448 3638 1760 3677 assensum
1791 3622 1852 3676 in

182 3710 410 3767 malum
428 3711 705 3783 prazbere,
727 3727 830 3783 per
846 3710 1188 3783 Apostolum
1217 3709 1299 3765 ita
1321 3709 1608 3765 dicentem
1623 3725 1857 3765 conces-

183 3800 297 3868 sit;
331 3801 454 3856 Non
487 3800 660 3857 solum
681 3816 777 3871 qui
805 3800 1043 3870 faciunt,
1075 3799 1168 3855 sed
1187 3801 1356 3855 etiam
1384 3800 1482 3870 qui
1511 3799 1857 3855 consentiunt

176 3889 541 3961 facientibus,
574 3887 734 3958 digni
761 3896 889 3943 sunt
918 3892 1091 3944 morte
1117 3889 1292 3958 (Rom.
1326 3904 1365 3953 ι,
1397 3889 1509 3956 32).

253 3980 309 4032 3.
344 3978 422 4031 Te
452 3993 590 4049 ergo
621 3981 825 4032 contra
854 3976 1041 4049 legem
1074 3976 1175 4031 Dei
1210 3976 1479 4042 faciente,
1511 3991 1617 4048 ego
1642 3974 1746 4047 qui
1778 3976 1850 4031 ad

174 4072 235 4123 te
269 4066 686 4138 corrigendum
720 4082 753 4121 a
798 4067 908 4121 Deo
936 4082 1069 4121 sum
1120 4065 1450 4133 institutus,
1513 4081 1626 4119 non
1669 4064 1848 4122 debeo

177 4155 395 4213 saltem
421 4154 667 4211 latrare?
690 4155 770 4211 Te
802 4153 1291 4211 consuetudinem
1312 4152 1570 4210 illorum.
1597 4169 1743 4226 quos
1766 4154 1850 4211 in-

176 4247 388 4303 fernus
418 4244 546 4301 sine
576 4244 756 4300 dubio
787 4244 1029 4310 detinet,
1049 4243 1558 4311 statutisillorum,
1590 4244 1846 4316 quicum

181 4338 298 4392 Deo
330 4334 389 4389 in
413 4333 578 4391 caelis
591 4334 944 4403 consistunt,
961 4334 1445 4407 prmferente,ego
1463 4350 1846 4405 nequeausus

177 4423 295 4481 sim
323 4421 537 4480 saltem
564 4420 781 4478 mutire
800 4422 829 4477 ?
858 4421 1007 4486 Quid
1039 4438 1175 4495 ergo
1230 4421 1462 4490 faciam,
1520 4422 1662 4478 dum
1708 4438 1843 4479 cum

180 4511 547 4586 quibusdam
571 4510 805 4568 miseris
831 4510 1046 4567 mihite
1060 4510 1843 4584 quoquediceturprazsente:

176 4602 301 4659 Non
328 4601 630 4659 ascenditis
651 4617 722 4657 ea:
759 4600 1004 4669 adverso,
1052 4616 1229 4671 neque
1257 4602 1585 4673 opposuistis
1619 4618 1845 4657 murum

1962 3442 2173 3493 venerit
2204 3440 2264 3493 in
2291 3440 2471 3509 gloria
2501 3455 2623 3506 sua,
2657 3443 2707 3493 et
2735 3440 2924 3495 Patris
2952 3448 3005 3496 et
3034 3445 3350 3498 sanctorum
3394 3447 3617 3517 angelo-

1963 3530 2125 3581 rum?
2150 3526 2300 3597 (Luc.
2335 3543 2412 3592 Ix,
2444 3526 2561 3596 26.)

2034 3616 2087 3669 4.
2121 3615 2282 3679 Quod
2315 3615 2364 3670 si
2398 3614 2543 3669 mihi
2574 3631 2838 3687 opponas
2868 3618 3211 3675 scandalum
3229 3621 3498 3678 Ecclesia:
3520 3624 3620 3680 de-

1963 3705 2098 3759 bere
2125 3702 2312 3769 vitari,
2344 3719 2459 3758 non
2482 3704 2837 3761 contradico.
2871 3705 3112 3780 Oppone
3142 3710 3249 3765 tibi
3281 3714 3477 3769 tamen
3500 3714 3616 3772 duo

1962 3791 2254 3865 Evangelii
2288 3791 2433 3861 loca,
2464 3810 2653 3848 unum
2687 3793 2930 3863 scilicet,
2964 3798 3063 3853 ubi
3106 3798 3390 3859 Dominus
3446 3803 3615 3861 Petro

1962 3882 2179 3938 dixisse
2201 3883 2477 3938 refertur:
2511 3882 2721 3953 Simon,
2771 3902 2920 3958 reges
2968 3891 3135 3946 terra:
3159 3907 3193 3945 a
3222 3892 3419 3963 quibus
3470 3896 3614 3951 acci-

1953 3975 2121 4043 piunt
2149 3973 2414 4027 tributum
2433 3972 2460 4026 ?
2488 3975 2560 4028 ab
2590 3975 2812 4046 alienis,
2845 3993 2919 4031 an
2948 3994 2984 4031 a
3022 3980 3159 4049 ﬁliis
3177 3979 3205 4034 ?
3233 3980 3339 4038 Illo
3372 3999 3615 4055 respon-

1959 4063 2152 4129 dente,
2185 4065 2254 4118 ab
2285 4063 2487 4117 alienis
2510 4080 2528 4116 :
2560 4064 2700 4135 Ergo
2730 4064 2894 4119 liberi
2921 4075 3069 4138 sunt,
3102 4068 3203 4137 ait,
3235 4070 3374 4140 ﬁlii;
3423 4071 3517 4127 sed
3544 4088 3615 4129 ne

1955 4154 2097 4225 forte
2126 4151 2565 4207 scandalizemus
2594 4168 2701 4221 eos,
2734 4152 2870 4208 vade
2897 4154 2968 4209 ad
3004 4171 3175 4223 mare,
3208 4160 3260 4212 et
3305 4160 3461 4213 mitte
3510 4159 3611 4216 ha-

1955 4258 2130 4309 mum,
2163 4249 2215 4298 et
2240 4258 2364 4297 eum
2388 4244 2598 4312 piscem
2626 4243 2724 4312 qui
2747 4243 2965 4313 primus
3009 4245 3337 4313 ascenderit,
3380 4247 3527 4316 tolle,
3558 4251 3613 4305 et

1954 4339 2141 4405 aperto
2173 4347 2265 4386 ore
2285 4332 2442 4386 illius
2474 4332 2719 4386 invenies
2746 4333 3043 4401 staterem;
3072 4333 3237 4387 illum
3271 4351 3493 4391 sumens
3536 4336 3609 4393 da

1953 4424 2031 4479 eis
2057 4436 2159 4493 pro
2187 4436 2274 4476 me
2301 4424 2353 4474 et
2384 4424 2455 4475 te.
2488 4419 2704 4488 Alium,
2738 4419 2840 4475 ubi
2872 4419 3101 4476 dicente
3122 4421 3327 4478 eodem
3347 4439 3482 4479 cum
3504 4441 3608 4482 caa-

1954 4509 2095 4567 teris
2132 4510 2296 4566 Petro
2330 4509 2401 4565 ad
2434 4510 2591 4565 490
2625 4508 2969 4566 Dominum:
3000 4512 3121 4568 Scis
3151 4512 3281 4585 quia
3326 4512 3610 4573 Pharisaei

1951 4600 2137 4656 audito
2169 4599 2330 4655 verba
2360 4597 2731 4654 scandalizati
2757 4596 2923 4655 sunt?
2967 4599 3174 4671 (Matth.
3224 4618 3314 4670 xv,
3345 4602 3438 4675 12)
3489 4620 3607 4661 non

174 4707 281 4764 pro
310 4690 472 4747 domo
498 4690 691 4758 Israel,
724 4697 786 4746 ut
812 4691 1038 4745 staretis
1062 4706 1124 4744 in
1147 4690 1343 4762 praelia
1372 4691 1434 4744 in
1475 4689 1563 4745 die
1603 4690 1844 4753 Domini;
1874 4701 1921 4767 D
1954 4689 2281 4745 curandum
2312 4688 2383 4743 de
2413 4687 2754 4759 hujusmodi
2774 4693 3112 4747 monstrans
3129 4691 3606 4761 seandalo,dixit:

178 4784 231 4836 et
258 4780 493 4853 probavi
527 4786 578 4835 te
606 4777 679 4834 ad
694 4795 869 4851 aquas
886 4777 1375 4834 Contradictionis?
1394 4778 1607 4850 (Ezech.
1632 4779 1845 4851 xm,5.)

177 4869 473 4927 Poteritne
504 4867 653 4924 mihi
672 4867 933 4924 amicitia
950 4866 1182 4924 tuaillic
1201 4866 1424 4941 aliquid
1438 4867 1847 4941 prodesse,qui

178 4976 340 5017 nunc
368 4963 567 5015 tecum
601 4956 746 5013 mihi
762 4957 978 5014 suades
994 4973 1197 5030 pacem
1224 4956 1460 5026 habere,
1475 4961 1541 5013 ut
1560 4974 1695 5014 cum
1713 4958 1845 5015 aliis

177 5047 408 5106 valeam
436 5047 666 5104 dicere:
698 5048 1023 5120 Pepigimus
1050 5046 1224 5117 faedus
1253 5064 1379 5103 cum
1417 5051 1610 5113 morte,
1642 5052 1691 5104 et
1720 5064 1847 5103 eum

182 5140 408 5210 inferno
437 5137 671 5208 fecimus
698 5144 924 5209 pactum
956 5136 1084 5208 (Isa.
1117 5152 1314 5203 xxvm,
1350 5136 1473 5207 15):
1508 5154 1643 5193 cum
1676 5138 1848 5209 juxta

184 5225 349 5284 illius
380 5225 644 5282 doctoris
660 5223 1021 5282 sanctissimi
1044 5225 1289 5293 dictum,
1309 5225 1497 5282 tutius
1515 5225 1589 5282 sit
1620 5226 1846 5282 homini

180 5315 527 5372 inimicitias
553 5313 772 5371 diaboli
798 5314 1109 5384 meruisse,
1131 5311 1310 5386 quam
1324 5332 1553 5387 pacem;
1579 5333 1711 5371 cum
1730 5334 1844 5372 non

181 5405 417 5463 desinat
447 5421 553 5478 per
583 5408 640 5460 te
668 5403 1208 5477 iniquitasjustitia:
1238 5420 1585 5477 repugnare,
1617 5406 1848 5464 caecitas

180 5493 325 5564 luci,
357 5493 741 5552 mendacium
761 5492 993 5550 veritati
1011 5492 1314 5549 resistere?
1327 5495 1406 5549 Te
1438 5498 1637 5551 contra
1656 5495 1849 5551 Domi-

179 5601 329 5643 num
360 5585 447 5641 ita
478 5584 626 5640 dum
648 5582 879 5640 videam
896 5580 1200 5653 rebellare,
1221 5586 1288 5639 ut
1299 5598 1372 5640 ne
1384 5583 1540 5656 quod
1558 5584 1665 5639 tibi
1688 5601 1849 5641 man-

1955 4779 2129 4835 Sinite
2158 4778 2285 4832 illos
2316 4777 2499 4847 (Ibid.,
2527 4778 2636 4845 14),
2671 4776 2924 4834 subaudi
2951 4779 3354 4836 scandalizari.
3373 4781 3610 4847 Quare?

1955 4866 2276 4939 Subjungit
2306 4882 2570 4934 causam,
2604 4868 2664 4922 et
2694 4864 2804 4921 ait:
2840 4865 2982 4922 (Ιωεί
2997 4874 3128 4923 sunt
3154 4871 3205 4925 et
3234 4869 3394 4927 duces
3442 4887 3609 4929 caeco-

1955 4975 2103 5014 rum.
2137 4957 2318 5012 Caecus
2348 4963 2535 5011 autem
2562 4957 2615 5011 si
2637 4971 2777 5011 caeco
2801 4954 3061 5012 ducatum
3081 4958 3327 5030 praeslet,
3357 4959 3517 5016 ambo
3546 4963 3610 5018 in

1953 5050 2166 5119 foveam
2194 5045 2390 5102 cadent
2418 5045 2625 5115 (Ibid.).
2660 5044 2838 5111 Quasi
2869 5044 3073 5119 utique
3102 5044 3610 5116 dixisset:Quiaet

1954 5137 2068 5210 ipsi
2097 5137 2232 5192 (ιωοὶ
2263 5139 2421 5204 sunt,
2455 5141 2513 5191 et
2541 5134 2671 5191 aliis
2701 5135 2868 5191 caacis
2898 5135 2959 5191 in
2989 5136 3338 5209 perditionis
3380 5139 3609 5198 foveam

1956 5225 2200 5283 cadendi
2232 5228 2511 5298 praestant
2540 5224 2821 5280 ducatum
2852 5241 2969 5281 non
3000 5228 3330 5284 curandum
3376 5228 3449 5286 de
3478 5229 3608 5286 illo-

1956 5332 2089 5370 rum
2120 5312 2418 5370 scandalo.
2454 5312 2662 5369 Melius
2691 5315 2782 5368 est
2808 5313 2967 5369 enim
2979 5314 3152 5386 juxta
3182 5316 3609 5388 quemdam,ut

1957 5403 2303 5461 scandalum
2326 5402 2569 5470 oriatur,
2618 5418 2795 5474 quam
2846 5402 3061 5459 veritas
3108 5403 3476 5476 relinquatur
3523 5404 3606 5468 (S.

1957 5495 2138 5550 Gneo.
2171 5493 2321 5549 hom.
2361 5494 2396 5547 6
2426 5494 2482 5547 in
2504 5491 2702 5548 Επειδὴ.
2735 5490 2775 5546 1.
2809 5492 2871 5555 1).
2903 5491 3052 5556 Quia
3092 5491 3325 5550 etiamsi
3374 5496 3613 5564 propter

1955 5583 2089 5640 illos
2116 5581 2378 5639 veritatis
2411 5580 2779 5654 relinquatur
2816 5581 3085 5651 assertio,
3136 5596 3255 5637 non
3306 5582 3617 5651 propterea

250 5764 446 5849 (1160)
475 5760 679 5842 Vulg.,
708 5762 860 5824 nulli
887 5761 1072 5838 alteri,
1096 5765 1154 5823 et
1182 5777 1320 5823 mox
1350 5763 1429 5823 ita
1456 5761 1691 5824 docendo
1720 5780 1825 5841 pro
1855 5766 1936 5826 ita
1962 5763 2233 5826 dicentem
2282 5760 2703 5840 Apographum
2723 5756 3096 5835 Frisingense
3116 5750 3512 5836 praetulimus,
