3892 6398
298 338 414 412 B31

1226 343 1601 410 RATHERII
1645 343 1893 408 EPISC.
1942 341 2231 408 VEBON.
2281 346 2457 411 OPP.
2501 348 2707 412 PARS
2749 346 2799 412 Ῑ.

3605 338 3728 405 632

302 478 1296 554 Martianocmterisquehujusmodi
1319 480 1578 547 trahitis,
1596 495 1848 551 quorum
1865 494 1960 535 me
1987 476 2045 548 Α
2074 479 2322 554 aliquas,
2355 478 2468 539 isto
2496 480 2716 553 relicto,
2750 479 2854 555 qui
2884 476 3242 539 commissus
3273 491 3418 535 mea:
3440 478 3535 536 est
3562 474 3727 547 ﬁdei,

301 574 469 629 tanto
491 572 613 628 fore
631 571 789 627 baud
813 570 1066 626 diffiteor
1088 586 1359 624 securum
1386 574 1561 640 atque
1584 569 1954 641 incupidum,

294 662 526 734 quanto
556 660 617 716 in
666 675 760 715 me
790 658 934 714 illud
966 658 1168 714 cadere
1213 674 1413 713 vereor
1467 673 1638 729 posse
1691 656 1957 712 nonnihil

298 749 588 823 ‘elogium,
624 748 777 821 quod
790 748 916 819 jam
948 746 1088 803 olim
1123 748 1193 802 de
1217 745 1572 818 quibusdam
1600 762 1846 817 ;semper
1873 746 1961 801 di-

298 843 504 912 centes,
536 846 587 895 et
616 853 861 910 unquam
889 837 958 891 ad
984 837 1350 907 cognitionem
1396 837 1643 891 veritatis
1688 838 1960 891 venientes

298 927 387 1001 (ΙΙ
412 922 544 984 Tim.
578 943 660 995 III,
688 927 768 998 7),
800 929 889 982 est
918 924 1313 992 veracissime,
1340 928 1406 980 ut
1437 925 1584 980 etde
1604 924 1768 981 vobis
1786 923 1959 990 valet,

298 1016 639 1091 prolatum:
690 1018 874 1084 tanta,
936 1015 1204 1087 inquam,
1255 1031 1349 1070 me
1382 1013 1562 1070 afﬁcit
1608 1014 1729 1070 haec
1759 1014 1961 1069 eadem

304 1105 700 1179 ineptissime,
730 1104 850 1159 imo
882 1102 1150 1176 pernulla
1172 1102 1579 1177 philocompim
1613 1103 1766 1159 500
1786 1102 1963 1158 urba-

310 1192 465 1251 nitas
491 1198 717 1265 vestraa,
769 1192 1069 1265 angustia,
1101 1196 1158 1247 et
1206 1192 1347 1246 dum
1379 1191 1790 1262 colloquimur,
1824 1207 1958 1263 gra-

308 1282 690 1351 vatissimus;
722 1282 864 1336 dum
898 1280 1183 1353 apiculos,
1211 1280 1301 1335 vel
1332 1279 1769 1353 ineptiunculas
1793 1296 1964 1353 quas-

310 1372 450 1429 dam
481 1371 617 1444 plus
647 1369 806 1426 aloes
828 1386 1007 1442 quam
1030 1368 1243 1438 mellis,
1270 1367 1405 1442 plus
1426 1368 1628 1424 veneni
1652 1366 1965 1424 certissimi

308 1474 491 1533 quam
523 1459 801 1516 salutaris
834 1458 1079 1514 antidoti
1112 1461 1411 1531 gestantes
1441 1456 1590 1513 mihi
1619 1457 1854 1512 mittitis
1875 1458 1966 1519 (ut

302 1549 515 1620 tutique
541 1548 717 1604 modo
747 1562 1107 1620 pernequam
1135 1546 1445 1614 famulum,
1480 1563 1552 1601 ne
1573 1546 1735 1602 vobis
1766 1546 1964 1618 loque-

310 1641 473 1695 retur
502 1635 736 1704 saltem,
759 1636 975 1691 nedum
1000 1635 1235 1707 aliquod
1262 1635 1581 1706 javaminis
1603 1652 1637 1690 a
1664 1635 1828 1691 vobis
1854 1634 1967 1690 exi-

310 1729 494 1801 geret,
545 1728 808 1797 optarem
869 1723 1249 1796 prohibitum)
1300 1724 1775 1779 confectissimus
1823 1724 1965 1780 adeo

312 1816 548 1882 reddar,
580 1830 713 1869 cum
744 1812 936 1869 Psalte
981 1811 1083 1869 illo
1113 1816 1177 1868 ut
1202 1812 1383 1868 libeat
1421 1814 1505 1868 uti
1535 1813 1605 1868 de
1638 1811 1861 1881 multis,
1895 1814 1966 1869 de

310 1902 477 1962 vobis
507 1902 824 1977 specialius
855 1917 1089 1975 quoque
1118 1900 1423 1958 vociferari
1454 1901 1764 1958 notissimo
1790 1918 1803 1958 :
1834 1902 1967 1958 Nar-

306 1997 574 2052 raverunt
598 1992 743 2049 mihi
770 1991 953 2065 iniqui
979 1992 1367 2064 fabulationes,
1401 1990 1493 2048 sed
1521 2008 1634 2047 non
1670 1999 1732 2047 ut
1760 1992 1854 2047 lca:
1874 1996 1968 2047 tua

304 2085 537 2142 Domine
567 2082 735 2153 (Psal.
763 2097 958 2150 cxvm,
991 2083 1103 2151 85).
1159 2080 1380 2136 Verum
1420 2097 1455 2137 a
1505 2079 1673 2136 vobis
1705 2080 1968 2153 compul-

310 2190 434 2244 sus,
462 2189 600 2230 cum
626 2188 732 2246 pro
760 2170 1046 2245 temporis
1080 2171 1157 2237 [id
1184 2178 1265 2227 est
1293 2169 1592 2242 paschatis
1614 2170 1741 2241 jam
1770 2168 1966 2225 immi-

307 2263 527 2334 nentis]
560 2260 944 2335 congruentia
971 2258 1248 2334 gestirem
1293 2275 1452 2314 nunc
1483 2257 1693 2314 saltem
1724 2258 1969 2315 existere

308 2352 571 2421 feriatus,
597 2350 851 2423 [subaudi
870 2349 1075 2421 debeo]
1094 2347 1690 2421 quantulumcunque
1701 2347 1970 2421 apologe-

308 2441 493 2499 ticum
523 2439 815 2495 dictitare.
1054 2450 1057 2453 '

380 2532 437 2587 2.
483 2528 628 2584 Cum
658 2525 1121 2602 gloriosissimus
1151 2524 1287 2581 hinc
1326 2524 1542 2581 abiisse
1581 2524 1971 2599 disposuisset

309 2630 611 2701 Augustus
639 2624 792 2697 (Otto
823 2624 889 2696 Ι),
922 2623 1170 2680 credidit
1201 2622 1335 2678 ﬁdei
1384 2639 1526 2679 meas
1558 2623 1842 2696 quiddam
1876 2640 1968 2678 ar-

311 2716 497 2792 genti,
527 2731 597 2771 ex
641 2730 757 2787 quo
805 2713 985 2787 (1193)
1033 2713 1310 2786 perlicere
1350 2713 1621 2769 deberem
1661 2712 1968 2769 basilicam

310 2804 507 2863 sancti
526 2803 794 2869 Zenonis,
815 2801 1150 2875 peculiaris,
1185 2805 1252 2857 ut
1280 2800 1483 2869 scitur,
1506 2801 1693 2858 nostri
1712 2802 1967 2874 patroni,

310 2886 469 2952 .501
503 2896 817 2967 postquam
833 2891 1056 2948 scilicet
1075 2890 1292 2958 omnia,
1317 2891 1388 2947 de
1414 2891 1631 2962 quibus
1650 2890 1969 2947 habueram

315 2984 579 3041 victitare
608 2980 704 3044 (ne
750 2980 893 3037 dum
941 2979 1347 3053 superfuisset,
1383 2980 1557 3046 unde,
1591 2983 1658 3033 ut
1685 2979 1968 3049 suadetis,

312 3104 574 3179 positam
603 3122 672 3161 ex
695 3104 974 3179 Gregorio
991 3103 1316 3179 Turonensi
1339 3102 1820 3179 aliisque_mcdi§
1842 3109 1974 3179 seta-

316 3175 398 3248 tis
442 3175 1138 3248 scriptoribus'inotarunt
1181 3175 1287 3231 viri
1319 3175 1553 3248 eruditi.
1591 3175 1740 3248 Lege
1770 3175 1968 3248 Fabri-

2070 586 2264 642 opere,
2289 587 2522 644 possem
2544 571 2945 646 eleemosynas
2968 570 3175 642 facere)
3196 569 3324 642 ejus
3341 566 3734 642 obligurierat

2069 677 2183 716 non
2217 661 2345 717 dico
2368 660 2647 733 potentia,
2672 678 2819 734 nego
2846 659 3141 727 violentia,
3174 659 3276 716 sed
3299 661 3453 715 certe
3477 673 3738 733 prasen-

2068 750 2172 805 tia.
2206 751 2292 819 Et,
2314 767 2346 805 o
2361 767 2537 822 quam
2553 766 2690 805 vera
2709 749 2926 806 Aurelii
2947 748 3046 804 illa
3072 747 3544 820 sententia(Auc.
3564 762 3735 803 sem.

2069 840 2159 906 £6,
2191 856 2249 894 η.
2282 838 2379 894 27!
2407 854 2524 911 qua
2553 838 2709 894 fatur
2736 836 3065 895 temerariis
3098 837 3343 910 judiciis
3385 836 3509 891 fore
3533 836 3739 891 omnia

2070 928 2261 1001 plena.
2291 927 2435 983 Cum
2458 928 2615 983 enim
2648 931 2890 983 sanctus
2919 930 2977 983 et
3006 944 3123 983 non
3156 927 3358 999 dispar
3389 924 3477 980 illi
3506 927 3741 982 asserat

2070 1017 2384 1089 Gregorius
2414 1017 2608 1089 (Morel
2626 1019 2687 1072 in
2715 1018 2831 1086 Job,
2860 1016 2900 1072 1.
2935 1032 3109 1087 xxxv,
3142 1032 3192 1071 c.
3224 1015 3339 1087 10),
3382 1015 3541 1087 quod
3575 1030 3739 1070 nun-

2072 1123 2249 1179 quam
2280 1110 2517 1180 propter
2544 1104 2939 1163 obedientiam
2991 1104 3215 1162 malum
3245 1102 3324 1159 sit
3368 1102 3737 1172 faciendum,

2070 1212 2497 1268 nonnunquam
2518 1212 2651 1251 vero
2668 1195 2887 1251 bonum
2911 1192 3453 1261 intermittendum;
3475 1192 3615 1265 quis
3638 1209 3739 1248 va-

2072 1284 2188 1342 leat
2210 1286 2462 1354 credere,
2497 1288 2563 1340 ut
2593 1285 2842 1358 pecunia
2872 1283 2943 1339 ab
2972 1282 3073 1340 illo
3104 1281 3345 1353 credita,
3378 1281 3471 1337 cui
3503 1285 3739 1338 esttam

2072 1378 2270 1431 sancte
2283 1375 2569 1445 juratum,
2595 1372 2708 1429 alio
2730 1371 2998 1429 debuerit
3019 1370 3288 1444 expendi,
3312 1386 3493 1443 quam
3515 1387 3741 1443 praece-

2072 1464 2230 1537 pisse
2261 1461 2482 1535 placuit
2523 1461 2655 1518 illi?
2690 1459 3077 1534 Pauperibus,
3126 1457 3320 1532 inquit
3354 1459 3640 1526 fuscator,
3674 1464 3740 1515 ut

2072 1551 2172 1608 illc
2201 1551 2497 1625 quondam
2528 1549 2741 1623 Cgristi
2772 1547 3002 1608 censuit
3030 1546 3295 1620 proditor
3321 1547 3531 1616 (Matth.
3580 1564 3740 1615 xxv},

2070 1641 2150 1713 9).
2186 1642 2297 1697 Sed
2344 1640 2552 1696 vellem
2591 1640 2763 1708 scire,
2815 1636 2917 1693 ubi
2964 1652 3103 1692 nam
3152 1635 3237 1691 illi
3269 1635 3390 1692 sint
3423 1650 3740 1709 pauperes.

2070 1728 2217 1785 Nam
2270 1729 2456 1798 (1194)
2489 1744 2668 1784 censu
2720 1727 2977 1782 itatenus
3020 1739 3331 1797 pauperes,
3386 1726 3453 1780 ut
3500 1740 3609 1797 pro
3652 1724 3740 1780 eis

2073 1817 2382 1875 restruetio
2408 1818 2643 1873 deberet
2662 1814 3043 1873 ecclesiarum
3073 1813 3276 1883 (etiam
3308 1813 3355 1869 si
3385 1827 3456 1868 ex
3486 1828 3643 1880 meo,
3676 1817 3741 1869 ut

2076 1908 2375 1975 debuerat,
2400 1906 2583 1975 ﬁeret)
2614 1919 2934 1968 remanere,
2970 1901 3185 1969 nullos,
3227 1901 3448 1974 gratias
3479 1901 3620 1968 Deo,
3644 1901 3741 1957 hic

2074 2013 2205 2053 esse
2235 1994 2549 2069 comperio,
2582 1993 2697 2049 nisi
2729 1991 3024 2065 (mirabile
3052 1990 3234 2059 dictu,
3268 1989 3741 2063 incredibileque

2076 2085 2302 2156 auditu)
2333 2100 2447 2153 me,
2478 2088 2536 2139 et
2565 2098 2712 2156 quos
2744 2081 2898 2139 alere
2930 2083 2997 2136 ut
3025 2079 3381 2136 domesticos
3407 2078 3735 2136 debueram

2074 2174 2223 2246 ipse.
2257 2172 2367 2229 Sed
2399 2175 2560 2246 puto,
2592 2171 2749 2243 quod
2781 2170 2936 2243 apud
2966 2184 3069 2225 vos
3102 2184 3219 2224 non
3250 2167 3489 2223 alantur
3512 2168 3631 2225 nisi
3664 2169 3737 2224 ab

2077 2263 2351 2336 episcopo
2382 2277 2690 2335 pauperes.
2725 2260 2833 2316 Sed
2864 2259 2976 2315 hoc
3017 2257 3153 2314 istic
3181 2272 3420 2313 necesse
3445 2274 3568 2313 non
3612 2272 3743 2314 esse

2076 2348 2622 2407 clamatliberalitas
2643 2348 2846 2418 (1195),
2863 2346 2964 2420 qui
2980 2346 3161 2403 istam
3178 2344 3445 2402 incolunt
3457 2346 3738 2418 patriam,

2076 2440 2365 2507 omnium,
2397 2456 2469 2495 ne
2498 2438 2681 2512 eligas
2699 2438 2792 2494 cui
2818 2435 3177 2505 miserearis,
3196 2440 3555 2508 praeceptum
3578 2453 3740 2493 com-

2076 2530 2334 2585 muniter
2375 2528 2833 2595 observantium,
2887 2530 2945 2582 et
2989 2540 3179 2598 usque
3229 2524 3302 2580 ad
3343 2523 3660 2596 crapulam
3690 2529 3745 2580 et

2074 2619 2416 2675 ebrietatem
2449 2616 2525 2689 [id
2553 2621 2634 2673 est
2652 2619 2959 2689 pauperes]
2992 2630 3093 2670 eos
3123 2616 3328 2669 contra
3354 2611 3453 2667 Dei
3482 2613 3744 2686 compel-

2036 2768 2040 2772 ,
2074 2708 2322 2765 lentium
2354 2710 2489 2763 ante
2509 2705 2711 2762 horam
2738 2719 2972 2778 quoque
2995 2706 3370 2777 praeceptum,
3402 2717 3543 2757 cum
3573 2703 3747 2760 debe-

2076 2800 2206 2853 rent
2237 2801 2296 2853 et
2338 2795 2451 2869 ipsi
2500 2794 2760 2852 solemne
2806 2791 3120 2859 custodire,
3158 2795 3224 2847 ut
3274 2789 3466 2847 caeteri
3513 2791 3746 2860 ﬁdeles,

2070 2886 2392 2959 jejunium.
3062 2926 3067 2927 κ
3344 2885 3349 2891 ’

2147 2976 2201 3030 3.
2234 2978 2279 3031 Ο
2306 2990 2440 3031 vero
2461 2972 2688 3029 utinam
2710 2972 2811 3045 qui
2835 2988 2952 3028 non
2971 2968 3252 3044 amplius,
3282 2967 3496 3025 saltem
3526 2973 3597 3026 ut
3613 2985 3748 3043 ego,

2079 3101 2139 3157 S.
2171 3098 2415 3156 Zenonis
2443 3097 2709 3163 basilica,
2759 3098 2931 3168 cujus
2979 3095 3217 3168 quidem
3255 3090 3749 3168 turrisqconstrul

2081 3172 2251 3243 ccepit
2274 3174 2506 3243 tantum
2537 3165 3044 3243 saeculose'quenti
3068 3182 3221 3243 anno
3254 3166 3418 3221 1045.
3435 3165 3589 3243 Cum
3611 3183 3749 3223 vero

318 3221 498 3322 cium,
531 3221 806 3322 B'ibliotb.
836 3221 959 3322 Left,
991 3246 1092 3322 lib.
1127 3263 1212 3314 ιιι,
1245 3263 1294 3301 c.
1322 3248 1406 3301 15.
1429 3246 1559 3322 Haec
1591 3221 1782 3322 prioma
1801 3221 1967 3322 valde
1998 3221 2048 3294 ϐ
2080 3221 2233 3322 ᾖρῶι·
2275 3240 2575 3322 ecclesias.
2605 3242 2678 3296 ab
2727 3221 3021 3322 Hungaris
3070 3239 3341 3322 incensas
3391 3253 3457 3293 ac
3515 3221 3748 3322 dirutas

317 3318 563 3393 prolixa,
594 3324 653 3393 et
679 3320 752 3393 o_b
801 3318 1193 3393 prolixitatem
1223 3321 1399 3389 atque
1435 3317 1725 3393 syntaxim
1756 3318 1967 3393 perob-

315 3389 492 3447 scura
520 3389 1282 3464 periodus’utintelligatur,
1302 3390 1507 3464 paucis
1528 3390 1658 3460 ejus
1678 3390 1968 3464 sententia

316 3459 696 3536 proponenda
725 3465 835 3519 est.
866 3460 1228 3536 Cavillatoris
1259 3459 1715 3536 colloquiacum
1748 3459 1969 3536 Bethe-

313 3531 580 3606 riofquie
601 3533 861 3606 ineptam
888 3531 1280 3606 urbanitatem
1312 3531 1715 3606 prmi‘erebant,
1746 3536 1802 3586 et
1821 3532 1966 3606 scri-

316 3602 658 3677 ptiun‘cula;
683 3602 755 3661 ad
797 3604 1138 3660 Ratherium
1178 3602 1432 3677 directas,
1461 3619 1590 3675 quae
1616 3602 1745 3677 uloc
1772 3603 1969 3674 potius

317 3674 496 3746 quam
528 3675 700 3746 melle
720 3679 887 3746 erant
907 3677 1145 3742 refertae,
1180 3676 1261 3730 ita
1280 3675 1463 3730 istum
1495 3674 1884 3746 coniecerant,
1903 3678 1970 3729 ut

318 3744 432 3828 ipsi
464 3745 1014 3828 cavillatoriuptare
1038 3762 1210 3828 poese
1240 3745 1551 3828 crediderit
1580 3744 1683 3828 illa
1690 3745 1966 3828 Pavidis:

319 3815 702 3887 Narraverunt
727 3815 871 3870 mihi
901 3815 1082 3886 iniqui
1106 3817 1494 3887 fabulationes,
1543 3820 1652 3870 etc.
1686 3815 1970 3872 Construe

323 3898 459 3941 vero
499 3885 621 3942 sic:
665 3886 770 3942 Illa
816 3889 973 3941 tanta
996 3885 1180 3941 vestra
1217 3888 1521 3953 urbanitas,
1555 3903 1716 3956 quam
1750 3887 1970 3943 trahitis

326 3955 391 4030 de
420 3956 688 4030 Martiano
718 3959 773 4012 et
816 3958 1028 4011 caeteris
1073 3956 1402 4027 hujusmodi,
1428 3955 1660 4030 quorum
1688 3957 1833 4013 haud
1860 3959 1970 4030 dif-

323 4028 483 4100 ﬁteor
506 4044 595 4084 me
620 4029 739 4100 fore
768 4031 920 4083 tanto
939 4043 1190 4084 securum
1207 4037 1368 4099 atque
1398 4029 1737 4100 incupidum,
1769 4028 1971 4100 quanto

322 4098 512 4171 vereor
552 4098 694 4155 illud
741 4100 977 4170 elogium
1011 4115 1169 4171 posse
1211 4098 1467 4155 nonnihil
1514 4098 1706 4155 cadere
1751 4098 1811 4156 in
1862 4118 1969 4169 me,

324 4170 466 4242 quod
484 4171 609 4243 jam
638 4171 771 4227 olim
786 4170 1417 4243 veracissimeprolatam
1433 4174 1511 4226 est
1540 4172 1605 4227 de
1625 4173 1969 4243 quibusdam,

321 4246 462 4298 utet
507 4243 652 4299 valet
695 4243 759 4315 de
808 4244 954 4298 vobis
989 4244 1277 4315 proferri;
1310 4243 1549 4315 Semper
1579 4243 1858 4315 dicentes,
1913 4248 1971 4299 ct

319 4330 646 4398 numquam
673 4314 745 4369 ad
771 4314 1031 4398 veritatis
1062 4314 1465 4398 cognitionem
1488 4314 1787 4397 venientes
1813 4333 1827 4383 ;
1856 4316 1973 4398 haec

318 4385 524 4458 eadem,
599 4388 845 4457 inquam,
912 4390 1096 4458 tanta,
1140 4385 1503 4457 incptz'ssima,
1556 4388 1670 4458 imo,
1710 4387 1973 4458 pernulla

316 4457 604 4530 urbanitas
642 4456 1021 4530 philocompiae
1063 4457 1143 4528 (id
1198 4456 1286 4513 est
1331 4474 1490 4512 vanas
1531 4456 1749 4529 gloriae)
1798 4459 1973 4528 afﬁcit

314 4531 520 4608 me,_ut
565 4527 1673 4611 dum_‘(cgo)'gravatissimusJangusl‘ia
1728 4527 1963 4611 (etvos

316 4596 591 4672 invicem)
619 4670 624 4672 Α
650 4592 1031 4672 colloquimur,
1076 4599 1207 4672 dum
1249 4601 1472 4672 mittitis
1489 4592 1661 4655 'mihi
1701 4592 1967 4672 apiculos,
2003 4592 2053 4659 D

316 4683 421 4743 seu
452 4665 1215 4743 scripta,vel"incptiunculas
1245 4670 1508 4743 quasdam
1536 4665 1807 4739 gestantes
1847 4665 1973 4743 plus

317 4738 465 4813 aloes
495 4752 662 4813 quam
687 4738 909 4813 mellis,
916 4741 1046 4810 plus
1076 4738 1268 4796 veneni
1307 4738 1597 4797 certissimi
1624 4759 1788 4813 quam
1816 4738 1968 4798 salu-

319 4810 456 4884 taris
486 4809 741 4884 ⁵αηίίιίοιὶ
778 4815 860 4879 (ut
904 4809 1093 4884 utique
1141 4812 1296 4867 modo
1344 4821 1589 4884 optarem
1626 4809 1970 4884 prohibitum

316 4880 597 4956 [amulum
614 4897 971 4956 pemequam,
997 4880 1087 4956 ‘ne
1112 4884 1305 4956 saltem
1334 4880 1646 4956 loqueretur
1677 4886 1840 4954 vobis,
1871 4902 1966 4941 ne-

316 4950 451 5026 dum
474 4950 716 5026 exigeret
744 4950 1209 5026 abobisaliquod
1240 4950 1571 5024 juvaminis)
1600 4956 1796 5011 rcdear
1828 4950 1967 5013 adeo

317 5023 768 5093 confectissimus,
818 5027 879 5077 ut
924 5023 1092 5080 libeat
1141 5039 1267 5078 cum
1310 5026 1493 5079 Psalle
1538 5026 1635 5079 illo
1679 5030 1966 5084 notissimo

314 5094 609 5165 uociferari
637 5095 722 5148 uti
749 5093 825 5165 de
866 5095 1075 5163 multis,
1126 5096 1417 5163 specialius
1445 5111 1654 5165 quoque
1683 5097 1746 5151 de
1775 5100 1923 5153 vobis
1944 5117 1963 5153 .-

314 5162 698 5246 Napraverunt
938 5162 1734 5246 etc.’Fa)nulas.pcrneq.uam,
1786 5186 1963 5240 quem

316 5183 690 5217 narraueram
728 5183 889 5245 puni,
938 5183 1047 5220 etc.
1078 5183 1338 5219 romulus
1378 5183 1734 5289 permagnam,
1786 5186 1963 5240 quem

316 5230 956 5310 optaret_proh1b1tum,
991 5251 1064 5310 ne
1084 5251 1219 5310 cum
1251 5235 1964 5310 cavi_lator1busloquere-

314 5302 433 5378 tur,
451 5302 562 5358 ned
573 5302 668 5378 um
687 5303 939 5378 exigeret
958 5306 1031 5378 ab
1050 5305 1195 5378 ipsis
1217 5305 1520 5378 auxilium,
1545 5302 1861 5377 nescimus,
1887 5327 1959 5366 an

310 5374 402 5457 sit.
419 5375 547 5445 ipse
579 5374 1152 5457 Rutberius,“quip‘pe
1184 5376 1283 5457 qui
1309 5392 1376 5457 se
1402 5376 1465 5457 in
1486 5393 1575 5445 ea,
1597 5395 1713 5451 qua
1741 5374 1962 5451 preme-

310 5446 489 5523 batur
516 5445 808 5523 angustia,
842 5445 1150 5523 colloquiis
1180 5445 1245 5523 e't
1258 5446 1502 5523 scriptis
1523 5445 1721 5523 eorum
1741 5445 1957 5523 grava-

2077 3314 2239 3370 illam
2272 3314 2329 3370 S.
2363 3312 2633 3384 Zenonis,
2667 3308 2900 3384 quasi?)
2934 3308 3217 3384 suburbie
3248 3308 3364 3384 sita
3405 3313 3558 3384 erat,
3595 3309 3744 3368 Pau-

2074 3386 2272 3440 vinius
2302 3385 2515 3439 referat
2544 3380 2703 3439 libro—
2726 3382 2930 3455 quinto
2968 3380 3405 3452 Antiquitatum
3436 3382 3741 3455 \{eronen-

2077 3457 2233 3514 sium
2264 3472 2313 3511 c.
2343 3458 2452 3525 25;
2504 3451 2771 3510 dubitare
2822 3454 2977 3519 licet,
3023 3451 3188 3525 num,
3222 3468 3326 3523 pro
3350 3451 3622 3525 perﬁcere
3651 3452 3737 3508 le-

2077 3529 2334 3600 gendum
2368 3522 2447 3583 sit
2474 3528 2711 3597 reﬁcere.
2764 3525 3073 3600 Enimvero
3104 3522 3293 3578 solam
3324 3524 3746 3600 restructioncm

2076 3594 2433 3655 Ecclesiarum
2465 3594 2598 3669 post
2627 3595 2914 3669 nonnulla
2944 3598 3407 3663 commemorat;
3439 3597 3499 3669 et
3525 3594 3745 3655 clarius

2079 3687 2245 3728 num.
2272 3671 2328 3737 3,
2352 3663 2493 3725 dum
2517 3685 2551 3724 a
2567 3667 2999 3724 cavillatoribus
3022 3663 3615 3738 pauperesgprselatos
3636 3671 3748 3723 tra-

2078 3742 2166 3797 dit
2192 3742 2508 3798 necessitati
2534 3739 2848 3795 restruendi
2878 3736 3193 3804 basilicam,
3226 3737 3284 3792 S.
3317 3736 3569 3793 Zenonis
3597 3738 3748 3797 basi-

2078 3814 2254 3869 licam
2274 3811 2580 3869 restruend
2591 3827 2685 3866 am
2707 3809 2998 3883 designat,
3016 3808 3077 3863 in
3100 3810 3272 3883 cujus
3294 3807 3746 3883 restructionem

2081 3888 2333 3957 pecunia
2364 3884 2438 3938 ab
2470 3879 3103 3963 imperatoreicollata,
3134 3879 3519 4005 inpauperes
3549 3879 3747 4005 potius

2081 3955 2431 4005 conferenda
2461 3971 2495 4005 a
2528 3957 2874 4005 memoratis
2905 3951 3223 4005 caullator!
3271 3966 3343 4004 us
3373 3951 3547 4005 crede
3593 3957 3746 4005 atur.

2080 3951 2431 4011 conferenda
2461 3971 2495 4009 a
2528 3951 2874 4009 memoratis
2905 3951 3343 4007 cavillatoribus
3373 3951 3746 4007 credebatur.

2082 4029 2213 4083 Mox
2242 4032 2516 4082 construe
2548 4025 2631 4080 sic
2657 4042 2670 4080 :
2699 4028 2990 4096 postquam
3015 4023 3221 4096 scilicet
3249 4021 3750 4096 ejus_(imperato«

2082 4100 2186 4169 ris)
2211 4114 2323 4153 non
2350 4098 2471 4169 dico
2503 4091 2769 4169 potentia,
2824 4091 2960 4166 nego
2990 4091 3284 4169 uiolentia,
3304 4091 3568 4169 sedcerie
3592 4110 3746 4169 prae:

2080 4162 2257 4226 scn'tia
2279 4162 2583 4238 (nimirum
2607 4168 2679 4222 ob
2701 4162 2970 4239 ingentes
2990 4162 3411 4239 hospitalitatis
3433 4162 3741 4239 sumptus)

2082 4236 2438 4311 abligurierat
2469 4240 2675 4307 omnia,
2700 4236 2988 4311 tle—quibus
3008 4237 3307 4311 habueram
3341 4236 3615 4311 victitare,
3637 4253 3741 4311 ine-

2080 4307 2210 4367 dum
2255 4312 2642 4383 super/uisset,
2682 4307 2827 4364 unde
2866 4324 3084 4383 possem
3121 4310 3302 4379 facere
3343 4307 3565 4383 aliquas
3596 4310 3740 4365 elec-

2079 4380 2353 4456 mosynas,
2401 4380 2988 4456 ut‘suadetistrelicto
3018 4381 3125 4456 isto
3147 4393 3327 4456 opere,
3365 4380 3463 4456 qui
3480 4382 3744 4456 commisj

2078 4471 2168 4509 sus
2198 4448 2275 4509 est
2300 4467 2440 4509 meae
2463 4452 2609 4523 ﬁdei.
2642 4451 2797 4506 Nihil
2828 4450 2889 4506 in
2920 4454 3081 4523 textu
3110 4448 3587 4523 immutavimus,
3626 4451 3742 4508 nisi

2085 4526 2241 4599 quod
2260 4520 2625 4599 scripsimus
2655 4524 2890 4599 aliquas,
2918 4521 3019 4577 ubi
3050 4520 3354 4599 legebatur
3382 4536 3539 4599 quas.

2155 4596 2338 4669 (1194)
2389 4591 2709 4669 Construe:
2744 4591 2907 4651 Nam
2951 4591 3220 4665 comperio
3268 4591 3357 4669 hic
3384 4591 3571 4669 nullos
3604 4593 3747 4664 (Deo

2082 4664 2329 4738 gratias)
2349 4682 2459 4722 esse
2490 4668 2727 4738 itatenus
2740 4679 3007 4738 pauperes
3025 4664 3209 4730 censu,
3232 4665 3292 4738 ut
3302 4677 3404 4733 pro
3428 4664 3519 4738 eis
3533 4669 3745 4738 restru-

2080 4732 2189 4795 ctio
2247 4732 2602 4794 ecclesiarum
2665 4732 2881 4792 deberet
2925 4750 3211 4809 remanere
3259 4732 3385 4809 (seu
3439 4732 3740 4809 relinqui).

2077 4812 2299 4867 etiamsi
2327 4811 2481 4879 ﬁeret
2508 4824 2579 4863 ea:
2605 4824 2742 4876 meo,
2798 4815 2860 4863 ut
2904 4807 3206 4869 debuerat;
3247 4805 3742 4879 nullos,_inquam,

2077 4884 2168 4938 hic
2187 4898 2300 4938 esse
2323 4876 2588 4953 pauperes
2616 4881 2729 4935 nisi
2753 4895 2861 4953 me,
2913 4882 2987 4953 et
2998 4894 3090 4953 eos
3110 4888 3250 4953 quas
3302 4876 3742 4953 ipsedebhqm

2075 4956 2228 5011 alere
2282 4948 2343 5008 ut
2389 4948 2740 5008 domesticos:
2781 4949 3039 5007 mirabile
3087 4948 3259 5017 dictu,
3311 4951 3365 5003 et
3413 4948 3743 5007 incredibile

2079 5026 2298 5082 auditu.

2147 5097 2332 5169 (1195)
2365 5095 2687 5169 Construe:
2734 5093 2939 5148 clamat
2981 5092 3292 5169 liberalitas
3333 5091 3741 5169 omnium,‘qui

2072 5165 2320 5225 incolunt
2344 5168 2589 5238 patriam
2617 5167 2804 5234 istam,
2839 5165 3116 5238 omnium,
3138 5167 3391 5238 inquam,
3423 5166 3737 5238 communi-

2073 5244 2155 5294 ter
2210 5233 2617 5296 observantium
2652 5233 2993 5308 prceCeplum
3023 5253 3041 5291 :
3074 5236 3157 5292 Ne
3208 5233 3532 5309 erigascui
3562 5234 3736 5292 mise-

2071 5312 2237 5380 reris,
2257 5315 2309 5366 et
2324 5306 2768 5381 compellendum
2783 5306 2871 5363 eos
2888 5308 3222 5381 (pauperes)
3245 5306 3325 5363 an
3326 5310 3377 5363 te
3398 5306 3596 5363 horam
3611 5323 3736 5378 quo-

2068 5397 2172 5452 que
2199 5397 2369 5452 usque
2421 5379 2491 5436 ad
2538 5380 2827 5452 crapulam
2872 5382 2924 5452 et
2950 5379 3277 5452 ebrietatem
3316 5385 3509 5452 contra
3532 5394 3733 5452 praece-

2063 5448 2221 5523 ptum
2274 5448 2405 5509 Dei:
2454 5468 2579 5507 cum
2620 5448 2671 5506 et
2719 5450 2827 5523 ipsi
2872 5450 3127 5523 deberent
3163 5448 3435 5507 custodire
3485 5448 3735 5523 solemne

306 5515 1195 5604 tum,nonjlevatumqueritur:
1220 5515 1585 5604 ‘Necmoveat
1605 5515 1954 5604 adjeﬂiyum
2055 5515 2334 5604 jejunium
2357 5515 3186 5604 ‘(id__e'stquadragesimum),
3219 5530 3280 5604 ut
3327 5520 3734 5604 cateriﬁdeles

298 5602 639 5658 pernequam
658 5604 677 5641 :
707 5604 769 5643 se
814 5589 971 5643 enim
1019 5589 1337 5645 identidem
1364 5589 1539 5645 veluti
1569 5589 1954 5651 sceleratissi-

310 5656 493 5712 mum’
507 5656 779 5714 traducit.

379 5725 568 5800 (1193)
598 5726 716 5788 Hoc
747 5727 971 5789 scilicet
992 5733 1249 5807 tempore
1269 5731 1531 5791 nondum
1554 5734 1805 5810 perfecta
1828 5741 1952 5798 erat

2063 5593 2392 5653 custodiant.
2446 5594 2583 5649 Tria
2612 5593 2717 5664 hic,
2751 5593 3043 5648 notanda:
3077 5593 3121 5649 Ι.
3150 5593 3408 5664 solemne
3450 5593 3738 5664 jejunium

2061 5672 2227 5723 vocat
2247 5662 2922 5738 quadragesimale,guo
2936 5664 3046 5721 hoc
3065 5663 3418 5738 opusculum
3443 5662 3732 5738 scriptum

2064 5732 2443 5812 probavimus
2461 5732 2579 5794 not.
2598 5732 3153 5810 1191.11ῖρειιιρθιιόε
3167 5735 3347 5795 etiam
3364 5736 3430 5792 ut
3450 5738 3508 5793 et
3528 5732 3732 5795 ﬁdeles
