3892 6364
374 428 498 500 643

1330 438 1703 504 RATHEBII
1746 440 1988 504 EPISC.
2034 386 2326 507 V'ERON.
2372 443 2544 505 OPP.
2589 438 2789 504 PARS
2834 441 2881 503 Ῑ.

3679 434 3791 501 644

381 571 577 647 quieto
600 571 734 645 jure
765 570 925 646 ipsas
953 568 2028 646 valeantpossidere,quantulumcun-
2058 576 2113 645 Α
2146 580 2245 633 aut
2277 576 2422 633 forte
2454 576 2632 633 etiam
2654 591 2837 644 arma,
2869 573 3084 629 dentur
3110 570 3195 629 eis
3227 571 3329 645 qui
3372 586 3611 629 mecum
3655 576 3790 630 tunc

380 679 494 735 que
524 660 747 719 scilicet
767 665 832 717 ut
850 661 1078 719 valeant
1101 661 1411 730 consolari,
1434 680 1583 736 quos
1596 664 2029 738 aliquantulum

378 749 707 808 constiterit
734 750 807 806 de
837 750 1143 807 absentatu
1176 768 1305 807 meo
1342 751 1583 809 tristari.

446 840 501 896 2.
534 844 599 895 In
629 839 837 912 primis
866 839 1013 907 volo,
1037 845 1101 896 ut
1130 840 1179 897 si
1213 839 1440 914 aliquid
1473 841 1691 914 injuste
1714 847 1902 910 teneo,
1935 842 2031 900 cui

379 928 1034 1002 competit,restituatur
1061 929 1321 985 omnino.
1340 930 1779 1004 Indequidquid
1808 932 1867 988 in
1894 951 2033 1006 sup-

376 1016 651 1092 pellectili
682 1035 813 1075 mea
833 1018 1154 1075 domestica
1175 1018 1488 1089 invenitur,
1512 1020 1849 1078 domesticis
1881 1022 2030 1078 divi-

377 1108 570 1177 datur,
595 1107 705 1164 hoc
736 1112 844 1175 est,
872 1106 1122 1177 clericis,
1147 1108 1248 1181 qui
1268 1108 1410 1163 mihi
1438 1109 1795 1180 deserviunt,
1820 1115 1876 1167 et
1908 1111 2032 1183 qui-

374 1196 653 1262 busdam,
686 1196 800 1252 nisi
825 1195 1136 1266 defuerint,
1168 1195 1425 1263 laiculis,
1456 1196 1747 1254 mansalia
1781 1197 2028 1267 scilicet,

379 1284 721 1352 scamnalia,
752 1284 1133 1353 lectisternia,
1165 1285 1472 1342 curtinulae
1515 1286 1692 1349 (1226)
1722 1287 1770 1343 si
1814 1287 2032 1343 fuerint

378 1375 610 1448 aliquis,
636 1379 844 1439 vestes,
871 1373 957 1430 vel
986 1378 1193 1431 caetera
1227 1374 1590 1445 hujusmodi.
1616 1374 1844 1432 Denarii
1875 1392 2028 1445 vero,

380 1463 429 1519 si
460 1462 606 1520 mihi
640 1464 856 1519 fuerint
886 1462 1089 1536 aliqui,
1116 1464 1197 1520 ita
1226 1462 1354 1519 volo
1387 1463 1529 1519 fiant
1577 1464 1767 1520 divisi.
1802 1464 1946 1533 Una,
1981 1463 2031 1520 si

376 1552 572 1620 fuerit,
595 1552 747 1608 libra
775 1553 946 1608 detur
974 1552 1344 1609 curatoribus
1377 1553 1599 1610 funeris
1631 1553 1745 1609 mei
1778 1570 1792 1610 :
1827 1553 2030 1621 altera,

376 1641 489 1699 nisi
504 1641 773 1710 defuerit,
792 1640 1018 1698 clericis
1037 1641 1341 1698 ecclesiam
1365 1642 2029 1714 possidentibussanctae

377 1731 571 1788 Mariae
589 1730 1171 1798 Consolatricis,cum
1188 1729 1412 1787 caeteris
1442 1730 1499 1786 in
1527 1732 1729 1787 eodem
1760 1731 2031 1788 Judicato

377 1819 530 1878 612
562 1819 892 1893 descriptis.
926 1819 1223 1891 Quidquid
1269 1819 1579 1892 supererit,
1614 1820 1735 1876 sive
1770 1819 1847 1877 sit
1877 1819 2029 1876 mul-

2141 665 2425 739 temporis
2454 665 2861 732 consistentes,
2897 661 3293 720 necessarium
3324 661 3645 719 habuerint
3667 679 3790 720 sese

2140 754 2277 811 alibi
2305 755 2638 823 transferre,
2675 754 2744 809 de
2776 752 2968 825 patria
2997 758 3052 808 et
3080 750 3426 825 cognatione
3451 751 3649 809 measi
3673 752 3788 807 fuc-

2142 844 2259 899 rint
2281 842 2699 899 maxime.Hoac
2722 845 2779 898 et
2800 840 2895 898 his
2924 839 3272 897 cohaerentia
3293 856 3428 896 cum
3458 855 3579 896 non
3611 840 3788 913 (1229)

2140 949 2365 1006 magnae
2396 930 2779 1005 pretiositatis
2812 930 2931 985 sint
2960 933 3113 986 certe
3146 930 3363 997 futura,
3398 928 3788 986 contradicto-

2140 1022 2307 1078 ribus
2349 1020 2619 1076 invadere
2658 1018 3091 1091 Omnipotcntis
3148 1018 3455 1091 prohibeat
3508 1033 3613 1074 eos
3659 1034 3789 1075 con-

2140 1114 2335 1166 terens
2364 1110 2567 1182 utique
2596 1109 2834 1165 dextera
2863 1112 2921 1164 et
2952 1112 3293 1165 sanctorum
3337 1106 3611 1164 omnium
3661 1124 3792 1164 ana-

2138 1198 2359 1255 thema.
2385 1200 2587 1254 Amen.

2210 1289 2262 1343 3.
2288 1288 2356 1343 Et
2376 1287 2496 1342 haec
2528 1286 2766 1360 quidem
2797 1285 3085 1359 repentini
3118 1303 3289 1342 casus
3311 1289 3574 1360 aguntur
3595 1301 3791 1359 suspe-

2141 1381 2252 1444 cto,
2287 1377 2387 1449 qui
2420 1377 2539 1433 sive
2573 1377 2777 1444 (1230),
2810 1376 3130 1449 contingat,
3163 1375 3283 1432 sive
3313 1374 3614 1448 elongatio
3660 1391 3789 1448 pro-

2141 1467 2327 1522 missa
2340 1467 2533 1534 detur,
2547 1470 2611 1521 ut
2624 1469 2924 1538 speratur;
2952 1465 3300 1521 commendo
3317 1469 3521 1521 vestrae
3538 1464 3783 1532 tuitioni,

2143 1556 2295 1613 513
2319 1555 2857 1628 paterexcelse(123
2897 1554 2935 1627 ),
2961 1554 3285 1627 descriptos
3314 1570 3523 1610 omnes
3562 1552 3622 1608 in
3655 1569 3785 1608 mea:

2140 1645 2536 1701 concessionis
2553 1645 2801 1708 decreto,
2826 1660 2892 1699 eo
2915 1642 3136 1698 scilicet
3168 1647 3386 1709 tenore,
3411 1646 3479 1698 ut
3522 1658 3661 1699 cum
3698 1657 3785 1697 ve-

2141 1734 2279 1790 stris
2311 1734 2592 1789 fratribus
2624 1734 2802 1806 (1232)
2837 1749 2935 1787 eos
2968 1735 3173 1787 contra
3201 1748 3406 1787 omnes
3435 1736 3665 1787 vestros
3694 1731 3785 1786 de-

2141 1822 2393 1879 fendatis
2426 1822 2682 1894 rogando
2717 1823 2944 1889 fratres,
2974 1824 3177 1877 contra
3206 1824 3442 1877 caeteros
3473 1836 3635 1888 vero,
3665 1818 3783 1892 qui-

374 1915 528 2004 tum,
548 1908 705 1982 quod
723 1925 839 2004 non
862 1908 1055 2004 credo,
1074 1909 1195 2004 sive
1218 1908 1300 2004 sit
1315 1925 1534 2004 parum
1566 1912 1666 1965 aut
1687 1913 1838 2004 certe
1860 1908 2029 2004 nihil,
2061 1937 2110 2004 Β
2144 1913 2254 1968 bus
2280 1911 2546 1985 poteritis
2575 1910 2826 1980 viribus;
2851 1910 3139 1982 praecipue
3161 1926 3294 1965 vero
3312 1907 3785 2004 libellum,_q-uem

376 1999 529 2073 quod
566 2015 682 2056 non
713 1998 1002 2066 discredo,
1036 1998 1249 2054 habeat
1279 1998 1567 2055 Martinus
1599 1996 1783 2062 (1227)
1816 1998 2032 2055 loculo-

377 2104 511 2143 rum
542 2102 700 2143 nunc
729 2089 990 2143 servator
1006 2101 1293 2154 meorum,
1311 2089 1413 2141 aut
1432 2085 1557 2157 qui,
1576 2086 1813 2157 quando
1834 2087 2027 2156 obibo,

377 2174 691 2233 tuncidem
717 2174 992 2230 habuerit
1014 2171 1431 2229 ministerium.
1448 2172 1556 2236 Qui
1588 2189 1721 2228 vero
1742 2172 1793 2230 ei
1816 2173 2031 2245 quidli-

377 2263 477 2320 bet
496 2262 633 2319 inde
644 2260 973 2331 abstulerit,
989 2260 1065 2317 sit
1088 2260 1171 2316 illi
1195 2260 1511 2317 anathema
1527 2262 1585 2316 et
1600 2260 1865 2317 confusio
1880 2278 2031 2318 sem-

380 2352 626 2425 piterna.
659 2351 794 2417 Quae
825 2351 897 2408 ad
942 2350 1159 2407 victum
1210 2348 1508 2422 pertinent
1556 2365 1712 2417 vero,
1745 2348 2028 2417 ecclesiis,

378 2440 607 2511 vellem,
654 2458 803 2515 quas
848 2443 1141 2497 restruere
1208 2456 1336 2495 sero
1395 2438 1601 2511 (1228),
1651 2438 1799 2511 proh
1833 2438 2026 2496 dolor!

379 2530 666 2603 inchoavi,
699 2530 1171 2586 concederentur.
1214 2522 1520 2584 Retribuat
1549 2544 1682 2583 vero
1713 2527 1867 2583 Deus
1898 2527 2030 2583 uni-

379 2619 611 2693 cuique,
644 2622 820 2692 prout
847 2617 1116 2692 gesserit,
1151 2616 1307 2673 inde.
1341 2615 1561 2673 Caballi
1611 2621 1910 2682 cinterum.
1939 2617 2029 2673 vel

381 2710 497 2765 alia
525 2708 575 2765 si
607 2708 752 2764 mihi
778 2707 995 2763 fuerint
1032 2707 1104 2763 ad
1134 2706 1245 2762 iter
1291 2706 1653 2779 carpendum
1700 2706 2030 2789 juvamina,

452 2824 635 2895 (1226)
656 2822 973 2895 διινιίηιιιαξ
991 2820 1383 2895 diminitivum
1414 2822 1573 2895 vocis
1602 2824 1859 2891 συνιέντα),
1884 2823 2030 2879 alias

378 2892 630 2961 cortinae,
664 2910 792 2965 qua:
824 2893 979 2964 apud
1014 2892 1193 2947 medii
1221 2893 1324 2947 aavi
1353 2893 1667 2965 scriptorcs
1700 2895 1821 2950 vcta
1866 2896 2030 2949 aulca

382 2965 737 3039 signiﬁes!-

450 3036 635 3171 ἓξὲξ)

451 3104 635 3173 (1228)
666 3106 815 3172 Sero,
849 3105 909 3159 id
939 3109 1025 3159 est
1057 3109 1187 3175 post
1208 3104 1447 3160 tertiam
1490 3105 1916 3161 restitutionem
1966 3107 2029 3163 in

358 3174 577 3236 sedem
608 3174 1179 3243 Veronensem,eam
1192 3192 1253 3231 se
1271 3176 1342 3231 de
1371 3174 1633 3233 ecclesiis
1664 3178 2030 3234 restrucndis

362 3246 696 3313 'sollicitum
752 3247 1037 3321 exhibuit.
1097 3246 1241 3302 Vide
1302 3247 1595 3316 Quatitatis
1659 3250 2031 3321 conjecturam

382 3323 635 3400 ιιιιᾳι.-2τ
667 3322 728 3400 et
756 3319 1178 3400 Applogeticum.

472 3393 635 3460 1229)
664 3389 1077 3474 Supplevimus
1105 3406 1214 3446 non
1245 3405 1315 3444 ex
1342 3390 1549 3445 eodem
1580 3406 1613 3445 a
1657 3407 1689 3445 o
1734 3390 1937 3464 rapho.

446 3395 635 3529 {1250)
666 3464 750 3518 Ita
798 3463 952 3517 Idem
1006 3461 1430 3529 apographum.
1464 3407 1652 3529 Αριιὲ
1677 3405 1783 3517 lges
1842 3464 1937 3529 qui

476 3461 768 3545 t250)-Ita'
796 3461 952 3545 idem
1006 3461 1430 3545 apographum.
1464 3461 1631 3533 Apud
1677 3461 1818 3517 Pez'
1842 3464 2032 3545 quisve

372 3538 672 3605 contingat,
725 3533 1024 3590 mendose.
1076 3534 1405 3605 Repentinus
1433 3548 1808 3604 casus,quem
1853 3533 2027 3588 time-

374 3607 492 3674 bat,
528 3623 687 3662 mors
706 3610 797 3661 est
818 3625 837 3672 ;
862 3605 1134 3675 elongutio
1164 3609 1358 3659 autem
1384 3606 1872 3675 promissa,quam
1904 3621 2031 3675 spe-

375 3680 561 3741 rabat,
584 3677 685 3732 illa
712 3680 824 3740 est,
856 3674 1034 3746 quam
1066 3676 1287 3729 iudicat
1334 3674 1395 3729 in
1446 3674 1621 3746 epist.
1648 3674 1725 3729 13
1761 3676 1834 3729 ad
1879 3674 2030 3730 Ade-

374 3749 589 3803 laidem
623 3744 1094 3817 imperatricem;
1132 3767 1169 3817 ες
1191 3744 1463 3817 Elongari
1490 3744 1685 3817 potius
1702 3746 2033 3817 salubriter

375 3824 433 3873 et
460 3814 726 3872 habitare
746 3816 805 3871 iu
837 3814 1174 3871 monasterii
1198 3816 1311 3871 mei
1340 3814 1609 3871 desidero
1633 3816 1969 3873 solitudine.
2000 3838 2029 3868 ››

374 3888 481 3944 Hic
512 3888 711 3959 itaque
741 3886 1165 3960 paragraphus,
1193 3887 1295 3960 qui
1325 3887 1384 3941 in
1417 3887 1544 3959 ipso
1571 3886 1767 3960 codice
1807 3887 2033 3960 aliquot

375 3956 665 4038 linearum
697 3956 1090 4038 spatiemch
1116 3956 1563 4038 intérjectopost
1584 3956 2030 4038 Testamentum

376 4029 711 4100 subjicitur,
732 4027 970 4083 additus
989 4046 1023 4083 ιι
1046 4027 1320 4083 Ratherio
1342 4027 1589 4095 videtur,
1618 4046 1750 4084 cum
1775 4030 2030 4086 abeundi

376 4107 758 4229 praticeptum,
779 4101 935 4172 quod
958 4105 1224 4172 expetere
1246 4104 1517 4172 coeperat,
1534 4100 1645 4173 ipsi
1667 4102 2029 4174 promissum

405 4192 462 4229 ui
498 4215 512 4229 .

405 4192 512 4230 ιιιι.

666 3034 945 3090 Nostrum
978 3033 1383 3105 apographum
1414 3035 1625 3089 Maron.

2141 2001 2271 2069 feci,
2301 1999 2590 2057 clericulis
2612 2000 2846 2057 duobus
2860 1999 3111 2055 Martino
3123 2002 3181 2055 et
3202 1998 3592 2071 Gisemperto,
3611 1997 3669 2053 id
3686 2000 3782 2063 est,

2138 2087 2393 2143 casalem
2447 2092 2492 2154 1,
2526 2088 2683 2159 quod
2732 2088 3034 2160 (1233)"...
3077 2086 3447 2144 nominatum
3494 2103 3603 2160 per
3648 2086 3785 2141 duos

2139 2193 2295 2231 nunc
2354 2175 2629 2231 incolitur
2695 2175 2847 2231 viros
2902 2176 3187 2232 Albonem
3249 2176 3402 2233 514
3463 2175 3781 2247 (1234)....η

2140 2281 2316 2336 quem
2348 2264 2587 2335 quidem
2632 2263 2772 2335 quia
2817 2263 3099 2321 diaconus
3148 2265 3385 2321 nomine
3436 2263 3782 2321 Benedictus

2139 2350 2539 2408 fraudulenter
2569 2351 2942 2423 acquisierat,
2965 2352 3037 2408 ab
3068 2369 3135 2408 eo
3167 2353 3440 2409 auferens
3470 2352 3608 2409 istis
3657 2369 3782 2409 con-

2140 2440 2311 2508 cessi,
2342 2457 2410 2497 ea
2430 2457 2584 2509 vero,
2619 2439 2758 2513 quia
2809 2456 2925 2496 non
2985 2439 3178 2512 potuit
3226 2439 3411 2508 aliter,
3448 2442 3699 2509 ratione,
3730 2441 3784 2494 ut

2138 2530 2322 2586 donec
2352 2529 2533 2585 forem
2566 2532 2885 2601 superstes,
2905 2544 3137 2584 mecum
3171 2526 3269 2583 illo
3294 2528 3783 2601 fruerentur,post

2139 2635 2271 2675 vero
2287 2635 2482 2673 meum
2497 2618 2907 2673 discessum29
2929 2633 3217 2673 annorum
3251 2616 3566 2672 curriculo.
3596 2621 3666 2673 ut
3694 2633 3781 2673 car-

2137 2706 2278 2764 teris
2312 2705 2492 2762 moris
2523 2710 2611 2763 est
2632 2706 2833 2779 (I235),
2864 2706 3250 2778 possiderent.

2211 2822 2394 2893 (1231)
2427 2823 2608 2893 Putris
2636 2821 2838 2876 excelsi
2868 2821 3123 2880 nomine.
3145 2820 3315 2890 cujus
3358 2819 3573 2893 fratres
3608 2823 3783 2893 vocat

2136 2892 2505 2949 Veronenses
2532 2892 2793 2960 clericos,
2818 2908 3218 2964 successorem
3252 2908 3426 2964 suum
3459 2892 3781 2964 significare

2139 2965 2389 3029 videtur,
2408 2964 2499 3019 cui
2521 2964 2673 3019 hanc
2690 2980 2860 3018 suam
2885 2962 3150 3035 ultimam
3180 2962 3563 3035 voluntatem,
3581 2968 3635 3018 et
3650 2980 3781 3035 pra:-

2139 3036 2308 3107 cipue
2338 3052 2455 3090 suae
2486 3036 2845 3091 concessionis
2875 3034 3170 3100 decretum,
3204 3034 3260 3089 id
3310 3038 3401 3090 est
3443 3034 3778 3097 Judicatum,

2138 3107 2446 3163 commend
2456 3111 2533 3161 at.

2209 3180 2396 3245 (1232)
2453 3177 2558 3233 Pez
2613 3176 3059 3248 vestratibus,_et
3114 3180 3318 3248 postea
3375 3180 3636 3233 vestrates
3688 3189 3778 3247 pro

2140 3250 2361 3321 fratres.
2394 3248 2729 3321 Apographi
2759 3248 2943 3321 nostri
2975 3246 3284 3321 lectionem
3328 3246 3713 3321 prgatulimus.

2214 3320 2400 3391 (1233)
2434 3315 2564 3375 Haec
2596 3315 2806 3375 lacuna
2834 3318 2892 3391 in
2924 3318 3121 3374 eodice
3149 3320 3274 3391 ipso
3328 3315 3531 3375 relicta
3582 3315 3777 3391 casalis

2139 3388 2443 3463 preprium
2469 3408 2711 3465 nomen,
2744 3390 2899 3463 quod
2932 3388 3309 3446 amanuensis
3339 3406 3456 3447 non
3493 3389 3682 3465 potuit
3707 3388 3776 3443 le-

2139 3462 2293 3535 gere,
2327 3462 2683 3535 continebat.

2225 3534 2381 3605 1234)
2408 3534 2518 3605 Hic
2551 3550 2785 3605 quopue
2810 3533 2976 3588 deest
2996 3548 3209 3589 nomen
3232 3530 3771 3595 alteriuseduobus,

2140 3604 2239 3676 qui
2271 3604 2521 3660 casalem
2553 3604 2904 3660 incolebant.

2209 3676 2390 3744 (1255)
2425 3676 2555 3731 Haac
2587 3676 2868 3730 nimirum
2917 3673 3338 3731 libellariorum
3379 3679 3769 3732 contractuum

2141 3747 2287 3802 ratio
2317 3753 2460 3813 erat,
2494 3752 2559 3802 ut
2588 3765 2773 3802 annos
2805 3764 3009 3802 novem
3041 3752 3097 3801 et
3126 3747 3331 3818 viginti
3392 3764 3509 3802 non
3554 3745 3771 3818 excede-

2141 3825 2289 3890 rent,
2323 3819 2395 3873 ad
2429 3818 2926 3890 praescriptionem
2977 3817 3224 3890 triginta
3274 3835 3566 3873 annorum
3606 3817 3770 3890 impe:

2141 3884 2443 3962 diendam:
2455 3890 2641 3960 Hujus
2669 3884 3004 3944 contractus
3017 3884 3304 3962 vetustius
3327 3907 3490 3962 papae
3514 3884 3770 3962 Honorii!

2141 3961 2474 4033 exemplum
2506 3954 2641 4021 anni
2664 3962 2772 4015 625
2810 3978 2877 4015 ex
2911 3977 3019 4014 ms.
3054 3954 3344 4015 Vaticano.
3386 3954 3680 4033 edidimus
3722 3954 3771 4007 in

2140 4032 2388 4086 tractatu
2428 4033 2501 4087 De
2528 4033 2773 4104 antiquis
2796 4033 3201 4087 collectionibus
3230 4041 3280 4087 et
3304 4032 3673 4104 colleciorihus
3697 4042 3771 4104 σᾳ·

2140 4108 2626 4176 ηθηωηᾲριιιιιιιιι,
2651 4098 2778 4176 cap.
2818 4104 2901 4171 14,
2934 4120 3067 4176 pag.
3101 4105 3226 4170 306,
3250 4108 3392 4158 tom.
3418 4105 3498 4159 Ill
3521 4098 3771 4158 editionis

2141 4174 2475 4229 novissimis
2509 4175 2568 4229 S.
2604 4175 2833 4229 Leonis.

375 4261 3775 4307 nx======z=5======I================I=====1=====:;==::==nc::::::::::::::=:::=::=::=====

1531 4365 2630 4471 BATHBBII

1644 4538 1998 4600 EPISCOPI
2042 4540 2535 4603 VERONENSIS

699 4690 1612 4851 OPERUM
1747 4690 2301 4851 PARS
2431 4691 3471 4853 SECUNDA

1696 4975 2492 5072 EPISTOLZE.

1876 5135 2277 5152 —-———-

771 5204 917 5263 52I
956 5202 1307 5260 EPISTOLA
1346 5202 1596 5260 PRIMA.

877 5310 952 5350 an
993 5308 1285 5349 PATRICUM
1326 5293 1507 5364 (4236)

703 5386 785 5439 De
813 5398 1036 5453 corpore
1064 5384 1115 5437 et
1139 5382 1410 5451 sanguine
1447 5381 1687 5437 Domini.

449 5471 696 5530 PATRICO
731 5472 1086 5538 RATHE’RIUS,
1120 5467 1334 5524 misero
1363 5468 1757 5526 miserrimus.

451 5596 633 5670 (1236)
665 5596 802 5670 Haec
833 5592 1094 5670 epistola
1123 5592 1443 5670 separatim
1474 5593 1556 5670 ab_
1576 5592 1823 5670 Acherio
1880 5598 2037 5656 edita

379 5664 469 5728 est
498 5685 529 5743 e
552 5664 976 5743 imis.__Lobiehsi
1007 5669 1170 5743 temo
1194 5664 1403 5743 XI_I._In
1426 5664 1748 5743 novissima
1762 5683 1896 5725 vero
1916 5671 2038 5743 Spi-

383 5814 396 5825 ο
448 5738 897 5825 (123ἶὶνιιιεαιί
952 5737 1180 5795 addunt
1234 5735 1417 5810 siglas
1479 5739 1533 5796 V.
1565 5736 1621 5793 S.
1655 5753 1804 5811 quas
1856 5735 2036 5801 codex

379 5816 636 5979 ἐἴθ
650 5883 813 5945 Sicut
825 5881 1052 5946 Ordine:
1063 5884 1385 5946 veneantur
1402 5878 1607 5959 libelli:
1621 5880 1716 5947 σαί
1731 5884 2025 5966 οιυυθίίαθ

2054 5223 2103 5287 D

2207 5211 2391 5283 (1237)
2422 5210 2797 5284 Interrogasti
2833 5210 3153 5281 quemdam
3189 5228 3396 5283 nuper,
3422 5203 3646 5283 quando
3673 5189 3766 5252 sci-

2144 5301 2279 5357 licet
2310 5299 2594 5356 Dominus
2626 5304 2824 5354 noster
2850 5298 3152 5355 Conradus
3182 5299 3416 5355 ordines
3435 5295 3609 5367 (1238)
3634 5295 3768 5343 exer-

2143 5390 2263 5444 cuit
2278 5387 2703 5445 ecclesiasticos
2729 5388 2881 5444 522
2913 5386 3037 5443 loco
3071 5387 3170 5460 qui
3204 5388 3422 5443 dicitur
3461 5386 3643 5443 Horna
3665 5390 3681 5460 ξ
3706 5371 3761 5422 ω

2146 5484 2279 5551 apte
2313 5477 2401 5552 [[2,
2425 5476 2668 5550 aperto],
2692 5475 2793 5532 sed
2847 5492 3009 5532 more
3034 5458 3107 5547 [Ῑί
3124 5476 3453 5532 subauditur
3505 5465 3641 5537 tuo],
3669 5458 3762 5515 hoc

2145 5601 2338 5673 cilegii
2369 5599 2677 5657 Acheriani
2707 5599 2962 5656 editione
2994 5617 3112 5655 una
3151 5617 3287 5656 cum
3347 5598 3476 5655 aliis
3531 5575 3759 5715 1122133;

3511 5681 3579 5715 OD

3511 5683 3739 5729 openum

3511 5683 3541 5722 0
3584 5681 3757 5729 θῐΊυυξτ

2143 5743 2547 5800 ecclesiasticae
2581 5740 2899 5815 functionis
2930 5742 3110 5815 ritum
3137 5742 3523 5815 ordinemque
3535 5681 3764 5815 gressi?

2143 5816 2326 5889 bunt;
2358 5815 2441 5880 ita
2468 5814 2797 5881 functiones
2845 5812 3269 5895 ecclesiasticis,
3301 5805 3441 5895 qua).
3458 5805 3761 5930 ad'eorgg
