3892 6366
343 432 462 497 ΒΒΣἸ

813 564 964 620 509
1003 562 1349 618 EPISTOLA
1386 561 1531 633 XlV.

348 667 616 707 svsmcu
655 649 840 723 (1423)
880 665 1208 707 LsooIsNSIs
1247 665 1499 705 EPISCOPI
1539 665 1611 705 an
1660 663 1995 704 narunmum

775 738 1155 777 VERONENSEM
1204 736 1475 776 EPISCOPU
1484 737 1541 775 BI.

422 827 669 884 Domino
701 832 759 883 et
788 826 937 899 patri
962 831 1051 883 ter
1078 827 1247 883 beato
1272 825 1509 899 prmsuli
1532 826 1838 891 RATHERIO,
1873 839 2000 895 spe-

354 920 520 972 ctatae
550 915 842 988 epiniouis
869 915 1012 983 viro,
1040 912 1261 987 magno
1286 915 1469 987 (1424)
1501 919 1558 970 et
1586 912 2000 987 probatissimo

353 1007 702 1071 EVERACLUS,
720 1021 1021 1061 servorum
1051 1003 1267 1060 Christi
1302 1020 1689 1071 servus,suus
1720 1002 2001 1074 indignus

352 1093 490 1149 licet
518 1092 706 1148 vocari
740 1091 920 1164 ﬁlius,
935 1091 1219 1166 quidquid
1258 1093 1315 1147 in
1330 1091 1556 1147 Christo
1586 1091 1727 1147 Jesu
1750 1090 1999 1146 felicius.

434 1180 867 1253 t.Hyperbaton
889 1198 1023 1236 cum
1041 1179 1390 1252 ambagibus
1414 1180 1538 1235 suis
1560 1179 1857 1245 omittens,
1880 1194 2003 1232 rem

356 1266 568 1339 ipsam,
604 1271 825 1338 quanta
854 1284 995 1322 meae
1022 1284 1157 1339 pars
1186 1269 1378 1321 vestra
1408 1266 1484 1321 sit
1514 1266 1742 1332 animae,
1777 1265 1933 1320 nudo
1951 1267 2007 1318 et

359 1359 559 1428 aperto
582 1372 853 1411 sermone
884 1373 975 1411 me
998 1357 1167 1427 juvat
1197 1354 1547 1421 describere,
1579 1353 1925 1409 scholastice
1956 1351 2006 1408 si

357 1461 471 1498 non
498 1441 680 1510 valeo,
702 1445 931 1499 utinam
955 1443 1045 1500 vel
1071 1444 1306 1511 rustice,
1333 1460 1447 1498 non
1472 1444 1602 1498 ficte
1625 1447 1842 1510 tamen,
1871 1441 2009 1513 quia

357 1549 507 1604 pura
536 1531 704 1586 traho
729 1549 885 1600 voce,
921 1533 1075 1604 quod
1110 1532 1271 1595 latet,
1304 1548 1519 1586 arcana
1544 1548 1658 1586 non
1692 1529 2007 1585 enarrabili

357 1621 541 1688 ﬁbra;
576 1624 861 1691 quantum
892 1637 993 1675 vos
1026 1620 1265 1675 sinuoso
1297 1619 1355 1673 in
1391 1623 1638 1691 pectore,
1664 1618 1782 1683 fixi,
1808 1621 2008 1673 notare

357 1708 561 1782 gestio.
596 1707 745 1763 Illud
778 1708 1068 1763 comicum
1102 1707 1288 1763 nostis
1321 1707 1619 1777 (Tenum,
1648 1706 1816 1761 Andr.
1846 1724 1885 1769 1,
1909 1706 1965 1778 2)
1992 1722 2006 1760 :

356 1798 535 1853 Davus
559 1814 707 1863 cum,
740 1814 850 1852 non
889 1797 1146 1867 (Edipus,
1177 1798 1245 1850 ut
1296 1794 1504 1851 fucatis
1560 1794 1750 1850 verbis
1810 1793 2007 1850 fallam

358 1885 661 1943 audientes
694 1903 708 1941 :
744 1886 844 1942 sed
875 1885 996 1942 haec
1029 1885 1334 1941 hactenus.

425 1978 479 2029 2.
514 1973 728 2029 Audita
747 1990 880 2029 vero
910 1978 967 2029 et
994 1974 1275 2029 attentius
1306 1975 1577 2045 percepta
1607 1971 1897 2044 legatione
1921 1988 2006 2026 ve-

359 2068 481 2121 stra
510 2058 753 2132 mellita,
789 2062 1050 2119 nondum
1107 2062 1231 2117 viso
1288 2060 1377 2117 vel
1428 2065 1683 2133 accepto,
1713 2061 1867 2131 quod
1914 2059 2008 2131 pio

359 2169 555 2208 amore
582 2151 851 2218 misistis,
887 2150 1175 2219 balsamo,
1197 2150 1405 2205 litteris
1435 2149 1644 2205 vestris
1676 2149 1868 2205 adhuc
1892 2164 2009 2204 non

358 2240 543 2309 lectis,
568 2240 752 2312 (1425)
770 2257 881 2295 nou
902 2239 1215 2293 minimum
1238 2255 1372 2311 ergo
1395 2254 1509 2302 me,
1547 2254 1723 2309 quem
1746 2235 2007 2310 cognovi,

360 2332 478 2384 tam
512 2327 708 2400 magni
742 2332 797 2384 et
828 2326 1139 2383 clarissimi
1170 2326 1276 2381 viri
1303 2327 1546 2382 aliectus
1596 2326 1819 2398 integer
1865 2324 2010 2379 mihi

360 2416 589 2473 tantillo
602 2414 1510 2488 aecumulavitgaudium;liquor
1521 2414 2012 2487 pretiosus,cujus

360 2505 475 2561 fere
490 2522 648 2562 eram
682 2506 873 2578 inops,
892 2504 1119 2560 vultum
1146 2521 1260 2559 non
1285 2503 1655 2559 mediocriter
1668 2502 2013 2559 exbilaravit

362 2596 555 2650 datus.
571 2594 782 2650 Audito
804 2594 1040 2649 tandem
1067 2592 1323 2666 epitheto
1345 2609 1459 2647 non
1484 2610 1611 2648 meo
1633 2592 1853 2648 nomini
1878 2609 2014 2646 con-

364 2699 531 2755 gruo,
564 2683 721 2755 quod
751 2686 944 2739 vestra
974 2683 1229 2738 cbaritas
1260 2681 1407 2738 mihi
1439 2680 1602 2737 nulla
1648 2680 2019 2737 commenda-

364 2772 523 2825 tione
554 2775 791 2827 actuum
824 2788 1090 2826 meorum
1122 2770 1416 2843 apposuit,
1453 2769 1608 2824 ultra
1636 2787 1811 2841 quam
1857 2768 2015 2825 credi

368 2863 558 2931 potest
583 2860 765 2926 (1426)
789 2858 1053 2914 animum
1086 2857 1416 2913 laetificavit.
1445 2858 1583 2913 Inde
1613 2858 1830 2913 centies
1853 2857 2019 2913 ﬂexis

369 2946 619 3019 genibus
639 2963 846 3001 versus
865 2946 1178 3012 Veronam,
1202 2950 1394 3001 vestra
1424 2945 1594 3017 quasi
1624 2945 1892 3003 lambens
1925 2962 2019 3003 ve.-

378 3034 572 3106 stigia,
610 3034 762 3090 510
795 3033 1008 3089 millies
1058 3033 1215 3091 mille
1261 3034 1425 3089 vobis
1477 3035 1729 3106 rependo
1778 3035 2018 3106 gratias.

376 3125 559 3194 Cujus
589 3140 723 3178 vero
754 3121 1006 3191 virtutis,
1039 3123 1087 3177 si
1118 3124 1272 3195 quod
1306 3123 1363 3177 in
1398 3140 1491 3179 me
1530 3123 1885 3195 apparuerit,
1919 3123 2020 3195 qui

374 3212 536 3266 nulla
551 3212 789 3268 omnino
801 3211 1494 3283 praeluceo,simulacrum
1510 3228 1803 3283 nusquam
1818 3215 2023 3266 etnun-

974 430 1349 492 RATHERII
1394 430 1638 492 EPISC.
1685 427 1972 490 VERON.
2020 426 2193 487 OPP.
2245 426 2438 488 PARS
2481 427 2558 488 II.
2593 462 2671 471 —
2699 426 3130 490 EPISTOLE.

3646 423 3766 489 688

2025 558 2081 623 Α
2112 557 2222 613 bus
2254 562 2604 630 repetere,et
2632 558 2680 613 si
2704 576 2874 616 mane
2905 575 3044 630 non,
3056 556 3147 615 vel
3179 562 3313 631 post
3340 555 3598 631 prandia
3612 556 3768 619 inter

2102 645 2450 721 bibendum,
2474 647 2766 720 quomodo
2788 663 2883 703 me
2906 646 3233 715 fovistis;ut
3260 646 3766 709 commanducan-

2108 734 2250 790 dum
2292 735 2512 801 cibum,
2546 735 2699 792 sicut
2728 735 2986 792 nutrices
3016 735 3767 801 infantibus-edentulis,in

2109 839 2174 877 os
2198 839 2395 879 meum
2426 823 2757 895 trajecistis.
2777 812 2926 901 Quid
2959 828 3113 891 ante,
3148 824 3289 897 quid
3320 829 3454 897 post
3483 829 3767 898 protento

2111 911 2389 968 beneﬁcio
2403 911 3091 969 commemorem?Radis
3108 931 3242 971 sum
3263 918 3324 971 et
3341 913 3607 988 ignarus.
3623 913 3767 980 Quia

2113 1000 2269 1054 enim
2291 1004 2377 1055 est
2400 998 2563 1056 vobis
2580 1005 2681 1056 aut
2702 1001 3012 1073 sapientia.
3034 1006 3136 1058 aut
3164 1003 3473 1074 probitate,
3489 1008 3594 1059 aut
3613 1000 3767 1074 opti-

2114 1105 2348 1145 marum
2360 1090 2573 1145 artium
2592 1090 2811 1155 studio,
2826 1090 3291 1159 autinnoceutia,
3310 1096 3413 1147 aut
3433 1089 3769 1147 ullalaudis

2112 1192 2324 1253 genere
2347 1178 2753 1249 praestantior?
2774 1178 3047 1237 Tulliana
3063 1197 3175 1237 vox
3198 1183 3389 1247 sonat,
3410 1181 3593 1248 (1427)
3627 1179 3771 1235 tuba

2115 1265 2495 1322 Ciceroniana
2516 1267 2873 1337 intonat(pr0
2893 1268 3079 1341 Marc.)
3103 1286 3117 1324 :
3142 1266 3363 1324 nullius
3394 1272 3630 1339 tantum
3659 1267 3767 1322 ﬂu-

2116 1372 2252 1410 men
2283 1359 2373 1411 est
2403 1355 2823 1428 ingenii,nulla
2840 1356 3271 1427 dicendi,nulla
3295 1356 3592 1414 scribendi
3605 1362 3771 1413 tanta

2113 1443 2224 1513 vis,
2257 1448 2422 1500 tanta
2452 1445 2636 1517 copia,
2670 1463 2797 1517 qua:
2831 1463 2946 1502 non
2969 1447 3160 1505 dicam
3190 1462 3490 1515 exornare,
3506 1447 3613 1503 sed
3635 1449 3770 1501 tua-

2118 1549 2249 1588 rum
2280 1532 2565 1589 virtutum
2624 1533 2829 1590 laudes
2860 1534 3048 1606 possit
3076 1550 3367 1593 enarrare.
3401 1534 3771 1593 Patientiasi

2121 1625 2477 1676 memoratur
2507 1621 2577 1689 (si
2613 1622 2699 1678 fas
2730 1627 2820 1678 est
2848 1623 3041 1679 dicere
3095 1623 3208 1679 ﬁde
3266 1621 3447 1691 salva,
3481 1638 3555 1679 ne
3584 1622 3771 1679 Deum

2120 1710 2433 1780 otl‘eudam)
2463 1714 2525 1763 tu
2553 1727 2615 1765 es
2648 1709 2794 1783 ipsa.
2828 1711 2953 1767 Non
2978 1711 3292 1783 (Penssat.
3326 1714 3380 1779 5,
3408 1728 3462 1773 v,
3491 1713 3612 1775 112)
3643 1710 3775 1769 sali-

2120 1814 2252 1852 vam
2283 1797 2472 1869 glutto
2491 1798 2770 1855 sorbuisti
2793 1799 3225 1869 mercurialem,
3240 1800 3421 1872 inque
3442 1799 3566 1856 luto
3589 1800 3772 1857 fixum

2039 1924 2089 1990 Β
2121 1885 2367 1958 potuisti
2398 1888 2810 1944 transcendere
2845 1905 3182 1946 nummum.
3210 1889 3773 1962 Satyricos'omitta-

2119 1991 2276 2040 mus,
2304 1975 2376 2030 ad
2409 1975 2706 2051 simplices
2737 1977 3047 2033 redeamus
3077 1981 3133 2033 et
3152 1982 3421 2049 sanctos.
3440 1977 3567 2035 Non
3598 1978 3772 2035 modo

2121 2080 2236 2117 non
2269 2063 2536 2135 rapuisti,
2564 2064 2664 2120 sed
2696 2081 2801 2121 nec
2832 2066 3071 2137 quidem
3096 2058 3397 2139 'appetiisti
3429 2066 3775 2135 aliena;lar-

2118 2151 2276 2224 gitus
2307 2168 2369 2205 es
2401 2152 2655 2224 prepria,
2684 2151 2933 2210 aliorum
2992 2153 3635 2227 condolensmiseriis,
3658 2173 3774 2215 non

2120 2238 2495 2296 felicitatibus
2522 2241 2788 2299 invidens
2807 2242 3032 2311 alienis,
3053 2243 3329 2301 omnibus
3349 2244 3551 2301 omnia
3562 2232 3775 2313 factus,

2126 2333 2192 2383 ut
2247 2345 2453 2384 omnes
2486 2329 2859 2387 lucrifaceres
2892 2336 2940 2400 (I
2968 2334 3092 2389 Cor.
3125 2349 3204 2401 Ix,
3233 2331 3345 2405 22).
3377 2332 3585 2389 Nativa
3611 2333 3774 2391 vobis

2123 2417 2369 2488 supplex
2397 2418 2587 2473 tendit
2617 2436 2831 2475 manus
2866 2420 3075 2493 patria,
3094 2423 3239 2477 etut
3268 2420 3523 2479 redeatis
3550 2421 3777 2479 invitat.

2123 2505 2340 2561 Omnes
2359 2512 2645 2579 quotquot
2658 2512 2797 2564 sunt
2817 2509 3125 2582 utriusque
3138 2510 3364 2566 ordinis
3375 2510 3774 2569 clericaliseeu

2125 2593 2398 2649 militaris
2448 2595 2656 2667 (1428),
2704 2601 2920 2661 mente.
2969 2597 3292 2669 voluntate,
3326 2599 3543 2668 studio,
3586 2606 3773 2675 gestu,

2124 2699 2281 2750 voce,
2326 2686 2389 2737 ut
2414 2683 2680 2750 veniatis,
2713 2684 2991 2753 clamant,
3018 2703 3127 2743 vos
3169 2687 3364 2743 videre
3419 2688 3773 2747 desiderant.

2126 2769 2368 2826 Servitio
2392 2772 2556 2826 vobis
2577 2771 2969 2845 impendendo
2995 2792 3100 2831 nec
3120 2792 3437 2835 numerum
3459 2794 3652 2851 neque
3664 2795 3779 2851 me;

2128 2860 2269 2915 dum
2289 2859 2648 2933 prmﬁgimus
2668 2860 2876 2918 ullum.
2901 2862 3112 2922 Omnia
3127 2868 3328 2922 nostra
3342 2866 3589 2923 eruntin
3603 2884 3778 2926 manu

2128 2951 2338 3016 vestra,
2372 2950 2696 3007 secundum
2757 2952 2909 3023 quod
2962 2952 3160 3011 animo
3191 2959 3382 3011 vestro
3413 2955 3717 3026 insederit,
3748 2973 3779 3015 θ

2131 3035 2337 3091 dilecte
2360 3037 2613 3093 Ratheri.
2634 3039 2855 3096 Cuncta
2881 3042 3206 3113 praevidete,
3226 3042 3541 3116 disponite,
3565 3045 3779 3105 consti-

2132 3125 2295 3193 tuite,
2327 3130 2384 3180 et
2416 3131 2478 3181 ut
2510 3126 2764 3195 libuerit,
2799 3126 2859 3184 in
2901 3131 3178 3189 omnibus
3209 3132 3382 3205 agite.
3412 3134 3537 3189 Sub
3589 3140 3779 3193 vestro

2134 3213 2339 3286 pollice
2371 3215 2537 3271 docto
2568 3220 2623 3271 et
2656 3218 2875 3273 artiﬁce
2934 3236 3178 3276 manum
3230 3221 3429 3279 ferulae
3476 3239 3601 3281 non
3653 3241 3782 3285 erue

377 3301 639 3372 quam,si
676 3300 1071 3372 experimento
1096 3300 1316 3355 discere
1339 3299 1496 3356 cordi
1530 3305 1637 3369 est,
1666 3317 1697 3355 a
1727 3300 1889 3355 vobis
1922 3300 2022 3355 ab-
2052 3289 2096 3357 C
2133 3303 2368 3357 bescam
2424 3304 2770 3361 subducere.
2805 3305 2921 3362 Nos
2978 3306 3185 3373 valete,
3244 3326 3347 3365 vos
3405 3309 3689 3382 plaudite,
3728 3317 3785 3369 et

367 3389 476 3444 erit
505 3389 862 3462 elongatum.
896 3388 1210 3445 Pristinam
1246 3406 1396 3462 saepe
1429 3388 1586 3445 soleo
1640 3393 1772 3444 ante
1822 3388 2019 3445 oculos

365 3478 736 3535 dulcedinem
768 3478 1195 3551 ponere,idque
1216 3478 1437 3534 crebris
1458 3478 1708 3534 libenter
1739 3478 2020 3534 sermoni-

437 3641 621 3709 (1423)
656 3642 962 3695 Evracrum
990 3644 1160 3695 vocat
1176 3639 1498 3695 Fulcuinus
1520 3639 1578 3695 in
1609 3640 1804 3695 Gestis
1837 3640 2017 3695 abba-

364 3715 493 3765 tum
516 3711 889 3781 Lobiensium
913 3727 1040 3781 cap.
1063 3714 1132 3765 27
1154 3714 1211 3765 et
1229 3714 1319 3765 28.
1343 3710 1655 3765 Anselmus
1673 3713 2014 3778 canonicus,

365 3782 519 3861 apud
548 3780 1044 3861 Chapeauvillium
1068 3786 1209 3836 tom.
1237 3782 1373 3861 Lude
1393 3781 2016 3861 gestis-episcoporum

364 3851 1102 3932 Tungrensium‘Eraclium
1117 3851 1393 3932 appellat.
1418 3854 1491 3906 At
1505 3851 2012 3932 inﬁiisdem'Gestis

365 3921 723 3995 auctioribus
762 3921 1335 3995 etiamendatio—ribus
1368 3924 1523 3995 apud
1557 3923 1664 3977 PP.
1688 3924 1944 3979 Martene
1960 3929 2017 3980 et

362 3991 598 4067 ῥυτᾶηᾴ
621 3996 762 4047 tom.
792 3994 862 4067 IV
893 3993 1125 4067 Collect.
1156 3991 1711 4067 veter.rscriptorum
1744 4012 1875 4067 pag.
1909 3998 2016 4050 860

359 4064 651 4137 Eueraclus
679 4065 1035 4137 nominatur.
1056 4065 1160 4120 Hic
1178 4064 1589 4120 LeodicenSem
1612 4064 2013 4137 episcopatum

361 4134 491 4189 iniit
521 4152 673 4209 anno
695 4136 819 4209 959,
854 4143 910 4191 et
938 4153 968 4209 e
997 4136 1144 4209 vivis
1175 4137 1425 4192 excessit
1452 4152 1605 4191 anno
1624 4134 1749 4191 97!.
1785 4134 2013 4209 Scripta

359 4211 555 4262 autem
590 4206 699 4290 fuit
730 4206 849 4291 haec
878 4205 1143 4291 epistola,
1179 4209 1319 4291 dum
1362 4205 2011 4291 Ratheriusﬁyrerone‘n-

359 4293 481 4332 sem
514 4278 928 4350 episcopatum
947 4279 1116 4334 tertio
1148 4279 1438 4361 obtinens,
1475 4295 1626 4349 anno
1673 4278 1781 4334 968
1826 4280 2011 4361 multa

355 4348 591 4430 Veronae
606 4367 919 4430 perpessus
938 4350 1096 4430 abire
1113 4352 1524 4430 meditabatur.
1543 4349 2010 4430 Chapeauvnltius

356 4425 515 4476 tome
531 4420 772 4494 laudato
796 4438 927 4494 pag.
963 4423 1209 4494 I90Anot.
1236 4426 1290 4489 2,
1320 4422 1511 4493 ipsam
1558 4420 1865 4494 epistolam
1896 4423 2008 4478 im-

355 4492 572 4567 pressit
598 4509 630 4547 e
659 4509 770 4567 ms.
806 4492 1096 4564 Lobiensi,
1112 4509 1180 4549 ex
1205 4510 1320 4567 quo
1341 4492 1458 4551 nos
1479 4492 1811 4551 accuratius
1822 4510 2010 4551 exem-

356 4560 523 4636 plum
549 4562 902 4636 accepimus.

2130 3392 2319 3463 gratia
2350 3391 2578 3448 Domini
2609 3394 2795 3452 nostri
2827 3412 2928 3451 vos
2958 3396 3029 3452 ab
3064 3397 3304 3454 incursu
3335 3398 3490 3457 malo
3548 3404 3787 3463 tueatur

2130 3479 2421 3536 continue.

2200 3642 2385 3724 (3424.)
2414 3642 3093 3724 Apudgbapeauvilium
3126 3646 3287 3703 deest
3316 3664 3537 3720 magno,
3570 3654 3628 3705 et
3649 3656 3783 3724 post

2127 3712 2452 3779 ambagibus
2465 3712 2848 3771 desideratur
2875 3719 3011 3772 suis.

2199 3784 2382 3865 (1_42§'>)
2413 3785 2698 3865 construe
2730 3804 2742 3841 :
2778 3789 2991 3857 Integer
3014 3789 3239 3865 a/fectus
3260 3791 3371 3846 viri
3415 3799 3535 3847 tam
3589 3796 3784 3865 magni

2125 3863 2183 3937 et.
2202 3855 2504 3911 clarissimi
2518 3872 2663 3937 erga
2694 3874 2798 3923 me,
2815 3855 2975 3937 quem
3002 3855 3245 3937 cognovi,
3260 3865 3635 3920 accumulavit
3648 3855 3782 3937 gau-

2124 3925 2279 3980 dium
2305 3943 2417 3981 non
2445 3929 2743 3983 minim-um
2762 3925 2907 3986 mihi
2935 3925 3174 3988 tantillo.

2196 3998 2379 4060 (1426)
2403 3997 2873 4070 Chapeauvillius
2898 4003 3254 4074 potuit.Dein
3284 4004 3503 4062 omittit
3542 4015 3595 4063 et
3621 4024 3777 4064 nun-

2400 4140 2584 4223 Yoces
2615 4142 2739 4223 lupa
2769 4144 3130 4223 Ciceroniana
3171 4147 3411 4216 intonat,
3437 4164 3569 4223 quae
3619 4151 3776 4223 apud

2121 4209 2622 4291 Chapeauvillium
2653 4214 2886 4285 desunt,
2920 4233 2989 4272 ex
3020 4224 3222 4274 nostro
3244 4209 3584 4294 apographo
3617 4209 3775 4278 inse.

2122 4296 2376 4430 ἷυξῗὶὲἓ)
2410 4352 2550 4430 0_rdo
2586 4356 2875 4426 militaris,
2908 4375 3010 4415 seu
3061 4358 3337 4430 militum,
3370 4362 3430 4418 id
3477 4366 3573 4420 est
3609 4364 3776 4420 nobi-

2308 4425 2518 4482 Confer
2548 4431 2665 4483 not.
2694 4421 2884 4496 14am
2909 4430 3126 4488 librum
3145 4421 3383 4489 tertium
3427 4433 3779 4510 Prteloquio-
