3892 6386
131 397 264 467 097

1639 396 2089 474 SEBMONES.

3453 386 3575 467 698

141 542 353 597 mutuo
381 536 492 596 sibi
525 538 928 615 suffragantur
956 537 1039 597 ita
1080 534 1387 609 solamine,
1415 541 1482 595 ut
1504 536 1805 612 jejunium
1833 531 1893 605 Α
1918 526 2269 595 multimOda
2297 540 2596 612 genera,et
2621 534 2718 596 his
2749 534 2967 596 similia
2990 535 3573 623 meditantesquam-f

141 629 530 703 eleemosynze
562 634 621 687 et
650 630 837 687 oratio
864 648 878 699 ;
912 628 1315 703 eleemosynas
1344 629 1530 685 oratio
1562 632 1619 684 et
1647 630 1811 701 jeju-

143 719 318 776 nium
341 737 355 787 ;
383 718 705 775 orationem
731 718 1111 793 eleemosynae
1125 723 1183 776 et
1203 718 1497 792 jejunium
1517 719 1812 792 perferant

142 809 219 866 ad
252 812 764 865 remuneratorem
797 809 1163 877 facientium,
1196 808 1247 864 si
1277 813 1475 864 tamen
1508 808 1814 864 sinceriter

141 900 528 972 peragantur,
564 899 787 971 absque
815 899 998 955 dubio
1029 899 1255 966 Deum;
1290 897 1399 953 hoc
1434 914 1569 954 vero
1601 897 1714 953 nisi
1747 913 1811 954 se

141 987 394 1044 invicem
426 988 705 1060 adjuvent
731 987 1097 1044 incessanter
1116 987 1609 1060 sutl‘ragio,unum
1624 987 1809 1060 quod-

142 1076 296 1133 libet
323 1092 528 1133 eorum
558 1077 792 1134 duobus
822 1077 956 1133 aliis
985 1076 1687 1149 destitutum,placare,ut
1713 1093 1809 1132 ve-

144 1167 492 1235 remur,tria
519 1167 721 1223 omnia
750 1166 1147 1239 requirentem
1171 1167 1404 1238 justum
1437 1167 1677 1222 omnino
1693 1183 1809 1222 non

140 1254 345 1312 valent
366 1255 727 1328 judicem,ac
751 1257 1017 1330 perfecte
1038 1255 1319 1313 bonitatis
1333 1255 1807 1313 amantissimum

143 1342 364 1399 Deum.

222 1432 490 1488 12.-Cum
520 1449 658 1489 vero
688 1434 772 1489 ita
802 1433 899 1499 sit,
934 1436 998 1488 ut
1045 1432 1102 1488 et
1147 1434 1219 1489 de
1262 1432 1645 1502 orationibus,
1679 1450 1811 1506 qum

143 1523 423 1577 nostrum
455 1525 694 1577 movent
713 1522 1003 1591 animum,
1038 1518 1280 1577 minime
1310 1520 1814 1591 sileamus;nobis—

140 1624 286 1665 cum
318 1610 748 1683 reprehendam
778 1627 896 1666 non
932 1626 1233 1666 cessamus
1268 1609 1501 1682 pariter
1552 1611 1810 1679 eosdem,

143 1697 370 1770 quibus
397 1698 657 1755 Jacobus
687 1700 770 1755 ait
795 1697 1134 1771 apostolus:
1158 1700 1370 1766 Petitis,
1403 1706 1456 1754 et
1480 1714 1591 1754 non
1611 1700 1814 1770 accipi-

146 1789 244 1853 tis,
275 1804 337 1844 eo
367 1788 513 1860 quod
559 1788 707 1843 male
746 1789 949 1859 petatis
980 1788 1125 1858 (Jac.
1156 1800 1235 1855 iv,
1270 1791 1340 1858 3).
1374 1785 1529 1842 Male
1559 1803 1816 1859 namque

1916 626 2191 701 plurima,
2223 644 2413 700 neque
2438 628 2564 696 Dei,
2594 644 2773 700 quem
2804 645 3010 702 rogare
3053 627 3350 697 videntur,
3383 645 3575 703 neque

1918 716 2079 772 illius
2105 717 2209 785 rei,
2241 734 2346 790 pro
2377 734 2495 791 qua
2526 721 2755 791 rogant,
2779 717 2901 774 ullo
2933 719 3106 775 modo
3136 719 3527 776 recordentur
3559 736 3571 776 :

1921 806 2083 878 quid,
2116 822 2336 879 quasso,
2366 807 2625 880 rogant?
2665 824 2842 880 quem
2886 808 3141 881 rogant?
3173 824 3276 882 pro
3314 823 3434 881 quo
3482 825 3577 865 ro-

1920 894 2110 968 gant?

1991 984 2081 1040 44.
2114 984 2330 1059 Verum
2364 985 2501 1057 quia
2532 986 2870 1042 dzemonum
2914 986 3030 1043 hoc
3077 986 3274 1059 agitur
3318 986 3574 1058 insidiis,

1918 1072 2310 1130 invidentium
2345 1074 2546 1148 utique
2576 1074 2862 1148 profectui
2892 1076 3578 1145 orationis,cumetcure

1921 1162 2254 1232 saeculares,
2275 1167 2333 1218 et
2364 1179 2490 1235 quae
2522 1163 2737 1237 saepius
2765 1165 3055 1230 videmus,
3078 1164 3400 1238 loquimur,
3420 1166 3581 1223 audi.

1920 1268 2077 1320 mus,
2112 1252 2186 1309 ad
2217 1251 2327 1309 hoc
2359 1252 2611 1309 nimium
2643 1254 2971 1327 impediant
2997 1254 3582 1329 faciendum;prtster

1920 1340 2036 1398 alia
2066 1341 2254 1414 (1450)
2285 1340 2645 1403 (faciendum
2677 1347 2792 1408 est)
2821 1343 2993 1400 nobis
3009 1344 3166 1417 quod
3197 1360 3384 1401 caicus
3402 1344 3502 1402 ille
3519 1345 3580 1403 in

1918 1430 2233 1504 Evangelia
2266 1429 2481 1504 legitur
2509 1432 2756 1489 fecisse:
2792 1448 2968 1505 quem
3000 1450 3136 1489 cum
3165 1437 3581 1506 praetereuntes

1921 1519 2292 1592 increparent
2318 1510 2388 1576 ut
2415 1523 2654 1588 taceret,
2685 1522 2857 1577 multo
2888 1522 3062 1592 magis
3117 1519 3396 1577 clamabat
3416 1540 3436 1577 :
3467 1522 3585 1579 Fili

1926 1609 2049 1674 Dei,
2102 1609 2367 1664 miserere
2416 1610 2528 1665 mei
2558 1608 2745 1681 (Marc.
2786 1626 2851 1675 x,
3020 1608 3098 1665 Os
3144 1625 3286 1666 sane
3314 1614 3584 1667 nostrum

1923 1695 2251 1764 (verissime
2262 1696 2623 1752 veracissimi
2646 1696 2705 1751 in
2727 1696 2839 1753 hoc
2859 1701 3101 1753 utamur
3119 1699 3410 1771 sermone)
3422 1702 3586 1756 tanto

1925 1783 2125 1840 minus
2154 1783 2465 1839 exauditur
2496 1776 2556 1840 in
2587 1800 2779 1857 preco,
2794 1789 3015 1859 quanto
3030 1786 3218 1860 magis
3239 1782 3588 1859 inquinatur

141 1876 321 1949 petit,
359 1874 463 1947 qui
490 1891 612 1931 non
660 1876 809 1948 petit
856 1875 1013 1945 quod
1063 1874 1351 1930 Dominus
1401 1874 1683 1948 praecipit,
1712 1876 1814 1932 sed
1848 1901 1898 1969 Β
1927 1871 2084 1944 turpi
2117 1871 2428 1969 locutione.

141 1963 315 2036 quod
347 1962 546 2035 potius
597 1963 916 2020 interdicit.
954 1962 1057 2019 Ille
1102 1980 1358 2036 namque
1400 1964 1738 2020 desiderare
1767 1968 1825 2022 et

141 2055 355 2126 petere
384 2068 493 2108 nos
513 2052 690 2124 jubet
721 2050 1002 2117 coelestia,
1030 2069 1137 2108 nos
1168 2056 1370 2109 contra
1398 2056 1455 2108 et
1487 2053 1640 2110 586
1669 2054 1822 2110 desi-

145 2141 438 2197 deramus
465 2144 525 2195 et
555 2145 841 2212 optamus
874 2145 1134 2208 terrena;
1165 2139 1261 2196 ille
1290 2157 1455 2197 orare
1484 2158 1589 2214 pro
1627 2159 1820 2214 perse-

142 2228 567 2302 quentibuset
589 2227 1117 2294 calumniantibus,
1149 2245 1256 2285 nos
1299 2246 1330 2285 e
1359 2230 1587 2287 diverso
1618 2236 1823 2288 contra

143 2321 579 2391 persequentes
594 2320 651 2373 et
663 2316 1097 2373 calumniantes
1114 2318 1497 2375 exsecrabiles
1514 2319 1822 2376 fundimus

146 2423 380 2481 preces.
410 2405 598 2473 Quale
630 2410 828 2463 autem
861 2410 951 2463 est
982 2407 1147 2471 illud,
1182 2409 1337 2479 quod
1368 2409 1611 2481 quidam
1634 2410 1822 2465 nocti-

147 2497 271 2553 bus
303 2496 653 2569 psalmodiis
680 2501 740 2552 et
770 2495 1139 2552 orationibus
1166 2496 1408 2567 instant,
1446 2498 1656 2554 diebus
1687 2515 1822 2555 vero

150 2584 649 2653 detractionibus,
701 2583 1106 2657 praviloquiis,
1153 2586 1431 2641 otiositati
1482 2591 1539 2643 et
1584 2587 1822 2643 desidias

150 2679 396 2740 vacant,
425 2689 565 2730 cum
608 2691 723 2729 nox
768 2674 967 2746 potius
1011 2673 1214 2746 quieti,
1248 2674 1374 2730 dies
1423 2675 1502 2731 sit
1548 2691 1829 2732 concessa

158 2762 353 2819 labori
381 2780 396 2832 ;
427 2763 609 2836 quod,
644 2768 864 2830 remur,
898 2763 1118 2836 optime
1149 2768 1389 2820 noverat
1417 2763 1643 2837 il’le,qui
1675 2768 1830 2837 post-

154 2866 348 2923 quam
380 2849 624 2907 dixerat:
657 2850 834 2906 Media
860 2855 1016 2908 nocte
1044 2853 1336 2923 surgebam
1365 2852 1435 2907 ad
1464 2853 1830 2923 conﬁtendum

158 2941 275 2996 tibi
303 2940 479 3011 (Psal.
513 2955 706 3007 CXVIII,
737 2942 863 3007 62);
897 2944 956 2996 et
987 2956 999 2994 :
1034 2943 1098 2996 In
1125 2942 1416 2996 matutinis
1438 2942 1741 2998 meditabor
1769 2944 1830 2997 in

158 3038 217 3085 te
241 3028 417 3101 (Psal.
451 3044 610 3098 ωῑιιι,
636 3030 729 3101 7);
763 3029 914 3085 duas
944 3028 1213 3086 videlicet
1242 3034 1473 3086 tantum
1508 3030 1664 3088 nocti
1696 3048 1830 3087 con-

162 3133 415 3175 secrans
440 3117 641 3187 horas,
671 3120 887 3190 septies,
923 3118 1026 3186 ait,
1058 3121 1119 3174 in
1165 3118 1255 3175 die
1303 3119 1522 3175 laudem
1562 3119 1687 3176 divi
1732 3122 1832 3177 tibi

163 3208 347 3276 (Psal.
380 3224 573 3277 CXVIII,
606 3207 753 3279 464).
787 3207 903 3263 Nos
933 3223 1088 3275 vero,
1119 3208 1349 3275 fratres,
1377 3207 1665 3282 quidquid
1698 3226 1828 3283 per-
1865 3271 1868 3283 ἶ

162 3272 372 3370 peram
404 3272 620 3369 agitur,
653 3272 789 3352 cum
814 3295 918 3352 Dei
954 3272 1244 3367 adjutorio
1274 3272 1619 3366 devitantes,
1654 3272 1829 3371 atque
1859 3272 1904 3342 (ἶ

163 3384 477 3458 apostolici
516 3383 681 3440 illius
732 3402 848 3440 non
896 3385 1313 3441 immemores:
1347 3386 1473 3442 Sive
1515 3388 1827 3458 vigilemus,

159 3477 282 3530 sive
308 3475 671 3531 dormiamus.
705 3475 874 3530 simul
902 3490 1027 3529 cum
1056 3474 1266 3530 Christo
1294 3476 1544 3532 vivamus
1574 3477 1618 3547 (l
1650 3476 1826 3531 Thess.

154 3581 217 3632 γ,
242 3563 370 3635 40),
399 3563 460 3618 in
494 3560 769 3619 noctibus
794 3562 1148 3619 extollamus
1174 3564 1482 3630 manus,id
1514 3568 1622 3632 est,
1657 3581 1834 3636 opera

158 3656 393 3719 nostra,
431 3653 487 3707 in
528 3656 755 3720 sancta,
787 3655 846 3707 et
892 3651 1311 3707 benedicamus
1368 3652 1612 3707 Domino
1656 3653 1831 3720 (Psal.

162 3758 407 3810 cxxxm,
437 3740 493 3813 2)
530 3758 542 3797 :
577 3744 711 3812 post
741 3740 1000 3813 quietem
1029 3756 1163 3795 vero
1203 3743 1537 3812 surgentes,
1569 3743 1635 3795 ut
1660 3742 1834 3811 juxta

162 3830 446 3887 eumdem
475 3827 843 3902 Apostolum,
875 3833 934 3884 et
955 3829 1084 3899 jam
1117 3826 1357 3884 silentes
1381 3827 1510 3883 sine
1538 3827 1835 3884 intermis-

154 3920 337 3977 sione
364 3933 476 3975 nos
516 3934 685 3974 orare
735 3917 946 3973 debere
992 3917 1326 3980 credamus,
1376 3915 1538 3972 illius
1585 3916 1832 3973 dicentis

156 4007 531 4066 omnimodis
562 4007 937 4063 recordemur
969 4023 982 4062 :
1014 4008 1126 4076 Qut
1151 4006 1347 4061 avertit
1366 4021 1561 4061 aurem
1586 4022 1744 4063 suam
1762 4023 1834 4062 ne

160 4098 364 4154 audiat
411 4097 603 4169 legem,
662 4097 839 4152 oratio
894 4097 1012 4168 ejus
1077 4096 1185 4151 erit
1239 4095 1592 4151 exsecrabilis
1647 4095 1830 4168 (Prov.

160 4204 368 4256 xxvm,
418 4187 500 4255 9).
555 4187 630 4241 At
672 4188 875 4242 contra
935 4183 1055 4240 veri
1107 4184 1443 4240 adoratores
1504 4184 1835 4241 adorabunt

160 4276 400 4333 Patrem
431 4274 492 4331 in
522 4273 737 4347 spiritu
762 4276 820 4330 et
848 4272 1115 4343 veritate,
1149 4272 1457 4328 Dominica
1486 4273 1658 4330 nobis
1687 4274 1831 4330 dici-

157 4370 260 4421 tur
287 4380 429 4421 voce
459 4365 641 4433 (Joan.
676 4380 754 4431 Iv,
780 4361 895 4434 23).
930 4362 1205 4418 Petamus
1238 4378 1473 4435 quoque
1505 4380 1539 4417 a
1567 4362 1683 4419 Deo
1713 4380 1831 4419 non

162 4454 322 4527 quod
355 4470 467 4509 nos
498 4452 770 4526 prohibet
792 4452 1135 4524 cupere,sed
1156 4453 1314 4524 quod
1347 4451 1833 4523 impera-tdeside-

158 4559 314 4611 rare,
348 4547 418 4599 ut
444 4542 618 4599 nobis
649 4541 1003 4614 respondere
1032 4540 1309 4614 dignetur
1339 4540 1497 4613 quod
1531 4539 1831 4597 Salomoni

2006 1963 2093 2017 15.
2128 1962 2210 2017 De
2238 1962 2605 2018 orationibus
2634 1962 2834 2036 itaque
2858 1966 3139 2037 quoniam
3171 1966 3410 2039 quidem
3442 1966 3587 2024 satis

1931 2065 2037 2122 pro
2072 2054 2332 2123 tempore
2365 2050 2641 2118 diximus,
2687 2053 2758 2107 ad
2807 2052 3210 2128 eleemosynas
3255 2056 3585 2113 veniamus.

1930 2139 2317 2211 Eleemosyna
2348 2156 2482 2196 cum
2507 2157 2541 2196 a
2572 2132 3335 2201 misericordiavOCabulum
3357 2145 3589 2202 trahere

1929 2227 2197 2284 videatur
2227 2227 2432 2301 (1454),
2467 2226 2631 2285 nulla
2651 2232 3070 2303 congruentius
3098 2230 3497 2308 principatum
3528 2235 3590 2291 in

1931 2315 2156 2386 ordine,
2182 2320 2249 2373 ut
2276 2317 2449 2374 nobis
2477 2312 2727 2387 videtur,
2760 2325 2954 2393 potest
2985 2321 3221 2391 habere,
3254 2340 3433 2395 quam
3464 2323 3587 2393 illa,

1930 2406 2005 2460 de
2036 2422 2155 2476 qua
2185 2405 2434 2478 Sapiens
2465 2408 2746 2464 admonet
2773 2408 2858 2464 ita
2891 2425 2905 2463 :
2936 2411 3066 2478 Fili,
3098 2402 3358 2468 miserere
3380 2415 3595 2470 animae

1932 2502 2046 2551 tuae
2072 2495 2294 2566 placens
2314 2496 2421 2550 Deo
2445 2497 2639 2562 (ticali.
2674 2508 2808 2565 nx,
2840 2496 2970 2569 2t):
3017 2502 3084 2552 ut
3123 2498 3395 2555 videlicet
3436 2492 3587 2556 58’!“

1930 2581 2079 2638 illud
2110 2582 2559 2655 nobismetipsis
2572 2583 2850 2656 primitus
2862 2584 3276 2642 misericordia
3289 2586 3596 2660 impenda-

1936 2687 2091 2738 mus,
2125 2674 2192 2725 ut
2221 2687 2350 2743 quas
2385 2673 2495 2728 Deo
2525 2671 2956 2746 placent,agere
2980 2678 3356 2748 satagamus:
3380 2680 3438 2733 et
3457 2677 3598 2750 quia

1935 2760 2271 2833 proximum
2305 2756 2457 2816 sicut
2478 2754 2875 2834 nosmetipsos
2886 2763 3129 2837 diligere
3132 2756 3599 2836 jubemur,eum-

1936 2849 2073 2905 dem
2104 2853 2262 2905 recto
2291 2849 2557 2919 consilio,
2593 2851 2694 2907 ubi
2745 2853 3123 2910 commodum
3153 2854 3347 2911 visum
3378 2846 3595 2925 "fuerit,

1936 2937 2060 2994 sive
2093 2940 2551 3011 arguendo,sive
2581 2940 3101 3009 obsecrando,sive
3131 2944 3510 3017 increpando,
3534 2944 3595 3001 in

1937 3026 2094 3083 viam
2126 3022 2359 3083 Domini
2388 3028 2718 3102 dirigamus
2744 3022 2763 3098 ς’
2792 3022 3054 3104 corporis
3072 3033 3132 3088 si
3164 3028 3390 3108 indiget
3404 3050 3600 3091 neces-

1940 3116 2134 3185 sariis,
2167 3118 2240 3173 de
2273 3117 2461 3189 justis
2508 3117 2813 3176 laboribus
2860 3120 3083 3177 nostris
3124 3120 3219 3178 illi
3262 3124 3597 3179 secundum

1938 3206 2095 3278 quod
2128 3223 2447 3279 possumus
2476 3208 3170 3281 praebeamusﬁcriptum
3200 3210 3421 3284 quippe
3443 3215 3600 3267 tene-

1941 3310 2078 3351 mus
2109 3312 2123 3351 :
2158 3297 2266 3364 Qui
2291 3297 2449 3368 offert
2475 3298 2819 3367 sacriﬁcium
2846 3314 2917 3353 ea:
2950 3298 3279 3354 substantia
3317 3301 3599 3370 pauperis,

1937 3386 2020 3439 sic
2045 3393 2123 3440 est
2154 3385 2314 3456 quasi
2358 3386 2455 3456 qui
2481 3387 2726 3440 victimat
2768 3387 2952 3456 filium
2980 3387 3046 3441 in
3093 3393 3381 3457 conspectu
3428 3390 3606 3459 patris

1939 3474 2032 3528 sui
2058 3472 2245 3543 (Eccli.
2276 3489 2469 3538 xxxiv,
2499 3472 2613 3542 24).
2648 3472 2767 3527 Hoc
2796 3487 2932 3528 vero
2972 3472 3273 3540 facientes,
3305 3473 3470 3531 illius
3492 3475 3607 3532 Βο-

1939 3559 2088 3615 mini
2121 3560 2497 3615 recordemur
2529 3575 2543 3614 :
2575 3560 2715 3615 Cum
2745 3561 2884 3631 facis
2910 3559 3209 3632 prandium
3230 3546 3339 3618 aut
3367 3554 3599 3631 emtam,

1939 3648 2059 3704 noli
2086 3663 2279 3703 vocare
2302 3648 2516 3716 divites,
2550 3651 2684 3720 quia
2721 3649 2924 3706 habent
2962 3651 3274 3707 retribuere
3317 3652 3461 3715 tibi;
3511 3654 3604 3709 sed

1936 3752 2072 3793 voca
2114 3753 2401 3810 pauperes,
2444 3746 2498 3794 et
2552 3739 2887 3795 retribuetur
2925 3740 3029 3796 tibi
3076 3741 3139 3796 in
3206 3744 3604 3799 resurrectione

1926 3830 2221 3899 justorum
2251 3829 2403 3900 (Luc.
2430 3844 2544 3894 xw,
2564 3829 2779 3901 1244).
2814 3829 3091 3896 Quamvis
3121 3846 3297 3887 nemo
3346 3831 3407 3887 in
3438 3847 3508 3889 ea
3539 3849 3602 3890 re

1942 3915 2021 3972 sit
2041 3916 2290 3982 dives,in
2320 3933 2443 3988 qua
2472 3916 2680 3973 solatio
2712 3918 3176 3993 indigetgac'per
3204 3919 3485 3993 hocquod
3512 3919 3603 3978 illi

1942 4003 2249 4079 largimur,
2266 4021 2381 4062 non
2413 4004 2602 4078 diviti,
2620 4008 2723 4063 sed
2754 4000 3113 4065 centerimus
3143 4009 3455 4082 indigenti,
3478 4014 3604 4066 tan~

1940 4097 2068 4150 tum
2097 4110 2200 4168 pro
2231 4092 2332 4151 Dei
2359 4088 2764 4166 reverentia,et
2792 4112 2897 4169 pro
2926 4096 3143 4154 Christi
3171 4096 3284 4154 hoc
3314 4099 3602 4155 faciamus

1940 4199 2162 4254 amore,
2206 4182 2366 4241 illius
2414 4184 2619 4257 utique
2657 4176 2833 4240 "ducti
2881 4185 3230 4242 auctoritate
3276 4174 3598 4258 pracepti:

1943 4273 2074 4341 Quae
2102 4268 2271 4328 vultis
2298 4281 2361 4330 ut
2394 4273 2600 4330 ’aciant
2625 4274 2775 4330 vobis
2800 4276 3067 4343 homines,
3093 4278 3145 4331 et
3177 4292 3264 4331 vos
3290 4276 3456 4347 facite
3484 4276 3603 4331 illis

1940 4363 2202 4418 similiter
2224 4362 2436 4431 (Matth.
2463 4376 2569 4429 vn,
2604 4361 2713 4434 12).
2745 4364 2908 4430 Quod
2940 4362 3099 4419 enim
3147 4365 3220 4420 de
3260 4376 3605 4421 mammona

1938 4450 2274 4523 iniquitatis
2303 4450 2525 4507 amicos
2555 4451 2727 4508 nobis
2759 4453 2944 4508 facere
2974 4452 3296 4508 suudemur
3326 4453 3600 4525 (-Luc.xx1,

1937 4539 2017 4612 9),
2051 4556 2167 4596 non
2198 4544 2508 4613 propterea
2537 4540 2773 4608 dicitur,
2807 4544 2874 4597 ut
2903 4541 3005 4598 uni
3056 4542 3396 4599 auferamus
3442 4542 3602 4615 quod

160 4630 520 4705 sapientiam
576 4628 901 4705 postulanti
952 4628 1257 4701 respondit
1304 4628 1403 4693 (ιη
1438 4630 1567 4698 Reg.
1601 4642 1684 4698 ιιι,
1716 4629 1831 4701 41).
1862 4642 1912 4709 D
1942 4628 2108 4686 alteri
2141 4628 2495 4698 tribuamus,
2530 4645 2665 4686 cum
2682 4620 2855 4702 juxta
2869 4630 3605 4704 Augustinum,meliussit

159 4721 269 4778 Cui
295 4720 586 4778 nimirum
619 4718 923 4793 responsio
956 4716 1103 4774 illud
1134 4717 1510 4791 Evangelium
1542 4717 1829 4774 concinit:

160 4811 411 4880 Quaerite
435 4811 691 4882 primum
719 4823 949 4880 regnum
979 4807 1081 4863 Dei
1110 4814 1166 4863 et
1183 4807 1469 4879 justitiam
1499 4807 1703 4877 ejus,et
1717 4806 1836 4865 haec

160 4900 373 4966 omnia,
404 4898 466 4953 id
498 4901 590 4954 est
639 4896 867 4970 corpori
910 4895 1262 4964 necessaria,
1297 4894 1632 4966 adﬁcientur
1680 4897 1834 4953 vobis

159 4992 313 5059 (Luc.
349 5004 451 5057 xu,
488 4986 599 5058 3i).

230 5079 321 5133 13.
342 5076 559 5142 Quales
584 5079 810 5143 autem,
827 5090 1007 5147 quam
1037 5071 1400 5130 exaudibiles
1432 5071 1670 5129 illorum
1692 5078 1834 5130 sunt

160 5182 390 5239 preces,
421 5166 524 5238 qui
558 5169 823 5237 tempore
851 5162 1157 5229 orationis,
1182 5166 1246 5217 ut
1274 5161 1357 5218 ita
1384 5160 1671 5231 dicamus,
1703 5178 1831 5218 om-

163 5256 261 5313 nia
285 5256 695 5329 peragrantes,
731 5252 954 5308 furtum
985 5251 1163 5308 etiam
1192 5250 1558 5323 plerumque,
1593 5249 1831 5311 latroci-

164 5345 281 5414 nia,
350 5341 696 5411 homicidia,
763 5340 1073 5413 adulteria,
1124 5338 1585 5407 fornicationem
1654 5339 1830 5399 etiam

232 5514 421 5586 (1450)
464 5512 657 5568 Voces
712 5511 884 5586 uncis
940 5510 1205 5586 inclusis,
1255 5525 1383 5582 quae
1421 5508 1653 5586 _dee_rat,
1707 5510 1831 5586 exi-

158 5578 647 5665 gente-contextu
689 5582 1116 5665 supplevimus,
1150 5578 1627 5665 uths'upplendas
1674 5584 1831 5638 recte

165 5652 390 5713 monuit
422 5652 788 5727 novissimus
806 5652 1117 5727 'Spicilegii
1145 5652 1351 5727 editor.

229 5670 390 5713 οηυη
422 5671 788 5712 ΠΟΫῚΒΒΙῙὩΠΒ
817 5670 1031 5727 splene
1076 5670 1117 5707 ll
1145 5670 1351 5710 OOILOI‘.

229 5729 418 5800 (1451)
454 5726 654 5799 Vulg.,
690 5743 726 5783 a
752 5726 1000 5784 miseria.
1034 5670 1116 5781 Ex
1154 5722 1586 5799 signiﬁcatione
1635 5723 1831 5782 Graece

1943 4716 2092 4774 nulli
2121 4718 2282 4783 dare,
2315 4734 2495 4789 quam
2524 4717 2700 4774 alicui
2731 4718 2971 4787 tollere;
3002 4720 3110 4776 sed
3144 4725 3211 4777 ut
3238 4720 3600 4790 noverimus,

1938 4807 2083 4881 quia
2110 4806 2323 4863 divitiae
2352 4822 2490 4861 cum
2522 4807 2682 4862 omni
2714 4809 2838 4864 sint
2856 4807 3072 4865 saeculo
3095 4807 3490 4865 communiter
3502 4809 3603 4865 da-

1939 4900 2073 4966 taa,a
2104 4894 2265 4951 nullo
2295 4894 2637 4969 congregari
2670 4895 2798 4952 sine
2828 4896 3082 4953 avaritia
3101 4896 3256 4954 malo
3275 4896 3601 4955 valentullo

1936 4985 2137 5042 modo.
2166 4984 2372 5042 Omnis
2400 4984 2580 5051 enim,
2604 4985 2685 5041 ait
2714 4984 3128 5059 Hieronymus,
3147 4986 3332 5054 dives,
3355 4990 3460 5043 aut
3489 4987 3599 5043 ini-

1939 5092 2116 5148 quas,
2150 5079 2255 5131 aut
2284 5073 2474 5146 iniqui
2503 5078 2593 5130 est
2615 5073 2908 5132 haeresim
2936 5075 3078 5149 quia
3104 5075 3429 5133 Psalmistes
3451 5076 3601 5133 dici-

1936 5170 2037 5221 tur
2062 5172 2201 5221 vode
2235 5181 2247 5219 :
2277 5166 2482 5219 Beatus
2511 5165 2609 5236 qui
2634 5165 2904 5236 intelligit
2921 5180 3086 5237 super
3115 5180 3349 5236 egenum
3371 5169 3423 5223 et
3454 5181 3600 5240 parte

1938 5252 2323 5326 perem(Psal.
2377 5269 2468 5319 XL,
2499 5254 2595 5325 2);
2646 5254 2857 5310 demus
2910 5270 3149 5327 operam
3194 5259 3259 5312 ut
3314 5254 3416 5328 qui
3466 5254 3600 5330 plus

1934 5342 2182 5417 indiget,
2198 5340 2344 5414 .plus
2366 5341 2570 5415 utique
2601 5342 2884 5416 accipiat;
2919 5345 3023 5416 qui
3073 5345 3295 5416 minus,
3328 5344 3601 5402 similiter

1936 5513 2096 5571 vocis
2128 5511 2442 5593 ἕλιημρσύγη
2468 5513 3344 5593 misericordiaemendavimus.
3367 5511 3450 5568 Ita
3463 5514 3602 5593 post

1928 5602 2131 5665 pauca
2172 5583 2532 5665 novissimus
2573 5578 2898 5665 ‘Spicilegii
2926 5586 3115 5665 editor
3155 5588 3310 5665 recte
3363 5578 3600 5664 scripsit

1932 5655 2336 5785 inisericordiw
2365 5655 2767 5727 impendamus,
2801 5655 2900 5716 ubi
2939 5662 3065 5714 erat
3107 5655 3354 5712 miseriae
3379 5655 3596 5728 impen-

1979 5745 2158 5784 amas.
