3892 6370
362 359 489 427 699

1264 362 1640 429 RATHEBII
1683 365 1930 451 EPISQ.
1976 368 2266 438 VERON.
2314 373 2492 439 OPP.
2535 375 2738 442 PARS
2782 378 2889 444 IlI.

3666 380 3789 448 700

370 489 591 570 minus.
622 511 694 569 Et
722 509 861 586 quia
883 509 995 570 hoc
1033 526 1268 586 quoque
1310 510 1482 570 nobis
1530 512 1885 587 praecipitur,
1917 512 2022 571 tri-
2051 504 2107 575 Α
2128 508 2351 581 prodest
2377 510 2427 583 (1
2448 510 2569 569 Cor.
2600 528 2724 582 XIII,
2759 516 2836 583 3).
2871 513 2942 573 Ut
2982 512 3249 588 ejusdem
3300 512 3605 575 charitatis
3646 518 3786 591 jura

286 644 289 647 ι
367 601 624 659 buamus
654 603 851 674 potius
881 603 1035 659 bono
1066 619 1244 676 quam
1276 602 1452 672 malo,
1485 602 1537 660 si
1565 607 1759 660 tamen
1792 620 1892 662 eos
1921 621 2019 661 va-

367 689 562 748 lemus
604 691 974 761 discernere;
1019 691 1070 747 si
1119 708 1257 758 non,
1311 709 1631 764 sequamur
1678 693 1968 750 dicentem
2004 711 2016 749 :

365 781 442 837 Ne
469 782 645 853 eligas
673 783 766 836 cui
792 782 1123 838 miserearis.
1158 782 1478 838 Caveamus
1509 783 1707 852 etiam,
1741 799 1813 838 ne
1842 800 2017 853 quem

366 886 779 943 exasperemus
810 870 1206 941 importunius
1234 870 1371 926 licet
1394 876 1697 945 rogantem
1728 890 1741 929 :
1777 873 2021 929 Hilarem

365 960 516 1017 enim
559 959 803 1016 datorem
849 959 1035 1031 diligit
1077 961 1217 1016 Deus
1263 961 1337 1028 (II
1365 960 1484 1017 Cor.
1518 978 1595 1027 1x,
1628 961 1705 1028 7).
1739 962 1809 1017 Et
1856 961 2014 1033 quia,

365 1047 594 1115 beatus,
627 1052 694 1103 ut
720 1049 802 1104 ait
827 1048 1197 1114 Ambrosius,
1228 1049 1516 1104 bonorum
1557 1048 1835 1104 exhibitio
1867 1066 2018 1120 saepe

364 1152 468 1208 per
497 1152 726 1193 moram
750 1137 1041 1193 contraxit
1070 1137 1375 1204 offensam,
1398 1137 1761 1208 praebeamus
1783 1137 2016 1193 solliciti

363 1229 560 1282 autem
591 1225 807 1282 dicenti
836 1243 850 1282 ε
883 1229 965 1282 Ne
987 1208 1133 1282 dicas
1162 1229 1337 1282 amico
1366 1230 1457 1282 tuo
1487 1244 1506 1281 :
1539 1227 1675 1283 Vade
1727 1235 1778 1282 et
1828 1238 2014 1281 rever-

366 1322 499 1382 tere,
527 1320 583 1371 et
608 1331 732 1372 cras
751 1315 888 1371 dabo
919 1316 1042 1380 tibi,
1069 1332 1194 1372 cum
1220 1318 1412 1372 statim
1455 1318 1626 1386 possis
1673 1316 1805 1372 dare
1829 1319 2012 1384 (Prov.

362 1420 447 1471 In,
478 1404 592 1475 28).
628 1404 692 1460 In
737 1404 832 1460 his
881 1421 1015 1460 vero
1045 1405 1322 1461 omnibus
1369 1404 1479 1460 hoc
1525 1405 1920 1470 attendamus,
1952 1410 2017 1460 ut

360 1508 479 1548 non
511 1509 616 1565 pro
649 1493 810 1549 inani
841 1492 1048 1565 gloria,
1085 1495 1185 1550 sed
1213 1510 1315 1566 pro
1346 1493 1446 1550 Dei
1472 1493 1837 1565 jussione,et
1851 1510 2015 1549 rom-

361 1581 562 1637 munis
593 1586 816 1637 naturaa
837 1581 1550 1648 eonsideratione,bonum
1563 1583 1717 1653 quod
1740 1582 2011 1652 facimus,

359 1685 530 1743 agere
561 1671 928 1735 studeamus,
967 1670 1210 1727 Domino
1260 1671 1341 1726 ita
1375 1672 1626 1741 jubento
1660 1688 1673 1726 :
1710 1672 1774 1725 Te
1824 1680 2013 1726 autem

356 1760 594 1831 faciente
621 1760 1042 1830 eleemosynam,
1060 1762 1270 1816 nesciat
1295 1762 1521 1815 sinistra
1553 1764 1645 1816 tua
1676 1759 1817 1831 quod
1845 1762 2013 1830 faciet

2129 616 2360 657 servare
2390 618 2677 674 queamus
2706 602 2907 673 illmsa,
2940 605 3306 677 praebeamus
3337 606 3531 662 cordis
3579 623 3783 664 aurem

2129 690 2344 746 dicenti
2377 709 2389 748 :
2424 692 2485 747 Si
2511 692 2670 764 offers
2692 710 2892 750 munus
2922 702 3080 750 tuum
3101 696 3177 751 ad
3202 696 3395 764 altare,
3411 700 3467 751 et
3496 697 3578 752 ibi
3604 713 3784 754 recor-

2127 780 2289 836 datus
2315 782 2491 851 fueris
2510 784 2645 853 quia
2670 785 2846 854 frater
2873 790 3000 839 tuus
3046 784 3208 839 habet
3235 783 3454 856 aliquid
3494 785 3787 842 adversum

2127 877 2176 925 te
2194 886 2216 931 ;
2248 871 2499 941 relinque
2527 871 2607 926 ibi
2632 888 2835 926 munus
2865 879 3022 927 tuum
3036 876 3167 927 ante
3187 873 3443 939 altare,et
3470 873 3608 929 vade
3622 876 3784 947 prius

2125 959 2476 1014 reconciliari
2496 962 2666 1031 fratri
2692 969 2783 1016 tuo
2802 978 2824 1023 ;
2853 964 2906 1017 et
2930 969 3058 1016 tunc
3085 963 3306 1017 veniens
3346 963 3538 1034 offeres
3582 980 3786 1020 munus

2127 1051 2279 1103 tuum
2309 1048 2516 1119 (Matth.
2548 1066 2602 1115 v,
2646 1052 2860 1118 23-24).
2894 1050 3057 1115 Quod
3108 1050 3156 1105 si
3203 1048 3321 1116 ille,
3372 1049 3473 1123 qui
3519 1050 3785 1109 laedendo

2126 1138 2387 1204 fratrem,
2438 1136 2498 1192 in
2562 1136 2760 1210 aliquo
2810 1139 3181 1195 contristavit
3246 1140 3542 1207 eumdem,
3596 1143 3786 1197 suasit

2125 1225 2308 1297 (1453)
2341 1242 2512 1298 agere
2543 1244 2658 1282 non
2694 1227 3048 1299 dedignatus
3068 1226 3446 1296 Domini;ille
3479 1229 3580 1302 qui
3603 1228 3782 1288 lassus

2125 1315 2404 1372 adversus
2436 1316 2673 1371 fratrem
2705 1315 2923 1388 aliquid
2959 1316 3156 1385 habet,
3188 1315 3386 1372 taliter
3436 1334 3499 1374 se
3546 1335 3785 1391 quoque

2125 1405 2383 1459 monenti
2416 1404 2657 1459 surdam
2691 1406 2907 1460 mentis
2938 1421 3053 1461 non
3087 1406 3342 1478 priebeat
3371 1423 3611 1463 aurem:
3647 1406 3785 1463 Cum

2121 1493 2278 1547 statis
2308 1492 2377 1548 ad
2405 1493 2675 1548 orandum
2703 1493 2963 1549 dimittite
2990 1495 3041 1548 si
3077 1494 3214 1565 quid
3262 1494 3471 1551 habetis
3520 1496 3783 1553 adversus

2123 1581 2384 1652 aliquem,
2418 1586 2479 1636 ut
2518 1590 2572 1637 et
2615 1584 2781 1638 Pater
2826 1590 3002 1638 vester
3046 1584 3281 1639 caelestis
3328 1585 3573 1641 dimittat
3630 1586 3783 1642 vobis

2117 1673 2340 1740 peccata
2370 1678 2562 1726 vestra.
2597 1671 2747 1739 Quod
2774 1673 2828 1726 si
2854 1687 2943 1727 vos
2990 1688 3100 1727 non
3134 1673 3480 1741 dimiseritis,
3527 1690 3627 1730 nec
3666 1677 3785 1747 ipse

2120 1757 2355 1814 dimittet
2383 1759 2531 1815 vobis
2555 1763 2780 1831 peccata
2812 1768 2989 1816 vestra
3019 1762 3207 1833 (Marc.
3239 1779 3318 1831 XI,
3351 1762 3560 1835 25—26).

357 1848 582 1905 dextera
609 1853 704 1905 tua
732 1849 941 1922 (Matth.
973 1865 1052 1915 vx,
1082 1849 1160 1919 3).
1195 1850 1542 1921 Quanquam
1594 1852 1651 1904 et
1696 1848 1806 1905 hoc
1855 1850 2010 1905 dicto
2041 1877 2088 1942 Β
2193 1848 2280 1903 17.
2317 1849 2465 1904 Sunt
2495 1865 2629 1904 vero
2657 1853 2861 1905 contra
2890 1851 3075 1905 nostri
3100 1850 3448 1918 consimilis,
3482 1853 3551 1907 ad
3577 1851 3782 1907 dimit-

357 1937 597 2011 pracipi
626 1938 814 2011 possit
840 1937 1046 2003 videri,
1078 1942 1145 1993 ut
1172 1938 1232 1994 in
1264 1942 1466 1994 nostra
1511 1938 1880 2011 elecmosyna
1927 1938 2009 1994 nil
2043 1937 2082 1942 '
2119 1937 2363 1993 tendum
2396 1938 2548 2009 quod
2583 1937 2642 1993 in
2673 1938 2859 1994 Deum
2885 1938 3785 2013 committiturperfaciles;quod

356 2027 545 2100 possit
584 2027 855 2091 inveniri,
879 2027 1037 2099 quod
1076 2028 1148 2084 de
1195 2027 1437 2084 sinistro
1464 2043 1657 2099 opere,
1689 2027 1746 2083 id
1796 2032 1904 2093 est,
1938 2028 2009 2083 de

355 2114 577 2188 injusto
607 2116 685 2172 sit
712 2116 1071 2189 acquisitum
1092 2115 1291 2172 labore
1324 2133 1337 2172 :
1370 2116 1642 2189 sequitur
1668 2116 1852 2187 (4352)
1883 2133 2009 2173 ma-

354 2204 447 2278 gis
477 2207 928 2263 ostentationem
971 2205 1182 2261 innuat
1219 2205 1328 2262 hoc
1359 2204 1513 2261 dicto
1561 2206 1771 2261 notari.
1807 2195 1870 2263 Ut
1914 2208 2005 2273 sit,

355 2293 652 2368 inquiens,
698 2295 1043 2368 eleemosyna
1089 2302 1185 2351 tua
1233 2296 1295 2350 in
1350 2294 1682 2360 abscondito,
1742 2299 1795 2350 et
1842 2296 2010 2351 Pater

355 2392 482 2441 tuus
514 2385 613 2458 qui
656 2385 803 2442 videt
845 2386 907 2441 in
954 2384 1283 2450 abscondito,
1332 2383 1517 2439 reddet
1562 2384 1666 2439 tibi
1712 2384 1894 2455 (Ibid,
1928 2385 2004 2449 4).

352 2473 588 2531 Dicente
617 2490 851 2547 quoque
880 2474 1158 2546 Apostolo
1191 2490 1204 2529 :
1236 2473 1343 2542 Qui
1366 2488 1531 2544 parce
1557 2474 1810 2539 seminat,
1842 2488 2008 2544 parce

352 2567 407 2620 et
433 2566 597 2620 metet
626 2563 703 2631 (II
729 2564 849 2620 Cor.
886 2580 962 2631 ix,
993 2564 1050 2634 6)
1075 2580 1088 2630 ;
1123 2566 1182 2619 et
1209 2562 1350 2635 quia
1371 2563 1517 2617 sicut
1534 2578 1678 2632 aqua
1706 2562 2009 2632 exstinguit

352 2652 560 2721 ignem,
594 2654 674 2708 ita
701 2653 1046 2724 eleemosyna
1073 2653 1377 2721 exstinguit
1400 2656 1682 2723 peccatum
1703 2651 1900 2723 (Eccli.
1921 2668 2002 2717 ιιι,

356 2739 481 2809 33);
525 2739 989 2806 consideremus,
1039 2741 1294 2797 maximo
1341 2740 1462 2811 igni
1512 2739 1727 2811 injecta
1776 2738 2007 2796 modica

354 2826 498 2899 quid
528 2827 705 2883 faciat
735 2828 887 2885 588
919 2845 1094 2901 aqua.
1124 2829 1210 2885 Ad
1249 2846 1427 2901 quam
1475 2827 2003 2885 considerationem

355 2929 471 2969 non
504 2914 731 2970 modice
758 2914 915 2971 valet
943 2915 1442 2988 consilium,quod
1473 2916 1688 2973 Tobias
1709 2916 2003 2985 aequivoco

354 3001 608 3074 praebuit
657 3001 780 3059 ﬁlio
813 3019 827 3058 :
858 3004 987 3070 Fili,
1018 3002 1314 3075 inquiens,
1346 3005 1399 3058 si
1424 3004 1662 3058 multum
1683 3004 1786 3058 tibi
1812 3004 2003 3073 fuerit,

354 3090 704 3146 abundanter
730 3090 956 3156 tribue;
983 3092 1035 3147 si
1073 3108 1299 3163 parum,
1330 3092 1497 3147 etiam
1542 3093 1724 3161 ipsum
1772 3090 2006 3145 libenter

353 3179 637 3251 impertiri
662 3178 818 3236 stude
841 3179 986 3252 (Tob.
1019 3195 1094 3246 Iv,
1125 3179 1203 3250 9).
1235 3178 1392 3234 Nihil
1421 3180 1576 3235 enim
1600 3178 1717 3235 Deo
1765 3177 2002 3235 charius

2119 2029 2321 2082 contra
2349 2026 2480 2081 illos
2512 2027 2726 2099 agitur,
2759 2026 2910 2083 odiis
2943 2027 2991 2082 si
3024 2033 3270 2099 possent
3298 2029 3599 2102 perpetuis
3620 2030 3787 2085 inse-

2118 2118 2513 2181 ctantes;cum
2539 2114 2728 2187 magis
2757 2114 3013 2170 charitas
3044 2121 3383 2187 exposceret
3399 2120 3687 2175 utcontra
3715 2134 3789 2174 se

2116 2207 2246 2258 acta
2280 2202 2444 2259 facile
2495 2202 2874 2267 dimitterent,
2906 2206 3112 2258 contra
3153 2208 3334 2259 Deum
3383 2221 3516 2261 vero
3567 2221 3791 2278 perpe-

2116 2294 2269 2346 trata
2287 2290 2647 2363 rigidissime
2676 2290 3065 2358 vindicarent,
3094 2308 3209 2347 non
3259 2292 3642 2348 immemores
3688 2297 3788 2349 ta-

2116 2394 2249 2435 men
2283 2378 2530 2435 dicentis
2564 2397 2577 2434 :
2612 2380 2719 2449 Qui
2744 2381 2865 2435 sine
2891 2384 3107 2451 peccato
3135 2385 3215 2436 est
3261 2385 3520 2447 vestrum,
3556 2382 3789 2452 primus

2114 2469 2175 2523 iu
2204 2468 2362 2524 illam
2392 2468 2629 2539 lapidem
2659 2469 2843 2524 mittat
2871 2470 3052 2536 (Joan.
3085 2486 3206 2535 vm,
3234 2471 3313 2537 7).
3345 2468 3590 2525 Nullum
3622 2486 3784 2541 pras-

2112 2558 2272 2612 terea
2300 2557 2521 2612 bonum
2552 2556 3031 2628 compensatione
3063 2556 3204 2612 mali
3237 2557 3362 2612 ﬁeri
3394 2556 3608 2614 debere
3650 2575 3785 2614 cre-

2115 2644 2361 2712 damus;
2384 2649 2452 2700 ut
2479 2644 2750 2701 videlicet
2781 2644 2909 2700 ideo
2928 2645 3185 2716 jejunes,
3210 2644 3341 2701 ideo
3372 2644 3783 2719 eleemosynas

2113 2733 2315 2803 facias,
2348 2733 2477 2790 ideo
2508 2732 2875 2790 orationibus
2901 2749 3098 2789 aerem
3143 2733 3324 2789 istum
3378 2735 3610 2807 fatiges,
3641 2736 3780 2793 ideo

2113 2823 2269 2895 quod
2318 2826 2522 2878 contra
2566 2826 2626 2879 te
2670 2826 2762 2877 est
2810 2826 3209 2895 perpetratum
3242 2822 3528 2891 dimittas,
3561 2827 3629 2879 ut
3669 2829 3782 2880 aut

2113 2910 2490 2978 adulterium,
2523 2915 2627 2967 aut
2658 2910 3121 2981 fornicationem,
3147 2916 3251 2967 aut
3292 2911 3517 2985 aliquid
3571 2912 3777 2969 simile

2112 3000 2281 3070 quasi
2313 3000 2601 3071 impunita
2634 2999 2822 3055 facere
2853 3000 3077 3068 credas,
3109 3016 3244 3056 cum
3274 3000 3421 3057 nulli
3459 3000 3775 3074 promitta-

2111 3087 2910 3159 turpeccatorumvenia,nisi
2927 3089 3026 3161 qui
3042 3105 3357 3145 conversus
3371 3088 3771 3163 reliqueritea.

2185 3175 2338 3232 589
2377 3177 2459 3229 18.
2492 3173 2658 3230 Talia
2687 3173 2867 3247 igitur
2896 3191 3030 3230 cum
3062 3180 3262 3233 nostra
3300 3180 3585 3250 tanquam
3631 3193 3775 3233 con-

351 3242 511 3324 bona
537 3242 994 3337 voluntate,cum
1012 3242 1247 3324 etca’lix
1267 3284 1432 3339 aquae
1456 3267 1679 3342 frigidae
1701 3284 1832 3323 cum
1849 3267 2003 3323 bona
2032 3242 2075 3310 (ἶ
2112 3262 2464 3336 temptibilia
2523 3263 2661 3330 sint,
2713 3242 2860 3335 proh
2918 3264 3120 3321 dolor!
3163 3242 3441 3337 jejunis;
3473 3266 3776 3323 orationes

350 3354 650 3413 voluntate
710 3355 960 3430 largitus
1017 3355 1506 3413 remunerationis
1560 3356 1827 3412 mercede
1884 3372 2001 3411 non

351 3450 566 3511 careat,
601 3448 668 3501 ut
694 3445 819 3519 ipse
848 3445 932 3502 ait
955 3445 1015 3501 in
1047 3444 1355 3518 Evangelia
1387 3444 1672 3502 Dominus
1702 3444 1908 3513 (Matth.
1942 3462 1999 3514 x,

351 3534 464 3607 42).
497 3533 602 3590 Cui
633 3534 790 3591 canit
818 3534 1132 3591 Psalmista
1160 3535 1404 3591 devotus
1437 3550 1450 3590 :
1479 3536 1543 3589 In
1569 3550 1657 3590 me
1683 3535 1998 3600 sunt,Deus,

349 3627 475 3680 vota
502 3627 600 3679 tua
628 3623 801 3695 (Psal.
837 3640 925 3692 LV,
959 3623 1070 3696 13),
1104 3623 1163 3678 id
1202 3626 1310 3691 est,
1342 3622 1633 3688 voluntas,
1665 3639 1845 3695 quam
1893 3622 2000 3677 tibi

351 3715 567 3767 cuncta
595 3712 855 3767 cernenti
903 3713 1081 3769 offero
1110 3710 1635 3777 bonam.Quocirca
1650 3712 1699 3766 si
1729 3716 1849 3767 tam
1865 3728 2003 3784 pau-

351 3815 457 3872 per
482 3803 575 3855 est
602 3798 756 3870 quis,
787 3804 855 3855 ut
884 3799 1031 3855 nihil
1056 3801 1291 3873 penitus
1322 3801 1477 3873 quod
1507 3800 1728 3856 tribuat
1748 3800 1998 3868 habeat;

351 3886 737 3959 semetipsum
767 3888 816 3942 si
846 3888 1091 3956 tribuat,
1110 3888 1221 3944 sibi
1248 3890 1517 3945 sufﬁcere
1545 3889 2000 3945 credat.Dictum

351 3979 442 4031 est
489 3974 647 4031 enim
680 3994 693 4032 :
747 3976 909 4032 Omni
945 3978 1154 4049 petenti
1200 3985 1251 4033 te
1290 3979 1471 4034 tribue
1500 3978 1652 4049 (Luc.
1684 3994 1762 4043 γι,
1793 3976 1908 4047 30),
1941 3977 1999 4032 id

350 4066 461 4131 est,
512 4067 571 4119 et
615 4063 708 4120 cui
756 4064 987 4133 tribuis,
1021 4068 1078 4120 et
1124 4064 1219 4121 cui
1269 4082 1384 4121 non
1414 4066 1648 4132 tribuis,
1681 4069 1736 4121 te
1783 4065 1997 4121 tribue.

322 4152 523 4235 .Verbi
552 4153 760 4227 gratia,
795 4158 962 4228 rogat
991 4152 1206 4227 aliquis
1236 4154 1350 4211 sibi
1382 4154 2000 4226 tribuipanem,etnon

348 4240 530 4299 habes
560 4259 734 4315 quem
764 4242 993 4299 tribuas
1022 4259 1234 4315 panem
1260 4261 1274 4312 ;
1304 4244 1495 4299 tribue
1520 4247 1596 4312 te,
1631 4242 1689 4297 id
1722 4244 1999 4308 est,tuam

348 4330 564 4388 bonam
594 4331 955 4388 voluntatem
987 4349 1107 4405 qua
1131 4332 1333 4402 utique
1363 4331 1653 4388 tribueres
1682 4330 1790 4400 illi,
1820 4329 1869 4385 si
1902 4329 2003 4384 ha-

348 4420 602 4484 buisses,
635 4419 1028 4477 libentissime
1058 4437 1310 4494 panem;
1339 4424 1396 4477 et
1421 4420 1562 4493 quia
1607 4435 1785 4476 sermo
1830 4419 2002 4474 bonus

348 4523 515 4579 super
540 4507 730 4564 datum
755 4510 1021 4581 optimum
1051 4510 1239 4581 (Eccli.
1271 4527 1431 4577 xvm,
1467 4509 1578 4580 17),
1631 4508 1851 4564 enitere
1896 4522 2000 4579 pro

2113 3369 2346 3424 quoque
2371 3356 2427 3408 ct
2455 3350 2877 3424 cleemosynze;
2912 3353 2983 3409 de
3027 3354 3197 3410 nobis
3245 3353 3617 3427 deploratum
3669 3372 3778 3427 per

2110 3439 2423 3496 Jeremiam
2457 3439 2722 3497 valemus
2751 3441 2959 3497 timere
2992 3457 3005 3495 :
3046 3442 3305 3498 Viderunt
3331 3459 3453 3499 eam
3485 3443 3685 3513 hostes,
3720 3448 3778 3500 et

2110 3530 2421 3585 deriserunt
2448 3529 2684 3585 Sabbata
2713 3531 2830 3601 ejus
2855 3530 3069 3599 (Thren.
3104 3549 3141 3598 ι,
3166 3532 3308 3603 7);et
3334 3548 3439 3604 per
3466 3530 3650 3587 alium
3678 3549 3779 3588 no-

2112 3618 2202 3674 bis
2232 3618 2548 3673 Dominum
2579 3618 2925 3691 praecepisse
2959 3636 2973 3674 :
3006 3620 3183 3675 Nolite
3212 3620 3475 3693 jejunare
3500 3622 3648 3676 sicut
3676 3639 3774 3678 ns-

2109 3723 2215 3779 que
2240 3707 2311 3762 ad
2338 3708 2481 3762 hanc
2507 3707 2653 3762 diem
2682 3707 2833 3776 (1δαί.
2865 3723 3018 3775 LVIII,
3050 3708 3126 3780 4).

2185 3795 2270 3852 19.
2303 3799 2472 3851 Teste
2500 3812 2633 3851 vero
2662 3795 2957 3868 Apostolo,
2991 3812 3126 3852 cum
3159 3798 3313 3869 quod
3346 3796 3474 3853 sine
3500 3798 3616 3854 fide
3646 3797 3771 3872 agi-

2108 3888 2206 3941 tur
2236 3888 2537 3956 peccatum
2571 3883 2648 3939 sit
2677 3886 2849 3944 (Rom.
2883 3901 2997 3951 xw,
3029 3886 3142 3957 24),
3177 3884 3307 3958 ipsa
3335 3903 3468 3942 vero
3482 3886 3611 3943 sine
3641 3904 3776 3959 Ope.

2110 3973 2276 4028 ribus
2308 3973 2452 4029 ﬁdes
2485 3989 2619 4028 cum
2652 3972 2840 4028 otiosa
2867 3972 2958 4028 vel
2989 3978 3221 4030 mortua
3252 3974 3329 4030 sit
3371 3976 3507 4048 (Jac.
3542 3993 3603 4043 Il,
3636 3976 3771 4048 20);

2110 4061 2449 4133 deceptores
2474 4058 2607 4116 illos
2635 4061 2927 4132 praeterire
2959 4062 3295 4119 nullatenus
3317 4063 3653 4120 animarum
3677 4065 3774 4120 de-

2109 4150 2339 4218 bemus,
2370 4148 2472 4220 qui
2493 4154 2695 4205 contra
2727 4150 3233 4207 confirmationem
3265 4152 3565 4209 catholica:
3608 4153 3767 4222 fidei,

2110 4239 2170 4295 in
2202 4255 2321 4310 qua
2347 4236 2697 4308 continetur,
2727 4239 2881 4310 quod
2912 4243 3174 4296 venturus
3206 4240 3285 4296 sit
3313 4241 3601 4298 Dominus
3612 4242 3769 4314 judi-

2108 4343 2232 4383 care
2252 4328 2404 4382 vivos
2432 4330 2486 4381 et
2513 4329 2758 4382 mortuos
2782 4326 3047 4400 (Symbol.
3080 4329 3456 4399 Athanas.),et
3484 4330 3770 4387 saeculum

2110 4431 2214 4487 per
2242 4415 2525 4487 ignem;et
2557 4432 2570 4470 :
2606 4416 2711 4484 Qui
2741 4416 2880 4471 bona
2899 4420 3302 4487 egerunt,ituri
3327 4420 3388 4474 in
3414 4420 3591 4476 vitam
3613 4425 3772 4478 aeter-

2111 4520 2280 4565 nam;
2311 4505 2408 4575 qui
2440 4519 2558 4559 vero
2587 4505 2824 4576 mala,in
2854 4507 3036 4577 ignem
3063 4516 3337 4564 aeternum
3367 4508 3546 4575 (Joan.
3581 4526 3639 4579 v,
3658 4508 3769 4579 29),

349 4593 598 4661 viribus;
632 4599 696 4650 ut
726 4595 776 4650 si
807 4596 971 4653 deest
1012 4598 1233 4665 manui,
1273 4614 1449 4671 quem
1497 4598 1778 4671 porrigas,
1811 4596 2000 4663 cibus,
2033 4611 2079 4677 D
2112 4591 2523 4665 impunitatem
2556 4593 2832 4650 omnibus
2863 4594 3173 4666 baptizatis
3186 4596 3541 4668 promittunt
3571 4597 3772 4652 miser-

352 4698 547 4739 sermo
576 4680 789 4756 linguae
820 4700 938 4739 non
970 4684 1142 4755 desit,
1170 4701 1346 4758 quem
1378 4686 1754 4759 respondeas,
1785 4685 1998 4741 bonus.

424 4771 513 4827 46.
548 4770 693 4835 Quia
721 4788 855 4828 vero
886 4772 1086 4829 omnia
1123 4772 1247 4828 haec
1291 4775 1419 4831 sine
1465 4775 1766 4841 charitate,
1817 4773 2003 4829 mira-

352 4858 471 4916 bile
523 4859 721 4916 dictul
763 4859 1042 4931 exhibita,
1091 4861 1234 4917 nihil
1285 4865 1432 4919 teste
1480 4864 1800 4935 proderunt
1846 4865 2002 4935 Apo-

354 4947 525 5015 stolo,
549 4947 651 5019 qui
694 4948 775 5004 ait
807 4965 821 5003 :
854 4948 917 5004 Si
943 4949 1272 5005 distribuere
1301 4952 1363 5005 in
1391 4952 1536 5007 cibos
1562 4968 1868 5023 pauperum
1895 4968 2005 5007 om-

353 5051 451 5091 nes
476 5036 767 5107 facultates
788 5052 960 5102 meas,
989 5041 1039 5092 et
1061 5038 1114 5092 si
1141 5037 1413 5094 tradidero
1451 5055 1643 5111 corpus
1689 5057 1872 5096 meum
1923 5042 2007 5096 ita

356 5127 418 5179 ut
445 5123 638 5179 ardeat
662 5139 677 5178 :
701 5125 1029 5181 charitatem
1053 5133 1237 5182 autem
1263 5143 1374 5182 non
1406 5128 1663 5197 habuero,
1681 5130 1834 5185 nihil
1863 5131 2006 5186 mihi

431 5256 617 5334 (1452)
647 5254 813 5334 Idem
845 5256 1032 5334 editor
1059 5256 1277 5334 optime
1320 5258 1546 5334 potavit
1577 5278 1590 5315 :
1627 5262 1920 5334 Legerem,
1955 5265 2004 5319 si

358 5343 484 5452 rest
505 5326 620 5382 mei
668 5326 897 5381 arbitrii
946 5326 1148 5383 esset:
1198 5328 1336 5402 quod
1381 5331 1630 5400 sequitur
1672 5326 1744 5388 ,ἶ
1790 5375 1802 5387 .
1849 5376 1863 5389 .
1909 5326 2005 5391 in-

358 5414 459 5452 nui
492 5439 504 5452 .

358 5414 504 5453 ηαιε.

433 5468 615 5541 (4453)
648 5466 1175 5545 Lectiocorrupta,
1226 5469 1419 5542 inquit
1462 5470 1738 5529 laudatus
1781 5476 2004 5545 editor;

362 5538 450 5617 sic
506 5538 703 5617 autem
751 5538 979 5617 restitui
1028 5538 1263 5617 potest:
1295 5538 1541 5617 suasum.
1584 5585 1600 5617 ε
1648 5587 1660 5600 .
1706 5585 1719 5599 .
1760 5538 2011 5617 dedigne-

362 5613 477 5675 tur,
508 5610 611 5666 ubi
650 5610 1073 5683 pracedentem
1111 5615 1344 5686 textum
1373 5614 1625 5686 respicit
1657 5631 1670 5671 :
1703 5632 1815 5671 non
1857 5610 2007 5675 dedi-

360 5689 556 5750 gnatur
609 5697 773 5754 agere
826 5697 1055 5737 suasum
1100 5683 1321 5741 Domini
1359 5683 1502 5755 jam
1537 5686 1842 5745 recitatum
1877 5708 1890 5745 :
1949 5691 2012 5746 Si

2111 4681 2246 4736 rimi
2276 4680 2585 4737 scelerum.
2610 4681 2713 4749 Ita,
2739 4682 3036 4755 inquiunt,
3056 4684 3191 4757 pius
3218 4690 3308 4740 est
3337 4685 3492 4741 Deus
3512 4690 3573 4741 et
3595 4686 3770 4743 mise-

2112 4771 2315 4838 ricors,
2347 4773 2413 4825 ut
2437 4769 2732 4826 neminem
2764 4771 3162 4828 Christianum
3198 4773 3503 4846 permittat
3547 4774 3771 4831 intrare

2112 4859 2172 4914 in
2199 4859 2871 4931 infernum.Quanquam
2892 4878 3095 4917 verum
3119 4862 3452 4931 dicerent,si
3485 4862 3773 4919 Christia-

2114 4965 2256 5003 num
2288 4949 2409 5003 fore
2437 4946 2606 5003 illum
2635 4948 3133 5022 solummodo,qui
3166 4951 3384 5007 Christi
3406 4951 3768 5008 voluntatem

2111 5037 2273 5105 facit,
2306 5037 2537 5092 credere
2567 5041 2826 5108 possent.
2859 5039 3005 5095 Cum
3049 5056 3183 5096 vero
3232 5041 3471 5097 Petrum
3524 5042 3772 5098 audiant

2112 5125 2403 5182 dicentem
2433 5125 2987 5198 apostoluszelius
2999 5133 3186 5201 fuerat
3213 5131 3293 5187 eis
3313 5146 3421 5186 non
3452 5144 3771 5202 cognoscere

2113 5271 2298 5340 affers,
2327 5268 2530 5324 etc.Ita
2559 5269 2797 5341 quidem
2830 5287 3099 5327 sermone
3132 5289 3172 5327 ιι
3203 5273 3274 5328 de
3290 5272 3518 5329 Pascha
3540 5276 3759 5329 num.2.

2116 5341 2438 5413 Suadebam,
2469 5344 2531 5395 ut
2562 5340 2693 5413 quid
2729 5342 2973 5413 aliquem
3011 5359 3066 5399 se
3115 5345 3322 5401 lmsisse
3370 5347 3762 5408 meminerunt,

2116 5411 2868 5486 recordarenturdicentis}
2887 5414 2948 5468 Si
2974 5415 3152 5486 offers,
3203 5419 3336 5483 etc.,
3384 5417 3485 5486 qui
3531 5432 3660 5472 vero
3700 5416 3765 5470 ab

2117 5483 2303 5559 aliquo
2335 5484 2728 5559 lmsifuissent,
2752 5492 2804 5539 et
2829 5485 2927 5559 ille
2954 5483 3173 5542 veniam
3202 5483 3470 5542 veraciter
3492 5488 3766 5559 postulas-

2114 5556 2213 5618 set,
2248 5569 2354 5608 non
2385 5554 2837 5611 obliviscerentur
2864 5556 3126 5614 dicentis:
3159 5560 3301 5615 Cum
3327 5554 3771 5616 statis-adoran-

2117 5623 2267 5693 dum,
2301 5628 2411 5680 etc.
