3892 6384
147 373 266 440 ⁸101

1643 377 2092 445 SERMONES.

3463 381 3584 450 702

149 510 301 570 viam
330 511 596 584 veritatis,
619 529 784 588 quam
807 520 931 590 post
975 517 1339 591 cognitionem
1378 522 1650 574 retrosum
1679 533 1807 574 con-
1835 523 1894 592 Α
1923 515 2171 574 fecimus
2201 513 2574 591 recipiemus.
2621 513 2784 585 Quod
2828 518 2885 574 et
2915 511 2964 574 si
2997 497 3214 592 aliquis
3256 533 3360 592 pro
3411 517 3582 578 nobis

150 604 295 659 verti
325 605 400 675 (II
425 607 574 660 Petr.
627 624 687 676 ιι,
725 608 856 679 21);
904 610 977 664 de
1029 607 1267 680 quibus,
1322 624 1541 680 quaeso,
1586 608 1812 664 dictum

153 693 523 764 conjiciunt?

225 783 314 838 20.
348 783 419 838 Et
451 800 584 840 cum
616 785 848 842 ordines
871 790 1126 858 quatuor
1146 802 1313 842 sacra
1343 789 1537 842 teneat
1563 786 1814 842 auctori-

150 874 244 927 tas
275 871 336 926 in
361 872 586 944 judicio
619 878 874 930 extremo
907 875 1134 930 futuros
1164 891 1177 929 :
1212 891 1396 929 unum
1435 874 1676 942 scilicet,
1713 875 1816 946 qui

143 959 375 1031 judicet
395 977 529 1016 cum
554 962 802 1018 Domino
827 981 840 1031 ;
866 961 1140 1029 alterum,
1165 967 1265 1035 qui
1287 981 1390 1035 per
1411 963 1705 1036 judicium
1727 980 1817 1018 re-

152 1054 538 1118 muneretur;
571 1052 833 1118 tertium,
867 1051 967 1124 qni
999 1068 1104 1124 per
1140 1051 1436 1123 judicium
1467 1053 1814 1121 damnetur;

152 1142 456 1208 quartum,
491 1139 590 1210 qui
614 1157 804 1212 neque
827 1140 1235 1214 perjudicium
1265 1139 1432 1195 illum
1452 1140 1514 1214 [l.
1535 1141 1698 1210 illud]
1727 1159 1813 1197 re-

152 1231 520 1295 muneretur,
543 1245 732 1302 neque
755 1230 1084 1297 damnetur,
1101 1247 1236 1285 cum
1251 1229 1535 1301 scriptum
1559 1229 1617 1284 in
1638 1231 1818 1285 Evan-

151 1314 307 1386 gelio
341 1315 456 1371 sit:
521 1318 627 1385 Qui
677 1327 861 1374 autem
907 1335 1018 1374 non
1047 1319 1239 1385 credit,
1263 1320 1387 1390 jam
1425 1319 1710 1392 judicatus
1741 1323 1818 1375 est

157 1406 343 1471 (Joan.
379 1420 465 1471 ιιι,
521 1406 647 1478 10);
704 1411 763 1462 et
817 1407 1138 1463 Psalmista
1186 1408 1426 1464 verbum
1482 1409 1570 1478 [f.,
1619 1408 1816 1479 verbo]

152 1492 418 1550 dicatur:
434 1495 556 1552 Ideo
586 1513 693 1552 non
727 1505 1021 1568 resurgunt
1040 1499 1202 1568 impii
1215 1496 1663 1568 injudicio(Psal.
1681 1514 1718 1564 1,
1737 1497 1818 1567 5),

150 1583 328 1653 quasi
347 1585 610 1656 apertius
623 1585 798 1640 dicat:
814 1579 885 1640 Et
899 1585 948 1640 si
963 1585 1200 1657 quidem
1222 1590 1678 1656 resurgunt,non
1692 1585 1821 1640 ideo

149 1677 478 1744 resurgunt
500 1673 945 1744 utjudicentur,
979 1673 1258 1744 quiajam
1291 1671 1692 1742 sintjudicati,
1722 1673 1820 1726 sed

147 1758 290 1815 ideo
307 1764 645 1832 resurgunt,
666 1765 754 1824 ut,
769 1760 1018 1831 receptis
1031 1760 1395 1832 corporibus,
1424 1759 1560 1814 illuc
1580 1760 1827 1815 eantubi

144 1853 295 1904 ante
317 1847 535 1904 saecula
551 1849 982 1904 suntdestinati
998 1848 1216 1921 (impios
1235 1853 1431 1903 autem
1451 1849 1596 1903 istos
1619 1848 1830 1903 intelli-

143 1953 299 2009 gere
312 1937 686 1992 solummodo
700 1937 984 1992 debemus
1001 1936 1416 2004 incredulos,et
1434 1937 1677 1992 minime
1693 1937 1830 2008 bap-

142 2024 420 2095 tizatos);
446 2025 581 2096 quis
599 2041 736 2097 ergo
751 2026 1067 2080 damnatus
1082 2025 1290 2081 tertius
1309 2027 1449 2081 ordo
1462 2025 1566 2080 tibi
1580 2025 1824 2094 videtur,

146 2111 273 2168 nisi
289 2113 748 2180 credentium,id
771 2119 860 2170 est
877 2114 1302 2186 baptizatorum
1318 2114 1688 2186 existere,qui
1703 2131 1828 2185 pro-

149 2219 220 2258 eo
235 2200 398 2273 quod
417 2201 591 2256 {idem
608 2202 961 2258 habuerunt:
975 2203 1077 2258 sed
1095 2202 1368 2275 operibus
1383 2201 1538 2270 fidei,
1558 2219 1683 2274 qua:
1709 2201 1825 2257 illic

151 2288 569 2362 requiruntur,
624 2295 963 2357 caruerunt,
1003 2292 1168 2362 juste
1206 2290 1469 2346 damnati
1516 2290 1575 2346 in
1626 2290 1822 2364 ignem

154 2385 472 2446 aeternum,
505 2378 606 2451 qui
638 2380 864 2451 absque
897 2379 1074 2435 dubio
1106 2379 1372 2436 infernus
1399 2379 1528 2448 erit,
1553 2379 1712 2434 ituri.

226 2469 319 2522 21.
353 2467 595 2523 Constat
623 2483 760 2539 ergo
794 2469 1120 2524 certissime
1151 2467 1468 2524 Dominum
1504 2469 1821 2540 quemdam

156 2557 288 2613 ideo
320 2556 652 2613 monuisse:
687 2559 820 2612 Ecce
845 2575 1013 2612 sanus
1033 2560 1212 2629 factus
1255 2575 1331 2623 es,
1360 2557 1514 2625 vade,
1555 2558 1676 2629 jam
1706 2559 1825 2612 noli

153 2663 402 2718 peccare,
432 2663 502 2702 ne
538 2647 779 2702 deterius
828 2648 932 2702 tibi
971 2647 1186 2717 aliquid
1230 2648 1509 2715 contingat
1557 2648 1736 2716 (Joan.
1764 2663 1820 2713 ν,

160 2736 244 2802 14)
275 2755 290 2805 ;
326 2739 383 2790 et
407 2734 519 2790 alio
567 2734 694 2790 loco
724 2734 980 2790 dixisse:
1025 2737 1191 2790 Fiunt
1238 2736 1539 2790 novissima
1587 2735 1825 2790 hominis

159 2825 312 2879 illius
339 2825 534 2895 pejora
579 2826 863 2895 prioribus
894 2825 1104 2895 (Μαίιὴ.
1143 2841 1244 2894 xu,
1282 2825 1392 2892 45),
1437 2828 1500 2878 ut
1531 2822 1823 2895 intelligas

158 2917 321 2968 tanta
353 2911 766 2968 humiliatione
799 2913 900 2968 Dei
928 2913 998 2968 de
1027 2912 1168 2968 coelo
1192 2913 1262 2968 ad
1284 2917 1498 2968 terram
1517 2929 1620 2985 pro
1643 2912 1825 2967 homi-

159 2999 333 3055 nibus
347 2999 781 3066 descendentis,
801 3003 888 3054 tot
910 2999 1476 3072 indignitatibus,tot
1491 2999 1822 3072 opprobriis

162 3088 230 3143 ab
259 3105 325 3144 eo
359 3087 626 3160 perlatis,
660 3088 834 3158 fame,
860 3088 978 3154 siti,
1011 3088 1381 3154 lassitudine,
1407 3089 1617 3160 sputis,
1643 3105 1822 3161 genu-

163 3177 512 3234 ﬂexionibus
549 3177 849 3244 irrisoriis,
873 3177 1035 3234 falsis
1053 3177 1431 3242 testimoniis,
1457 3182 1638 3245 aceto,
1665 3177 1815 3246 felle,

1859 1891 1908 1956 Β

1923 604 2142 678 aliquid
2174 606 2374 662 fecerit
2397 607 2557 676 boni,
2583 610 2639 662 et
2661 607 2710 662 si
2742 623 2857 664 non
2884 607 3142 679 proderit
3163 609 3357 678 nobis,
3381 609 3586 682 prode-

1922 696 2002 750 rit
2024 695 2128 750 illi.
2162 696 2242 751 De
2274 695 2391 752 illis
2414 712 2550 752 vero
2583 696 2937 769 purgatoriis
2955 700 3088 769 post
3119 698 3345 753 obitum
3369 699 3580 771 pmnis,

1924 802 2096 840 nemo
2119 785 2228 840 sibi
2251 785 2606 852 blandiatur,
2632 801 2974 853 monemus;
2999 787 3139 858 quia
3160 803 3274 842 non
3308 791 3450 842 sunt
3475 792 3588 843 sta-

1924 878 2063 928 tutae
2082 873 2450 940 criminibus,
2472 875 2572 930 sed
2599 874 2854 947 peccatis
2876 874 3359 948 levioribus,quas
3383 877 3587 950 utique

1924 979 2028 1035 per
2057 962 2236 1035 ligna,
2292 963 2491 1020 fenum
2543 968 2600 1018 et
2642 963 2922 1035 stipulam
2974 963 3359 1037 designantur
3390 967 3437 1038 (Ι
3465 966 3584 1021 Cor.

1925 1066 2012 1117 IlI,
2051 1052 2158 1122 12).
2196 1053 2304 1107 Sed
2339 1052 2478 1124 quid
2518 1051 2751 1125 agimus
2781 1051 2875 1108 his
2898 1052 2976 1107 ita
3004 1069 3108 1125 pro
3130 1058 3286 1110 certo
3316 1058 3587 1110 constan-

1923 1139 2212 1203 tantibus,
2230 1141 2330 1213 qui
2356 1142 2628 1198 novimus
2647 1143 2934 1214 quosdam
2950 1159 3126 1214 prava
3143 1144 3587 1210 consuetudine,

1925 1229 2216 1301 quosdam
2238 1234 2624 1294 sacramento,
2645 1230 2934 1303 quosdam
2954 1231 3129 1286 etiam
3155 1231 3591 1298 maleﬁciis,aut

1926 1317 2285 1388 quibusdam
2313 1317 2466 1384 aliis,
2495 1322 2558 1372 ut
2577 1319 2968 1390 praetendunt,
3000 1319 3439 1376 inevitabilibus
3462 1338 3593 1376 cau-

1928 1405 2010 1461 sis
2041 1405 2123 1460 ita
2153 1406 2466 1478 obligatos,
2500 1411 2566 1462 ut
2612 1407 2755 1479 erigi
2801 1408 2872 1462 ad
2915 1408 3390 1465 emendationem
3431 1409 3590 1465 nullo

1929 1493 2105 1548 modo
2128 1493 2377 1562 valeant,
2414 1495 2555 1566 quid
2578 1496 2662 1551 eis
2693 1496 2887 1550 dicere
2906 1495 3252 1551 valeamus?
3274 1498 3428 1568 quod
3461 1513 3594 1553 con-

1931 1581 2133 1637 silium
2169 1582 2348 1638 dare?
2397 1583 2692 1654 Quidquid
2745 1585 2901 1638 enim
2953 1583 3037 1638 eis
3087 1585 3432 1652 dixerimus,
3484 1585 3594 1642 hoc

1933 1669 2136 1741 procul
2168 1670 2347 1725 dubio
2379 1671 2837 1742 respondebunt,
2873 1671 2983 1725 etsi
3015 1687 3130 1726 non
3158 1673 3353 1741 verbo,
3388 1673 3593 1730 effectu

1935 1762 2190 1813 attamen
2227 1758 2440 1829 operis,
2494 1759 2648 1830 quod
2682 1758 2767 1812 illi
2799 1760 2871 1813 de
2919 1759 3228 1832 Evangelio
3263 1762 3334 1817 ad
3369 1779 3594 1818 comam

1935 1847 2124 1901 vocati
2157 1847 2307 1918 (Luc.
2341 1865 2453 1913 xxv,
2489 1847 2578 1914 l8,
2611 1847 2725 1918 20),
2759 1851 2816 1902 et
2861 1849 3180 1904 verendum
3213 1867 3284 1906 ne
3322 1850 3596 1907 similiter

1939 1936 2013 1991 ab
2045 1935 2327 1992 invitante
2375 1935 2584 2004 relicti,
2629 1941 2893 2008 pereant,
2943 1940 3008 1992 ut
3038 1937 3282 2006 Pharao,
3310 1939 3591 1997 indurati.

2009 2024 2098 2078 23.
2134 2024 2201 2078 Hi
2235 2023 2514 2079 nimirum
2549 2029 2690 2080 sunt
2739 2023 2918 2092 enim,
2953 2025 3051 2098 qui
3085 2043 3219 2082 cum
3267 2027 3435 2084 liberi
3467 2047 3595 2086 esse

1935 2111 2213 2177 valerent,
2230 2113 2607 2168 immiserunt
2626 2116 2834 2184 sponte
2859 2130 2968 2168 sua
2983 2113 3042 2168 in
3067 2118 3186 2170 rete
3202 2116 3377 2187 pedes
3395 2101 3596 2173 miseri

1935 2217 2098 2270 suos,
2127 2205 2186 2256 et
2212 2201 2270 2255 in
2316 2203 2445 2273 ejus
2477 2199 2726 2257 maculis
2772 2201 3148 2260 ambulantes
3180 2205 3296 2276 (Job
3326 2221 3482 2274 xvm,
3515 2207 3594 2280 8),

1934 2288 2076 2344 dum
2108 2289 2425 2362 expediunt
2457 2307 2518 2347 se
2549 2290 2620 2346 ab
2641 2307 2778 2358 uno,
2802 2290 2862 2345 in
2890 2291 3048 2348 aliud
3084 2293 3354 2350 incidunt
3373 2294 3599 2366 pericu-

1933 2376 2080 2443 lum,
2100 2383 2156 2433 et
2187 2380 2566 2436 metuendum
2590 2396 2662 2435 ne
2692 2379 3123 2436 inevadibiliter
3142 2399 3175 2437 a
3193 2383 3437 2439 Domino
3460 2401 3595 2440 con-

1934 2465 2223 2523 clusi.Sed
2238 2468 2554 2536 enitamur,
2573 2468 2842 2524 dicamus
2860 2467 3104 2539 aliquid.
3129 2470 3461 2527 Suademus
3477 2471 3594 2528 illis

1933 2571 2005 2610 ne
2039 2555 2097 2610 in
2131 2557 2558 2628 desperationis
2589 2573 2652 2611 se
2682 2557 3046 2628 praecipitent
3076 2556 3195 2613 ullo
3227 2560 3401 2615 modo
3432 2560 3596 2616 bara-

1933 2643 2158 2712 thrum,
2191 2645 2378 2717 ignari
2415 2645 2556 2716 quid
2579 2644 2663 2699 eis
2694 2644 2771 2700 sit
2803 2644 3182 2700 destinatum.
3216 2647 3393 2703 Nescit
3412 2648 3593 2714 enim,

1934 2732 2035 2800 ait,
2069 2734 2248 2799 homo,
2283 2733 2608 2805 Scriptura,
2661 2737 2851 2787 utrum
2897 2731 3020 2788 odio
3067 2750 3138 2788 an
3173 2750 3358 2791 amore
3396 2735 3597 2805 dignus

1931 2823 2021 2888 sit,
2076 2821 2169 2877 sed
2201 2824 2388 2877 omnia
2430 2823 2490 2876 in
2517 2823 2773 2893 futurum
2819 2830 3114 2877 servantur
3157 2825 3365 2880 incerta
3400 2826 3591 2897 (Eccle.

1933 2927 2010 2978 Ix,
2058 2910 2129 2982 1).
2173 2910 2640 2974 Quatriduanum
2684 2911 3004 2984 recogitent
3031 2912 3317 2969 Lazarum
3341 2915 3596 2971 suscita-

1931 3002 2058 3054 tum
2083 3017 2095 3068 ;
2121 2999 2375 3055 clament
2393 3016 2692 3056 cumcazco
2714 2999 3593 3076 illoimportuniuszjejunando

1931 3087 2158 3159 utique,
2191 3088 2838 3162 orando,eleemosynis
2860 3089 3209 3162 insistendo,
3236 3109 3352 3148 non
3381 3098 3445 3149 ut
3466 3111 3595 3167 pec-

1930 3193 2063 3233 care
2107 3177 2190 3233 eis
2241 3181 2438 3234 tamen
2486 3177 2684 3245 liceat,
2736 3179 2834 3234 sed
2873 3183 2937 3233 ut
2979 3197 3011 3234 a
3059 3186 3294 3253 peccato
3343 3199 3442 3239 eos
3492 3200 3596 3256 per

164 3265 364 3338 spinea
397 3281 631 3333 corona,
665 3266 737 3322 ad
768 3270 1133 3338 postremum
1159 3266 1348 3322 crucis
1380 3265 1821 3339 patibulo,late-
1855 3250 1898 3317 C
1938 3267 2398 3322 misericordiam
2421 3267 2655 3323 liberari
2677 3267 3019 3339 contingat;
3049 3250 3437 3326 vociferantur
3457 3250 3592 3328 cum

166 3353 240 3409 ris
260 3354 938 3426 perfossione,ell‘usione
951 3353 1255 3427 sanguinis
1268 3359 1520 3427 etaquaa,
1541 3372 1825 3410 manuum

166 3444 266 3515 ped
277 3460 502 3516 umque
515 3444 860 3511 conﬁxione,
879 3443 1281 3517 ignominiosae
1295 3443 1825 3516 mortisopprobrio

167 3533 519 3606 redemptos,
555 3550 720 3588 sacro
751 3533 1106 3606 baptismate
1135 3533 1304 3601 lotos,
1337 3533 1590 3605 Spiritus
1636 3533 1825 3588 sancti

163 3621 595 3679 illuminatione
625 3623 859 3688 ditatos,
895 3623 1231 3694 cognitione
1260 3620 1579 3677 voluntatis
1607 3620 1708 3676 Dei
1740 3620 1824 3675 lo-

166 3716 511 3784 cupletatos,
542 3711 696 3768 590
719 3711 870 3767 male
900 3717 1141 3784 agentes
1164 3709 1502 3766 diutissime
1525 3709 1821 3777 toleratos,

163 3800 403 3874 ﬂagellis
420 3800 804 3873 paternaliter
817 3796 1826 3872 eruditos,promissionibusdulcis-

167 3887 324 3945 simis
356 3893 665 3958 attractos,
715 3889 1039 3944 honoribus
1069 3887 1246 3943 variis
1274 3891 1395 3942 tam
1441 3885 1822 3942 saecularibus

166 3993 330 4048 quam
363 3977 782 4034 ecclesiasticis
814 3977 1116 4040 infulatos,
1150 3977 1595 4032 commodorum
1619 3975 1819 4030 inesti-

161 4067 461 4124 mabilium
528 4067 831 4123 blanditiis
881 4067 1177 4133 invitatos,
1226 4063 1648 4121 infinitissimis
1688 4063 1820 4121 aliis

162 4153 617 4214 beneﬁcioruum
650 4155 1048 4229 praerogativis
1071 4155 1307 4221 ditatos,
1345 4155 1579 4225 majora
1609 4153 1820 4210 mereri

135 4243 303 4314 .juste
316 4250 718 4318 tormenta,qu
729 4263 822 4302 am
841 4245 972 4300 illos
995 4244 1214 4316 quibus
1231 4242 1372 4298 talia
1389 4259 1667 4298 concessa
1678 4247 1819 4298 sunt

163 4333 340 4389 nulla:
374 4337 487 4394 Cui
523 4337 674 4391 enim
697 4335 826 4407 plus
856 4335 1259 4401 committittur,
1291 4333 1422 4404 plus
1451 4332 1520 4386 ab
1549 4348 1608 4388 eo
1639 4333 1816 4402 exigi-

165 4424 264 4490 tur,
295 4430 357 4480 ut
378 4425 720 4497 aitquidam
746 4423 1193 4478 Benedictorum
1220 4438 1334 4476 non
1360 4420 1697 4493 inﬁmus(S.
1723 4424 1816 4477 Be-

164 4511 346 4568 nedict.
391 4515 609 4585 regulw
639 4531 688 4569 c.
736 4514 824 4584 2);
863 4517 951 4568 et:
1003 4511 1201 4568 Servus
1231 4513 1329 4582 qui
1355 4512 1455 4565 scit
1481 4512 1816 4567 voluntatem

1935 3355 2324 3423 Chananzna,d
2343 3356 2588 3411 icentes:
2617 3355 2876 3411 Miserere
2911 3357 3128 3426 mei,ﬁli
3155 3359 3366 3423 David;
3395 3360 3596 3416 anima

1935 3460 2068 3499 mea
2092 3444 2240 3499 male
2269 3461 2302 3497 α
2343 3443 2616 3499 da'monio
2667 3449 2908 3497 vexatur
2955 3444 3164 3514 (Matth.
3194 3462 3289 3514 xv,
3339 3448 3468 3515 22);
3500 3453 3590 3505 et:

1933 3533 2059 3587 Noli
2105 3531 2367 3598 Domine,
2415 3532 2532 3585 noli
2563 3532 2710 3585 vinci
2753 3549 2786 3584 a
2815 3531 2963 3585 malo
3004 3548 3154 3599 meo,
3208 3533 3302 3589 sed
3330 3537 3486 3590 vince
3535 3539 3595 3592 in

1937 3621 2074 3674 bono
2103 3622 2202 3672 tuo
2235 3619 2444 3672 malum
2469 3633 2666 3672 meum
2700 3618 2872 3689 (Rom.
2909 3635 3009 3688 x11,
3043 3620 3172 3690 2t);
3204 3626 3291 3678 et:
3325 3624 3490 3696 Eripe
3509 3641 3595 3680 me

1933 3709 2180 3772 Domine,
2229 3707 2297 3761 ab
2351 3707 2570 3762 homine
2597 3707 2766 3774 malo,
2813 3723 2847 3761 a
2888 3708 3005 3763 viro
3063 3711 3254 3781 iniquo
3295 3712 3471 3768 libera
3507 3729 3595 3769 me

1935 3797 2107 3867 (Psal.
2140 3813 2368 3866 cxxxix,
2399 3798 2453 3863 2,
2501 3795 2706 3868 utique
2754 3813 2868 3862 me,
2914 3800 2972 3852 et
2999 3797 3106 3854 tibi
3156 3799 3357 3858 factori
3405 3819 3470 3858 ac
3503 3819 3592 3858 re-

1934 3886 2226 3959 demptori
2244 3903 2371 3941 meo
2392 3885 2662 3958 piissimo
2679 3884 2921 3940 restitue
2935 3902 3027 3942 me
3052 3906 3064 3956 ;
3094 3891 3248 3960 quod
3273 3889 3474 3964 utique
3487 3891 3593 3946 mi-

1931 3976 2180 4031 sericors
2202 3975 2348 4048 agis,
2383 3974 2433 4029 si
2466 3974 2621 4045 quod
2656 3979 2860 4030 contra
2888 3979 2943 4031 te
2975 3978 3247 4048 meditor,
3269 3980 3450 4053 )Ι454)
3474 3998 3589 4050 me,

1929 4064 2128 4134 velim,
2161 4063 2366 4130 nolim,
2398 4063 2665 4118 omittere
2699 4063 2861 4118 facis.
2889 4063 2951 4118 Si
2981 4071 3176 4122 autem
3200 4085 3364 4125 meos
3381 4069 3592 4125 morti-

1929 4153 2083 4209 feros
2135 4156 2380 4208 conatus
2451 4151 2780 4222 prosperari
2847 4153 3161 4223 permittis,
3206 4173 3386 4227 quam
3445 4155 3592 4211 mihi

1928 4241 2203 4296 ﬁduciam
2236 4239 2514 4296 evadendi
2547 4238 2876 4308 relinquis?
2907 4241 2976 4296 Et
3008 4242 3056 4296 si
3089 4258 3122 4297 a
3158 4244 3304 4299 591
3337 4259 3590 4314 praesen-

1926 4329 2090 4386 tibus
2119 4329 2291 4386 malis
2325 4346 2439 4385 non
2465 4344 2650 4393 cesso,
2703 4342 2882 4398 quam
2913 4323 3142 4385 veniam
3190 4331 3262 4386 de
3293 4331 3590 4404 praeteriti,

1925 4418 2132 4491 spero?
2160 4419 2535 4490 Gemensquc
2561 4415 2769 4471 talium
2803 4415 2936 4487 quis
2958 4415 3248 4476 instanter
3268 4420 3437 4492 quasi
3459 4437 3594 4476 con-

1925 4508 2243 4579 querendo,
2304 4508 2490 4562 donec
2545 4504 2811 4561 exaudiri
2861 4513 3174 4576 mereatur,
3227 4508 3586 4581 proclamet:

163 4596 356 4658 limini
381 4605 477 4658 sui
503 4611 557 4659 et
585 4619 696 4658 non
722 4604 876 4674 facit,
918 4601 1083 4672 digne
1101 4600 1285 4672 plagis
1316 4599 1504 4653 multis
1533 4599 1816 4670 vapulabit
1845 4620 1894 4684 υ
1927 4598 2206 4668 Usquequo
2262 4596 2605 4652 exaltabitur
2679 4595 2942 4650 inimicus
3003 4602 3200 4654 meus‘?
3264 4600 3484 4671 Respice
3540 4607 3596 4654 et

169 4686 308 4756 (Luc.
340 4709 442 4759 xn,
478 4693 590 4764 47).

225 4781 307 4834 22.
337 4781 447 4837 Sed
481 4781 623 4854 quia
653 4779 1030 4853 omnipotens
1058 4783 1148 4834 est
1170 4778 1345 4843 Deus,
1381 4785 1436 4832 et
1465 4778 1594 4849 ejus
1624 4777 1812 4850 pietas

166 4861 296 4921 nihil
311 4868 492 4936 aliud,
511 4886 689 4940 quam
715 4870 839 4942 ipse
853 4873 942 4924 est
953 4868 1134 4935 Deus;
1157 4865 1530 4937 omnipotens
1548 4883 1682 4922 vero
1695 4867 1813 4938 pie-

171 4953 250 5008 tas
271 4957 412 5028 ejus,
439 4959 525 5014 uti
545 4962 602 5014 et
618 4958 849 5028 justitia
865 4958 1013 5029 ejus,
1031 4953 1443 5028 [subaudinihil
1458 4954 1617 5010 aliud
1633 4972 1810 5027 quam

168 5037 279 5111 ipse
308 5051 393 5102 est
421 5048 600 5117 Deus]
632 5047 704 5102 de
734 5063 851 5119 quo
883 5045 1089 5101 saltem
1121 5043 1388 5099 dubitare
1420 5045 1808 5115 apostaticum

171 5131 440 5192 credimus
471 5153 641 5193 esse:
677 5136 747 5190 ad
782 5135 965 5202 illam,
1001 5134 1141 5189 dum
1173 5131 1448 5196 vivimus,
1485 5148 1591 5188 nos
1621 5132 1812 5188 confe-

173 5225 591 5282 ramus.Mortui
616 5226 773 5282 enim
800 5224 945 5279 nihil
969 5220 1632 5287 omninofaciemus,sed
1651 5222 1808 5293 quod

199 5411 208 5422 _
235 5345 408 5417 (1454)
438 5350 570 5406 Haec
602 5349 922 5405 concinunt
960 5365 1103 5422 cum
1136 5346 1254 5402 illis
1275 5343 1554 5422 Ecclesia:
1587 5345 1645 5400 in
1679 5361 1807 5401 ora-

174 5414 310 5493 tione
340 5414 561 5493 secreta
592 5422 784 5478 missae
839 5419 1076 5493 Sabbati
1108 5423 1243 5493 ante
1275 5415 1641 5493 Dominieam
1673 5434 1806 5493 pas-

177 5487 367 5558 sionis:
390 5492 466 5547 Ad
497 5502 548 5550 te
567 5502 778 5548 nostras
807 5496 977 5548 etiam
999 5491 1223 5548 rebelles
1253 5488 1512 5558 compelle
1537 5487 1808 5558 propitius

179 5556 475 5630 EOluntates.
511 5565 641 5620 Mox
659 5565 864 5620 verba:
893 5565 952 5618 Si
973 5569 1156 5620 autem
1175 5577 1320 5616 meos
1340 5556 1808 5630 usque—adspero

178 5623 463 5704 Ratherius
494 5637 696 5691 recitat
725 5635 783 5690 in
819 5637 1114 5704 Qualitatis
1143 5623 1451 5704 conjectura
1484 5647 1646 5704 num.
1678 5623 1732 5684 ὂ.

238 5699 408 5775 (1455)
436 5706 752 5763 Construe:
788 5699 881 5764 llis
913 5716 963 5763 et
991 5699 1307 5777 hujusmodi
1334 5701 1668 5758 clamoribus
1697 5718 1808 5758 cor-

1919 4685 2126 4741 exaudi
2165 4701 2271 4753 me,
2316 4686 2545 4741 Domine
2574 4684 2712 4738 Deus
2761 4687 2932 4759 (Psal.
2960 4703 3060 4755 xn,
3092 4690 3160 4756 3;
3194 4691 3286 4744 et:
3329 4689 3434 4744 Fac
3476 4705 3589 4744 me-

1921 4791 2070 4842 cum,
2096 4775 2346 4844 Domine,
2361 4775 2586 4845 signum
2607 4776 2669 4829 in
2709 4776 2864 4842 bono,
2887 4779 2948 4830 ut
2971 4776 3192 4831 videant
3219 4776 3316 4848 qui
3359 4777 3590 4833 oderunt

1919 4879 2026 4928 me,
2059 4871 2114 4918 et
2161 4862 2592 4933 confundantur,
2618 4865 2884 4934 quoniam
2913 4872 2993 4931 tu,
3042 4864 3288 4930 Domine,
3324 4865 3591 4938 adjuvisti

1918 4969 2024 5019 me,
2057 4957 2108 5008 et
2136 4953 2442 5008 consolatus
2468 4968 2521 5007 es
2551 4969 2638 5008 me
2673 4954 2847 5024 (Psal.
2898 4969 3098 5020 Lxxxv,
3135 4953 3245 5024 17).
3275 4953 3376 5009 His
3404 4955 3588 5026 (1455)

1919 5047 1976 5098 et
2002 5041 2343 5113 hujusmodi
2367 5039 2728 5098 clamoribus
2747 5058 2917 5098 aures
2930 5041 3204 5097 exaudire
3221 5042 3352 5115 cupi
3360 5043 3588 5098 entissi-

1920 5130 2001 5186 mi
2033 5130 2289 5198 Domini,
2323 5131 2517 5197 corde,
2553 5146 2651 5186 ore
2685 5147 2988 5203 manuque
3020 5130 3296 5205 fatigans,
3318 5131 3432 5188 nisi
3452 5137 3587 5189 ante

1917 5220 2239 5275 terminum
2271 5219 2401 5274 vita:
2432 5218 2736 5291 quiescat;
2772 5220 3015 5275 forsitan
3048 5219 3237 5292 pietas
3265 5219 3425 5276 illius
3458 5220 3582 5292 (qui

1916 5344 2001 5408 de,
2035 5361 2125 5400 ore
2144 5349 2196 5400 et
2229 5361 2398 5400 manu
2440 5345 2687 5414 fatigans
2717 5361 2880 5400 aures
2926 5345 3150 5400 Domini
3177 5344 3584 5415 cupientissimi

1917 5417 2203 5482 exaudire,
2226 5418 2341 5471 nisi
2371 5417 2613 5487 quiescat
2641 5420 2768 5471 ante
2798 5417 3099 5472 terminum
3141 5417 3264 5470 vitm
3284 5432 3305 5476 ;
3342 5415 3581 5487 forsitan

1912 5490 2089 5564 pietas
2120 5488 2294 5552 illius,
2327 5484 2445 5559 (qui
2473 5504 2598 5542 cum
2643 5489 2780 5554 vult,
2803 5491 3017 5564 potens
3041 5490 3141 5564 est
3171 5484 3580 5564 etc.)pulsata

1912 5556 2166 5631 precibus
2194 5556 2528 5631 sanctorum,
2582 5558 2929 5631 respondebit
2967 5561 3020 5631 et
3051 5557 3141 5610 illi
3169 5557 3278 5631 (sic
3313 5556 3577 5631 fatiganti

1916 5625 2044 5755 ligus
2076 5629 2466 5755 qures)tidem,
2501 5625 2642 5700 quod
2662 5625 2944 5701 respondit
2978 5627 3250 5683 instanter
3276 5625 3578 5679 clamanti:

1985 5717 2082 5755 mu
2108 5717 2212 5755 ter.
2243 5717 2272 5755 e
2304 5717 2352 5754 ο.

1985 5703 2212 5768 mulier,
2243 5703 2352 5756 etc.
