3892 6392
325 402 449 475 ’103

1171 406 1547 475 RATHERII
1590 407 1836 474 EPISC.
1879 404 2170 505 YERON.
2218 409 2393 476 OPP.
2441 412 2635 480 PAPS
2677 413 2791 480 ΙΙΙ.

3632 413 3754 479 ’104

331 560 469 605 cum
497 544 642 618 vult,
668 522 859 621 potens
887 554 964 606 est
982 543 1048 605 de
1076 545 1352 621 lapidibus
1381 547 1525 620 ﬁlios
1545 545 1790 606 Abrahae
1814 546 1987 603 susci-
2014 546 2073 615 Α
2100 532 2233 604 tur:
2266 554 2484 619 Pereat,
2512 548 2725 624 inquit,
2754 549 2910 623 prior
2937 549 3070 621 dies,
3102 548 3165 608 in
3191 565 3296 626 quo
3332 555 3494 608 natus
3518 564 3666 619 sum,
3699 532 3769 608 et.

327 638 446 697 tare
475 637 681 705 (Matth.
715 653 800 696 ιιι.
828 637 923 711 9):
957 637 1065 704 Qui
1086 653 1196 694 non
1246 638 1363 693 vult
1405 640 1636 694 mortem
1684 639 1985 709 peccatoris

325 729 420 786 sed
447 736 509 786 ut
532 731 879 785 convertatur
907 731 960 783 et
987 728 1134 783 vivat
1163 726 1376 798 (Bacch.
1406 743 1604 792 xxxm,
1640 726 1729 797 11)
1760 729 1986 781 sancto-

329 834 463 877 rum
491 817 763 890 precibus
786 814 1421 889 pulsatarespondebit
1450 812 1629 883 etilli,
1657 814 1980 886 quodidem

328 907 617 965 instanter
667 905 980 964 clamanti:
1016 906 1055 962 0
1084 904 1306 971 mulier,
1359 903 1653 976 inquiens,
1682 921 1979 976 nusquam

327 995 625 1054 utscilicet
642 995 888 1053 viriliter
903 1011 1101 1069 agens,
1135 994 1235 1050 sed
1255 992 1503 1050 mollitia
1524 992 1801 1057 muliebri,
1818 993 1979 1049 vitiis

327 1085 611 1143 enerviter
639 1085 1051 1153 succumbens,
1083 1100 1288 1155 magna
1328 1090 1407 1139 est
1436 1099 1591 1137 nunc
1620 1074 1769 1153 ﬁdes,
1803 1080 1861 1137 id
1890 1086 1980 1138 est

327 1174 531 1232 orandi
561 1173 1011 1248 perseverantia,
1053 1180 1190 1234 tua;
1227 1173 1327 1244 ﬁat
1354 1172 1455 1228 tibi
1482 1173 1623 1227 sicut
1652 1172 1733 1227 vis
1763 1171 1971 1239 (Matth.

323 1280 421 1331 xv,
443 1263 534 1335 28)
560 1266 652 1320 :et
670 1262 975 1321 sanabitur
1004 1259 1373 1318 animaillius
1400 1260 1459 1315 in
1487 1259 1587 1315 illa
1614 1260 1760 1316 hora
1783 1277 1796 1327 ;
1819 1260 1969 1331 quod

322 1352 495 1410 nobis
525 1352 801 1410 omnibus
826 1355 1100 1426 praestare
1128 1349 1400 1423 dignetur
1419 1347 1822 1421 Redemptoris
1838 1365 1973 1405 nos-

323 1441 401 1497 tri
431 1440 768 1498 clementia.

392 1530 483 1585 24.
515 1530 620 1586 Est
647 1532 706 1587 et
733 1527 851 1585 alia
878 1527 1249 1602 pereuntium
1272 1527 1331 1582 in
1354 1530 1701 1599 perpetuum
1733 1526 1971 1582 evidens

322 1617 687 1691 approbatio,
720 1617 876 1689 quod
908 1632 1042 1672 cum
1085 1621 1205 1673 tres
1252 1615 1311 1671 in
1362 1613 1670 1686 Evangelio
1701 1612 1970 1686 legamus

321 1709 588 1764 mortuos
617 1722 652 1762 a
684 1705 924 1761 Domino
945 1704 1282 1772 suscitatos,
1307 1708 1582 1776 quartum
1606 1702 1718 1758 sibi
1741 1703 1970 1758 nuntia-

319 1798 448 1852 tum
496 1793 751 1851 noluerit
814 1793 1120 1861 suscitare,
1168 1793 1269 1849 sed
1325 1790 1651 1849 econtrario
1709 1791 1964 1847 dixerit:

2090 654 2204 694 nox
2233 639 2295 694 in
2319 656 2427 712 qna
2455 639 2663 696 dictum
2691 644 2810 697 est:
2844 639 3136 714 Conceptus
3173 649 3253 698 est
3301 643 3459 698 homo
3484 641 3627 711 (Job.
3662 657 3753 710 In,

2094 728 2146 798 3)
2172 745 2185 794 ;
2219 727 2365 784 alter
2392 745 2530 783 vero
2556 746 2568 784 :
2602 730 2941 798 Maledictus,
2972 730 3076 801 ait,
3100 733 3199 803 qui
3220 731 3579 787 annuntiavtt
3592 729 3752 803 patri

2090 833 2228 884 meo,
2262 817 2484 874 dicens:
2514 820 2682 874 Natus
2726 825 2804 881 est
2843 819 2950 875 tibi
3002 836 3143 892 puer
3169 819 3449 881 masculus
3482 819 3620 892 (Jer.
3649 837 3748 888 xx,

2097 908 2218 981 15);
2251 907 2564 964 Psalmista
2602 912 2814 963 contra
2852 906 2984 965 illos
3031 907 3318 973 auxilium
3362 907 3599 979 Domini
3632 908 3751 964 im-

2088 996 2377 1067 precando
2404 1014 2417 1052 :
2452 996 2785 1052 Avertantur
2801 999 2986 1054 statim
3014 998 3406 1066 erubescentes,
3438 998 3539 1070 qui
3555 997 3750 1054 dicunt

2084 1083 2230 1140 mihi
2253 1102 2272 1139 :
2300 1086 2466 1154 Euge,
2499 1102 2633 1154 euge
2664 1087 2836 1158 (Psal.
2870 1103 3021 1156 Lxxx,
3057 1088 3131 1158 4.)

2155 1173 2244 1227 26.
2276 1173 2581 1229 Abstinere
2611 1190 2744 1229 vero
2773 1177 2937 1229 tanto
2992 1174 3183 1247 magis
3242 1191 3349 1231 nos
3402 1177 3633 1248 oportet
3664 1175 3742 1231 ab

2084 1261 2244 1317 omni
2274 1262 2829 1334 mendacio,quanto
2862 1262 3082 1319 certius
3115 1262 3259 1320 illud
3291 1281 3326 1319 a
3354 1262 3590 1320 diabolo
3608 1280 3741 1336 pro-

2083 1350 2282 1406 cedere
2297 1349 2561 1407 valemus
2582 1351 3160 1421 advertere,Domino
3173 1352 3257 1408 ita
3276 1353 3438 1409 deﬂeo
3462 1357 3739 1419 testante,

2081 1439 2217 1493 Cum
2246 1439 2490 1511 loquitur
2506 1440 2873 1508 mendacium,
2904 1457 2975 1497 ex
3015 1444 3263 1514 propriis
3302 1440 3564 1515 loquitur,
3596 1444 3738 1513 quia

2077 1528 2318 1584 mendam
2348 1536 2443 1595 est,
2471 1532 2521 1584 et
2531 1533 2689 1600 pater
2744 1530 2864 1602 ejus
2916 1530 3092 1600 (Psal.
3138 1547 3192 1596 v,
3224 1530 3304 1603 7),
3335 1530 3541 1603 utique
3571 1547 3745 1587 men-

2080 1614 2225 1671 dacii
2258 1618 2434 1687 (Joan.
2475 1633 2599 1684 vm,
2650 1617 2764 1688 44).
2820 1618 2887 1673 Et
2944 1616 3455 1692 Psalmographus'
3487 1617 3740 1676 Domino

2078 1702 2321 1777 dicati[/'.,
2356 1706 2518 1777 dicit]
2543 1724 2555 1762 :
2584 1705 2781 1763 Perdes
2810 1723 2900 1763 eos
2929 1708 3027 1780 qui
3055 1708 3355 1782 loquuntur
3382 1708 3741 1766 mendacium

2076 1795 2246 1865 (Psal.
2276 1811 2329 1862 v,
2360 1796 2439 1860 7).
2463 1795 2627 1860 Quod
2651 1800 2848 1851 tamen
2871 1795 2921 1852 si
2946 1797 3017 1852 de
3038 1797 3199 1853 omni
3225 1797 3530 1854 mendacio
3562 1796 3737 1863 intel-_

317 1885 541 1940 Dimitte
566 1891 800 1940 mortuos
845 1882 1076 1955 sepelire
1122 1888 1364 1939 mortuos
1409 1896 1535 1982 suos
1585 1881 1790 1951 (Matth.
1841 1898 1964 1979 vni,
1997 1915 2045 1982 Β
2075 1882 2642 1982 ligamus,nulluma
2671 1883 3739 1959 perditioneliberumjudicamuszdi-

315 1972 429 2045 22).
463 1974 604 2030 Tres
632 1988 769 2029 vero
792 1970 891 2028 isti
946 1970 1164 2028 mortui
1196 1970 1310 2027 tria
1338 1969 1676 2043 signiﬁcant
1712 1969 1965 2024 morien-

314 2062 467 2120 tium
492 2060 700 2121 animaa
729 2076 979 2134 genera:
1016 2076 1203 2116 unum
1229 2057 1449 2117 scilicet
1467 2057 1527 2114 in
1556 2058 1772 2122 oculto,
1805 2057 1967 2117 aliud

312 2150 375 2208 in
405 2150 923 2225 publico,tertium
944 2149 1003 2205 in
1035 2149 1482 2213 consuetudine,
1510 2149 1665 2220 quod
1684 2152 1742 2203 et
1768 2148 1965 2203 faetore

314 2240 548 2307 dicitur,
580 2239 637 2296 id
670 2242 759 2296 est
779 2237 1183 2311 desperatione
1213 2236 1592 2308 recuperandi
1622 2234 1843 2291 vicinos
1873 2235 1961 2289 iu-

315 2329 515 2397 ficere;
549 2329 649 2386 sed
698 2327 840 2401 quia
870 2327 986 2384 Deo
1025 2326 1109 2382 nil
1157 2329 1249 2383 est
1294 2324 1677 2398 impossibile,
1710 2329 1768 2379 et
1816 2320 1964 2379 tales

314 2418 385 2477 ab
414 2417 580 2475 initio
610 2434 815 2475 omnes
830 2417 1069 2477 fuerunt
1093 2416 1152 2471 in
1174 2414 1361 2472 oculis
1377 2412 1742 2487 ejus,quales
1763 2413 1823 2468 in
1848 2413 1962 2467 [ine

311 2507 542 2565 futuros
568 2506 701 2564 illos
753 2504 1041 2580 prmvidit,
1092 2503 1366 2561 dilexisse
1395 2520 1494 2560 eos
1525 2502 1957 2575 comprobatur,

310 2613 445 2653 cum
478 2597 775 2670 insperata
796 2611 995 2653 eorum
1020 2592 1350 2651 emendatio
1372 2591 1649 2650 cernitur.
1675 2593 1961 2657 Quartum

308 2702 442 2742 vero
470 2683 618 2741 illud
647 2701 835 2758 genus
865 2688 957 2740 est
985 2683 1215 2748 mortis,
1238 2683 1441 2754 dequo
1462 2679 1784 2737 Psalmistae
1815 2678 1958 2735 dici-

308 2777 411 2831 tur
436 2790 608 2829 voce:
662 2775 940 2845 Quoniam
981 2772 1240 2827 laudatur
1284 2773 1533 2841 peccator
1570 2771 1627 2825 in
1670 2769 1960 2825 desideriis

309 2862 519 2918 anima?
546 2875 703 2927 suae;
732 2868 781 2916 et
828 2861 1051 2930 iniquus
1101 2858 1441 2915 benedicitur
1488 2858 1658 2930 (Psal.
1688 2874 1745 2922 χ,
1777 2857 1871 2927 3);
1904 2859 1963 2913 et

311 2950 382 3006 de
430 2948 649 3022 quibus
691 2946 1015 3019 propheta:
1058 2946 1263 3019 Popule
1287 2961 1461 3012 meus,
1510 2946 1606 3015 qui
1655 2945 1871 2999 beatum
1909 2946 1963 2997 te

309 3037 517 3107 dicunt,
552 3037 662 3109 ipsi
711 3039 761 3091 te
803 3034 1083 3106 decipiunt
1129 3034 1280 3101 (Isai.
1326 3050 1410 3103 ιιι,
1457 3033 1565 3103 12).
1617 3031 1763 3088 Cum
1802 3030 1959 3086 enim

310 3125 446 3201 quis
470 3128 527 3181 e1.
558 3122 782 3180 malum
814 3122 969 3196 quod
1002 3120 1141 3177 facit
1173 3120 1296 3192 ipse
1324 3119 1603 3190 defendit,
1636 3123 1694 3176 et
1724 3118 1963 3175 adulan-

2075 1973 2152 2037 cit
2175 1973 2329 2029 enim
2350 1964 2672 2028 alibiidem
2700 1989 2713 2027 :
2752 1973 2941 2029 Omnis
2966 1974 3122 2031 homo
3154 1975 3392 2031 mendax
3423 1975 3739 2048 (Psal.cxv,

2072 2056 2095 2117 4
2121 2061 2185 2133 ι).
2219 2064 2365 2134 Ergo
2395 2066 2458 2117 tu
2489 2061 2614 2132 ipse
2640 2060 2760 2117 haec
2783 2061 2983 2117 dicens
3016 2062 3267 2118 mendax
3288 2062 3738 2136 prOpheta‘Mb‘

2073 2150 2171 2216 sit,
2203 2166 2341 2205 nam
2371 2154 2429 2205 et
2458 2149 2578 2204 illic
2610 2156 2835 2204 certum
2861 2150 3348 2222 quoddam,quod
3379 2150 3735 2223 perditionis

2072 2238 2177 2294 filii
2225 2238 2593 2295 solummodo
2651 2238 2996 2311 loquuntur,
3051 2238 3173 2293 dixi
3226 2239 3630 2309 mendacium,
3672 2247 3739 2297 et

2070 2343 2303 2384 omnem
2331 2326 2627 2382 hominem
2660 2326 2720 2381 in
2746 2327 2931 2381 extasi
2963 2327 3231 2398 (1456),ἱά
3250 2327 3424 2393 est,in
3456 2332 3731 2385 contem-

2068 2415 2324 2489 platione
2356 2415 2683 2472 veracitatis
2716 2414 2839 2482 Doi,
2861 2416 3057 2471 vocavi
3087 2416 3428 2472 mendacem
3453 2433 3466 2483 ;
3491 2415 3651 2472 sicut
3673 2422 3733 2474 et

2067 2504 2447 2560 Ecclesiastes
2478 2520 2644 2559 meus
2674 2504 2868 2574 (Eccle.
2897 2519 2979 2569 ιιι,
3003 2504 3106 2576 19),
3129 2508 3186 2559 et
3215 2507 3347 2576 post
3374 2502 3546 2559 illum
3576 2505 3731 2578 Apon

2067 2591 2255 2649 stolus
2286 2591 2951 2665 (Rom.vm,20),vanitati
2979 2592 3334 2663 subjectum.
3359 2592 3546 2657 Quam
3581 2611 3725 2667 prae-

2065 2685 2224 2741 terea
2254 2681 2492 2736 noxium
2524 2680 2602 2735 sit
2659 2696 2831 2737 omne
2880 2680 3274 2748 mendacium,
3308 2679 3462 2736 alius
3493 2698 3600 2738 nos
3628 2683 3726 2737 ad-

2069 2774 2267 2831 monet
2294 2770 2495 2825 dicens
2522 2769 2611 2824 :0s
2641 2768 2781 2841 quod
2808 2769 3293 2835 mentitur,occidit
3320 2766 3723 2843 animam(Sap.

2066 2875 2107 2925 ι,
2142 2860 2233 2926 ii)
2258 2876 2272 2925 ;
2301 2862 2394 2913 et:
2430 2857 2620 2912 Falsus
2656 2859 2807 2912 testis
2854 2873 2967 2912 non
3021 2858 3128 2913 erit
3184 2858 3493 2929 impunitus
3540 2858 3731 2932 (Proa.

2066 2947 2208 3017 xxx),
2241 2948 2317 3015 5).

2137 3038 2224 3089 27.
2263 3034 2636 3089 Mendacium
2685 3050 2828 3089 sane
2878 3050 3059 3105 quam
3102 3033 3274 3107 longe
3304 3051 3340 3090 a
3370 3034 3723 3108 praesulibus

2066 3122 2335 3179 Ecclesiae
2368 3122 2574 3178 debeat
2604 3137 2753 3189 esse,
2772 3120 3060 3178 invectiva
3091 3123 3401 3194 cujusdam
3434 3125 3727 3181 sententia

308 3214 465 3273 tium
498 3201 784 3271 attollitur
814 3212 1056 3283 insuper
1086 3208 1381 3277 laudibus,
1413 3225 1718 3281 nunquam
1760 3209 1831 3264 ad
1866 3207 1957 3262 sui
2000 3275 2033 3283 _
2070 3210 2435 3283 hujusmodi,
2460 3227 2526 3265 ac
2548 3209 2900 3282 populorum
2932 3212 3356 3268 consuetudine
3377 3212 3536 3281 trita,
3568 3212 3726 3270 vale-

309 3303 705 3378 cognitionem
728 3275 988 3367 rediens,
1013 3302 1079 3359 ut
1107 3296 1420 3372 sepulturae
1440 3301 1708 3353 mortuus
1730 3312 1959 3369 aggere,
1991 3275 2035 3344 (ἶ
2074 3316 2206 3356 mus
2219 3298 2766 3367 advertere:Verba,
2790 3298 3086 3371 inquiunt,
3112 3300 3432 3358 sacerdotis
3462 3305 3565 3357 aut
3590 3318 3727 3359 vera

309 3394 392 3453 ita
420 3392 520 3451 ille
569 3390 935 3448 adulantium
986 3390 1136 3447 falsa
1178 3386 1468 3460 premitur
1518 3386 1959 3443 infelicissimus

306 3483 503 3542 laude.
518 3482 842 3556 Nunquam
862 3479 1067 3553 utique
1096 3476 1409 3543 reviviscit,
1431 3477 1533 3549 qui
1566 3493 1641 3532 se
1661 3480 1958 3533 mortuum

308 3572 431 3632 fore
461 3588 767 3644 nunquam
783 3568 1114 3644 cognoscit;
1138 3583 1245 3623 nec
1274 3566 1347 3623 ad
1379 3565 1631 3623 salutem
1660 3565 1830 3631 redit,
1858 3565 1960 3637 qui

308 3662 502 3721 salute
532 3677 597 3717 se
614 3659 874 3732 indigere
898 3655 1349 3717 minimecredit.
1368 3655 1433 3710 In
1455 3658 1959 3727 perpetuumergo

309 3750 554 3824 periisse
584 3766 699 3804 non
718 3744 1149 3823 dubitatur,qui
1167 3744 1270 3801 tali
1296 3744 1411 3800 ﬁne
1432 3743 1534 3799 def
1534 3742 1960 3816 ungitur.Quod

310 3853 498 3911 genus
528 3835 735 3891 mortis
781 3848 1156 3906 summopere
1206 3848 1403 3888 cavere
1433 3847 1568 3887 cum
1609 3830 1711 3887 Dei
1745 3831 1959 3887 auxilio

310 3926 683 3992 laboremus,
703 3939 809 3979 nec
825 3921 1193 3978 adulantium
1212 3919 1535 3977 mendaciis
1552 3920 1624 3975 de
1653 3920 1823 3976 nobis
1844 3936 1961 3976 ere-

312 4014 548 4081 damus,
579 4012 681 4069 sed
731 4013 966 4084 peccata
1005 4012 1207 4065 nostra
1252 4011 1309 4065 et
1340 4007 1450 4080 ipsi
1492 4024 1858 4076 accusemus,
1906 4013 1963 4067 et

313 4100 728 4160 accusantibus
756 4116 874 4154 non
922 4097 1269 4153 irascamur.
1300 4096 1427 4152 Non
1470 4112 1607 4169 ergo
1648 4096 1768 4153 leve
1798 4100 1963 4169 putet

313 4191 449 4265 quis
479 4206 542 4248 se
587 4188 954 4247 committere
980 4189 1307 4259 peccatum,
1341 4201 1475 4242 cum
1518 4184 1962 4265 aliquem’male

312 4283 580 4354 agentem
612 4277 775 4337 falsis
791 4276 1069 4334 laudibus
1091 4274 1325 4342 attollit,
1338 4290 1481 4361 pum
1507 4274 1807 4332 Dominioa
1826 4291 1965 4330 voce

313 4371 386 4425 de
415 4385 478 4425 se
507 4368 644 4436 dici,
678 4367 833 4439 quod
860 4369 1130 4421 mortuus
1152 4368 1453 4420 mortuum
1477 4361 1738 4435 sepeliet,
1758 4363 1923 4419 audit
1947 4382 1959 4420 :

312 4455 841 4529 irrecuperabiliter
884 4454 1041 4510 enim
1073 4468 1208 4509 eum
1238 4451 1533 4518 interlicit,
1565 4451 1666 4524 qui
1698 4452 1964 4508 fortassis

309 4546 389 4603 ad
411 4543 836 4603 emendationis
853 4543 1033 4599 vitam
1054 4543 1404 4613 resurgeret,
1429 4539 1543 4597 nisi
1567 4557 1705 4598 eum
1723 4540 1820 4597 ille
1837 4542 1963 4597 suis

315 4630 754 4690 adulationibus
782 4630 1148 4688 incessanter
1175 4629 1462 4687 obrueret.

385 4722 477 4777 25.
509 4719 654 4777 Cum
684 4735 817 4776 vero
847 4724 994 4786 octo,
1028 4722 1093 4773 ut
1123 4718 1327 4773 beatus
1359 4717 1573 4774 fatetur
1599 4718 1965 4791 Augustinus

312 4811 413 4886 (De
450 4808 692 4866 Mendac.
752 4824 808 4864 ου
850 4807 960 4880 44),
1018 4806 1171 4863 592
1222 4805 1342 4863 sint
1389 4807 1679 4863 mendacii
1727 4823 1961 4879 genera,

314 4898 690 4957 adulatorum
719 4902 810 4955 est
837 4896 992 4953 inter
1021 4894 1239 4962 omnia,
1271 4894 1473 4961 fateor,
1498 4894 1843 4967 pessimum.
1873 4894 1965 4951 Illi

316 4986 475 5044 enim
507 4985 798 5058 praecipue
826 4988 884 5041 et
912 4983 1313 5057 interfectores
1352 4985 1410 5036 et
1459 4983 1783 5054 scpultores
1828 4989 1968 5041 sunt

318 5072 651 5130 animarum
684 5088 890 5144 regum
925 5069 1199 5137 maxime,
1230 5069 1471 5135 ducum,
1505 5071 1806 5141 comitum,
1845 5073 1968 5145 epi-

319 5172 657 5228 scoporum,
676 5158 979 5226 abbatum,
999 5174 1066 5213 ac
1084 5154 1279 5213 saeculi
1296 5153 1475 5225 hujus
1497 5158 1967 5229 potentium,non

317 5243 488 5303 veriti
517 5242 774 5319 terribile
796 5243 939 5317 illud
959 5261 1062 5317 per
1091 5242 1433 5315 prophetam
1468 5243 1699 5299 Domini
1731 5246 1969 5303 maledi-

320 5336 484 5390 ctum
510 5346 523 5383 :
561 5328 651 5385 Vae
681 5334 776 5402 qui
820 5333 1003 5389 dicitis
1048 5331 1262 5387 malum
1288 5330 1507 5400 bonum,
1540 5337 1591 5388 et
1623 5335 1821 5390 bonum
1848 5353 1966 5391 ma-

324 5423 443 5478 lum
470 5417 622 5489 (Isai.
653 5434 709 5487 v,
740 5421 852 5490 20),
888 5425 997 5478 etc.
1044 5420 1305 5484 Quorum
1338 5420 1656 5477 mortifiera
1684 5424 1972 5493 praeconia

325 5508 408 5563 ita
435 5504 569 5570 Job,
599 5503 681 5559 ita
700 5513 833 5578 post
856 5507 1143 5566 Jeremias
1170 5506 1361 5580 typice
1379 5504 1753 5567 maledixisse
1772 5510 1971 5583 legun-

2068 3393 2171 3445 aut
2198 3386 2499 3460 sacrilega.
2535 3388 2720 3454 Quam
2751 3403 2783 3443 e
2831 3387 3123 3443 contrario
3174 3393 3373 3444 autem
3399 3388 3614 3445 veritas
3646 3389 3727 3445 sit

2070 3481 2183 3533 Deo
2216 3474 2444 3544 dilecta,
2477 3475 2604 3548 ipse
2636 3477 2708 3531 de
2737 3493 2800 3532 se
2828 3475 3078 3549 loquens
3107 3477 3261 3533 Deus
3293 3476 3469 3535 homo
3490 3479 3731 3536 demon-

2070 3568 2237 3631 strat,
2271 3582 2406 3621 cum
2438 3565 2686 3635 ait:Ego
2737 3582 2860 3621 sum
2914 3583 3028 3634 via,
3079 3568 3281 3622 veritas
3320 3571 3373 3621 et
3402 3567 3518 3622 vita
3544 3567 3725 3639 (Joan.

2070 3673 2185 3719 xw,
2216 3654 2273 3725 6)
2300 3671 2312 3723 ;
2346 3658 2402 3710 et
2431 3671 2534 3726 per
2564 3654 2942 3726 prophetam:
2977 3656 3175 3710 Pacem
3203 3662 3255 3710 et
3283 3656 3571 3731 veritatem
3599 3656 3729 3711 dili-

2069 3746 2197 3817 gite,
2222 3745 2303 3799 ait
2330 3744 2589 3799 Dominas
2640 3744 2781 3799 Deus
2829 3742 3012 3816 (Zach.
3045 3759 3171 3809 VIII,
3209 3742 3333 3815 19);
3375 3742 3601 3799 Pascha
3633 3760 3730 3800 cu-

2061 3834 2164 3905 jus
2194 3831 2485 3888 celebrare
2512 3834 2572 3887 in
2600 3833 2812 3903 azymis
2843 3832 3178 3888 sinceritatis
3212 3836 3265 3888 et
3311 3832 3559 3889 veritatis
3616 3851 3727 3890 nos

2070 3926 2271 3993 monet
2296 3921 2611 3994 Apostolus
2638 3923 2687 3995 (ι
2724 3918 2845 3979 Cor.
2874 3939 2931 3990 v,
2955 3921 3030 3983 8).
3065 3922 3300 3977 Etcum
3324 3920 3605 3995 quaedam
3630 3940 3736 3997 po-

2069 4010 2193 4086 puli
2226 4009 2318 4066 sui
2350 4014 2479 4066 acta
2508 4012 2910 4083 reprobasset:
2945 4010 3233 4081 subjecit:
3268 4015 3405 4069 ΗιῈε
3431 4016 3562 4067 sunt
3592 4028 3731 4083 ergo

2068 4102 2254 4165 verba,
2276 4114 2413 4171 quae
2430 4101 2638 4171 facitis,
2680 4100 2979 4171 loquimini
3019 4102 3304 4156 veritatem
3352 4102 3735 4174 unusquisque

2069 4205 2193 4245 cum
2209 4188 2459 4260 proximo
2479 4205 2576 4244 suo
2600 4186 2785 4260 (Zach.
2816 4206 2937 4255 vm,
2954 4189 3031 4261 16)
3054 4206 3068 4257 ;
3091 4193 3150 4244 et
3172 4186 3495 4262 replicans:
3520 4191 3727 4247 Verita-

2072 4285 2177 4349 tem
2207 4281 2257 4331 et
2286 4276 2559 4343 iustitiam
2577 4276 2822 4348 judicate
2843 4280 2903 4332 in
2927 4280 3101 4350 portis
3130 4280 3343 4335 vestris.
3376 4278 3565 4351 (Ibid.)

2140 4366 2230 4420 28.
2264 4366 2427 4433 Ecce,
2462 4364 2672 4419 fratres
2699 4367 2758 4421 et
2788 4364 2891 4419 filii
2927 4367 3102 4437 (Deus
3155 4367 3459 4437 concedat]
3491 4367 3567 4422 ab
3600 4367 3729 4441 ipso

2073 4453 2389 4515 clementer
2419 4453 2689 4525 respecti,
2718 4470 2848 4509 ecce
2878 4459 3103 4527 quanta
3133 4455 3729 4513 commemoravimus

2073 4560 2208 4598 vera
2236 4541 2411 4611 mala,
2445 4545 2667 4613 quanta
2693 4541 2845 4598 falsa
2869 4543 3043 4612 bona,
3077 4549 3301 4615 quanta
3348 4543 3524 4600 etiam
3554 4545 3732 4602 mista

1995 4642 2042 4707 ι)
2073 4631 2244 4687 bonis
2275 4630 2450 4685 mala.
2484 4629 2629 4695 Quid
2664 4629 2834 4686 nobis
2869 4632 3164 4703 agendum
3209 4632 3280 4687 ad
3329 4631 3464 4698 ista,
3499 4632 3638 4700 nisi,
3670 4637 3734 4688 ut

2074 4719 2453 4793 praediximus
2485 4718 2801 4774 Dominum
2833 4721 3199 4792 praecepisse,
3234 4738 3349 4776 non
3396 4721 3479 4776 ita
3499 4719 3733 4794 jej‘une-

2075 4824 2354 4875 mus,non
2384 4806 2466 4861 ita
2494 4822 2873 4873 oremus,non
2898 4807 2979 4864 ita
2998 4807 3398 4881 eleemosynas
3420 4808 3741 4878 faciamus,

2075 4896 2231 4952 sicut
2264 4912 2451 4967 usque
2481 4895 2554 4949 ad
2588 4895 2738 4951 hanc
2769 4896 2925 4952 diem
2958 4897 3383 4969 jejunavimus.
3432 4898 3733 4956 oravimus

2074 4984 2476 5057 eleemosynas
2502 4984 2768 5053 fecimus,
2803 5000 2873 5040 ne
2904 4984 3174 5042 hostibus
3196 4984 3741 5061 nostris,maliguis

2076 5074 2279 5146 utique
2313 5073 2464 5129 593
2490 5071 2816 5145 spiritibus,
2841 5074 3207 5131 occasionem
3229 5091 3337 5141 nos
3357 5074 3618 5149 amplius
3640 5076 3731 5132 de-

2076 5162 2302 5219 ridendi
2320 5161 2802 5233 praestemusﬁed
2824 5162 3248 5219 rationabiliter
3268 5162 3328 5218 in
3352 5163 3730 5237 simplicitate

2076 5251 2268 5307 cordis
2284 5249 2530 5306 Domino
2552 5249 3173 5320 servientes,curemus
3189 5251 3467 5326 primitus
3485 5269 3561 5309 ne
3581 5252 3731 5309 bona

2076 5345 2278 5394 nostra
2302 5338 2450 5393 falsa
2476 5337 2908 5396 sint.Curemus
2929 5356 3002 5397 ne
3022 5340 3186 5396 nulla
3208 5340 3526 5409 dehino,ne
3547 5358 3729 5413 pauca

2075 5431 2307 5498 post,ne
2320 5426 2655 5481 inordinata
2672 5427 2935 5499 [subaudi
2951 5429 3401 5502 sint].illiusque
3421 5445 3728 5503 nunquam

2078 5514 2239 5571 obliti
2271 5513 2686 5586 consilii,quod
2701 5516 3299 5586 datum,infructuose
3329 5517 3729 5587 licet,cuidam

399 5678 561 5752 (1456
591 5677 683 5735 Sic
717 5684 1000 5745 nimlrum
1033 5684 1093 5741 in
1123 5684 1353 5758 psalmo
1384 5698 1506 5753 cxv,
1539 5705 1593 5743 ν.
1627 5692 1662 5742 2
1701 5690 1817 5759 Ego
1845 5691 2033 5748 dixiin
2058 5708 2280 5751 excessu
2307 5708 2467 5749 meo:
2500 5692 2689 5749 0mm;
2717 5693 2874 5752 homo
2896 5696 3154 5753 mendax.
