3892 6384
110 448 228 518 '109

1602 450 2043 519 SERMONES.

3415 451 3536 518 710

111 588 233 645 ιιωο
264 585 633 662 angelorum,
666 590 1042 663 Superquem
1075 591 1272 645 autem
1292 588 1636 662 angelorum
1655 605 1768 644 non
1798 600 1853 665 Α
1882 588 2158 645 omnibus
2190 592 2246 644 et
2274 605 2383 645 vox
2412 587 2723 658 formatur,
2755 584 3044 646 etlocutio
3070 586 3289 662 agitur,
3314 590 3535 664 quibus

110 678 272 734 sedet
289 677 742 744 Dominus,’cum
766 682 825 734 et
852 679 925 734 de
955 677 1152 734 anima
1174 677 1325 749 justi
1355 677 1764 750 legatur,quod

109 767 282 823 sedes
312 766 391 823 sit
420 766 742 840 sapientiae,
776 766 1067 841 sapientia
1096 783 1231 824 vero
1261 767 1363 823 Dei
1392 765 1582 822 Patris
1615 766 1771 823 Deus

106 855 295 912 Filius
324 855 444 913 sit?
487 855 609 919 Quo
651 873 789 912 vero
821 855 983 913 sedet
1004 855 1294 928 sapientia
1321 854 1446 912 sine
1468 871 1555 924 eo,
1599 856 1771 927 cujus

108 949 199 1000 est
220 942 509 1017 sapientia
529 943 557 997 ?

181 1034 273 1089 36.
304 1033 523 1089 Verum
578 1033 718 1106 quia
750 1032 1089 1090 haereticum
1156 1033 1269 1089 hoc
1320 1032 1624 1106 preprium
1656 1036 1767 1104 est,

109 1127 178 1179 ut
216 1122 508 1179 confutari
558 1123 796 1196 oppido,
846 1122 1003 1179 vinci
1048 1138 1185 1178 vero
1233 1139 1350 1178 non
1382 1121 1587 1179 leviter
1618 1122 1765 1179 591

109 1211 380 1280 valeant;
430 1214 557 1268 tota
602 1211 716 1268 ista
746 1210 1248 1286 allegatione,non
1276 1211 1417 1283 quid
1465 1211 1544 1266 sit
1590 1210 1768 1279 Deus,

116 1301 216 1357 sed
264 1299 411 1372 quid
459 1316 576 1356 non
608 1299 705 1370 sit,
738 1300 789 1356 si
830 1300 1132 1372 possimus
1162 1299 1535 1371 persuadere,
1569 1298 1624 1354 id
1658 1303 1768 1368 est,

113 1389 267 1461 quod
317 1404 426 1445 nec
474 1405 811 1462 corporeus,
858 1405 966 1445 nec
1015 1386 1285 1455 visibilis,
1347 1404 1454 1444 nec
1517 1386 1771 1444 aestima-

115 1477 252 1534 bilis
302 1478 400 1549 sit,
435 1480 638 1551 utpote
659 1477 909 1550 spiritus
931 1476 1235 1549 spiritum,
1266 1475 1773 1533 invisibilissimus

112 1567 383 1624 omnium
415 1566 736 1640 spirituum
766 1584 780 1635 ;
815 1566 1151 1622 confutatos
1199 1564 1465 1620 veritatis
1500 1564 1775 1620 inimicos

106 1656 503 1728 gaudeamus.
535 1656 653 1712 Vos
671 1660 899 1721 autem,
918 1670 951 1710 o
965 1652 1090 1719 ﬁlii,
1108 1652 1323 1725 quibus
1339 1651 1777 1724 loquimur,hoc

107 1746 529 1813 admonemus,
574 1748 641 1800 ut
688 1743 938 1814 abjectis
988 1741 1329 1811 hujusmodi
1382 1741 1558 1814 nugis
1604 1744 1779 1812 atque

103 1832 472 1902 mendaciis,
492 1831 653 1887 illius
675 1830 976 1887 monentis
1002 1845 1118 1886 non
1141 1828 1546 1897 immemores;
1572 1829 1781 1884 Altiora

103 1927 159 1979 te
189 1939 268 1979 ne
299 1922 608 1993 quxsz'eris,
640 1924 695 1975 et
722 1917 1091 1991 profundiora
1122 1921 1174 1974 te
1200 1933 1271 1972 ne
1297 1920 1578 1973 scrutatus
1605 1918 1781 1988 fueris

102 2011 316 2083 (Eccli.
351 2026 439 2077 IlI,
468 2009 584 2082 22),
619 2008 791 2064 multi
824 2006 980 2064 enim
1015 2010 1173 2074 sunt,
1206 2005 1781 2078 qui,dumdiscipuli

104 2099 241 2157 fieri
275 2099 678 2171 dedignantur
719 2097 1003 2164 veritatis,
1052 2095 1320 2169 magistri
1351 2099 1501 2151 nunt
1542 2094 1777 2160 erroris,

106 2205 231 2245 non
265 2185 663 2260 intelligentes
696 2185 941 2253 scilicet,
976 2201 1165 2257 neque
1195 2182 1780 2255 quaeloquunturme-

113 2294 231 2351 que
264 2276 340 2332 de
370 2273 587 2347 quibus
618 2275 921 2329 afﬁrmant
949 2273 1000 2345 (1
1027 2273 1161 2328 Tim.
1195 2273 1341 2343 1,7),
1369 2272 1441 2327 ad
1467 2270 1634 2326 illum
1662 2288 1779 2327 ma-

110 2367 213 2441 gni
247 2362 479 2421 consilii
511 2362 801 2435 Angelum
853 2378 954 2417 vos
985 2360 1317 2429 conferatis,
1368 2360 1467 2432 qui
1513 2360 1593 2416 ait
1628 2378 1640 2415 :
1671 2362 1778 2431 Ego

110 2472 239 2510 sum
263 2456 376 2521 via,
403 2453 607 2507 veritas
636 2459 688 2507 et
709 2452 827 2506 vita
854 2452 1034 2510 (Joan.
1066 2467 1179 2517 xw,
1210 2450 1267 2521 6)
1293 2467 1307 2518 ;
1341 2454 1397 2504 et
1419 2466 1432 2504 :
1458 2450 1622 2504 Nemo
1636 2450 1782 2504 venit

115 2543 188 2599 ad
218 2544 464 2609 Patrem,
513 2541 630 2595 nisi
670 2554 771 2610 per
806 2555 893 2594 me
919 2537 1138 2611 (Ibid.(:
1169 2542 1594 2609 consequenter
1623 2537 1778 2592 enim

118 2649 227 2688 nec
259 2632 333 2687 ad
349 2628 638 2702 Spiritum
671 2631 966 2684 sanctum.
1001 2625 1131 2699 Ipse
1160 2626 1339 2696 enim,
1360 2643 1494 2681 cum
1515 2625 1782 2699 Philippo

121 2719 531 2794 respondisset
577 2715 807 2790 roganti
862 2719 927 2771 ut
990 2715 1323 2772 ostenderet
1367 2714 1488 2771 illis
1528 2715 1780 2787 Patrem,

121 2808 478 2882 respondit:
527 2807 635 2876 Qui
684 2821 771 2862 me
801 2805 958 2871 vidit,
1009 2803 1212 2876 utique
1253 2804 1634 2860 interioribus
1667 2802 1784 2860 illis

122 2897 333 2966 oculis,
369 2896 589 2969 quibus
620 2899 775 2950 Deus
808 2895 1000 2966 potest
1030 2897 1331 2965 utcunque
1371 2892 1594 2948 videri:
1629 2893 1787 2948 Beati

123 2990 280 3044 enim
322 2985 530 3042 mundo
569 2983 749 3052 corde,
802 2983 1067 3056 quoniam
1122 2983 1233 3053 ipsi
1289 2983 1466 3037 Deum
1529 2981 1789 3038 videbunt

120 3074 341 3151 (Matth.
374 3093 429 3132 v.
461 3075 539 3144 8),
564 3073 702 3129 vidit
723 3081 774 3129 et
796 3077 1021 3129 Patrem
1040 3072 1217 3144 (Joan.
1233 3088 1350 3137 xxv,
1369 3070 1448 3141 9),
1469 3074 1524 3126 et
1541 3070 1781 3141 adjecit:

120 3168 241 3223 Non
269 3164 607 3236 credis,quia
624 3178 720 3232 ego
742 3163 806 3217 in
835 3162 996 3216 Patre
1027 3164 1078 3216 et
1096 3162 1262 3216 Pater
1282 3160 1339 3215 in
1360 3176 1448 3215 me
1467 3163 1582 3216 est?
1601 3159 1784 3231 (Ibid,

128 3252 414 3324 10.)Quod
446 3256 637 3306 totum
668 3248 781 3305 nisi
813 3249 885 3304 ad
917 3246 1271 3303 invisibilem
1301 3246 1576 3302 deitatem
1598 3245 1788 3302 Patris

1882 675 2130 733 Michael
2188 676 2434 733 missam
2480 693 2687 733 canere
2738 675 3000 733 dicitur?
3048 678 3137 734 Tu
3165 680 3404 735 econtra
3434 676 3535 751 qui

1880 782 2103 839 supra:
2157 765 2345 823 Gloria
2400 767 2459 821 in
2506 767 2737 823 excelsis
2792 768 2896 822 Deo
2948 767 3099 838 (Luc.
3152 783 3215 835 Ix,
3257 766 3363 839 14),
3398 766 3535 840 quis

1880 854 2108 929 primus
2125 855 2334 911 cecinit
2352 854 2617 928 ?Angeli,
2634 856 3081 929 respondemus.
3102 856 3440 923 Quomodo?
3461 856 3537 914 Ut

1882 948 1996 999 Deo
2020 943 2240 1017 placuit
2257 943 2377 1001 illis
2396 944 2527 1015 hoc,
2543 944 2697 1017 quod
2715 949 2981 1017 pastores
3002 945 3206 1001 audire
3225 944 3539 1002 velintelli-

1881 1049 2016 1107 gere
2046 1037 2309 1105 possent,
2341 1034 2793 1106 praestare,quia
2812 1034 2870 1088 in
2887 1034 3179 1106 spirituali
3203 1035 3538 1092 naturahoc

1881 1121 2045 1178 nullo
2069 1123 2242 1178 modo
2256 1126 2523 1194 poterant
2537 1122 2808 1187 facere,et
2824 1122 2934 1178 hoc
2957 1122 3015 1178 in
3031 1123 3289 1197 aere,qui
3303 1140 3541 1197 percus-

1881 1228 1985 1267 sus
2016 1228 2214 1267 vocem
2250 1211 2409 1280 facit,
2434 1212 2637 1285 utique
2669 1215 2726 1267 et
2756 1211 2965 1267 coelum
2999 1211 3349 1286 appellatur,
3382 1213 3540 1272 unde

1879 1305 1937 1357 et
1965 1299 2233 1356 volucres
2280 1299 2408 1355 coeli
2457 1300 2769 1369 dicuntur;
2802 1318 2922 1357 non
2951 1300 3010 1356 in
3060 1302 3294 1370 aethere,
3327 1319 3446 1359 non
3476 1302 3539 1359 in

1881 1387 2046 1457 cmlo,
2079 1390 2124 1457 (Ι
2139 1388 2264 1461 463)
2315 1388 2415 1444 ubi
2465 1388 2667 1445 nullus
2717 1388 2940 1462 indiget
2963 1388 3116 1447 598
3152 1389 3402 1463 strepitu
3433 1390 3539 1447 ali-

1882 1476 2023 1549 quid
2060 1476 2241 1545 vocis,
2274 1478 2491 1532 nedum
2523 1478 2701 1544 Deus,
2747 1477 2848 1549 qui
2881 1478 3081 1533 omnia
3118 1478 3297 1545 novit,
3327 1494 3542 1551 cogno-

1883 1581 2065 1620 scere.
2088 1564 2211 1619 Vox
2242 1567 2399 1620 enim
2429 1565 2489 1619 in
2522 1564 2664 1620 ccelo
2691 1564 3036 1636 angelorum
3065 1564 3210 1620 nihil
3242 1569 3331 1621 est
3356 1565 3541 1638 aliud,

1884 1651 2001 1707 nisi
2046 1650 2363 1707 admiratio
2412 1654 2695 1724 perpetua
2719 1651 3002 1707 claritatis
3032 1655 3091 1707 et
3118 1651 3545 1712 ineﬂ'abilitatis

1891 1740 1995 1795 Dei
2027 1739 2154 1795 sine
2186 1744 2351 1796 motu
2381 1738 2619 1813 lingua,
2669 1739 2796 1795 sine
2825 1740 3074 1812 strepitu
3100 1740 3284 1798 vocis.
3310 1740 3457 1799 Nam
3486 1746 3548 1801 et

1889 1826 1951 1881 in
1998 1830 2154 1884 terra
2182 1827 2291 1884 hoc
2322 1823 3211 1901 magis‘delectatDeum,qui,ut
3237 1830 3413 1904 paulo
3442 1850 3548 1890 su-

1889 1933 1960 1988 pe
1978 1916 2105 1972 rius
2134 1915 2516 1989 protulimus,
2562 1918 2679 1973 ait:
2704 1917 2942 1990 Spiritus
2964 1927 3042 1975 est
3070 1921 3232 1989 Deus,
3262 1925 3314 1978 et
3335 1937 3422 1979 eos
3452 1923 3549 1994 qui

1890 1968 1958 1988 τ’
1981 1968 2023 1971 '"
2041 1968 2099 1972 "‘
2134 1968 2194 1989 τ’
2214 1968 2516 1988 """“"‘I
2564 1968 2641 1973 “"
2666 1968 2679 1973 '
2705 1968 2767 1990 "1'
2781 1968 2811 1973 "
2836 1968 2936 1975 ""'
2964 1968 3038 1975 "'
3070 1968 3232 1989 ⁷⁷⁷⁷⁷1
3262 1968 3310 1978 ν’
3335 1968 3419 1979 """
3489 1968 3542 1979 "'

1808 1968 1859 2034 Β
1887 2004 2122 2061 adorant
2132 2006 2344 2073 eum,in
2354 2007 2580 2077 spiritus
2590 2011 2644 2061 et
2657 2007 2883 2063 veritate
2892 1968 3542 2082 oportetadorare.(lo;n.

1890 2111 1946 2150 ιν
1980 2095 2096 2165 24).
2116 2093 2337 2166 thuia
2350 2093 2532 2150 missa
2547 2096 2687 2149 dum
2705 2097 3229 2169 canitur,corporis
3244 2102 3300 2154 et
3311 2100 3522 2172 sangui
3540 2131 3553 2143 -

1893 2181 1982 2237 nis
2015 2181 2241 2237 Domini
2277 2180 2722 2254 participatione
2753 2184 2878 2255 ipes
2910 2184 3010 2257 qui
3043 2186 3220 2259 canit,
3246 2187 3543 2260 reficitur;

1890 2274 2156 2325 monstra
2209 2269 2353 2325 mihi
2406 2286 2615 2343 panem
2667 2276 2724 2327 et
2763 2272 2964 2329 vinum
3003 2275 3156 2331 unde
3186 2275 3295 2332 hoc
3327 2277 3543 2351 agitur.

1888 2359 2096 2413 Panem
2127 2359 2257 2415 casti
2284 2358 2432 2414 dedit
2457 2360 2536 2414 eis
2566 2362 2740 2432 (Psal.
2762 2378 2972 2433 LXXVII,
2995 2364 3108 2430 24),
3124 2365 3412 2437 scriptum
3431 2373 3544 2437 est,

1889 2448 2210 2518 respondes
2253 2465 2267 2502 :
2316 2449 2528 2503 Panem
2594 2450 2920 2517 angelorum
2966 2452 3320 2510 manducavit
3384 2455 3544 2512 homo

1891 2536 2074 2604 (Ibid,
2107 2535 2222 2606 25).
2257 2534 2398 2601 Quis
2419 2541 2507 2591 est
2538 2536 2687 2591 alter
2725 2539 2892 2608 panis
2924 2540 3071 2608 caeli,
3105 2539 3219 2595 nisi
3260 2540 3548 2599 Dominus

1891 2624 2353 2686 Christus‘mnde
2366 2624 3004 2698 ccelcstiaspiritualem
3018 2644 3211 2684 escam
3227 2630 3547 2703 accipiunt,

1893 2717 1951 2769 et
1981 2712 2363 2769 delectatione
2405 2713 2803 2770 inaestimabili
2853 2716 3256 2787 perfruuntur.
3282 2720 3352 2775 Et
3378 2723 3542 2793 panis

1893 2802 2215 2872 angelorum
2246 2806 2402 2857 recte
2426 2802 2642 2858 dicitur
2688 2803 2980 2872 Christus,
3014 2807 3155 2878 quia
3170 2824 3370 2866 revera
3388 2808 3550 2868 illius

1894 2888 2070 2946 laude
2100 2894 2443 2963 pascuntur.
2469 2892 2668 2964 Neque
2713 2893 2874 2949 enim
2920 2895 3284 2968 corporalem
3334 2915 3550 2971 panem

1896 2981 2253 3036 manducare
2267 2980 2456 3055 angeli
2472 2982 2747 3038 credendi
2761 2988 2920 3039 sunt.
2942 2984 3166 3042 Devino
3179 2986 3319 3060 quid
3334 2987 3512 3047 facies
3523 2988 3552 3044 ‘l

1893 3071 2008 3126 Non
2024 3070 2225 3135 bibam,
2267 3072 2607 3144 respondes,
2626 3072 2818 3129 amodo
2830 3072 2898 3128 de
2913 3076 3196 3145 genimine
3214 3079 3367 3134 vistis
3385 3094 3554 3151 usque

1893 3160 1956 3213 in
1967 3160 2112 3215 diem
2134 3160 2294 3215 illum
2313 3177 2439 3215 cum
2458 3160 2601 3216 illud
2614 3161 2797 3217 bibam
2810 3163 3086 3220 vobiscum
3100 3181 3300 3221 novum
3312 3168 3370 3222 in
3382 3183 3553 3239 regno

1894 3249 1995 3305 Dei
2015 3248 2199 3320 (Marc.
2214 3267 2331 3317 xiv,
2349 3250 2438 3318 25)
2460 3249 2613 3305 Nidil
2637 3254 2691 3306 te
2695 3252 2865 3323 juvat
2881 3253 2953 3308 ad
2976 3252 3552 3327 hoc.Regnumenim

123 3348 183 3399 et
208 3319 344 3400 Pilli
391 3340 632 3407 referas,
683 3341 837 3395 stare
880 3353 996 3392 non
1039 3338 1249 3409 potest.
1296 3335 1423 3390 Non
1472 3334 1632 3391 enim
1679 3335 1780 3406 qui
1816 3337 1859 3404 C
1896 3319 3556 3412 DcidicitEcclesiam,inqua'cumcmpisset,utPsalmista

125 3432 280 3490 vidit
309 3429 370 3486 in
420 3446 614 3498 carne,
648 3444 824 3500 quam
858 3442 962 3499 pro
1003 3425 1173 3481 nobis
1203 3424 1518 3496 assumpit,
1551 3423 1787 3492 Filium,

127 3523 564 3593 consequenter
609 3517 755 3572 vidit
801 3520 860 3572 et
903 3514 1154 3570 Patrem.
1205 3512 1478 3585 Alioquin
1518 3516 1575 3568 et
1603 3512 1790 3567 Judmi

128 3611 557 3683 persequentes
580 3604 745 3660 illum
767 3604 1069 3670 vidissent,
1095 3603 1312 3675 quibus
1330 3618 1465 3658 voce
1486 3600 1794 3657 Dominica

128 3700 350 3757 dicitur
374 3715 388 3753 :
419 3698 604 3769 Neque
629 3695 909 3760 mscitis,
941 3708 1115 3764 neque
1137 3694 1356 3746 Patrem
1384 3706 1588 3745 meum.
1621 3689 1683 3745 Si
1704 3705 1794 3745 me

125 3789 366 3855 sciretis,
398 3786 640 3857 forsitan
692 3787 745 3838 et
771 3785 991 3837 Patrem
1020 3796 1204 3835 meum
1239 3780 1453 3835 sciretis
1479 3777 1637 3849 (Joan
1666 3794 1788 3847 vm,

131 3879 243 3952 19),
278 3876 337 3933 id
361 3874 528 3944 est,si
551 3870 903 3929 invisibilem
925 3874 983 3925 et
1004 3869 1407 3942 iucorpoream
1424 3866 1789 3923 divinitatem

130 3983 327 4023 meam
356 3965 417 4020 in
449 3980 546 4019 me
574 3962 852 4018 latentem
882 3957 1354 4033 agnovissetis,et
1382 3973 1482 4012 cor
1502 3955 1791 4010 mundum

127 4058 197 4113 ad
233 4056 391 4112 hanc
412 4049 927 4124 contemplandum
940 4045 1300 4104 habuissetis
1324 4063 1338 4115 ;
1367 4048 1793 4117 consequenter

127 4150 183 4202 et
214 4145 450 4201 Patrem
477 4156 677 4197 meum
706 4138 767 4193 in
799 4153 893 4193 me
920 4137 1319 4202 mannentem,
1349 4132 1476 4190 etin
1499 4132 1664 4188 Patre
1685 4131 1792 4188 sci-

128 4235 295 4292 retis.
330 4234 460 4306 Ipse
486 4246 646 4303 ergo,
679 4227 779 4302 qui
811 4224 1159 4298 hujusmodi
1208 4220 1640 4279 introductione
1683 4238 1789 4278 nos

128 4336 484 4398 cognoscere
514 4318 671 4386 fecit,
705 4315 862 4389 quod
892 4315 1063 4383 Pater
1090 4312 1518 4386 ipse,idemque
1549 4310 1649 4384 qui
1680 4309 1790 4367 hoc

128 4412 363 4469 dicebat
392 4407 576 4465 Filius
604 4410 661 4462 et
689 4403 947 4478 Spiritus
977 4406 1412 4468 sanctus,unus
1429 4404 1583 4456 esset
1603 4400 1789 4456 Deus:

128 4506 355 4569 Euntes,
389 4497 774 4568 ait,baptizatc
798 4509 981 4550 omnes
993 4500 1177 4561 gentes
1194 4492 1251 4546 in
1268 4490 1707 4557 nominePatris,
1741 4496 1791 4544 et

129 4591 284 4655 Filii,
318 4591 373 4646 et
399 4587 646 4660 Spiritus
674 4583 853 4640 sancti
902 4579 1119 4654 (Matth.
1150 4594 1354 4645 XXVIII,
1402 4578 1490 4650 19)
1522 4578 1667 4650 ipse,
1701 4577 1790 4632 iu-

130 4695 332 4752 quam,
368 4676 469 4750 qui
501 4672 730 4731 carneis
751 4670 926 4727 labiis
955 4670 1027 4725 ab
1060 4668 1334 4724 interiore
1350 4666 1466 4723 Deo
1483 4666 1659 4722 motis
1682 4666 1789 4722 hoc

132 4765 441 4841 discipulis
471 4762 767 4838 praecepit,
800 4760 925 4833 ipse
955 4759 1125 4815 nobis
1157 4758 1313 4813 dicat
1335 4756 1477 4828 quid
1505 4755 1581 4812 sit
1610 4755 1787 4813 Deus.

129 4859 393 4930 Spiritus,
425 4853 640 4927 inquit,
670 4856 750 4909 est
782 4851 925 4906 Deus
955 4848 1132 4920 (Joan.
1166 4864 1242 4914 1v,
1273 4847 1399 4917 24):
1433 4849 1490 4901 et
1519 4848 1653 4918 post
1692 4861 1785 4900 re-

130 4944 556 5003 surrectionem
603 4939 1016 4997 dubitantibus
1067 4933 1347 5008 apostolis
1396 4934 1523 4991 ait:
1565 4935 1789 5006 Palpate

130 5044 179 5091 et
223 5034 422 5101 videte,
475 5033 609 5105 quia
651 5030 881 5102 spiritus
929 5042 1155 5082 carnem
1201 5032 1253 5081 et
1302 5040 1425 5080 ossa
1464 5040 1576 5080 non
1606 5025 1784 5092 habet,

132 5126 268 5181 sicut
296 5140 387 5180 me
416 5122 616 5179 videtis
644 5119 843 5175 habere
871 5118 1020 5185 (Luc.
1052 5131 1205 5179 xxxv,
1236 5114 1346 5186 39).

200 5215 289 5270 37.
326 5212 388 5270 Si
423 5228 561 5284 ergo
597 5224 835 5265 carnem
879 5209 937 5261 et
967 5221 1103 5261 ossa
1134 5219 1248 5259 non
1279 5202 1458 5258 habet
1499 5200 1742 5275 spiritus
1772 5218 1787 5271 ;

136 5304 288 5360 unde
320 5305 500 5375 caput
527 5298 726 5365 habet,
758 5295 917 5369 quod
950 5292 1153 5365 utique
1182 5309 1251 5349 ex
1280 5307 1455 5348 carne
1484 5295 1543 5347 et
1555 5290 1790 5348 ossibus

136 5398 366 5450 constat
384 5392 413 5447 ‘l
446 5389 608 5447 Unde
636 5384 1031 5453 manus,unde
1043 5381 1303 5452 brachia,
1320 5384 1613 5453 postremo
1636 5380 1791 5438 unde

134 5480 305 5553 labia,
340 5481 500 5539 unde
529 5472 987 5550 linguam,unde
1013 5476 1237 5546 guttur,
1270 5470 1428 5526 unde
1457 5468 1789 5541 pulmones,

139 5574 287 5629 unde
313 5572 401 5627 illi
436 5572 578 5625 sunt
607 5564 855 5632 arteriae,
880 5562 1035 5619 unde
1057 5560 1235 5634 palati
1268 5558 1620 5630 concavitas,
1635 5558 1793 5614 unde

137 5667 387 5733 quatuor
450 5655 774 5715 anteriores
842 5652 1070 5721 dentes,
1143 5649 1361 5723 quibus
1407 5646 1793 5720 proculdubio

1900 3426 2077 3494 canit,
2111 3423 2323 3497 aligno
2356 3442 2602 3498 regnare
2622 3427 2794 3498 (Psal.
2816 3444 2944 3497 xcv,
2978 3429 3038 3483 10
3065 3446 3135 3485 ea:
3149 3431 3554 3498 LXX),etnovo

1898 3513 2056 3579 vino,
2089 3513 2146 3567 id
2170 3513 2573 3585 est,sanguine
2595 3530 2722 3582 suo,
2737 3530 2872 3569 cum
2888 3531 3037 3586 pane
3049 3516 3243 3572 carnis
3265 3534 3385 3574 suae
3403 3518 3558 3590 ejus-

1900 3601 2033 3656 dem
2066 3598 2288 3654 incolas
2306 3600 2468 3672 regni
2488 3601 2997 3673 potare,apostolis
3018 3610 3151 3675 post
3167 3607 3555 3665 resurrectio-

1901 3705 2035 3744 nem
2051 3704 2219 3744 suam
2232 3704 2337 3760 per
2356 3689 2749 3762 quadraginta
2779 3691 2906 3747 dies
2936 3709 3247 3765 apparens,
3270 3693 3567 3768 loquens-l

1900 3794 2013 3850 que
2028 3777 2098 3833 de
2113 3793 2290 3850 regno
2302 3776 2487 3847 Dei,et
2499 3795 2850 3837 convescens
2862 3778 2996 3843 (Act.
3011 3784 3111 3850 1,3)
3128 3791 3557 3859 consequenter

1899 3872 1957 3923 et
1988 3866 2206 3924 bibisse
2229 3883 2363 3923 cum
2387 3868 2471 3924 eis
2492 3885 2606 3923 non
2631 3872 2720 3925 est
2741 3869 2975 3942 penitus
3009 3871 3391 3932 dubitandus.
3412 3876 3554 3933 Ecce

1899 3959 1961 4011 tu
1995 3956 2197 4025 miser,
2228 3956 2328 4028 qui
2346 3957 2417 4012 de
2439 3957 2633 4014 media
2651 3957 2803 4015 lente
2826 3964 2994 4015 tuum
3016 3959 3186 4019 illum
3207 3979 3553 4037 corporeum

1899 4044 2085 4101 Deum
2117 4061 2234 4100 uno
2280 4061 2453 4113 anno,
2500 4044 2653 4102 Belis
2685 4048 3088 4106 sacerdotibus
3119 4050 3357 4107 stultior
3400 4053 3553 4111 testi-

1901 4133 2424 4205 mande,pascebas
2447 4132 2606 4205 (Dan.
2641 4151 2756 4202 XIV,
2788 4136 2866 4203 7),
2895 4135 3103 4193 Noster
3153 4143 3307 4195 Deus
3354 4157 3552 4209 verus,

1898 4220 2232 4290 invisibilis,
2257 4221 2658 4296 incorporeus,
2672 4222 3085 4293 intractabilis,
3106 4225 3454 4294 immensus,
3469 4227 3556 4284 iu-

1900 4310 2408 4383 circumscriptus,
2441 4309 2707 4367 omnium
2738 4316 2968 4369 creator
2998 4330 3125 4385 qua:
3146 4314 3404 4385 fuerunt,
3424 4333 3554 4388 quin

1901 4404 2058 4468 sunt,
2093 4416 2222 4472 qua:
2262 4403 2454 4468 erunt,
2489 4399 2757 4456 omnium
2790 4405 2998 4467 rector,
3022 4402 3375 4474 dispositor;
3399 4404 3553 4461 oculi

1901 4489 2100 4544 omnia
2148 4492 2514 4559 contuentes,
2543 4506 2715 4546 aures
2745 4488 3029 4547 interiora
3075 4490 3253 4548 etiam
3285 4492 3553 4551 cordium

1901 4579 2295 4649 penetrantes,
2340 4575 2584 4633 brachia
2638 4578 2837 4634 omnia
2892 4578 3273 4650 continentia,
3339 4598 3555 4640 manus

1903 4665 2167 4723 omnium
2191 4665 2565 4738 operatrices,
2601 4666 2779 4739 pedes
2811 4666 3195 4726 immobiliter
3223 4686 3328 4743 per
3356 4671 3557 4729 omnia

1901 4755 2321 4824 discurrentes,
2358 4772 2486 4827 quae
2533 4756 2737 4828 utique
2784 4757 2984 4814 omnia
3014 4757 3257 4833 Spiritus
3284 4769 3364 4817 est
3390 4762 3553 4828 Deus,

1900 4845 2073 4900 Pater
2120 4843 2324 4915 utique
2371 4849 2431 4899 et
2474 4843 2658 4901 Filius
2688 4848 2745 4902 et
2776 4844 3029 4918 Spiritus
3059 4851 3321 4918 sanctus,
3357 4849 3555 4907 unitas

1897 4933 2070 5004 cujus
2098 4932 2155 4987 in
2190 4932 2434 4999 Deitate,
2458 4933 2718 4991 Trinitas
2747 4934 2807 4989 in
2832 4935 3101 5006 personis
3120 4935 3430 5007 consistit;
3456 4955 3557 4995 no-

1898 5027 2037 5089 ster,
2052 5021 2295 5094 inquam
2303 5022 2479 5093 ,Deus
2501 5039 2635 5078 cum
2662 5040 2877 5097 magno
2894 5027 3147 5081 tremore
3163 5029 3220 5083 et
3235 5027 3557 5084 reverentia

1899 5110 2267 5179 recolendus,
2293 5127 2427 5166 cum
2460 5112 2719 5169 maxima
2739 5112 3048 5170 dilectione
3085 5113 3552 5187 amplectendus,

1899 5205 2118 5268 noster,
2145 5200 2408 5273 inquam,
2432 5200 2965 5273 husjumodiDeus,
2990 5203 3147 5260 unde
3159 5220 3299 5261 suos
3313 5203 3554 5279 angelos

1900 5286 2252 5345 aeternaliter
2298 5295 2520 5362 pascat,
2571 5291 2806 5347 tandem
2838 5289 3175 5364 aliquando,
3207 5297 3265 5350 et
3292 5293 3343 5350 si
3373 5310 3488 5350 non
3522 5311 3557 5350 a

1902 5378 2092 5447 nobis,
2138 5378 2348 5435 saltem
2398 5380 2471 5436 ab
2523 5381 2852 5454 Augustino
2885 5383 3208 5450 convictus,
3240 5387 3297 5439 et
3324 5383 3553 5439 utinam

1900 5485 2218 5525 conversus
2249 5469 2501 5525 adverte.
2516 5470 2662 5526 Nam
2682 5469 3056 5528 delocutione
3076 5470 3174 5527 Dei
3200 5470 3271 5527 ad
3290 5470 3551 5542 angelos,

1901 5562 1959 5614 et
1990 5557 2225 5614 illorum
2257 5557 2329 5613 ad
2353 5557 2809 5624 Deum,abunde
2830 5562 2886 5616 te
2916 5558 3104 5630 docet,
3125 5559 3177 5618 si
3200 5556 3466 5632 requiras
3490 5554 3553 5617 in

1902 5646 2243 5716 Moralibus,
2279 5645 2615 5720 Gregorius.

202 5786 385 5867 (1463)
416 5783 706 5846 Construe
729 5795 743 5838 :
781 5778 881 5842 Ubi
906 5776 1097 5839 nullus
1126 5774 1340 5855 indiget
1357 5788 1672 5851 cognoscere
1686 5772 1902 5852 aliquid
1919 5773 2147 5852 strepitu
2175 5772 2339 5842 vocis,
2361 5769 2584 5849 nedum,
2611 5773 2722 5837 etc.
