3892 6372
356 412 481 479 ⁸114

1267 412 1640 480 annnam
1686 416 1929 495 EPISC.
1977 410 2268 479 VERON.
2315 407 2486 477 ore.
2533 395 2739 505 mas
2775 407 2888 473 III.

3670 402 3788 465 ἨΞ

434 550 525 606 38.
555 548 809 625 thuia,
843 553 909 606 ut
941 548 1243 618 cermitur,
1278 548 1616 605 nullatenus
1642 549 1905 606 acarnali
1927 565 2019 604 va-
2047 551 2097 615 Α
2132 547 2203 603 de
2233 546 2486 619 panibus
2528 542 2969 618 propositionis,
3018 538 3119 615 qui
3150 542 3421 596 nostrum
3451 536 3787 609 ﬁgurabant

369 637 457 694 les
488 636 789 696 intellectu
822 636 1039 704 divelli,
1063 642 1194 694 tene
1221 643 1276 694 te
1298 637 1504 694 saltem
1540 639 1613 694 ad
1645 638 1807 693 illam
1844 653 2021 710 quam

368 744 475 801 pro
511 726 684 783 nobis
718 726 821 783 Dei
844 726 1131 800 sapientia
1165 727 1463 800 suscipere
1483 728 1761 802 dignatus
1780 730 1868 783 est
1898 743 2023 781 car-

368 814 644 875 nemJlla
669 816 825 873 enim
858 815 917 871 in
948 815 1110 872 caelis
1141 817 1211 872 ad
1243 817 1562 884 dexteram,
1596 817 1653 871 id
1687 820 1796 881 est,
1828 832 2022 887 sequar

366 903 597 960 litatem
614 903 823 971 Patris,
856 904 956 977 qui
978 903 1196 977 ubique
1218 905 1433 973 dexter,
1450 921 1741 977 nusquam
1761 905 2019 972 sinister,

371 995 571 1065 utpote
591 991 1141 1064 incircumscriptus
1154 992 1399 1066 spiritus
1423 997 1591 1063 Deusi
1613 1010 1749 1049 cum
1761 991 2018 1061 ossibus,

372 1097 498 1154 quae
525 1079 771 1153 spiritus
793 1081 1033 1137 omnino
1056 1098 1170 1136 non
1194 1081 1389 1151 habet,
1422 1082 1645 1153 absque
1669 1080 1847 1137 dubio
1860 1081 2023 1136 sedet

373 1169 583 1242 (1164).
614 1169 759 1239 Ejus
806 1168 1094 1225 divinitati
1130 1169 1576 1244 incorporaliter
1609 1172 1803 1226 astant
1831 1169 2021 1225 incor-

371 1257 535 1330 porei
564 1257 835 1330 spiritus,
866 1257 1054 1330 angeli
1092 1259 1295 1332 utique
1315 1259 1524 1327 sancti,
1553 1259 1761 1315 anime:
1787 1272 2022 1330 quoque

368 1344 590 1413 felices,
626 1342 963 1403 sanctorum
1014 1363 1260 1420 corpora
1304 1363 1558 1420 quoque,
1608 1351 1673 1402 ut
1719 1345 2021 1403 nonnullis

370 1434 561 1490 visum
612 1437 724 1498 est,
770 1450 897 1506 quae
954 1435 1106 1491 599
1153 1452 1288 1491 cum
1332 1436 1581 1492 Domino
1643 1438 2023 1491 surrexerunt

366 1521 585 1591 (Matth.
611 1538 789 1588 xxvn,
822 1523 942 1591 52),
973 1539 1109 1579 cum
1136 1523 1449 1579 animabus
1472 1524 1797 1595 justorum.
1821 1523 2020 1595 Neque

359 1610 516 1666 enim
548 1609 891 1681 hujusmodi
924 1628 987 1667 es
1018 1612 1234 1679 meriti,
1269 1616 1336 1667 ut
1360 1612 1551 1668 dicere
1584 1628 1719 1668 cum
1742 1611 2017 1684 Apostolo

359 1697 590 1772 possis:
622 1699 750 1754 Etsi
772 1700 1121 1770 cognovimus
1133 1700 1437 1755 secundum
1461 1717 1683 1756 carnem
1708 1701 2018 1763 Christum;

356 1787 449 1843 sed
468 1788 593 1858 jam
638 1803 786 1842 nunc
831 1788 1083 1843 novimus
1113 1789 1161 1859 (Ι
1200 1787 1319 1844 Cor.
1349 1804 1403 1854 v,
1438 1788 1523 1860 l6)
1557 1789 1703 1861 Ejus
1734 1794 1929 1845 tamen
1966 1788 2017 1845 si

357 1874 915 1985 divinam-indagare
940 1880 1243 1978 utcunque
1266 1877 1434 1949 cupis
1464 1876 1897 1944 substantiam,
1946 1879 2017 1933 ab
2044 1918 2094 1985 Β

363 1964 571 2022 eodem
620 1964 1016 2022 intentissima
1042 1965 1216 2022 audi:
1260 1966 1535 2040 Philippe,
1561 1966 1773 2040 inquit,
1806 1969 1904 2040 qui
1931 1983 2018 2024 me

357 2053 519 2124 vidit,
549 2053 687 2110 vidit
736 2062 789 2111 et
835 2059 1069 2111 Patrem
1112 2056 1291 2127 (Joan.
1325 2072 1442 2123 xxv,
1474 2056 1557 2128 9),
1583 2055 1640 2111 id
1675 2061 1786 2124 est,
1828 2073 2017 2128 neque

358 2158 453 2198 me
486 2141 644 2200 ullus
675 2142 736 2198 in
767 2141 1095 2209 divinitate,
1132 2159 1311 2215 quam
1342 2144 1391 2199 si
1426 2160 1712 2210 cerneres,
1744 2144 1855 2200 hoc
1885 2144 2015 2201 nul-

357 2228 588 2287 latenus
635 2224 862 2287 diceres
909 2248 923 2287 :
972 2232 1083 2303 Ego
1112 2234 1282 2299 enim,
1316 2240 1366 2288 et
1399 2235 1582 2302 Pater,
1624 2250 1801 2288 unum
1828 2249 2017 2289 sumus

358 2316 538 2393 (Joan.
570 2335 630 2386 x,
660 2319 751 2391 30)
784 2335 973 2391 neque
1000 2319 1169 2375 illum
1200 2320 1363 2375 vidit.
1393 2320 1568 2377 Vides
1603 2337 1698 2377 me
1729 2322 1789 2376 in
1820 2338 2014 2387 carne,

363 2424 542 2481 quam
574 2407 803 2480 sumpsi
831 2424 934 2481 pro
967 2413 1056 2477 te;
1088 2424 1206 2464 non
1235 2409 1399 2467 vides
1450 2410 1511 2465 in
1549 2410 1872 2479 divinitate,
1901 2427 2019 2482 qua

357 2513 490 2553 sum
524 2512 711 2552 unum
743 2514 881 2553 cum
915 2501 1118 2569 patre;
1152 2503 1209 2555 et
1237 2498 1367 2555 ideo
1390 2498 1538 2556 sivis
1558 2499 2015 2566 Patrcmvidere,

358 2587 585 2643 munda
614 2584 784 2642 illum
823 2585 1059 2643 oculum
1094 2588 1311 2656 cordis,
1338 2588 1439 2661 qui
1471 2587 1841 2645 considerare
1871 2604 2015 2660 quo-

356 2674 652 2748 quomodo
680 2674 877 2731 valeat
910 2675 1268 2732 invisibilem
1301 2676 1485 2732 Deum
1512 2696 1525 2745 ;
1575 2680 1633 2733 et
1663 2694 1753 2733 me
1780 2676 2016 2750 conspi-

357 2765 517 2821 ciens
530 2763 776 2829 videbis,
811 2768 867 2819 et
886 2763 1056 2820 ilium
1079 2764 1432 2822 nonlumine
1454 2767 2020 2839 attingendo,corpo-

359 2848 489 2921 rali,
523 2851 626 2907 sed
647 2851 1221 2925 contemplandopro
1244 2853 1483 2909 modulo
1506 2854 1777 2927 spiritali.
1797 2856 2018 2927 Deejus

368 2939 496 2997 cibo
529 2938 578 2995 si
627 2937 985 3007 sollicitaris,
1029 2940 1168 2996 audi
1212 2943 1525 2998 eumdem:
1553 2943 1697 2998 Meus
1735 2943 1888 2998 cibus
1918 2952 2013 3011 est,

361 3037 424 3084 ut
451 3029 663 3100 factum
690 3028 1021 3084 voluntatem
1041 3029 1158 3100 ejus
1179 3031 1276 3101 qui
1302 3031 1456 3085 misit
1476 3047 1561 3086 me
1586 3033 1766 3098 (Joan.
1795 3049 1872 3100 1x,
1889 3033 2014 3101 34);

359 3122 418 3173 et
444 3132 459 3172 :
498 3116 617 3172 Non
666 3115 727 3169 in
769 3130 916 3186 pane
945 3115 1057 3170 solo
1100 3117 1233 3171 vivit
1261 3115 1439 3178 homo.
1469 3116 1561 3172 sed
1587 3118 1647 3172 in
1678 3119 1831 3173 omni
1858 3118 2017 3175 verbo

359 3204 499 3278 quod
539 3205 786 3277 procepit
822 3203 889 3259 de
938 3220 1032 3259 ore
1078 3206 1182 3260 Dei
1216 3205 1429 3265 (Matth.
1464 3222 1540 3273 1v,
1582 3206 1676 3275 34)
1700 3224 1725 3273 ;‘
1747 3211 1804 3262 et
1836 3224 1849 3262 :
1883 3208 2016 3263 Esu-

2132 634 2510 699 sacrificium,
2542 633 2748 705 utique
2783 647 2982 704 agens.
3013 630 3085 685 Et
3104 625 3788 699 cumitasit,quimeseri

2131 724 2386 796 cogitare
2434 714 2719 779 valemus
2744 722 2815 776 de
2866 719 3058 787 nobis,
3094 717 3237 790 quid
3267 715 3583 783 aestimare,
3609 730 3791 788 quare

2130 813 2353 870 sciliset
2382 812 2712 869 sacerdotes
2726 826 3019 877 vocemur,
3049 807 3148 880 qui
3170 810 3291 863 tam
3311 805 3625 861 immunda
3648 821 3790 877 prai-

2129 901 2328 959 cordia
2375 901 2636 974 gerimus
2656 900 2683 955 ‘t
2714 900 2986 955 Potestne
3038 896 3194 968 quod
3225 895 3439 950 damus
3469 892 3670 950 vocari
3700 891 3788 949 vel

2129 995 2425 1057 sanctum,
2451 987 2866 1062 pollutissimis
2882 985 3157 1042 manibus
3185 982 3403 1039 nostris
3423 980 3788 1039 tractatum?

2127 1082 2304 1138 Estne
2335 1077 2685 1146 benedictio,
2721 1092 2899 1149 quam
2924 1073 3266 1131 illecebroso
3298 1070 3507 1128 saltem
3549 1070 3783 1139 osculo,

2126 1174 2337 1244 praeter
2366 1168 2499 1237 alia,
2533 1166 2838 1222 fundimus
2860 1181 2956 1220 ore
2987 1160 3250 1236 polluto?
3276 1160 3381 1216 Vae-
3400 1159 3573 1215 nobis
3606 1159 3790 1214 mise-

2128 1259 2232 1323 ris,
2265 1274 2368 1331 pro
2397 1256 2638 1313 talimus
2665 1252 2986 1321 sciliset,ac
2998 1250 3214 1307 millies
3230 1266 3310 1305 vae
3328 1248 3513 1304 fuerat
3532 1247 3789 1320 quidem

2128 1346 2268 1403 olim
2299 1345 2643 1419 praedictum
2668 1360 2682 1398 :
2719 1346 2811 1399 et:
2841 1343 2963 1397 Erit
2990 1342 3131 1397 sicut
3155 1338 3492 1411 populus,sic
3527 1335 3788 1391 sacerdos

2128 1438 2277 1509 (Isai;
2311 1452 2444 1491 xxxv
2473 1437 2529 1503 2)
2555 1452 2569 1502 ;
2596 1433 2696 1490 sed
2729 1430 2960 1489 utinam
2989 1434 3048 1486 et
3074 1427 3438 1484 honestiores
3460 1423 3785 1497 quilibetin

2128 1524 2342 1598 populo
2360 1524 2481 1593 Dei,
2517 1523 2601 1577 sic
2614 1520 2821 1579 saltem
2846 1519 3178 1575 sacerdotes
3195 1512 3783 1585 essenthujusmodi.

2127 1615 2460 1670 Suademns
2491 1615 2810 1685 praipterea
2825 1609 3009 1676 eis,ne
3025 1607 3168 1663 adeo
3182 1605 3302 1662 sint
3317 1621 3351 1660 a
3380 1604 3535 1660 600
3556 1608 3673 1658 Deo
3695 1618 3787 1658 ex-

2125 1701 2333 1768 tranei,
2366 1705 2432 1756 ut
2461 1717 2524 1756 se
2556 1700 2715 1772 ipsos
2748 1697 3043 1771 primitus,
3077 1694 3288 1750 dehinc
3309 1691 3457 1749 alios
3479 1691 3784 1747 mortifere

2125 1790 2502 1863 decipientes,
2536 1786 2771 1844 mentiri
2796 1785 3055 1859 potuisse
3078 1785 3283 1857 putent
3302 1780 3587 1853 Spiritum
3610 1796 3783 1835 sanc-

2125 1884 2253 1936 tum
2276 1896 2378 1952 per
2394 1896 2461 1935 os
2480 1876 2737 1950 Apostoli
2754 1876 3043 1932 dicentem
3068 1889 3081 1927 :
3105 1874 3291 1943 Nequa
3313 1870 3575 1937 adulteri,
3604 1884 3782 1941 neque

2122 1970 2503 2041 fornicatores,
2533 1982 2708 2038 neque
2736 1965 2937 2021 ebriosi
2964 1978 3195 2034 regnum
3233 1961 3333 2016 Dei
3380 1962 3783 2031 consequentur

2127 2057 2267 2128 (Cal.
2300 2075 2357 2123 ν,
2392 2057 2407 2128 )
2439 2060 2535 2111 et:
2582 2056 2689 2111 Hoc
2736 2060 2918 2109 autem
2965 2052 3154 2107 scitote
3201 2049 3589 2118 intelligentes,
3635 2046 3784 2119 quod

2123 2148 2302 2203 omnis
2331 2148 2661 2215 fornicator,
2685 2151 2783 2198 aut
2825 2140 3164 2209 immundus,
3198 2142 3296 2194 aut
3320 2136 3559 2202 adulter,
3589 2143 3689 2191 aut
3720 2152 3783 2192 a-

2124 2233 2456 2304 varus,quod
2480 2237 2557 2289 est
2578 2231 2849 2310 idolorum
2884 2230 3252 2304 servitusmon
3301 2226 3459 2281 habet
3476 2223 3782 2282 haeredita-

2124 2328 2234 2379 tem
2263 2325 2323 2378 in
2342 2338 2512 2392 regno
2543 2320 2749 2377 Christi
2776 2328 2827 2375 et
2852 2320 2951 2374 Dei
2987 2317 3200 2391 (Ephes.
3232 2333 3291 2384 v,
3318 2316 3396 2385 5).
3442 2314 3555 2371 Sed
3603 2330 3679 2369 ne
3708 2312 3782 2367 ad

2125 2412 2592 2485 desperationem
2644 2426 2745 2466 eos
2794 2424 2986 2465 sermo
3030 2406 3141 2462 iste
3182 2403 3530 2461 verissimus
3562 2401 3780 2467 trahat,

2124 2502 2390 2558 noverint
2420 2518 2537 2556 non
2569 2500 2641 2555 de
2674 2498 2770 2553 his
2801 2496 2914 2553 dici
2947 2496 3049 2569 qui
3082 2494 3221 2552 olim
3241 2494 3474 2550 fuerant
3502 2489 3782 2557 adulteri,

2126 2589 2527 2657 fornicatores,
2560 2592 2618 2643 et
2649 2586 2828 2654 avari,
2881 2586 2981 2641 sed
3031 2584 3163 2639 illos
3208 2581 3418 2650 notari,
3457 2579 3557 2653 qui
3592 2593 3787 2651 usque

2126 2681 2186 2735 in
2216 2681 2393 2735 tinem
2424 2678 2482 2733 in
2516 2676 2734 2732 talibus
2765 2676 3067 2743 durantes,
3092 2671 3473 2745 neglexerunt
3502 2669 3573 2724 ad
3594 2668 3786 2723 Deum

2125 2768 2379 2825 converti
2416 2786 2429 2836 ;
2457 2767 2558 2840 qui
2592 2766 2815 2838 utique,
2844 2764 2891 2822 si
2928 2763 3363 2829 concederetur,
3390 2760 3477 2815 eis
3504 2757 3565 2813 in
3616 2761 3787 2812 teter-

2126 2875 2269 2913 num
2290 2857 2499 2926 vivere,
2533 2873 2648 2911 non
2673 2854 3009 2909 desinerent
3029 2852 3086 2904 in
3118 2853 3401 2903 aeternum
3428 2861 3695 2919 peccare,
3730 2848 3790 2900 et

2125 2948 2254 3002 ideo
2268 2947 2430 3017 juste
2448 2945 2505 2999 in
2520 2950 2799 2999 :eternum
2825 2955 3025 3014 pgeuas
3038 2935 3420 3005 debent,quia
3437 2935 3601 3009 digni
3618 2938 3784 3001 sunt,

2126 3035 2304 3090 luere.
2328 3034 2732 3106 Comperimus
2763 3028 3017 3099 namque
3049 3023 3233 3079 nostri
3265 3023 3550 3095 temporis
3583 3039 3791 3095 quem-

2126 3124 2259 3178 dam
2277 3123 2473 3194 (talem
2503 3119 2772 3195 perfungi
2804 3113 3539 3184 siestdestinatum,quem
3563 3127 3791 3184 cogno-

2124 3212 2303 3267 visset
2332 3211 2639 3266 hominum
2692 3208 2917 3263 utinam
2969 3202 3188 3273 nullus)
3222 3200 3434 3273 hisque
3462 3198 3561 3254 his
3594 3200 3792 3272 (1665)

359 3294 487 3358 rivi,
522 3301 573 3349 et
601 3290 826 3349 dedistis
856 3292 999 3348 mihi
1027 3292 1366 3350 manducare
1396 3293 1607 3366 (Matth.
1633 3312 1764 3362 xxv,
1797 3296 1907 3367 35),
1944 3296 2015 3351 de
2046 3285 2090 3353 α
2129 3299 2537 3372 deplanximus
2569 3299 2712 3354 adeo
2743 3292 3136 3350 insolabiliter
3164 3291 3433 3356 irretum,
3477 3289 3565 3344 ad.
3585 3288 3794 3360 ipsum

359 3381 718 3457 pauperibus
747 3380 951 3453 utique
972 3380 1196 3439 dicens.

428 3473 519 3528 39.
551 3469 770 3527 Verum
803 3469 944 3542 quia
974 3470 1044 3526 de
1075 3471 1480 3528 sacerdotibus
1509 3471 1728 3529 nostris
1759 3488 2013 3545 conque-

360 3559 435 3617 sti
457 3558 600 3615 tatia
629 3558 1002 3632 protulimus,
1035 3560 1403 3633 suggerendo
1435 3561 1674 3617 eosdem
1708 3562 2016 3617 nobiscum

362 3664 690 3713 monemus,
729 3652 796 3702 ut
824 3648 885 3703 in
916 3647 1042 3721 lege
1072 3648 1174 3704 Dei
1207 3649 1301 3706 die
1329 3652 1621 3722 noctuque
1643 3651 2012 3720 meditantes,

364 3739 702 3793 scrutentur
733 3734 1072 3806 Scripturas
1105 3737 1316 3793 melius
1347 3754 1527 3810 quam
1558 3741 1924 3811 usquemodo
1944 3740 2019 3795 fe-

363 3822 587 3880 cissent
617 3841 633 3876 :
669 3823 854 3880 Caecus
884 3825 1034 3879 enim
1060 3825 1112 3879 si
1140 3841 1279 3882 caeco
1307 3826 1567 3881 ducatum
1588 3831 1831 3899 praestet,
1860 3828 2018 3885 ambo

365 3912 428 3967 in
451 3913 683 3982 foveam,
700 3910 1178 3977 utaitDominus,
1202 3913 1398 3969 cadent
1414 3914 1622 3986 (Matth.
1645 3932 1740 3984 xv,
1763 3916 1866 3989 l4).
1883 3918 2018 3981 Quae

367 3998 641 4072 praecepit
667 4002 838 4065 Deus,
861 3997 961 4054 illa
974 3999 1228 4073 cogitent
1241 4018 1492 4075 semper,
1506 4002 1617 4059 hoc
1633 4020 1809 4077 super
1821 4005 2021 4061 omnia

369 4104 491 4160 prae
524 4087 709 4143 oculis
724 4092 1102 4160 praeceptum,
1118 4090 1398 4161 quoniam
1416 4091 1653 4163 quidem
1668 4109 2018 4165 magnopere

367 4176 619 4250 expedit,
643 4177 1007 4234 incessanter
1028 4178 1458 4237 habentes.Non
1481 4180 1635 4236 enim
1651 4180 1831 4236 semel
1851 4182 1910 4237 in
1925 4199 2022 4236 an-

368 4283 463 4334 no,
497 4266 599 4322 sed
632 4266 893 4339 quotidie
925 4282 1025 4323 eos
1041 4266 1363 4323 necessitas
1382 4268 1537 4341 cogit
1558 4267 2020 4340 paschaDomini

366 4354 856 4413 eelebrare.Renes
886 4365 1086 4413 vestros
1139 4359 1434 4429 accingelis
1471 4356 1661 4430 (Exod.
1684 4374 1784 4424 xu,
1825 4357 1928 4429 ιι),
1963 4357 2021 4413 id

365 4444 1008 4517 est,castitatioperam
1029 4447 1167 4503 dare
1188 4445 1537 4516 studebitis;
1561 4450 1619 4503 et
1644 4463 1656 4502 :
1679 4446 2025 4502 Mundamini

369 4533 466 4605 qui
493 4533 654 4603 fertis
696 4550 826 4589 vasa
867 4536 1094 4590 Domini
1139 4534 1290 4607 (lsai.
1343 4553 1439 4603 LII,
1472 4535 1601 4608 ll):
1645 4536 1848 4592 Oomne
1874 4537 2024 4591 enim

370 4617 515 4691 quod
542 4621 783 4691 tetigerit
812 4622 1154 4691 immundus,
1186 4625 1535 4681 immundum
1562 4629 1670 4681 erit
1696 4626 1880 4694 (hum.
1904 4642 2020 4697 xxx,

371 4705 491 4779 22),
523 4706 664 4764 dicit
692 4726 809 4765 non
839 4711 1131 4769 mentiens
1162 4714 1467 4770 Dominus.
1491 4713 1553 4769 Si
1562 4714 1760 4770 mundi
1776 4723 1926 4781 sunt,
1944 4714 2027 4770 ait

370 4795 635 4870 quidam,
665 4801 848 4872 pueri,
880 4803 1129 4857 maxime
1156 4819 1190 4858 a
1211 4804 1539 4859 mulieribus
1569 4803 1616 4875 (Ι
1638 4805 1767 4873 Reg.
1798 4821 1913 4871 xxx,
1947 4804 2023 4875 4),

446 4940 632 5016 (1464)
679 4938 787 4997 Illa
826 4942 1055 5016 scilicet
1103 4960 1237 5000 caro
1283 4944 1429 5016 sedet
1474 4946 1673 5016 absque
1709 4946 1873 5003 dubio
1901 4962 2027 5003 cum

374 5010 734 5083 ossibus,qute
746 5013 985 5083 spiritus
1008 5018 1247 5071 omnino
1264 5032 1374 5070 non
1404 5010 1582 5070 habet;

447 5080 634 5158 (1465)
662 5080 1016 5158 Legendumi
1031 5086 1224 5158 hisque
1248 5087 1417 5153 vitiis,
1449 5084 1539 5140 vel
1570 5084 1789 5158 aliquid
1810 5088 2024 5146 simile.

375 5151 663 5227 Construe
741 5151 878 5227 vero
917 5171 955 5227 εΔ
992 5151 1236 5227 Namque
1313 5151 1687 5227 comperimus
1740 5162 2029 5227 quemdam

378 5223 638 5303 temporis
702 5224 879 5303 nostri
939 5223 1660 5303 (quern_'_utinam'nullus
1742 5223 2029 5303 hominum

376 5295 764 5375 cognovisset,”
797 5295 849 5349 si
870 5368 880 5375 .
911 5295 989 5375 est
1027 5296 1361 5375 destinatum
1407 5297 1573 5353 talem
1621 5300 1923 5375 perfungi,
1968 5304 2027 5357 id

379 5362 503 5445 est_
537 5362 597 5418 in
636 5362 768 5445 .tali
834 5368 1018 5445 st_atu-,_
1080 5366 1141 5445 in
1189 5382 1322 5445 quo
1391 5384 1570 5445 nunc
1610 5362 1932 5445 estimeri)
1973 5377 2031 5429 et

378 5434 769 5517 deplanximus
814 5436 944 5517 adeo
994 5434 1383 5517 insolabiliter
1412 5434 1819 5517 irretitum'his
1850 5434 2026 5511 vitiis,

379 5515 444 5589 ut
487 5520 613 5563 cum
660 5509 1006 5589 miserrimus
1046 5512 1164 5582 fere
1187 5584 1199 5589 _
1218 5514 1557 5585 proximaret
1606 5513 1678 5589 ad
1721 5514 1900 5585 ipsum
1927 5509 2029 5589 se;

380 5580 559 5659 nium,
608 5580 941 5660 conscientia
986 5580 1320 5660 remordénte
1360 5597 1460 5639 nec
1523 5580 1755 5660 auderet
1791 5586 2032 5660 osculari

381 5650 563 5723 ipsum
609 5647 815 5733 librum
860 5652 1180 5733 Evangelii,
1209 5670 1313 5713 nec
1356 5668 1482 5733 eum
1508 5656 1904 5733 presbyterum,
1936 5658 2033 5733 qui

380 5724 884 5786 communicatum
909 5728 1066 5801 esset,
1097 5724 1265 5788 miser
1280 5724 1567 5807 pensitans
1590 5724 1755 5786 illum
1768 5724 2034 5788 manu

2131 3390 2247 3445 fers
2279 3405 2413 3443 cum
2469 3386 2827 3460 proximaret
2866 3379 3237 3437 miserrimus
3267 3376 3520 3444 senium,
3555 3380 3621 3432 ut
3644 3393 3794 3432 con-

2127 3477 2377 3534 scientia
2407 3475 2795 3541 remordente,
2828 3488 2934 3527 nec
2957 3469 3153 3542 ipsum
3187 3465 3486 3540 Evangelii
3536 3464 3790 3534 librum,

2125 3584 2233 3624 nec
2261 3582 2397 3622 eum
2410 3562 2662 3620 osculari
2680 3559 3049 3632 auderet,qui
3063 3555 3606 3614 communicaturus
3620 3558 3790 3611 esset

2126 3655 2553 3729 presbyterum,
2578 3648 2964 3708 contaminari
2997 3665 3104 3704 suo
3142 3646 3322 3702 miser
3352 3643 3551 3701 osculo
3583 3643 3793 3716 pensi-

2127 3750 2259 3801 tans
2288 3742 2557 3810 illum,ad
2581 3743 2838 3796 mentem
2866 3736 3250 3810 utique,Quoa
3268 3735 3506 3803 tetigerit
3536 3734 3789 3788 immun-

2125 3835 2249 3900 dus,
2280 3831 2629 3888 immundum
2657 3830 2762 3885 erit
2793 3829 2977 3900 (Num.
3008 3843 3126 3894 XIX,
3155 3824 3269 3898 22),
3304 3816 3653 3895 recolligens
3697 3821 3787 3876 di-

2128 3928 2289 3979 ctum
2323 3922 2403 3977 ita
2426 3921 2629 3992 utique
2650 3935 2712 3973 se
2716 3918 2993 3989 judicans
3008 3914 3452 3987 indignum,pro
3469 3926 3538 3967 eo
3560 3908 3789 3965 scilicet

2131 4009 2564 4081 maxime,quod
2584 4024 2649 4063 os
2663 4005 3000 4061 illecebroso
3018 4020 3153 4059 cum
3168 4000 3441 4057 manibus
3454 3996 3787 4055 etbrachiis

2128 4100 2370 4156 haberet
2398 4096 2703 4169 complexu
2738 4094 3052 4167 pollutum,
3083 4096 3149 4147 ut
3178 4090 3523 4146 formidaret
3570 4086 3785 4143 saltem

2130 4189 2412 4261 attingere
2443 4187 2639 4258 ipsum
2669 4200 2769 4241 vas
2799 4183 2953 4255 quod
2980 4186 3152 4238 tanta:
3176 4176 3485 4253 dignitatis
3499 4176 3791 4249 tetigisset

2131 4277 2474 4349 mysterium
2501 4293 2516 4343 ;
2548 4278 2604 4330 et
2632 4278 2827 4329 tamen
2856 4270 3283 4327 emendationis
3317 4265 3545 4323 nullum
3568 4265 3629 4320 in
3662 4264 3790 4335 ejus

2131 4372 2255 4423 erat
2284 4363 2678 4429 obdurissimo
2724 4361 2895 4418 corde
2915 4360 3250 4433 vestigium.
3276 4358 3386 4413 Pro
3418 4370 3535 4429 quo
3568 4352 3791 4427 duplex

2132 4457 2302 4513 nobis
2332 4454 2456 4509 visa
2486 4457 2575 4508 est
2604 4468 2718 4507 non
2733 4447 3285 4515 silendioccasioﬁd
3302 4451 3411 4515 est,
3441 4448 3508 4500 ut
3522 4444 3657 4515 ejus
3680 4442 3794 4515 pri-

2135 4561 2298 4600 mum
2313 4558 2512 4599 cavere
2525 4540 2870 4596 studeamus
2882 4536 3218 4611 exemplum
3239 4534 3481 4605 ;dehine
3515 4537 3579 4588 ut
3598 4550 3703 4605 pro
3723 4548 3791 4587 eo

2055 4656 2102 4721 Β
2135 4633 2233 4690 Dei
2277 4630 2741 4688 misericordiam
2789 4646 2855 4684 eo
2908 4625 3162 4699 amplius
3201 4622 3633 4697 supplicemus,
3677 4635 3793 4694 quo

2136 4721 2391 4795 amplius
2420 4736 2554 4777 eum
2588 4718 2850 4791 indigere
2879 4715 3311 4789 cognoscimus.

2205 4812 2294 4866 40.
2321 4810 2470 4866 Nam
2498 4808 2634 4865 talis
2662 4822 2860 4862 amare
2890 4804 3227 4861 nullatenus
3250 4798 3457 4875 (1466),
3489 4798 3634 4855 licet
3656 4815 3796 4855 eum

2133 4955 2265 5010 nari
2293 4953 2473 5009 osculo
2500 4965 2617 5016 suo,
2638 4950 2831 5019 utique
2849 4948 3171 5016 recolligens
3188 4946 3256 5019 ad
3282 4950 3522 5019 mentem
3548 4942 3798 5019 dictum:

2137 5024 2286 5096 Quod
2312 5022 2559 5096 tetigerit
2590 5012 2930 5096 immundus,
2974 5012 3344 5096 immundum
3367 5012 3801 5096 eritajudicans

2135 5084 2191 5153 s‘e
2218 5084 2513 5167 utiquevita
2545 5091 2857 5167 indignum,
2902 5084 3003 5161 pro
3033 5105 3093 5145 eo
3139 5090 3347 5167 scilicet
3375 5087 3623 5167 maxime
3652 5084 3800 5156 quod

2139 5156 2357 5225 haberet
2405 5182 2460 5220 os
2505 5156 2777 5236 pollutum
2820 5156 2947 5236 cum
2991 5160 3245 5236 manibus
3284 5156 3800 5236 et__brachiis_com-

2136 5242 2305 5312 pleatu
2362 5227 2705 5312 illecebroso,
2758 5241 2817 5312 ut
2844 5233 3222 5312 formidaret
3259 5227 3802 5312 salte-m..lat;tingere

2139 5300 2322 5383 ipsum
2368 5324 2485 5372 vas,
2528 5304 2672 5383 quod
2697 5300 2963 5383 tetigisset
2992 5300 3644 5383 mysteriumdignitatis
3675 5305 3800 5378 tan-

2139 5371 2244 5443 ta}:
2275 5384 2327 5436 et
2356 5371 2556 5444 tamen,
2624 5380 2736 5430 etc.
2798 5371 3183 5429 Retinuimus
3213 5371 3523 5444 lectionem
3597 5371 3798 5444 novis-

2132 5452 2272 5509 simi
2294 5442 2866 5518 editorisSpicilegii
2899 5463 2912 5501 :
2943 5446 3041 5501 ubi
3061 5450 3233 5518 antea
3253 5443 3567 5518 legebatur
3592 5442 3801 5518 proxi-

2137 5525 2326 5588 marit,
2407 5538 2476 5577 ac
2548 5512 2685 5573 dein
2765 5512 2818 5572 et
2883 5517 3221 5587 formidarit.
3284 5512 3799 5588 Nota_o_sculum,

2140 5596 2293 5666 quod
2312 5583 2655 5666 presbytero
2687 5583 3161 5645 communionem
3193 5583 3473 5660 praebenti
3503 5583 3637 5638 dari
3663 5599 3797 5639 con-

2139 5669 2425 5723 sueverat.
3778 5670 3781 5673 ‘

2209 5736 2397 5813 (1466)
2424 5732 2582 5797 Nihil
2611 5734 2839 5809 poterat
2866 5747 2996 5792 esse
3026 5728 3381 5808 corruptius,
3415 5742 3600 5803 quam
3642 5724 3801 5805 quod
