3892 6366
348 457 469 527 ’123

1274 462 1656 528 RATHERII
1700 460 1945 525 EPISC.
1992 457 2286 523 VERON.
2333 455 2508 520 OPP.
2552 454 2757 521 PARS
2803 456 2882 519 ΙΙ.

3664 451 3801 523 ’424Δ

356 596 467 667 sol,
498 595 625 671 ipse
655 594 840 666 salus,
864 595 988 671 ipse
1017 597 1153 664 vita,
1178 598 1303 670 ipso
1335 598 1703 665 resurrectio,
1727 599 1851 669 ipse
1871 614 2009 671 gau-
2036 594 2093 662 Α
2120 609 2223 666 per
2249 591 2655 664 poenitentiam
2699 590 3020 659 mentibus,
3052 591 3326 649 sanctum
3373 586 3573 662 ipsum
3624 586 3788 643 diem

361 687 528 744 dium
552 702 779 753 verum,
807 687 933 759 ipse
963 687 1261 743 beatitudo
1290 694 1593 760 perpetua,
1617 688 1741 759 ipse
1772 686 2017 742 felicitas

362 776 744 848 aeterna,ipse
774 775 973 831 laetitia
1002 776 1365 843 indeficiens,
1390 782 1684 848 postremo
1717 777 1841 847 ipse
1870 776 2017 843 dies,

369 882 547 939 quem
578 864 1012 937 gignendo,non
1034 866 1327 936 operando
1358 866 1492 921 fecit
1520 866 1885 931 Dominus,“
1912 864 2023 919 hoc

366 952 740 1011 inetfabiliter
766 970 923 1019 vero,
943 955 1277 1010 exsultemus
1307 960 1360 1009 et
1389 956 1639 1010 lwtemur
1664 956 1722 1009 in
1752 970 1831 1009 eo.
1859 953 2022 1008 Laeti-

367 1042 453 1099 tia
473 1058 707 1115 quoque
727 1059 941 1098 mensaa
964 1046 1175 1098 nostrae
1198 1043 1490 1115 pertingat
1508 1044 1553 1113 (4
1568 1046 1690 1115 485)
1715 1044 1786 1099 ad
1809 1059 2022 1115 paupe-

368 1146 465 1188 res
494 1131 711 1187 Christi
735 1147 748 1186 :
773 1135 976 1187 nostra
1005 1133 1369 1188 abundantia
1409 1132 1644 1188 illorum
1675 1132 2022 1205 suppleatur

366 1218 587 1293 inopia.
606 1218 722 1293 Ipsi
745 1237 977 1293 quoque
998 1238 1282 1293 pauperes
1304 1238 1432 1278 sese
1454 1222 1699 1278 invicem
1719 1222 1811 1292 adj
1822 1226 2017 1277 uvent.

369 1310 535 1375 Quod
565 1309 669 1365 uni
717 1310 899 1379 deest,
925 1310 1021 1365 det
1050 1310 1214 1378 alter,
1250 1311 1299 1367 si
1328 1311 1530 1379 habet;
1562 1311 1612 1367 si
1659 1328 1775 1367 non
1822 1310 2017 1377 habet,

364 1401 527 1470 optet
548 1399 755 1455 saltem
778 1399 1030 1468 dedisse,
1053 1403 1120 1456 ut
1142 1417 1247 1473 per
1270 1400 1470 1457 omnia
1489 1404 1546 1456 et
1574 1402 1632 1455 in
1654 1400 1930 1456 omnibus
1951 1400 2021 1455 de

365 1486 537 1542 nobis
569 1489 823 1559 gaudeat
851 1488 953 1559 qui
994 1489 1211 1561 pascha
1248 1494 1515 1545 nostrum
1547 1488 1887 1545 immolatus
1931 1495 2022 1545 est

364 1574 655 1632 Christus.
679 1576 750 1632 Et
779 1576 901 1631 haec
945 1578 1023 1632 sit
1070 1577 1196 1633 dies
1236 1578 1420 1649 (4486)
1451 1595 1630 1650 quam
1658 1578 1792 1633 fecit
1822 1578 2019 1633 Domi-

364 1681 499 1735 nus,
525 1668 591 1721 ut
616 1668 673 1721 et
702 1682 809 1722 nos
830 1665 1123 1721 exsultare
1152 1671 1211 1722 et
1241 1666 1422 1721 laetari
1454 1667 1511 1721 in
1543 1684 1611 1722 ea
1640 1683 1795 1722 nunc
1817 1671 1873 1721 et
1894 1666 2021 1722 sine

363 1754 481 1811 fine
508 1754 836 1827 possimus;
869 1771 1082 1827 corpus
1126 1772 1360 1827 quoque
1399 1760 1457 1811 et
1485 1757 1633 1812 6“
1671 1756 2019 1827 sanguinem

361 1842 554 1916 ipsius
583 1844 665 1900 ita
691 1844 1010 1917 percipere,
1032 1848 1100 1900 ut
1128 1861 1245 1900 non
1282 1844 1352 1900 ad
1378 1845 1673 1915 judicium
1704 1845 1748 1912 (4
1762 1846 1908 1913 487),
1933 1848 2017 1912 ut,

535 1931 707 2030 nefas
719 1932 750 2030 ι.
762 1931 994 2030 multis,
1016 1933 1134 2030 sed.
1146 1933 1227 2030 ad.
1239 1934 1564 1989 remedium
1590 1932 2020 2030 sempiternum
2049 1964 2098 2030 B

365 2020 559 2089 nobis,
587 2023 653 2076 ut
680 2020 946 2077 felicibus
976 2021 1185 2090 evenit,
1212 2021 1323 2078 hoc
1370 2022 1671 2094 provenire
1700 2022 2018 2094 contingat.

366 2109 617 2180 Adjuvet
645 2111 717 2166 ad
747 2110 857 2166 hoc
897 2110 1254 2166 desiderium
1294 2115 1585 2178 nostrum,
1611 2114 1668 2166 et
1694 2112 2022 2168 sanctificat

364 2201 584 2268 actum,
610 2198 710 2271 qui
742 2215 845 2271 pro
866 2198 1035 2254 nobis
1056 2199 1116 2254 in
1138 2203 1323 2255 morte
1344 2200 1507 2256 dedit
1538 2200 1777 2255 unicum
1810 2200 2021 2255 Filium

365 2301 563 2354 suum,
588 2285 691 2359 qui
720 2303 856 2342 cum
886 2287 1014 2359 ipso
1036 2292 1094 2343 et
1115 2286 1335 2359 Spiritu
1358 2291 1558 2344 sancto
1576 2287 1717 2344 vivit
1738 2292 1794 2344 et
1817 2292 2023 2361 regnat

362 2373 425 2433 in
457 2374 668 2433 saecula
696 2376 1066 2433 saeculorum.
1097 2378 1304 2432 Amen.

914 2483 1159 2539 SERMO
1197 2482 1246 2536 v
1276 2482 1482 2555 (4488).

989 2572 1061 2611 DE
1090 2571 1307 2610 PASCHA
1335 2572 1396 2610 II.

435 2645 489 2701 4.
520 2644 669 2701 Cum
713 2661 921 2701 omnes
969 2644 1029 2699 in
1074 2644 1185 2701 hac
1241 2644 1335 2699 die
1393 2643 1679 2716 Propheta
1731 2645 2021 2702 exsultare

361 2732 627 2807 praecipit
653 2737 829 2807 atque
856 2732 1038 2788 laetari
1070 2734 1242 2805 (Psal.
1271 2750 1441 2800 cxvn,
1473 2733 1591 2801 24),
1624 2734 2023 2806 reprehensio-

363 2820 459 2878 nis
489 2838 607 2878 non
637 2839 848 2894 parum
891 2826 1087 2877 metuo
1129 2826 1350 2887 notam,
1386 2821 1434 2877 si
1469 2839 1630 2877 more
1681 2840 1809 2878 meo
1836 2823 2019 2879 tristi-

364 2908 460 2966 tiae
492 2909 750 2981 aliquam
790 2910 1047 2965 sermoni
1097 2926 1226 2965 meo
1283 2911 1589 2982 interpono
1648 2911 2017 2983 particulam.

365 3000 480 3057 Sed
512 2998 667 3056 absit
694 2998 1107 3071 reprehensor;
1137 3015 1273 3053 nam
1303 3015 1397 3054 me
1430 3016 1542 3055 non
1572 2999 1795 3055 tristari
1825 3001 2021 3057 consi-

363 3086 571 3144 liarius
611 3092 769 3144 vetat
814 3087 1075 3143 interior.
1105 3087 1179 3143 Ut
1227 3086 1382 3143 enim
1414 3088 1629 3145 Tobias
1678 3088 1906 3162 angelo,
1939 3090 2022 3146 ita

364 3176 608 3234 cuilibet
630 3194 723 3234 me
754 3175 939 3233 laetari
968 3176 1239 3232 suadenti
1270 3177 1621 3248 respondere
1650 3176 1775 3249 ipse
1803 3195 1909 3233 nec
1939 3178 2022 3233 in-

361 3283 616 3340 congrue
642 3265 805 3323 valeo
835 3282 848 3320 :
874 3266 1046 3335 Quale
1085 3266 1246 3332 mihi,
1280 3265 1362 3320 ait
1408 3266 1563 3321 enim
1613 3264 1731 3335 ille,
1756 3266 2021 3335 gaudium

2126 696 2411 738 novorum
2431 680 2625 736 videre
2646 683 2703 736 et
2723 696 2859 736 cum
2890 679 3105 753 gaudio
3128 677 3420 736 celebrare
3441 690 3789 750 possemus;

2126 786 2262 827 cum
2294 769 2403 825 hoc
2437 756 2678 824 minime
2711 767 3046 835 fecerimus,
3069 767 3242 840 quale
3271 766 3578 840 gaudium,
3609 781 3792 838 quam

2127 857 2599 924 exsultationem,
2625 874 2802 929 quam
2834 857 3098 912 laetitiam
3121 857 3337 936 habere
3364 854 3677 911 valemus?
3701 853 3795 909 Ait

2127 947 2284 1003 enim
2310 947 2368 1001 in
2402 946 2973 1001 commendationem
2995 944 3263 1015 ejusdem
3293 942 3493 1016 gaudii
3523 946 3792 1008 sanctus,

2127 1041 2195 1092 ut
2225 1035 2339 1108 legi
2371 1034 2642 1100 audistis,
2666 1033 2980 1105 Apostolus
3011 1035 3232 1105 :Itaque
3262 1033 3549 1104 epulemur
3580 1032 3628 1103 (1
3668 1031 3793 1088 Cor.

2125 1141 2181 1193 v,
2202 1126 2281 1193 7).
2308 1124 2457 1188 Quid
2480 1122 2662 1178 dixit?
2694 1122 2897 1194 Itaque
2923 1138 3138 1193 corpus
3168 1122 3322 1178 6l2
3353 1124 3409 1176 et
3437 1119 3796 1192 sanguinem

2127 1211 2337 1285 ipsius,
2361 1210 2461 1284 qui
2507 1228 2611 1283 pro
2660 1210 2830 1266 nobis
2881 1210 3224 1266 immolatus
3255 1214 3362 1275 est,
3387 1208 3606 1265 Christi
3656 1225 3793 1265 cum

2128 1300 2515 1357 exsultatione
2547 1315 2877 1354 sumamus.
2913 1298 3221 1354 Faciamus
3251 1314 3409 1371 ergo.

2195 1392 2251 1444 2.
2277 1389 2390 1444 Sed
2425 1388 2563 1461 quid
2595 1388 2724 1453 erit,
2752 1386 2803 1443 si
2846 1387 3034 1443 facere
3064 1387 3239 1460 digne
3270 1403 3335 1443 ac
3371 1388 3533 1459 juste
3572 1385 3794 1458 nequi-

2129 1477 2305 1534 mus?
2342 1475 2659 1549 Subjungit
2689 1492 2944 1548 namque
2976 1475 3182 1548 (4490),
3207 1478 3264 1531 et
3291 1474 3373 1531 ait
3399 1490 3413 1529 :
3445 1474 3565 1529 Non
3594 1475 3659 1529 in
3685 1476 3797 1545 fer-

2126 1574 2307 1622 mento
2336 1567 2525 1634 veteri,
2549 1564 2607 1620 id
2636 1568 2743 1630 est,
2769 1568 3000 1620 tumore
3022 1562 3331 1619 anterioris
3351 1561 3598 1635 peccati,
3619 1577 3799 1633 neque

2128 1657 2189 1710 in
2208 1656 2475 1725 fermento
2492 1654 2751 1721 malitiae,
2771 1652 3005 1709 malitia:
3028 1652 3232 1724 utique
3252 1650 3428 1709 alicui
3448 1649 3786 1707 Christiano

2131 1742 2356 1800 malum
2388 1744 2604 1799 inferre
2634 1741 2928 1815 cupiendi,
2954 1740 3230 1813 nequitiae
3261 1740 3370 1797 hoc
3397 1740 3586 1796 facere
3615 1739 3797 1796 etiam

2127 1831 2345 1904 injuste
2372 1831 2641 1887 conandi.
2665 1831 2775 1885 Sed
2809 1828 3098 1901 qualiter?
3128 1830 3191 1885 In
3217 1830 3429 1900 azymis
3458 1829 3801 1884 sinceritatis

2128 1928 2179 1975 et
2220 1922 2494 1975 veritatis.
2528 1918 2891 1974 Sinceritatis
2940 1934 3074 1973 vero
3121 1916 3350 1989 puritas
3398 1920 3509 1985 est,
3543 1915 3656 1973 hoc
3686 1920 3800 1984 est,

2131 2009 2287 2081 quod
2322 2007 2469 2064 nihil
2501 2007 2697 2073 habet,
2732 2006 2844 2063 nisi
2876 2006 3033 2078 quod
3074 2009 3386 2063 monstrat.
3403 2003 3635 2062 Veritas
3661 2021 3802 2060 vero

2131 2097 2273 2170 quid
2294 2101 2451 2153 esset
2471 2113 2603 2151 cum
2630 2094 2850 2152 Pilatus
2872 2095 3293 2166 interrogasset
3311 2094 3490 2167 (Joan.
3505 2110 3667 2164 xvm,
3681 2093 3801 2163 38),

2130 2202 2247 2242 non
2276 2184 2629 2258 exspectavit
2658 2183 2883 2250 audire,
2905 2183 3036 2239 ideo
3068 2182 3138 2238 de
3170 2182 3274 2238 illa
3305 2199 3421 2238 non
3452 2182 3675 2239 meruit
3702 2199 3803 2238 ex-

2130 2274 2368 2330 sultare.
2390 2273 2497 2338 Qui
2531 2287 2668 2344 ergo
2694 2287 2800 2327 nec
2831 2271 2890 2325 in
2922 2287 3020 2326 ore
3048 2270 3376 2338 veritatem,
3399 2286 3507 2326 nec
3530 2272 3590 2327 in
3625 2271 3803 2328 corde

2130 2364 2391 2436 possidet
2421 2361 2760 2435 puritatem,
2785 2359 2999 2416 Christi
3022 2359 3314 2431 quomodo
3341 2374 3525 2414 ausus
3547 2358 3628 2414 sit
3661 2376 3802 2432 pen-

2130 2452 2383 2509 sandum
2418 2450 2719 2507 comedere
2762 2464 2999 2505 carnem
3044 2446 3250 2519 (4494),
3284 2462 3420 2503 cum
3464 2447 3803 2519 priesertim

2128 2540 2444 2614 Apostolus
2467 2539 2727 2612 apertius
2748 2537 2857 2594 hoc
2889 2536 3221 2604 interdicat,
3245 2535 3411 2592 nulla
3435 2535 3663 2592 scilicet
3693 2537 3809 2591 cir-

2130 2629 2385 2685 cuitione
2421 2645 2587 2694 usus,
2610 2627 2857 2683 dicendo
2882 2642 2895 2681 :
2923 2626 3245 2697 Quicunque
3273 2624 3571 2680 manducat
3599 2641 3802 2697 corpus

2129 2720 2351 2775 Domini
2380 2718 2626 2789 indigne,
2664 2716 2945 2790 judicium
2990 2715 3100 2770 sibi
3145 2712 3444 2769 manducat
3490 2714 3539 2785 (Ι
3568 2713 3797 2782 Coum,

2127 2810 2243 2880 29).
2265 2810 2353 2876 Et,
2378 2807 2484 2863 ohl
2513 2824 2692 2879 quam
2722 2805 2875 2863 valet
2924 2804 3097 2861 hodie
3137 2802 3431 2861 exsultare
3480 2806 3537 2860 et
3582 2803 3798 2874 laetari,

2128 2898 2256 2954 loco
2283 2895 2491 2953 salutis
2522 2895 2817 2965 judicium
2861 2896 3230 2965 sumpturus,
3261 2891 3387 2949 loco
3418 2892 3549 2947 vita;
3579 2891 3802 2949 interi-

2128 2985 2295 3042 tuml
2352 2984 2532 3054 Istud,
2569 2984 2749 3051 istud,
2798 2983 3067 3055 inquam,
3098 2984 3189 3036 est
3242 2979 3429 3048 istud,
3458 2980 3611 3053 quod
3667 2984 3803 3039 tota

2128 3076 2244 3131 ista
2281 3090 2428 3146 pene
2460 3071 2916 3145 quadragesima
2963 3087 3055 3126 me
3087 3068 3372 3141 compulit
3419 3067 3695 3136 clamare,
3730 3072 3803 3125 ut

2127 3164 2447 3236 deponentes
2479 3178 2695 3218 omnem
2726 3161 3025 3227 malitiam,
3058 3174 3276 3215 omnem
3304 3157 3510 3227 dolum,
3533 3162 3585 3214 et
3611 3161 3799 3215 simu-

2129 3253 2409 3319 lationem,
2433 3260 2484 3307 et
2505 3250 2777 3306 invidiam
2799 3251 2847 3322 (Ι
2864 3250 3012 3306 Petr.
3033 3265 3095 3317 ιι,
3119 3247 3193 3320 4),
3218 3262 3423 3303 omnes
3452 3246 3524 3303 ad
3548 3246 3800 3315 Christi,

358 3357 485 3425 erit,
529 3356 626 3429 qui
654 3358 716 3411 in
747 3356 983 3412 tenebris
1010 3354 1182 3422 sedeo,
1216 3362 1267 3410 et
1298 3355 1485 3410 lumen
1516 3355 1641 3410 casti
1685 3370 1797 3410 non
1825 3355 2020 3411 video?
2047 3329 2091 3398 (ἶ
2128 3341 2187 3397 id
2230 3346 2339 3409 est,
2362 3357 2560 3396 verum
2613 3340 2989 3429 εῐυάθμτθῐηυε
3040 3353 3157 3429 ξιοΒ-
3196 3339 3553 3429 φηνθτίξθνθν
3583 3352 3801 3429 Ρδοθαξ

356 3446 501 3517 (Tob.
528 3463 583 3515 v,
616 3445 731 3517 42.)
758 3444 832 3501 Ut
880 3444 1038 3500 enim
1090 3443 1291 3500 lumen
1342 3443 1467 3499 coeli
1522 3443 1712 3516 ipsam
1754 3449 2017 3502 nostram

356 3533 649 3607 appellare
679 3550 797 3591 non
823 3532 1225 3590 disconveniat
1245 3532 1639 3599 festivitatem,
1668 3533 1739 3588 de
1761 3549 1879 3604 qua
1910 3535 2017 3590 sci-

353 3620 492 3678 licet
519 3622 735 3678 dioitur
765 3638 779 3677 :
813 3624 1092 3678 Lmtentur
1132 3623 1274 3689 cmli,
1308 3626 1357 3677 et
1388 3621 1622 3677 exsultet
1668 3628 1814 3676 terra
1836 3622 2017 3698 (Psal.

350 3727 481 3777 xcv,
515 3710 602 3783 44)
629 3727 642 3768 :
672 3727 788 3767 non
819 3710 920 3766 illa
946 3726 1081 3766 vero
1126 3715 1301 3776 terra,
1334 3711 1404 3766 de
1449 3727 1565 3782 qua
1608 3710 1863 3782 serpenti
1899 3710 2015 3780 illi,

350 3798 591 3855 malitias
633 3799 883 3867 suasori,
917 3804 1006 3855 est
1047 3799 1271 3854 dictum
1306 3814 1320 3855 :
1354 3800 1574 3853 Terram
1603 3798 1843 3855 comedes
1874 3816 2010 3856 cun-

348 3890 454 3945 ctis
499 3886 688 3944 diebus
733 3889 865 3945 vita
893 3892 1005 3944 tuae
1036 3887 1187 3960 (Gen.
1221 3902 1305 3955 ιιι,
1338 3886 1451 3955 44),
1486 3886 1586 3943 sed
1637 3885 1738 3942 illa
1790 3888 2009 3959 potius,

346 3976 419 4032 de
449 3991 567 4047 qua
596 3975 821 4031 dictum
853 3979 1025 4031 antea
1052 3975 1280 4031 fuerat:
1306 3974 1581 4031 Germinet
1605 3979 1753 4030 terra
1785 3975 2012 4032 herbam

341 4066 608 4122 virentem
644 4063 799 4139 (Gen.
834 4082 870 4129 ι,
907 4063 1017 4137 14),
1040 4068 1175 4132 etc.,
1201 4079 1328 4135 quae
1374 4064 1701 4120 secundum
1746 4061 2009 4122 litteram

340 4152 489 4211 satis
518 4157 659 4210 sunt
684 4153 860 4219 bona,
885 4154 1210 4210 secundum
1235 4168 1368 4208 vero
1409 4152 1727 4225 mysticum
1778 4151 2006 4211 intelle-

338 4246 498 4300 ctum
529 4243 745 4317 oppido
776 4241 1039 4298 meliora.
1064 4242 1253 4313 Hujus
1283 4241 1399 4297 diei
1443 4240 1727 4313 gaudium
1767 4258 1885 4314 qua
1915 4248 2003 4300 te-

335 4330 605 4388 meritate
636 4347 732 4387 me
760 4330 871 4387 frui
894 4331 1029 4403 jure
1059 4329 1396 4401 pronuntio,
1431 4327 1531 4400 qui
1566 4332 1762 4383 tamen
1796 4328 1998 4387 lumen

333 4416 755 4493 (4489)coali,id
789 4422 897 4488 est,
914 4419 1132 4491 ipsum,
1168 4417 1267 4489 qui
1287 4416 1501 4472 cmlum
1537 4415 1853 4485 illuminat,
1870 4435 2006 4489 pec-

2130 3430 2335 3503 (4492),
2363 3435 2420 3486 et
2462 3429 2602 3501 quia
2629 3429 2739 3484 hoc
2770 3427 2959 3484 facere
3006 3424 3248 3499 plurimi
3293 3423 3585 3494 nesciunt,
3620 3426 3802 3497 quasi

2129 3535 2399 3576 normam
2437 3518 2761 3590 quamdam
2800 3516 2966 3572 vobis
3012 3514 3321 3587 praeﬂgens
3362 3513 3802 3583 suadebam,ut

2127 3608 2226 3681 qui
2258 3607 2514 3680 aliquem
2547 3623 2608 3662 se
2640 3605 2861 3662 lusisse
2889 3603 3309 3670 meminerunt,
3342 3602 3801 3659 recordarentur

2126 3697 2374 3753 dicentis
2398 3713 2410 3752 :
2437 3696 2495 3751 Si
2519 3698 2679 3768 o/fers
2720 3711 2921 3750 munus
2950 3702 3106 3750 tuum
3153 3691 3224 3747 ad
3272 3691 3470 3758 altare,
3502 3695 3556 3746 et
3587 3691 3672 3747 ibi
3702 3709 3796 3748 re-

2125 3785 2374 3841 cordatus
2401 3785 2576 3855 fueris
2608 3783 2749 3855 quod
2766 3786 2944 3855 frater
2973 3786 3098 3837 tuus
3127 3780 3324 3837 habeat
3352 3780 3570 3853 aliquid
3597 3781 3797 3838 adver-

2122 3891 2246 3931 sum
2278 3879 2347 3940 te,
2380 3874 2631 3944 relinque
2659 3873 2739 3928 ibi
2767 3888 2969 3928 munus
3010 3879 3168 3927 tuum
3196 3877 3322 3926 ante
3350 3870 3549 3936 altare,
3571 3877 3625 3926 et
3654 3872 3797 3929 vade

2117 3967 2279 4037 prius
2327 3964 2677 4019 reconciliari
2722 3962 2894 4033 fratri
2922 3965 3033 4027 tuo,
3064 3964 3116 4016 et
3148 3967 3278 4015 tunc
3326 3960 3548 4014 veniens
3594 3960 3795 4031 oﬂ'eres

2119 4068 2322 4107 munus
2353 4055 2510 4106 tuum
2546 4050 2754 4120 (Matth.
2787 4066 2840 4118 v,
2875 4049 2964 4116 23,
2996 4047 3109 4119 24).
3135 4045 3243 4113 Qui
3289 4060 3424 4101 vero
3472 4045 3545 4101 ab
3585 4044 3793 4119 aliquo

2119 4140 2242 4197 lissi
2275 4141 2545 4208 fuissent,
2568 4143 2626 4195 et
2673 4138 2772 4194 ille
2811 4137 3042 4194 veniam
3072 4134 3355 4191 veraciter
3402 4133 3792 4207 postulasset,

2120 4246 2236 4286 non
2259 4229 2742 4285 obliviscerentur
2761 4226 3009 4282 dicentis
3029 4243 3041 4281 :
3064 4226 3199 4281 Cum
3213 4226 3372 4280 statis
3396 4223 3468 4279 ad
3491 4224 3792 4297 orandum,

2096 4320 2383 4375 dimittite
2409 4321 2459 4375 si
2489 4318 2621 4389 quid
2645 4320 2858 4373 habetis
2877 4317 3133 4372 adversus
3154 4316 3416 4386 aliquem,
3443 4316 3505 4368 ut
3533 4318 3587 4369 et
3618 4320 3795 4371 Pater

2120 4413 2289 4466 vester
2314 4409 2543 4463 caelestis
2573 4407 2818 4463 dimittat
2864 4406 3014 4461 vobis
3055 4412 3278 4477 peccata
3321 4411 3533 4466 vestra;
3565 4404 3711 4476 quod
3740 4407 3794 4461 si

332 4492 599 4564 catorum
648 4507 866 4563 nebula
914 4505 1371 4563 circumvallatis
1401 4505 1596 4561 videre
1644 4523 1761 4561 non
1793 4506 1954 4563 vales
1976 4507 2004 4561 ?
2114 4515 2205 4555 vos
2233 4514 2345 4553 non
2374 4498 2719 4564 dimiseritis,
2751 4512 2849 4552 nec
2878 4500 3046 4552 Pater
3077 4497 3254 4551 vester
3280 4493 3511 4549 cazlestis
3541 4492 3789 4573 dimittet

328 4595 501 4664 Nam,
525 4594 668 4651 dum
689 4596 762 4651 ad
788 4594 899 4650 hoc
919 4595 1222 4652 institutos
1248 4590 1402 4660 illos,
1419 4594 1516 4667 qui
1532 4597 1660 4667 jam
1686 4611 2002 4667 prmcesse-

328 4687 470 4740 runt
490 4682 881 4756 quadraginta
902 4683 1236 4739 noverimus
1260 4682 1405 4751 dies,
1432 4688 1497 4738 ut
1527 4683 1586 4739 in
1611 4683 1695 4739 eis
1725 4686 1997 4758 purgatis
2022 4699 2070 4765 D

421 4789 581 4858 4485)
602 4786 802 4861 Yulg.,
820 4789 1076 4861 pertinet.
1099 4786 1305 4844 Verior
1334 4788 1516 4843 nostri
1550 4789 1768 4845 codicis
1791 4788 1981 4846 lectio.

421 4789 581 4858 4485)
602 4789 802 4861 Vulg.,
820 4789 1076 4860 pertinet.
1099 4789 1305 4844 Verior
1334 4789 1516 4843 nostri
1550 4789 1768 4845 codicis
1791 4789 1981 4846 lectio.

394 4789 762 4934 $4486)Idem_
804 4858 989 4934 _vul_g.,
1024 4859 1141 4914 dies
1189 4862 1398 4913 nostra.
1450 4860 1983 4934 Auctoritate_lau-

2108 4591 2335 4660 peccata
2362 4594 2541 4642 vestra
2573 4587 2759 4658 (Marc.
2791 4602 2868 4653 ιι,
2902 4588 2978 4653 2).

2186 4678 2239 4731 3.
2269 4676 2458 4748 Hujus
2480 4676 2601 4744 sed,
2628 4674 2775 4748 proh
2798 4672 2994 4730 dolorl
3031 4670 3261 4728 consilii
3286 4672 3346 4727 in
3377 4675 3617 4728 tantum
3645 4689 3788 4729 con-

2100 4782 2318 4849 editor,
2343 4781 2729 4853 ejusdemque
2757 4778 3197 4853 emendationes
3229 4776 3562 4853 recepimus
3588 4794 3601 4853 _:
3629 4777 3789 4835 sicut

2099 4859 2158 4909 et
2190 4859 2328 4926 post
2360 4849 2651 4926 nonnulla
2678 4868 2814 4926 cum
2853 4850 2981 4926 ipso
3028 4849 3385 4926 retinuimus
3406 4849 3655 4926 possidet
3674 4868 3788 4926 pu-

321 4920 441 4988 dati
473 4920 691 4988 codicis
730 4920 1054 4986 delevimus
1102 4936 1306 4995 nostra,
1343 4934 1399 4983 ot
1443 4946 1576 4984 mox
1622 4930 1982 4989 inseruimus
2094 4920 2345 4995 ritdtem,
2369 4924 2468 4980 ubi
2499 4924 2694 4996 prima
2725 4920 2903 4979 editio
2935 4937 3244 4994 perperam
3269 4920 3527 4977 habebat
3540 4920 3790 4991 possidet

318 5016 417 5058 nos
447 5007 585 5057 ante
613 5002 911 5058 exsultare.

391 5071 438 5142 (4
452 5072 577 5142 487)
611 5072 894 5142 Construc
925 5088 938 5125 :
976 5072 1038 5127 Ut
1067 5071 1352 5142 contingat
1390 5070 1487 5124 hoc
1508 5074 1797 5141 provenire
1823 5075 1980 5130 nobis

2092 4999 2404 5052 veritatem.

2165 5067 2350 5139 (4494)
2381 5067 2734 5139 ConstrueL:
2779 5063 3130 5136 pensandum
3178 5062 3441 5136 quomodo
3488 5079 3664 5121 ausus
3709 5067 3785 5121 sit

315 5136 431 5213 non
460 5142 529 5196 ad
549 5136 847 5213 judicium,
881 5145 961 5207 ut,
1009 5140 1151 5211 proh
1179 5136 1373 5209 nefas!
1421 5136 1597 5213 evenit
1646 5144 1855 5213 multis,
1887 5146 1980 5201 sed
2090 5136 2370 5213 comedere
2382 5153 2627 5213 carnem
2659 5136 2885 5213 Christi.

316 5212 388 5269 ad
416 5212 720 5268 remedium
746 5214 1159 5282 sempiternum,
1192 5214 1251 5263 ut
1277 5212 1457 5282 evenit
1484 5212 1759 5282 felicibus.
1844 5212 1861 5264 ⁷.

385 5283 433 5355 (4
447 5283 572 5366 488)
594 5280 915 5366 llic‘sermq
942 5280 1218 5366 vulgatus
1240 5280 1577 5366 ab‘Acherio
1604 5299 1804 5366 exine.
1831 5286 1976 5366 Ean-

312 5350 586 5421 dunensi,
620 5352 857 5408 habitus
888 5352 998 5407 fuit
1038 5350 1133 5407 dic
1178 5350 1478 5407 Paschatis
1510 5353 1647 5408 anni
1678 5354 1800 5409 968.
1835 5356 1971 5411 Con-

310 5425 400 5482 fer
428 5430 548 5481 not.
577 5424 739 5481 4492.

2160 5210 2341 5292 (4492)
2376 5208 2674 5292 Similiter
2694 5208 2753 5263 in
2778 5206 3058 5292 Discordia
3086 5205 3397 5262 lucubrata
3422 5205 3484 5260 in
3512 5205 3782 5270 Quadra-

2084 5280 2313 5365 gesima
2344 5280 2486 5335 anni
2524 5280 2833 5365 968'num.
2869 5282 3068 5365 7.1‘Per'
3105 5293 3289 5359 omnes
3317 5292 3453 5365 sane
3473 5293 3777 5361 sermones,

2083 5349 2294 5426 inquit,
2328 5368 2457 5422 quos
2488 5350 2690 5421 populo
2713 5422 2725 5426 _
2758 5353 2877 5426 ista
2912 5349 3348 5426 Quadragesima
3383 5350 3518 5426 feci,
3552 5366 3782 5426 monere

2080 5420 2293 5480 mecum
2322 5420 2507 5478 omnes
2541 5437 2656 5476 non
2692 5422 2897 5487 destiti,
2925 5428 2987 5477 ut
3015 5420 3196 5476 redire
3224 5436 3337 5476 non
3359 5420 3684 5491 cli/feremus
3708 5422 3781 5477 ad

380 5498 566 5569 (4489)
597 5492 1012 5569 Supplevimus
1056 5493 1242 5569 lumen
1281 5510 1348 5549 ex
1392 5493 1741 5566 praecedenti
1772 5496 1966 5551 Tobiae
2073 5512 2284 5569 pacem,
2314 5500 2451 5569 etc.,
2484 5493 2603 5569 ubi
2637 5493 2841 5569 eadem
2892 5492 3200 5569 sequentia
3242 5490 3581 5569 evangelica
3604 5493 3779 5569 testi-

305 5564 489 5636 textu,
523 5564 593 5625 ad
631 5564 805 5639 quem
840 5564 960 5639 haec
991 5565 1341 5639 referuntur.

2080 5560 2278 5622 monia
2319 5560 2550 5645 ingerit,
2581 5581 2615 5620 a
2656 5567 2852 5645 terum
2903 5560 3007 5645 pro
3034 5564 3153 5645 ‘iis.
3181 5563 3285 5634 qui
3329 5560 3633 5645 luserunt
3670 5564 3781 5620 ali-

377 5633 563 5711 (4490)
595 5633 667 5696 In
686 5635 876 5711 priori
919 5636 1542 5711 Acherianareditione
1576 5637 1741 5711 :_._$ibi
1774 5640 1965 5711 jungit
2078 5655 2277 5710 quem,
2312 5633 2559 5711 alterum
2598 5652 2717 5706 pro
2761 5635 2855 5701 iis,
2882 5633 3157 5711 quihlzesi
3198 5633 3365 5711 sunt.
3392 5635 3585 5699 Quare
3618 5635 3779 5692 hunc

299 5704 556 5784 namque,
592 5716 651 5784 et
676 5704 1378 5784 infratimoreanterioris
1400 5727 1421 5763 ,υ
1448 5724 1582 5784 qua:
1610 5704 1831 5784 librarii
1864 5704 1966 5766 aut
2075 5704 2407 5767 sermonem
2444 5704 2650 5763 eodem
2693 5724 2849 5763 anno
2881 5704 3200 5763 recitatum
3234 5704 3442 5777 liquet.

300 5780 650 5859 typographi
671 5780 901 5840 incuria
916 5780 1197 5839 accidisse
1207 5780 1230 5852 j
1244 5797 1341 5839 ure
1361 5780 1592 5838 censuit
1608 5780 1963 5840 novissimus
