3892 6380
88 468 214 538 725

1602 476 2046 547 SERMONES.

3414 486 3532 555 ἠδ
3564 460 3567 463 λ

86 608 424 683 temptores
455 607 745 684 quosdam
791 607 1086 688 conspexi,
1121 614 1179 671 et
1223 611 1449 671 utinam
1481 630 1598 671 non
1631 614 1765 672 illos
1792 617 1848 686 Α
1877 621 2174 675 momento
2201 615 2333 692 quis
2353 616 2565 676 transit
2585 617 2862 679 adiabolo
2884 621 2958 679 ad
2974 619 3297 691 Christum,
3321 639 3355 679 a
3375 623 3533 681 vitiis

84 698 392 773 praecipue
413 700 515 774 qui
534 701 857 760 debuerant
875 702 1006 761 aliis
1029 703 1248 760 bonum
1268 702 1602 778 exemplum
1625 722 1764 778 prte-

82 788 249 856 bere,
286 793 354 844 ut
382 790 563 846 etiam
594 790 707 864 ipsi
737 792 921 867 (11:93)
954 792 1054 865 qui
1099 810 1311 866 panem
1362 799 1630 850 sanctum
1676 795 1761 851 eis

81 877 367 935 mittebat
424 878 485 934 in
546 896 644 935 ore
699 881 970 950 dicendo,
1018 882 1206 955 (1495)
1267 882 1483 953 Corpus
1538 885 1764 940 Domini

76 968 285 1023 nostri
312 972 453 1025 Jesu
482 970 703 1026 Christi
728 972 921 1042 prosit
979 971 1086 1027 tibi
1135 972 1195 1027 in
1225 974 1400 1028 vitam
1455 982 1756 1041 aeternam,

77 1056 248 1113 61³
286 1073 400 1113 non
433 1062 734 1114 cessarent
760 1060 1110 1132 perditionis
1131 1059 1372 1133 laqueos
1416 1063 1672 1129 tendere,
1702 1067 1759 1119 et

75 1144 262 1218 quasi
318 1144 506 1203 Pilato
562 1147 771 1204 diebus
828 1150 1088 1205 eisdem:
1138 1150 1441 1221 Cruci/ige,
1478 1153 1758 1223 cruci/ig:

72 1238 285 1302 (Joan.
336 1252 453 1305 xxx,
485 1235 563 1308 6),
620 1236 910 1307 clamare;
945 1255 1061 1295 non
1120 1239 1410 1295 recordati
1466 1240 1752 1299 dicentis:

76 1328 185 1381 Vae
217 1324 407 1394 impio
431 1326 748 1395 proditori,
799 1344 878 1383 va;
931 1327 1320 1401 complicibus
1375 1327 1666 1402 hodieque
1692 1330 1753 1386 in

70 1412 348 1470 Ecclesia
376 1415 525 1487 ejus.
547 1417 807 1482 Quorum
840 1417 1201 1489 quibusdam
1230 1417 1403 1473 hodie
1435 1436 1538 1491 per
1566 1419 1752 1475 vicem

67 1503 319 1559 Domini
343 1504 528 1559 nostri
561 1505 860 1572 mandavi,
897 1510 965 1562 ut
993 1506 1103 1562 hoc
1138 1506 1325 1562 facere
1347 1506 1749 1579 quiescerent;

66 1595 133 1648 et
166 1591 222 1647 si
280 1593 544 1662 fecerint,
578 1594 968 1666 sibimetipsis
1018 1594 1254 1651 faciant.
1297 1595 1447 1650 Dicit
1475 1596 1633 1651 enim
1665 1613 1756 1653 sa-

68 1680 502 1752 pientissimus
526 1682 825 1755 perlepide
857 1683 1277 1755 Hieronymus:
1303 1683 1495 1740 Semel
1526 1700 1753 1739 errasse

69 1768 162 1825 sit
196 1786 418 1839 casus;
451 1788 557 1827 cur
586 1772 912 1843 prudenter
943 1775 1190 1837 erratur,
1224 1776 1281 1827 et
1314 1773 1563 1827 crebro?
1605 1772 1752 1828 Nam

66 1857 203 1915 nisi
245 1859 529 1925 caverint,
578 1859 901 1914 verendum
954 1875 1028 1915 ne
1086 1857 1204 1915 illis
1249 1860 1550 1933 contingat
1596 1862 1753 1933 quod

60 1946 228 2013 illis,
262 1948 336 2002 de
359 1946 578 2050 quibus
609 1948 831 2052 dictum
865 1952 973 2016 est,
1008 1948 1251 2051 contigit
1342 1950 1553 2006 Adhuc
1608 1965 1755 2008 escae
1784 1987 1833 2053 Β

58 2050 294 2092 eorum
311 2041 484 2091 erant
500 2037 561 2091 in
576 2052 681 2092 ore
697 2037 979 2106 ipsorum,
997 2046 1051 2093 et
1065 2037 1160 2093 ira
1180 2037 1282 2093 Dei
1299 2039 1561 2095 ascendit
1578 2055 1753 2112 super

62 2140 173 2181 eos
199 2122 401 2196 (Psal.
428 2141 634 2192 Lxxvn,
660 2125 782 2196 30):
808 2126 1041 2196 etquod
1064 2126 1250 2198 pridie
1272 2127 1343 2183 de
1358 2127 1514 2183 Juda
1533 2126 1749 2183 lectum

68 2211 320 2270 Domini
352 2216 445 2268 est
499 2213 804 2281 traditore,
856 2214 1031 2284 cujus
1090 2214 1417 2272 imitatores
1466 2216 1656 2271 adhuc
1687 2216 1746 2271 in

64 2301 341 2359 Ecclesia
371 2316 525 2368 esse,
577 2306 823 2357 sanctus
856 2301 978 2369 ille,
1009 2302 1180 2374 cujus
1209 2304 1385 2359 verba
1418 2306 1591 2361 modo
1633 2322 1750 2361 me-

70 2391 392 2458 minimus,
414 2407 531 2446 non
551 2389 839 2446 dubitavit
860 2391 1147 2463 proferre:
1173 2395 1249 2449 Et
1268 2402 1395 2463 post
1417 2393 1747 2450 buccellam

74 2485 219 2536 tunc
238 2480 511 2537 introivit
533 2480 595 2535 in
613 2496 746 2535 eum
775 2480 1030 2536 Satanas
1049 2482 1235 2553 (Joan.
1260 2498 1383 2551 xm,
1409 2486 1520 2552 27),
1546 2484 1745 2557 utique

77 2585 189 2643 per
217 2565 381 2642 pravi
414 2568 610 2641 operis
640 2569 935 2634 effectum,
961 2569 1062 2641 qui
1085 2570 1212 2641 jam
1243 2571 1315 2625 in’
1336 2588 1402 2626 eo
1445 2588 1549 2644 per
1579 2573 1746 2629 mali-

78 2674 212 2731 gnas
243 2656 569 2714 voluntatis
600 2662 727 2713 erat
756 2658 1054 2714 affectum.
1086 2657 1233 2713 Cum
1265 2660 1469 2732 utique
1517 2661 1565 2716 si
1596 2662 1747 2733 Apo-

76 2746 233 2803 stolo
266 2746 662 2803 credidissent
718 2746 976 2802 dicenti:
1009 2747 1223 2802 Probet
1270 2754 1465 2803 autem
1495 2750 1749 2821 seipsum

73 2837 268 2903 homo,
291 2845 345 2891 et
361 2836 444 2891 sic
460 2835 527 2892 de
544 2852 697 2905 pane
720 2835 828 2891 illo
841 2835 996 2905 edat,
1019 2840 1075 2891 et
1096 2836 1361 2894 decalz'ce
1374 2838 1529 2894 bibat
1543 2840 1593 2909 (1
1613 2842 1749 2896 Cor.

74 2941 161 2990 xx,
194 2924 313 2995 28),
346 2924 458 2979 hoc
488 2928 597 2992 est,
631 2922 912 2979 discutiat
939 2922 996 2977 in
1022 2940 1140 2995 qua
1171 2923 1248 2978 sit
1275 2923 1592 2991 voluntate,
1626 2942 1753 2998 pec-

75 3015 259 3071 candi
292 3014 516 3087 utique,
550 3031 624 3069 an
675 3012 1051 3079 emendandi,
1083 3014 1331 3069 nocendi
1365 3014 1643 3087 aliquem,
1677 3032 1751 3071 an

92 3103 509 3178 adjuvandi,in
533 3103 686 3169 odio,
701 3120 774 3159 an
798 3103 856 3159 in
880 3118 1077 3159 amore
1100 3104 1383 3160 fraterno:
1409 3103 1751 3177 si,inquam,

90 3193 239 3250 talia
271 3191 589 3249 salubriter
619 3192 994 3266 cogitassent,
1028 3193 1098 3248 de
1131 3209 1308 3249 manu
1342 3192 1547 3250 saltem
1570 3193 1755 3263 illius,

1875 707 1947 764 ad
1975 707 2241 778 virtutes,
2276 708 2346 765 de
2375 708 2635 767 tenebris
2668 710 2740 767 ad
2775 708 2989 783 lucem,
3022 711 3359 785 paschalem
3413 713 3534 787 agit

1870 796 2155 852 veraciter
2202 797 2659 854 solemnitatem.
2715 799 2954 858 Dicente
3010 802 3167 858 enim
3219 801 3535 858 Psalmista

1870 883 2119 941 Domino
2146 903 2159 941 :
2179 888 2424 960 Reliquae
2444 888 2818 959 cogitationis
2834 891 2988 947 diem
3004 893 3215 964 festum
3236 898 3407 963 agent
3430 893 3535 948 tibi

1869 972 2049 1045 (Psal.
2102 991 2267 1041 Lxxv,
2328 977 2439 1045 11),
2498 975 2757 1033 solemne
2813 979 3062 1035 Domino
3119 979 3342 1036 Pascha
3399 980 3531 1052 qui-

1868 1060 2011 1119 libet
2042 1064 2181 1137 agit,
2208 1065 2308 1138 qui
2331 1065 2670 1138 relinquens
2692 1068 2849 1140 quod
2876 1067 3029 1124 male
3056 1070 3351 1143 cogitavit,
3382 1069 3529 1126 illud

1867 1167 2038 1225 agere
2068 1153 2283 1227 satagit
2304 1154 2460 1227 quod
2492 1155 2646 1211 Deus
2677 1156 2804 1229 ipse
2832 1159 3132 1231 praecepit.

2416 1262 2572 1317 614
2602 1262 2841 1319 SERMO
2872 1263 2968 1319 VI.

2258 1331 2444 1406 (1495)
2478 1349 2549 1388 ns
2596 1350 2830 1391 ocravrs
2879 1352 3132 1393 ΡΑερΗΑ-ς.

1935 1419 1987 1473 1.
2010 1423 2327 1492 Antequam
2349 1422 2652 1479 comedam
2670 1425 2901 1494 suspiro
2920 1426 3075 1497 (Job.
3096 1443 3179 1495 ιιι,
3198 1425 3314 1498 24),
3331 1428 3356 1482 J
3363 1427 3435 1483 ob
3455 1427 3532 1483 le-

1862 1507 2023 1580 gitur
2051 1509 2258 1565 beatus
2275 1509 2517 1567 dixisse.
2543 1511 2736 1568 Causa
2766 1513 3113 1585 subjuncta:
3143 1516 3298 1584 Quia
3325 1515 3527 1583 timor,

1861 1595 2157 1666 inquiens,
2176 1613 2339 1667 quem
2355 1598 2842 1671 timebam,evenit
2854 1604 3023 1671 mihi,
3038 1612 3092 1657 et
3104 1604 3259 1675 quod
3268 1605 3520 1660 verebar

1862 1684 2072 1739 accidit
2094 1684 2265 1753 (Ibid.
2288 1685 2399 1757 25).
2424 1686 2587 1750 Quod
2612 1690 2678 1742 ut
2694 1688 2766 1742 ad
2799 1704 2893 1745 me
2914 1689 3161 1747 referam
3183 1694 3413 1747 tantum
3443 1692 3519 1747 ab'

1864 1770 2280 1844 illo,quantum
2298 1790 2513 1829 azreum
2536 1775 2609 1830 ab
2630 1775 2877 1833 zethereo
2900 1777 3082 1833 distat
3107 1778 3272 1848 ccslo,
3296 1780 3517 1836 distan-

1864 1865 2006 1927 tem,
2031 1860 2196 1917 doleo
2209 1866 2472 1917 vestrum
2492 1862 2811 1932 nonnullis,
2833 1864 3035 1935 fateor,
3057 1867 3527 1945 accidisse,quod

1863 1950 2048 2021 (1496)
2104 1949 2321 2006 timens
2380 1951 2684 2007 Dominica
2732 1952 2950 2026 protuli
2995 1955 3108 2010 die.
3163 1955 3527 2021 Quibusdam

1861 2038 2195 2111 enim,proh
2219 2038 2412 2094 dolor!
2437 2040 2753 2114 contigisse
2770 2043 3039 2099 nonnihil
3064 2044 3334 2113 formido,
3369 2047 3525 2118 quod

1859 2126 2176 2182 Psalmista
2197 2126 2269 2181 de
2290 2127 2512 2183 Judaais
2536 2127 2675 2184 olim
2699 2133 3050 2200 cantaverat,
3072 2131 3300 2189 dicens:
3323 2135 3526 2191 Adhuc

1856 2231 2003 2272 escae
2020 2230 2223 2271 eorum
2245 2224 2416 2272 erant
2437 2216 2494 2272 in
2517 2233 2619 2273 ore
2641 2220 2926 2287 ipsorum,
2946 2228 3002 2275 et
3024 2220 3119 2276 ira
3142 2223 3246 2277 Dei
3265 2225 3526 2283 ascendit

1853 2319 2031 2374 super
2075 2320 2170 2361 eos
2211 2306 2387 2375 (Psal.
2454 2322 2659 2375 ann,
2692 2308 2805 2377 30).
2863 2308 3011 2374 Quia
3067 2309 3336 2366 videlicet
3387 2329 3523 2368 cum

1855 2397 1989 2466 post
2016 2392 2341 2449 buccellam
2367 2394 2669 2449 introisset
2701 2395 2761 2451 in
2792 2412 2892 2451 eos
2921 2401 3169 2454 Satanas
3189 2416 3293 2471 per
3317 2417 3537 2472 opera-q

1854 2482 2073 2539 tionem
2098 2481 2440 2555 malignam,
2465 2483 2564 2554 qui
2591 2489 2725 2538 ante
2756 2484 2815 2538 in
2843 2484 3173 2555 eisjamdiu
3199 2503 3303 2558 per
3324 2476 3541 2544 inten-’

1855 2570 2073 2627 tionem
2107 2570 2295 2627 fuerat
2323 2571 2667 2644 pessimam,
2723 2572 2893 2643 quasi
2950 2575 3258 2630 audissent
3304 2578 3378 2631 ab
3426 2594 3513 2643 eo,

1857 2659 1959 2731 qui
1979 2659 2064 2715 eis
2092 2659 2359 2715 eamdem
2391 2664 2727 2731 porrexerat
2756 2660 3079 2717 buccellam
3106 2679 3118 2717 :
3152 2664 3317 2735 Quod
3342 2666 3514 2739 facis,

1855 2748 1957 2818 fac
2000 2746 2172 2802 citius
2194 2749 2376 2815 (Joan.
2426 2762 2549 2818 xm,
2583 2750 2703 2817 27);
2737 2748 2952 2804 abhinc
2983 2767 3099 2806 non
3139 2759 3515 2810 cessaverunt

1860 2835 2211 2908 quantocius
2240 2836 2499 2907 exsequi,
2527 2838 2680 2909 quod
2705 2837 2832 2909 jam
2856 2843 3045 2907 antea,
3081 2842 3371 2914 praecipue
3392 2848 3514 2899 tota

1860 2925 3065 2998 istaQuadragesima,fuerantmachinati:
3085 2931 3270 2997 (1467)
3284 2933 3522 3004 quando

1864 3014 2083 3070 scilicet
2116 3014 2231 3069 Deo
2254 3019 2310 3071 et
2339 3014 2495 3071 laesis
2527 3016 2808 3072 fratribus
2830 3017 3214 3086 reconciliari,
3238 3024 3293 3076 et
3314 3038 3524 3078 recon-

1864 3103 2047 3159 ciliari
2105 3104 2388 3159 veraciter
2442 3108 2713 3177 optantes
2769 3122 2887 3161 non
2946 3108 3270 3179 aspernari,
3344 3112 3520 3167 verbo

1866 3200 2039 3265 atque
2052 3192 2316 3266 exemplo
2331 3194 2620 3250 instanter
2632 3195 2864 3251 fuerant
2880 3196 3088 3252 moniti
3105 3215 3119 3265 ;
3137 3196 3269 3254 illos
3288 3198 3519 3269 saltem,

90 3299 274 3356 quem
305 3281 569 3351 oderant,
605 3284 774 3337 sacra
818 3298 1052 3338 sumere
1082 3281 1459 3351 devitassent,
1492 3300 1563 3338 ne
1591 3283 1756 3339 Judaa
1801 3355 1811 3356 ί
1867 3283 1966 3355 qui
1997 3299 2109 3338 non
2139 3283 2199 3337 in
2232 3283 2327 3339 die
2372 3283 2524 3356 festo
2553 3285 2782 3354 (Matth.
2805 3301 2921 3352 xw,
2948 3286 3000 3344 2)
3039 3287 3339 3356 quondam
3371 3288 3526 3343 dixe-

87 3355 319 3428 scilicet
341 3374 464 3425 tam
498 3369 717 3442 publici
745 3369 1071 3426 imitatores
1102 3371 1419 3427 existerent
1471 3372 1583 3429 Sed
1617 3372 1756 3444 quia
1784 3355 1827 3422 C
1866 3375 2019 3441 rant,
2053 3387 2169 3426 non
2201 3355 2417 3426 imitari
2441 3371 2684 3444 dignati,
2719 3377 2923 3427 contra
2961 3355 3234 3428 eumdem
3278 3374 3522 3441 scilicet,

87 3461 249 3534 apud
283 3460 472 3516 Deum
505 3475 621 3514 non
671 3462 759 3515 est
806 3458 1066 3515 difﬁcilis
1098 3465 1199 3516 aut
1229 3461 1397 3515 tarda
1428 3462 1751 3529 conversio,

86 3566 207 3606 non
230 3564 296 3604 se
317 3549 590 3620 desperet
608 3547 766 3616 talis,
791 3564 1023 3617 moneo,
1044 3547 1352 3604 hominum
1375 3550 1592 3621 portio;
1618 3567 1757 3622 quo-

87 3638 254 3695 niam
278 3636 521 3710 quidem
538 3637 569 3693 J
578 3637 811 3693 udteoru
821 3654 879 3692 m
892 3637 1118 3693 Pascha
1130 3642 1286 3693 certo
1300 3637 1755 3709 tempore,Chri-

87 3727 427 3784 stianorum
459 3724 618 3781 omni
652 3729 740 3783 est
770 3730 1056 3799 tempore,
1080 3725 1370 3798 praecipue
1398 3742 1534 3782 vero
1566 3727 1624 3781 in
1650 3726 1757 3781 Do-

88 3816 336 3883 minica,
400 3814 955 3870 communicationis
1004 3818 1181 3885 atque
1231 3813 1629 3870 conversionis
1684 3814 1755 3870 ad

89 3904 339 3962 meliora
376 3904 449 3958 de
482 3903 781 3975 pejoribus
812 3903 927 3959 die.
963 3902 1186 3958 Pascha
1211 3902 1369 3957 enim
1400 3919 1535 3957 cum
1566 3907 1755 3959 trans-

86 3995 208 4051 itus
228 3993 677 4065 interpretetur,
702 4008 1075 4065 quocumque
1099 3995 1382 4060 tempore,
1406 4008 1758 4064 quacunque

90 4084 201 4151 die,
239 4097 600 4156 quacunque
652 4081 814 4150 hora,
862 4096 1216 4153 quocunque
1266 4081 1339 4136 ad
1387 4085 1756 4154 postremum

163 4243 356 4316 (1493)
385 4247 443 4299 Is
460 4246 559 4316 est
582 4241 917 4316 Ratherius,
941 4242 1114 4313 cujus
1137 4242 1523 4316 perditionem
1546 4242 1605 4297 in
1630 4242 1757 4315 ipso

93 4314 185 4373 die
215 4315 410 4371 Ccente
457 4314 713 4381 Domini,
765 4331 881 4386 quo
912 4330 1053 4386 suos
1090 4314 1454 4370 adversarios
1487 4314 1756 4370 commu-

93 4387 329 4454 nicavit,
363 4403 481 4442 non
515 4384 827 4442 cessabant
865 4384 1078 4441 moliri.

164 4452 359 4531 (1491i)
380 4457 668 4531 Notabilis
690 4462 781 4531 est
801 4456 923 4512 haec
955 4455 1269 4528 peculiaris
1286 4455 1553 4531 formula
1576 4456 1758 4513 admi-

94 4528 418 4587 nistranda
449 4528 852 4594 Eucharistiae,
899 4545 1076 4600 quam
1116 4529 1629 4600 repetitsermone
1662 4545 1757 4584 se-

93 4602 297 4675 quenti
321 4615 490 4681 num.
511 4598 998 4680 2,cuiqueafﬁnis
1017 4603 1107 4654 est
1128 4598 1229 4655 illa
1249 4599 1322 4654 ab
1338 4599 1464 4671 ipso
1483 4599 1756 4656 Ratherio

96 4674 272 4729 allata
294 4673 356 4727 in
380 4677 554 4729 emst.
597 4690 636 4729 ι.
667 4673 739 4728 ad
772 4671 1065 4726 Patricum
1092 4688 1105 4725 :
1150 4675 1374 4729 Cornus
1401 4672 1627 4727 Domini
1655 4687 1755 4726 no-

96 4687 356 4730 allatam
380 4687 554 4740 epist.
597 4690 636 4739 Ι,
667 4687 739 4728 αα
772 4687 1065 4726 ratricum
1092 4688 1105 4725 Ξ
1150 4687 1374 4740 corpus
1401 4687 1625 4727 uomim
1655 4687 1755 4726 no-

94 4727 1004 4816 striwjesu:Christi'propitietuqr
1032 4727 1431 4816 tibiginoitam
1453 4750 1753 4816 aeternam.
1786 4727 1835 4794 D

98 4816 158 4873 In
209 4814 464 4887 concilio
517 4812 979 4887 Rothomagensi
1027 4813 1163 4887 anni
1199 4815 1327 4881 650,
1363 4830 1412 4868 c.
1444 4817 1516 4887 27;
1550 4815 1605 4869 in
1640 4815 1756 4887 Tu-

97 4886 334 4944 ronensi
366 4887 572 4959 “apud
620 4883 981 4959 Reginonem
1040 4883 1153 4959 lib_._
1203 4900 1243 4952 ι,
1299 4901 1349 4959 c.
1413 4886 1537 4959 199,
1591 4890 1648 4941 et
1695 4885 1755 4940 in

97 4959 280 5038 missa
310 4955 472 5014 edita
523 4957 595 5014 ab
627 4955 895 5038 .llljrico,
926 4973 1080 5038 quae.
1116 4955 1433 5038 liturgiam
1466 4957 1758 5038 Romano-

99 5030 464 5087 Gallicanam
498 5026 751 5102 praefert,
786 5026 1036 5102 amplior
1065 5026 1199 5102 haec
1222 5026 1476 5102 formula
1504 5027 1754 5102 legitur:

101 5103 318 5172 Corpus
345 5110 405 5157 et
433 5098 671 5173 sanguis
702 5098 925 5155 Domini
952 5099 1141 5154 nostri
1168 5100 1300 5155 Jesu
1321 5098 1537 5173 Christi
1568 5098 1759 5169 'prosit

102 5171 291 5230 tibiin
324 5171 729 5229 remissionem
758 5176 1127 5242 peccatorum
1162 5176 1219 5224 et
1268 5171 1356 5227 ad
1383 5172 1560 5227 vitam
1590 5177 1759 5228 atter-

99 5262 249 5302 nam.

186 5315 354 5387 2495)
387 5315 495 5371 Hic
526 5330 721 5371 sermo
751 5330 822 5370 ex
836 5314 1045 5387 eodem
1071 5313 1449 5387 Laudunensi
1469 5313 1668 5369 codice
1691 5313 1762 5369 ab

101 5385 346 5445 Acberio
376 5387 730 5460 impressus,
754 5391 812 5442 et
834 5386 1073 5442 habitus
1094 5385 1298 5441 eodem
1323 5402 1476 5441 anno
1496 5387 1623 5450 968,
1648 5402 1764 5457 quo

138 5461 459 5515 recedens.

102 5476 459 5532 praecedens.

164 5532 351 5603 (11:96)
386 5530 558 5611 Hunc
590 5534 814 5611 metum
848 5528 994 5611 satis
1019 5525 1529 5611 apertenindicavit
1553 5524 1612 5611 in
1644 5543 1765 5582 ser-

110 5598 274 5659 mbne
306 5598 661 5675 praecedenti
692 5617 858 5675 num.
889 5605 942 5668 3,
976 5598 1078 5675 ubi
1108 5599 1180 5655 de
1210 5598 1283 5654 iis
1315 5598 1415 5675 qui
1449 5603 1653 5675 contra
1705 5615 1767 5654 se

109 5670 621 5739 machinabantur,
657 5673 771 5728 ait:
807 5671 1130 5728 Verendum
1183 5685 1256 5725 ne
1303 5671 1428 5725 illis
1472 5670 1767 5740 contingat

103 5748 244 5818 quod
272 5745 408 5802 illis
437 5746 509 5818 de
538 5746 743 5818 quibus
763 5744 989 5818 dictum
1008 5747 1131 5818 est:
1160 5742 1361 5818 Adhuc
1379 5756 1519 5818 esczc
1547 5757 1767 5818 eorum,

104 5812 229 5886 etc.,
255 5826 316 5875 et
341 5817 497 5890 quod
511 5812 708 5890 pridie
733 5816 801 5890 de
818 5816 972 5875 Juda
998 5815 1206 5890 lectum
1228 5812 1459 5890 Domini
1472 5818 1553 5867 est
1574 5812 1768 5890 tradi-

105 5884 288 5949 tore...
322 5884 399 5949 Et
416 5884 549 5961 post
572 5888 884 5947 buccellam
900 5892 1039 5946 tunc
1069 5885 1340 5944 introivit
1364 5885 1422 5940 in
1442 5898 1576 5940 eum
1598 5884 1773 5942 Sata-

1866 3476 2042 3532 quem
2066 3475 2159 3514 me
2172 3459 2291 3513 fore
2313 3476 2484 3514 nemo
2501 3459 2726 3514 utinam
2746 3458 3148 3527 sciret,omnia
3170 3460 3525 3518 insidiarum

1866 3547 2191 3612 molimina,
2216 3563 2420 3602 omnes
2442 3546 2795 3603 falsissimas
2818 3548 3295 3605 concinnationes
3330 3550 3389 3606 in
3422 3568 3524 3623 pa-

1862 3636 1983 3693 lam
2012 3653 2114 3707 per
2142 3652 2523 3707 quoscunque
2552 3633 2862 3691 valuerunt
2906 3636 3232 3704 mittentes,
3266 3638 3525 3712 taliaque

1865 3722 1937 3781 de
1959 3742 2025 3780 eo
2049 3725 2356 3795 fingentes,
2382 3722 2579 3794 qualia
2606 3740 2775 3779 nemo
2800 3728 2997 3797 posset
3018 3726 3269 3794 credere,
3295 3727 3409 3783 nisi
3431 3727 3523 3783 cui

1866 3818 1968 3869 aut
1996 3813 2223 3877 eadem,
2258 3816 2359 3867 aut
2407 3811 2626 3867 similia
2666 3812 2853 3869 multa
2880 3814 3224 3887 contigisset
3274 3817 3520 3873 fecisse:

1865 3902 2156 3974 corruptis
2179 3918 2411 3973 quoque
2440 3902 2891 3973 pecunia(1498)
2923 3904 3155 3961 duabus
3187 3906 3386 3978 patriae
3419 3908 3521 3961 do-

1866 3991 2251 4056 minantibus,
2285 3994 2349 4045 ut
2370 3990 2575 4056 fertur,
2600 3992 2866 4063 personis
2889 3993 3164 4064 (quarum
3190 3996 3372 4066 (1499)
3404 4014 3524 4051 una

1866 4080 2189 4146 nobilitate,
2222 4084 2280 4135 et
2310 4079 2548 4135 nomine
2569 4079 2794 4136 utinam
2826 4086 2983 4137 esset
3010 4081 3129 4151 illa,
3163 4083 3236 4139 de
3266 4101 3383 4156 qua
3394 4085 3521 4154 jam

1864 4260 1990 4311 nas,
2018 4242 2215 4315 utique
2242 4257 2348 4311 per
2374 4241 2546 4315 pravi
2575 4240 2767 4315 operis
2796 4242 3085 4315 a/fectum,
3112 4242 3210 4315 qui
3214 4242 3349 4311 jam
3371 4243 3432 4297 in
3457 4258 3525 4315 eo

1861 4312 2269 4387 permal'ignat
2299 4312 2636 4387 coluntgtis
2666 4319 2798 4387 erat
2826 4313 3107 4387 effectum.
3144 4312 3203 4369 Si
3235 4316 3431 4368 autem
3463 4313 3524 4367 id

1867 4382 2100 4453 accidit,
2146 4382 2317 4456 ‘quod
2372 4384 2464 4439 die
2514 4382 2823 4439 Paschatis
2860 4382 3139 4456 timebat,
3203 4399 3340 4455 ergo
3392 4389 3525 4456 post

1866 4456 2111 4527 Pascha,
2145 4454 2204 4511 et
2253 4460 2387 4510 ante
2439 4456 2593 4527 diem
2644 4459 2856 4527 octava:
2888 4455 2946 4509 in
2979 4454 3251 4510 effectum
3278 4454 3520 4527 prodiit,

1866 4529 2022 4601 quod
2056 4526 2139 4581 illi
2172 4532 2345 4582 antea
2372 4526 2570 4582 animo
2616 4526 2941 4593 volvebant,
2985 4532 3042 4581 et
3071 4526 3523 4582 aifectuimolie-

1873 4601 2112 4656 bantur.

1938 4671 2127 4739 (1497)
2156 4672 2465 4724 Coustrue:
2490 4668 2730 4739 Quando
2748 4666 2969 4724 scilicet
2988 4671 3156 4725 verbo
3186 4679 3241 4725 et
3261 4671 3526 4739 exemplo

1868 4743 2151 4798 instanter
2167 4742 2406 4810 fuerant
2424 4741 2631 4796 moniti
2645 4739 3015 4796 reconciliari
3033 4745 3148 4797 Deo
3161 4751 3213 4799 et
3226 4742 3525 4811 fratribus

1867 4815 2093 4883 la'sis,et
2106 4829 2220 4867 non
2231 4812 2536 4883 aspernari
2545 4818 2805 4883 optantes
2820 4812 3114 4868 veraciter
3126 4812 3525 4877 reconciliari;

1863 4885 2242 4968 non‘dignati
2266 4882 2509 4968 imitqri
2529 4882 2914 4968 saltemillos,
2939 4884 3040 4968 qui
3058 4884 3343 4968 quondam
3362 4884 3525 4937 dixe-

1864 4965 2030 5013 runt:
2057 4956 2179 5011 Non
2206 4956 2265 5009 in
2288 4954 2382 5009 die
2405 4956 2570 5021 festo,
2591 4955 2652 5009 in
2669 4954 2865 5026 palam
2882 4954 3092 5011 scilicet
3112 4955 3399 5010 mittentes
3416 4972 3543 5026 per
3568 4993 3573 4998 -

1867 5044 2233 5102 quoscunque
2248 5027 2559 5102 valuerunt
2573 5035 2781 5102 contra
2793 5028 3075 5102 eumdem,
3109 5042 3275 5102 quem
3294 5026 3527 5102 utinam

1866 5097 2036 5156 nemo
2079 5097 2255 5154 sciret
2299 5114 2393 5152 me
2426 5099 2557 5168 [ore
2590 5097 2667 5159 (id
2701 5101 2791 5153 est
2818 5098 2955 5169 csse)
2986 5097 3191 5153 omnia
3218 5098 3527 5154 molimina

1869 5173 2243 5233 insidiarum,
2303 5185 2493 5225 omnes
2543 5169 2887 5240 [alsissimas
2931 5170 3422 5241 concinnationes,
3470 5178 3525 5225 et

1869 5244 2146 5317 ﬁngentes
2177 5242 2324 5297 talia
2351 5241 2421 5296 de
2452 5257 2539 5308 eo,
2572 5245 2681 5296 etc.

1943 5315 2126 5383 (1498)
2147 5318 2279 5368 Duae
2305 5328 2565 5384 personas
2588 5311 2788 5384 patris:
2811 5311 3338 5385 dominantes,quaa
3361 5327 3529 5383 pecu-

1873 5387 1974 5442 nia
2002 5385 2282 5441 dicuntur
2311 5388 2615 5455 corruptae,
2654 5384 2893 5439 fuerunt
2922 5401 3044 5439 una
3070 5384 3278 5439 Nanno
3308 5398 3527 5455 comes,

1874 5463 1943 5514 ut
1972 5474 2041 5513 ex
2071 5456 2338 5528 sequenti
2385 5454 2681 5511 notatione
2728 5455 2972 5527 patebit,
3004 5455 3122 5512 alia
3178 5456 3326 5511 forte
3375 5454 3527 5509 vice-

1877 5546 2095 5586 comes.

1946 5598 2132 5670 (1499)
2155 5598 2285 5670 Haec
2305 5613 2422 5670 una
2443 5613 2692 5670 persona
2716 5600 2807 5670 est
2824 5597 3027 5670 Nanno
3050 5595 3289 5670 Veronae
3310 5609 3527 5670 comes,

1879 5662 2192 5743 cujusloco
2214 5662 2509 5743 desiderat
2539 5668 2721 5743 fuisse
2750 5667 2940 5743 illurn,
2974 5668 3045 5721 de
3074 5682 3189 5737 quo
3193 5666 3336 5743 _j_am
3371 5662 3530 5743 dixe-

1878 5734 2008 5815 rat:
2045 5741 2160 5812 Qui
2212 5741 2481 5815 liberavit
2519 5739 2831 5815 _Israelem__
2866 5741 2937 5793 de
2964 5734 3525 5815 manunlfharaonig,

1884 5802 2089 5869 liberet
2121 5812 2461 5866 Itatherium
2491 5810 2562 5863 de
2590 5822 2766 5862 manu
2794 5807 3092 5877 Bucconis.
3123 5802 3266 5877 dee
3286 5802 3456 5877 epist.
3472 5802 3527 5861 2,

1879 5865 2081 5956 inqua
2097 5865 2254 5937 hunc
2275 5884 2500 5936 textum
2528 5878 2824 5945 integrum
2843 5875 3119 5932 invenies.
3138 5865 3384 5926 Nomina
3400 5865 3528 5920 Nan
