  <div class='ocr_page' id='page_1' title='image "/cluster/home/n/w/nwhite01/storage/ocr_20150623/136-137/uc1.31175019686917/369.png"; bbox 0 0 3892 6366; ppageno 0'>
   <div class='ocr_carea' id='block_1_1' title="bbox 334 412 495 479">
    <p class='ocr_par' dir='ltr' id='par_1_1' title="bbox 334 412 495 479">
     <span class='ocr_line' id='line_1_1' title="bbox 334 412 495 479; baseline 0.006 -2"><span class='ocrx_word' id='word_1_1' title='bbox 334 412 460 479; x_wconf 71' lang='lat'>727</span> <span class='ocrx_word' id='word_1_2' title='bbox 490 458 495 469; x_wconf 66' lang='grc' dir='ltr'><strong>ε</strong></span> 
     </span>
    </p>
   </div>
   <div class='ocr_carea' id='block_1_2' title="bbox 1237 420 2865 487">
    <p class='ocr_par' dir='ltr' id='par_1_2' title="bbox 1237 420 2865 487">
     <span class='ocr_line' id='line_1_2' title="bbox 1237 420 2865 487; baseline 0.002 -6"><span class='ocrx_word' id='word_1_3' title='bbox 1237 420 1618 483; x_wconf 80' lang='lat' dir='ltr'>RATHERII</span> <span class='ocrx_word' id='word_1_4' title='bbox 1663 420 1905 485; x_wconf 89' lang='lat' dir='ltr'>EPISC.</span> <span class='ocrx_word' id='word_1_5' title='bbox 1951 421 2240 487; x_wconf 72' lang='lat' dir='ltr'>VERON.</span> <span class='ocrx_word' id='word_1_6' title='bbox 2286 422 2466 485; x_wconf 89' lang='lat' dir='ltr'><strong>OPP.</strong></span> <span class='ocrx_word' id='word_1_7' title='bbox 2511 423 2714 487; x_wconf 83' lang='lat' dir='ltr'>PARS</span> <span class='ocrx_word' id='word_1_8' title='bbox 2756 422 2865 487; x_wconf 89' lang='lat' dir='ltr'>IlI.</span> 
     </span>
    </p>
   </div>
   <div class='ocr_carea' id='block_1_3' title="bbox 3647 419 3792 524">
    <p class='ocr_par' dir='ltr' id='par_1_3' title="bbox 3647 419 3792 524">
     <span class='ocr_line' id='line_1_3' title="bbox 3647 419 3792 524; baseline 0.021 -40"><span class='ocrx_word' id='word_1_9' title='bbox 3647 419 3792 524; x_wconf 76' lang='lat' dir='ltr'>72s</span> 
     </span>
    </p>
   </div>
   <div class='ocr_carea' id='block_1_4' title="bbox 334 548 3775 631">
    <p class='ocr_par' dir='ltr' id='par_1_4' title="bbox 334 548 3775 631">
     <span class='ocr_line' id='line_1_4' title="bbox 334 548 3775 631; baseline 0.003 -25"><span class='ocrx_word' id='word_1_10' title='bbox 334 548 595 607; x_wconf 83' lang='lat' dir='ltr'>dixeram</span> <span class='ocrx_word' id='word_1_11' title='bbox 616 562 790 624; x_wconf 66' lang='lat' dir='ltr'>saepe,</span> <span class='ocrx_word' id='word_1_12' title='bbox 812 552 879 607; x_wconf 91' lang='lat' dir='ltr'>ut</span> <span class='ocrx_word' id='word_1_13' title='bbox 888 550 1016 624; x_wconf 88' lang='lat' dir='ltr'>jam</span> <span class='ocrx_word' id='word_1_14' title='bbox 1039 568 1131 609; x_wconf 89' lang='lat' dir='ltr'>me</span> <span class='ocrx_word' id='word_1_15' title='bbox 1153 552 1321 610; x_wconf 89' lang='lat' dir='ltr'>illum</span> <span class='ocrx_word' id='word_1_16' title='bbox 1358 555 1457 627; x_wconf 89' lang='lat' dir='ltr'>qui</span> <span class='ocrx_word' id='word_1_17' title='bbox 1480 555 1618 612; x_wconf 88' lang='lat' dir='ltr'>talia</span> <span class='ocrx_word' id='word_1_18' title='bbox 1639 556 1827 628; x_wconf 86' lang='lat' dir='ltr'>patior</span> <span class='ocrx_word' id='word_1_19' title='bbox 1849 571 1986 629; x_wconf 85' lang='lat' dir='ltr'>ape-</span> <span class='ocrx_word' id='word_1_20' title='bbox 2022 558 2080 626; x_wconf 81' lang='grc' dir='ltr'><strong>Α</strong></span> <span class='ocrx_word' id='word_1_21' title='bbox 2178 559 2232 611; x_wconf 89' lang='grc'>2.</span> <span class='ocrx_word' id='word_1_22' title='bbox 2266 556 2351 614; x_wconf 89' lang='lat' dir='ltr'>Ita</span> <span class='ocrx_word' id='word_1_23' title='bbox 2372 556 2572 616; x_wconf 83' lang='lat' dir='ltr'>omnia</span> <span class='ocrx_word' id='word_1_24' title='bbox 2591 574 2726 615; x_wconf 87' lang='lat' dir='ltr'>cum</span> <span class='ocrx_word' id='word_1_25' title='bbox 2753 555 3201 619; x_wconf 87' lang='lat' dir='ltr'>dolentissimus</span> <span class='ocrx_word' id='word_1_26' title='bbox 3224 554 3436 631; x_wconf 86' lang='lat' dir='ltr'>patiar,</span> <span class='ocrx_word' id='word_1_27' title='bbox 3459 571 3634 621; x_wconf 83' lang='lat' dir='ltr'>versa</span> <span class='ocrx_word' id='word_1_28' title='bbox 3647 573 3775 619; x_wconf 85' lang='lat' dir='ltr'>ver-</span> 
     </span>
    </p>
   </div>
   <div class='ocr_carea' id='block_1_5' title="bbox 334 639 1991 712">
    <p class='ocr_par' dir='ltr' id='par_1_5' title="bbox 334 639 1991 712">
     <span class='ocr_line' id='line_1_5' title="bbox 334 639 1991 712; baseline 0.004 -16"><span class='ocrx_word' id='word_1_29' title='bbox 334 640 455 697; x_wconf 91' lang='lat' dir='ltr'>tius</span> <span class='ocrx_word' id='word_1_30' title='bbox 485 639 779 712; x_wconf 83' lang='lat' dir='ltr'>proferam</span> <span class='ocrx_word' id='word_1_31' title='bbox 805 655 970 697; x_wconf 88' lang='lat' dir='ltr'>esse:</span> <span class='ocrx_word' id='word_1_32' title='bbox 1003 643 1120 712; x_wconf 88' lang='lat' dir='ltr'>Qui</span> <span class='ocrx_word' id='word_1_33' title='bbox 1138 640 1410 698; x_wconf 75' lang='lat' dir='ltr'>liberavit</span> <span class='ocrx_word' id='word_1_34' title='bbox 1438 648 1711 701; x_wconf 82' lang='lat' dir='ltr'>lsrnelem</span> <span class='ocrx_word' id='word_1_35' title='bbox 1728 646 1991 703; x_wconf 85' lang='lat' dir='ltr'>demanu</span> 
     </span>
    </p>
   </div>
   <div class='ocr_carea' id='block_1_6' title="bbox 340 729 1998 807">
    <p class='ocr_par' dir='ltr' id='par_1_6' title="bbox 340 729 1998 807">
     <span class='ocr_line' id='line_1_6' title="bbox 340 729 1998 807; baseline 0.004 -21"><span class='ocrx_word' id='word_1_36' title='bbox 340 730 655 786; x_wconf 82' lang='lat' dir='ltr'>Pharaonis</span> <span class='ocrx_word' id='word_1_37' title='bbox 697 729 900 802; x_wconf 73' lang='lat' dir='ltr'>(Exod.</span> <span class='ocrx_word' id='word_1_38' title='bbox 926 747 1085 798; x_wconf 84' lang='lat' dir='ltr'>xvm,</span> <span class='ocrx_word' id='word_1_39' title='bbox 1118 733 1235 800; x_wconf 91' lang='grc'>10),</span> <span class='ocrx_word' id='word_1_40' title='bbox 1268 737 1401 799; x_wconf 90' lang='lat' dir='ltr'>etc.,</span> <span class='ocrx_word' id='word_1_41' title='bbox 1448 734 1591 789; x_wconf 80' lang='lat' dir='ltr'>satis</span> <span class='ocrx_word' id='word_1_42' title='bbox 1622 735 1751 791; x_wconf 90' lang='lat' dir='ltr'>ideo</span> <span class='ocrx_word' id='word_1_43' title='bbox 1784 752 1998 807; x_wconf 88' lang='lat' dir='ltr'>cogno-</span> 
     </span>
    </p>
   </div>
   <div class='ocr_carea' id='block_1_7' title="bbox 345 817 1998 893">
    <p class='ocr_par' dir='ltr' id='par_1_7' title="bbox 345 817 1998 893">
     <span class='ocr_line' id='line_1_7' title="bbox 345 817 1998 893; baseline 0.003 -18"><span class='ocrx_word' id='word_1_44' title='bbox 345 817 592 887; x_wconf 85' lang='lat' dir='ltr'>scibilia,</span> <span class='ocrx_word' id='word_1_45' title='bbox 614 820 770 893; x_wconf 92' lang='lat' dir='ltr'>quod</span> <span class='ocrx_word' id='word_1_46' title='bbox 794 819 905 877; x_wconf 87' lang='lat' dir='ltr'>sub</span> <span class='ocrx_word' id='word_1_47' title='bbox 926 821 1189 893; x_wconf 83' lang='lat' dir='ltr'>ejusdem</span> <span class='ocrx_word' id='word_1_48' title='bbox 1220 823 1629 881; x_wconf 80' lang='lat' dir='ltr'>terminatione</span> <span class='ocrx_word' id='word_1_49' title='bbox 1658 824 1998 881; x_wconf 88' lang='lat' dir='ltr'>declinatio-</span> 
     </span>
    </p>
   </div>
   <div class='ocr_carea' id='block_1_8' title="bbox 348 907 2000 985">
    <p class='ocr_par' dir='ltr' id='par_1_8' title="bbox 348 907 2000 985">
     <span class='ocr_line' id='line_1_8' title="bbox 348 907 2000 985; baseline 0.005 -22"><span class='ocrx_word' id='word_1_50' title='bbox 348 908 442 963; x_wconf 89' lang='lat' dir='ltr'>nis</span> <span class='ocrx_word' id='word_1_51' title='bbox 470 907 708 964; x_wconf 91' lang='lat' dir='ltr'>illorum</span> <span class='ocrx_word' id='word_1_52' title='bbox 739 910 948 967; x_wconf 84' lang='lat' dir='ltr'>cadant</span> <span class='ocrx_word' id='word_1_53' title='bbox 976 909 1279 979; x_wconf 89' lang='lat' dir='ltr'>vocabula)</span> <span class='ocrx_word' id='word_1_54' title='bbox 1312 913 1493 985; x_wconf 85' lang='grc'>(1500)</span> <span class='ocrx_word' id='word_1_55' title='bbox 1535 930 1638 985; x_wconf 93' lang='lat' dir='ltr'>per</span> <span class='ocrx_word' id='word_1_56' title='bbox 1678 918 1861 970; x_wconf 90' lang='lat' dir='ltr'>totam</span> <span class='ocrx_word' id='word_1_57' title='bbox 1894 917 2000 971; x_wconf 88' lang='lat' dir='ltr'>Ec-</span> 
     </span>
    </p>
   </div>
   <div class='ocr_carea' id='block_1_9' title="bbox 352 996 2005 1076">
    <p class='ocr_par' dir='ltr' id='par_1_9' title="bbox 352 996 2005 1076">
     <span class='ocr_line' id='line_1_9' title="bbox 352 996 2005 1076; baseline 0.005 -23"><span class='ocrx_word' id='word_1_58' title='bbox 352 996 540 1053; x_wconf 61' lang='lat' dir='ltr'>clesiae</span> <span class='ocrx_word' id='word_1_59' title='bbox 564 997 805 1053; x_wconf 91' lang='lat' dir='ltr'>domum</span> <span class='ocrx_word' id='word_1_60' title='bbox 824 1014 922 1054; x_wconf 88' lang='lat' dir='ltr'>eas</span> <span class='ocrx_word' id='word_1_61' title='bbox 935 997 1459 1069; x_wconf 86' lang='lat' dir='ltr'>circumducentes,</span> <span class='ocrx_word' id='word_1_62' title='bbox 1476 1006 1704 1057; x_wconf 89' lang='lat' dir='ltr'>mutata</span> <span class='ocrx_word' id='word_1_63' title='bbox 1715 1002 2005 1076; x_wconf 86' lang='lat' dir='ltr'>signiﬁca-</span> 
     </span>
    </p>
   </div>
   <div class='ocr_carea' id='block_1_10' title="bbox 353 1085 2003 1164">
    <p class='ocr_par' dir='ltr' id='par_1_10' title="bbox 353 1085 2003 1164">
     <span class='ocr_line' id='line_1_10' title="bbox 353 1085 2003 1164; baseline 0.005 -23"><span class='ocrx_word' id='word_1_64' title='bbox 353 1085 512 1142; x_wconf 87' lang='lat' dir='ltr'>tione</span> <span class='ocrx_word' id='word_1_65' title='bbox 542 1086 694 1143; x_wconf 73' lang='lat'>615</span> <span class='ocrx_word' id='word_1_66' title='bbox 720 1087 1054 1154; x_wconf 85' lang='lat' dir='ltr'>verborum,</span> <span class='ocrx_word' id='word_1_67' title='bbox 1099 1088 1171 1144; x_wconf 90' lang='lat' dir='ltr'>de</span> <span class='ocrx_word' id='word_1_68' title='bbox 1227 1089 1459 1161; x_wconf 88' lang='lat' dir='ltr'>passivo</span> <span class='ocrx_word' id='word_1_69' title='bbox 1490 1107 1702 1164; x_wconf 78' lang='lat' dir='ltr'>genere</span> <span class='ocrx_word' id='word_1_70' title='bbox 1750 1094 2003 1150; x_wconf 91' lang='lat' dir='ltr'>activum</span> 
     </span>
    </p>
   </div>
   <div class='ocr_carea' id='block_1_11' title="bbox 354 1174 2002 1254">
    <p class='ocr_par' dir='ltr' id='par_1_11' title="bbox 354 1174 2002 1254">
     <span class='ocr_line' id='line_1_11' title="bbox 354 1174 2002 1254; baseline 0.004 -24"><span class='ocrx_word' id='word_1_71' title='bbox 354 1190 476 1230; x_wconf 90' lang='lat' dir='ltr'>non</span> <span class='ocrx_word' id='word_1_72' title='bbox 506 1174 915 1231; x_wconf 82' lang='lat' dir='ltr'>erubescentes</span> <span class='ocrx_word' id='word_1_73' title='bbox 962 1175 1161 1232; x_wconf 88' lang='lat' dir='ltr'>miseri</span> <span class='ocrx_word' id='word_1_74' title='bbox 1199 1181 1257 1232; x_wconf 91' lang='lat' dir='ltr'>et</span> <span class='ocrx_word' id='word_1_75' title='bbox 1312 1179 1763 1235; x_wconf 89' lang='lat' dir='ltr'>mendacissime</span> <span class='ocrx_word' id='word_1_76' title='bbox 1811 1198 2002 1254; x_wconf 89' lang='lat' dir='ltr'>agere,</span> 
     </span>
    </p>
   </div>
   <div class='ocr_carea' id='block_1_12' title="bbox 357 1262 2005 1342">
    <p class='ocr_par' dir='ltr' id='par_1_12' title="bbox 357 1262 2005 1342">
     <span class='ocr_line' id='line_1_12' title="bbox 357 1262 2005 1342; baseline 0.004 -24"><span class='ocrx_word' id='word_1_77' title='bbox 357 1263 516 1336; x_wconf 90' lang='lat' dir='ltr'>quod</span> <span class='ocrx_word' id='word_1_78' title='bbox 543 1278 649 1335; x_wconf 86' lang='lat' dir='ltr'>ego</span> <span class='ocrx_word' id='word_1_79' title='bbox 666 1262 888 1319; x_wconf 88' lang='lat' dir='ltr'>scilicet</span> <span class='ocrx_word' id='word_1_80' title='bbox 909 1264 1351 1321; x_wconf 88' lang='lat' dir='ltr'>dolentissimus</span> <span class='ocrx_word' id='word_1_81' title='bbox 1372 1265 1579 1342; x_wconf 82' lang='lat' dir='ltr'>patior,</span> <span class='ocrx_word' id='word_1_82' title='bbox 1603 1268 1891 1340; x_wconf 89' lang='lat' dir='ltr'>ﬁngentes</span> <span class='ocrx_word' id='word_1_83' title='bbox 1914 1286 2005 1325; x_wconf 90' lang='lat' dir='ltr'>me</span> 
     </span>
    </p>
   </div>
   <div class='ocr_carea' id='block_1_13' title="bbox 356 1351 2006 1426">
    <p class='ocr_par' dir='ltr' id='par_1_13' title="bbox 356 1351 2006 1426">
     <span class='ocr_line' id='line_1_13' title="bbox 356 1351 2006 1426; baseline 0.004 -18"><span class='ocrx_word' id='word_1_84' title='bbox 356 1354 712 1425; x_wconf 88' lang='lat' dir='ltr'>perpetrare,</span> <span class='ocrx_word' id='word_1_85' title='bbox 755 1351 922 1425; x_wconf 91' lang='lat' dir='ltr'>quasi</span> <span class='ocrx_word' id='word_1_86' title='bbox 981 1356 1217 1426; x_wconf 86' lang='lat' dir='ltr'>propter</span> <span class='ocrx_word' id='word_1_87' title='bbox 1273 1354 1382 1410; x_wconf 89' lang='lat' dir='ltr'>hoc</span> <span class='ocrx_word' id='word_1_88' title='bbox 1441 1356 1836 1414; x_wconf 88' lang='lat' dir='ltr'>necessarium</span> <span class='ocrx_word' id='word_1_89' title='bbox 1889 1357 2006 1414; x_wconf 89' lang='lat' dir='ltr'>illis</span> 
     </span>
    </p>
   </div>
   <div class='ocr_carea' id='block_1_14' title="bbox 354 1438 2006 1518">
    <p class='ocr_par' dir='ltr' id='par_1_14' title="bbox 354 1438 2006 1518">
     <span class='ocr_line' id='line_1_14' title="bbox 354 1438 2006 1518; baseline 0.005 -23"><span class='ocrx_word' id='word_1_90' title='bbox 354 1438 535 1495; x_wconf 86' lang='lat' dir='ltr'>fuerit</span> <span class='ocrx_word' id='word_1_91' title='bbox 559 1455 746 1513; x_wconf 63' lang='lat' dir='ltr'>saepe:</span> <span class='ocrx_word' id='word_1_92' title='bbox 779 1443 1080 1512; x_wconf 84' lang='lat' dir='ltr'>Cruciﬁge,</span> <span class='ocrx_word' id='word_1_93' title='bbox 1111 1443 1387 1514; x_wconf 75' lang='lat' dir='ltr'>cruci/iac</span> <span class='ocrx_word' id='word_1_94' title='bbox 1412 1445 1595 1513; x_wconf 86' lang='lat' dir='ltr'>(Joan,</span> <span class='ocrx_word' id='word_1_95' title='bbox 1616 1462 1732 1513; x_wconf 73' lang='lat' dir='ltr'>xxx,</span> <span class='ocrx_word' id='word_1_96' title='bbox 1763 1445 1843 1518; x_wconf 90' lang='lat'>6),</span> <span class='ocrx_word' id='word_1_97' title='bbox 1876 1446 2006 1503; x_wconf 86' lang='lat' dir='ltr'>aliis</span> 
     </span>
    </p>
   </div>
   <div class='ocr_carea' id='block_1_15' title="bbox 350 1527 2008 1608">
    <p class='ocr_par' dir='ltr' id='par_1_15' title="bbox 350 1527 2008 1608">
     <span class='ocr_line' id='line_1_15' title="bbox 350 1527 2008 1608; baseline 0.005 -24"><span class='ocrx_word' id='word_1_98' title='bbox 350 1527 490 1584; x_wconf 91' lang='lat' dir='ltr'>licet</span> <span class='ocrx_word' id='word_1_99' title='bbox 504 1527 721 1596; x_wconf 86' lang='lat' dir='ltr'>verbis,</span> <span class='ocrx_word' id='word_1_100' title='bbox 744 1528 1050 1587; x_wconf 83' lang='lat' dir='ltr'>clamasse.</span> <span class='ocrx_word' id='word_1_101' title='bbox 1084 1532 1267 1603; x_wconf 95' lang='grc'>(1501)</span> <span class='ocrx_word' id='word_1_102' title='bbox 1287 1532 1433 1588; x_wconf 89' lang='lat' dir='ltr'>Nam</span> <span class='ocrx_word' id='word_1_103' title='bbox 1455 1533 1597 1589; x_wconf 92' lang='lat' dir='ltr'>dum</span> <span class='ocrx_word' id='word_1_104' title='bbox 1620 1534 2008 1608; x_wconf 84' lang='lat' dir='ltr'>quadraginta</span> 
     </span>
    </p>
   </div>
   <div class='ocr_carea' id='block_1_16' title="bbox 354 1615 2007 1697">
    <p class='ocr_par' dir='ltr' id='par_1_16' title="bbox 354 1615 2007 1697">
     <span class='ocr_line' id='line_1_16' title="bbox 354 1615 2007 1697; baseline 0.004 -24"><span class='ocrx_word' id='word_1_105' title='bbox 354 1617 473 1674; x_wconf 88' lang='lat' dir='ltr'>fere</span> <span class='ocrx_word' id='word_1_106' title='bbox 491 1615 747 1674; x_wconf 88' lang='lat' dir='ltr'>librasin</span> <span class='ocrx_word' id='word_1_107' title='bbox 762 1619 1186 1676; x_wconf 87' lang='lat' dir='ltr'>restauratione</span> <span class='ocrx_word' id='word_1_108' title='bbox 1202 1621 1466 1693; x_wconf 85' lang='lat' dir='ltr'>ejusdem</span> <span class='ocrx_word' id='word_1_109' title='bbox 1484 1622 1698 1678; x_wconf 93' lang='lat' dir='ltr'>domus</span> <span class='ocrx_word' id='word_1_110' title='bbox 1712 1624 2007 1697; x_wconf 89' lang='lat' dir='ltr'>episcopa-</span> 
     </span>
    </p>
   </div>
   <div class='ocr_carea' id='block_1_17' title="bbox 354 1706 2009 1781">
    <p class='ocr_par' dir='ltr' id='par_1_17' title="bbox 354 1706 2009 1781">
     <span class='ocr_line' id='line_1_17' title="bbox 354 1706 2009 1781; baseline 0.005 -20"><span class='ocrx_word' id='word_1_111' title='bbox 354 1706 428 1763; x_wconf 87' lang='lat' dir='ltr'>lis</span> <span class='ocrx_word' id='word_1_112' title='bbox 445 1710 511 1763; x_wconf 92' lang='lat' dir='ltr'>ut</span> <span class='ocrx_word' id='word_1_113' title='bbox 531 1706 727 1764; x_wconf 85' lang='lat' dir='ltr'>ferunt</span> <span class='ocrx_word' id='word_1_114' title='bbox 756 1706 897 1781; x_wconf 91' lang='lat' dir='ltr'>quid</span> <span class='ocrx_word' id='word_1_115' title='bbox 919 1708 992 1764; x_wconf 92' lang='lat' dir='ltr'>ad</span> <span class='ocrx_word' id='word_1_116' title='bbox 1015 1707 1123 1766; x_wconf 89' lang='lat' dir='ltr'>hoc</span> <span class='ocrx_word' id='word_1_117' title='bbox 1145 1708 1399 1766; x_wconf 76' lang='lat' dir='ltr'>ministri</span> <span class='ocrx_word' id='word_1_118' title='bbox 1421 1711 1678 1777; x_wconf 89' lang='lat' dir='ltr'>fuerunt,</span> <span class='ocrx_word' id='word_1_119' title='bbox 1706 1711 1814 1768; x_wconf 92' lang='lat' dir='ltr'>hoc</span> <span class='ocrx_word' id='word_1_120' title='bbox 1837 1714 2009 1770; x_wconf 86' lang='lat' dir='ltr'>trien-</span> 
     </span>
    </p>
   </div>
   <div class='ocr_carea' id='block_1_18' title="bbox 354 1796 2004 1874">
    <p class='ocr_par' dir='ltr' id='par_1_18' title="bbox 354 1796 2004 1874">
     <span class='ocr_line' id='line_1_18' title="bbox 354 1796 2004 1874; baseline 0.004 -22"><span class='ocrx_word' id='word_1_121' title='bbox 354 1796 453 1852; x_wconf 90' lang='lat' dir='ltr'>nio</span> <span class='ocrx_word' id='word_1_122' title='bbox 483 1796 860 1869; x_wconf 84' lang='lat' dir='ltr'>expenderim</span> <span class='ocrx_word' id='word_1_123' title='bbox 886 1815 899 1864; x_wconf 91' lang='lat'>;</span> <span class='ocrx_word' id='word_1_124' title='bbox 952 1813 1046 1854; x_wconf 90' lang='lat' dir='ltr'>me</span> <span class='ocrx_word' id='word_1_125' title='bbox 1076 1797 1148 1854; x_wconf 90' lang='lat' dir='ltr'>ab</span> <span class='ocrx_word' id='word_1_126' title='bbox 1175 1797 1379 1854; x_wconf 89' lang='lat' dir='ltr'>eadem</span> <span class='ocrx_word' id='word_1_127' title='bbox 1410 1799 1483 1854; x_wconf 89' lang='lat' dir='ltr'>ab</span> <span class='ocrx_word' id='word_1_128' title='bbox 1514 1799 1735 1855; x_wconf 88' lang='lat' dir='ltr'>eisdem</span> <span class='ocrx_word' id='word_1_129' title='bbox 1782 1800 2004 1874; x_wconf 85' lang='lat' dir='ltr'>fugato,</span> 
     </span>
    </p>
   </div>
   <div class='ocr_carea' id='block_1_19' title="bbox 354 1884 2006 1963">
    <p class='ocr_par' dir='ltr' id='par_1_19' title="bbox 354 1884 2006 1963">
     <span class='ocr_line' id='line_1_19' title="bbox 354 1884 2006 1963; baseline 0.004 -22"><span class='ocrx_word' id='word_1_130' title='bbox 354 1902 490 1943; x_wconf 88' lang='lat' dir='ltr'>cum</span> <span class='ocrx_word' id='word_1_131' title='bbox 521 1886 648 1943; x_wconf 87' lang='lat' dir='ltr'>sine</span> <span class='ocrx_word' id='word_1_132' title='bbox 676 1884 1005 1944; x_wconf 81' lang='lat' dir='ltr'>habitatore</span> <span class='ocrx_word' id='word_1_133' title='bbox 1035 1888 1451 1956; x_wconf 89' lang='lat' dir='ltr'>remansisset;</span> <span class='ocrx_word' id='word_1_134' title='bbox 1486 1888 1672 1960; x_wconf 85' lang='lat'>(1502)</span> <span class='ocrx_word' id='word_1_135' title='bbox 1702 1887 1882 1946; x_wconf 87' lang='lat' dir='ltr'>iidem</span> <span class='ocrx_word' id='word_1_136' title='bbox 1905 1891 2006 1963; x_wconf 87' lang='lat' dir='ltr'>qui</span> 
     </span>
    </p>
   </div>
   <div class='ocr_carea' id='block_1_20' title="bbox 355 1973 2002 2049">
    <p class='ocr_par' dir='ltr' id='par_1_20' title="bbox 355 1973 2002 2049">
     <span class='ocr_line' id='line_1_20' title="bbox 355 1973 2002 2049; baseline 0.002 -17"><span class='ocrx_word' id='word_1_137' title='bbox 355 1974 466 2032; x_wconf 91' lang='lat' dir='ltr'>hoc</span> <span class='ocrx_word' id='word_1_138' title='bbox 496 1973 643 2031; x_wconf 90' lang='lat' dir='ltr'>mihi</span> <span class='ocrx_word' id='word_1_139' title='bbox 682 1975 977 2049; x_wconf 84' lang='lat' dir='ltr'>ingerunt,</span> <span class='ocrx_word' id='word_1_140' title='bbox 1012 1980 1077 2032; x_wconf 91' lang='lat' dir='ltr'>ut</span> <span class='ocrx_word' id='word_1_141' title='bbox 1133 1977 1516 2049; x_wconf 81' lang='lat' dir='ltr'>congruentia</span> <span class='ocrx_word' id='word_1_142' title='bbox 1547 1977 1759 2046; x_wconf 88' lang='lat' dir='ltr'>innuit,</span> <span class='ocrx_word' id='word_1_143' title='bbox 1811 1979 2002 2049; x_wconf 90' lang='lat' dir='ltr'>furto;</span> 
     </span>
    </p>
   </div>
   <div class='ocr_carea' id='block_1_21' title="bbox 356 2063 2005 2138">
    <p class='ocr_par' dir='ltr' id='par_1_21' title="bbox 356 2063 2005 2138">
     <span class='ocr_line' id='line_1_21' title="bbox 356 2063 2005 2138; baseline 0.003 -17"><span class='ocrx_word' id='word_1_144' title='bbox 356 2063 724 2136; x_wconf 88' lang='lat' dir='ltr'>hospitantos</span> <span class='ocrx_word' id='word_1_145' title='bbox 752 2081 885 2121; x_wconf 91' lang='lat' dir='ltr'>vero</span> <span class='ocrx_word' id='word_1_146' title='bbox 915 2064 1060 2122; x_wconf 92' lang='lat' dir='ltr'>inibi</span> <span class='ocrx_word' id='word_1_147' title='bbox 1089 2066 1145 2122; x_wconf 88' lang='lat' dir='ltr'>vi</span> <span class='ocrx_word' id='word_1_148' title='bbox 1195 2070 1253 2122; x_wconf 91' lang='lat' dir='ltr'>et</span> <span class='ocrx_word' id='word_1_149' title='bbox 1298 2070 1584 2138; x_wconf 83' lang='lat' dir='ltr'>potestate</span> <span class='ocrx_word' id='word_1_150' title='bbox 1615 2084 1729 2123; x_wconf 91' lang='lat' dir='ltr'>non</span> <span class='ocrx_word' id='word_1_151' title='bbox 1775 2073 2005 2126; x_wconf 88' lang='lat' dir='ltr'>cessent</span> 
     </span>
    </p>
   </div>
   <div class='ocr_carea' id='block_1_22' title="bbox 354 2151 2003 2221">
    <p class='ocr_par' dir='ltr' id='par_1_22' title="bbox 354 2151 2003 2221">
     <span class='ocr_line' id='line_1_22' title="bbox 354 2151 2003 2221; baseline 0.004 -13"><span class='ocrx_word' id='word_1_152' title='bbox 354 2151 518 2208; x_wconf 86' lang='lat' dir='ltr'>illam</span> <span class='ocrx_word' id='word_1_153' title='bbox 565 2153 901 2221; x_wconf 86' lang='lat' dir='ltr'>destruere;</span> <span class='ocrx_word' id='word_1_154' title='bbox 952 2169 1046 2210; x_wconf 89' lang='lat' dir='ltr'>me</span> <span class='ocrx_word' id='word_1_155' title='bbox 1076 2171 1194 2211; x_wconf 91' lang='lat' dir='ltr'>non</span> <span class='ocrx_word' id='word_1_156' title='bbox 1246 2154 1471 2211; x_wconf 89' lang='lat' dir='ltr'>valente</span> <span class='ocrx_word' id='word_1_157' title='bbox 1520 2155 1740 2213; x_wconf 91' lang='lat' dir='ltr'>scilicet</span> <span class='ocrx_word' id='word_1_158' title='bbox 1768 2156 2003 2214; x_wconf 90' lang='lat' dir='ltr'>illorum</span> 
     </span>
    </p>
   </div>
   <div class='ocr_carea' id='block_1_23' title="bbox 355 2241 2001 2319">
    <p class='ocr_par' dir='ltr' id='par_1_23' title="bbox 355 2241 2001 2319">
     <span class='ocr_line' id='line_1_23' title="bbox 355 2241 2001 2319; baseline 0.003 -21"><span class='ocrx_word' id='word_1_159' title='bbox 355 2241 531 2299; x_wconf 86' lang='lat' dir='ltr'>alicui</span> <span class='ocrx_word' id='word_1_160' title='bbox 560 2242 850 2311; x_wconf 88' lang='lat' dir='ltr'>resistere,</span> <span class='ocrx_word' id='word_1_161' title='bbox 881 2243 1110 2300; x_wconf 90' lang='lat' dir='ltr'>furibus</span> <span class='ocrx_word' id='word_1_162' title='bbox 1142 2244 1403 2317; x_wconf 87' lang='lat' dir='ltr'>quidem,</span> <span class='ocrx_word' id='word_1_163' title='bbox 1450 2246 1591 2317; x_wconf 87' lang='lat' dir='ltr'>quia</span> <span class='ocrx_word' id='word_1_164' title='bbox 1620 2244 2001 2319; x_wconf 89' lang='lat' dir='ltr'>longinquus,</span> 
     </span>
    </p>
   </div>
   <div class='ocr_carea' id='block_1_24' title="bbox 351 2330 1999 2407">
    <p class='ocr_par' dir='ltr' id='par_1_24' title="bbox 351 2330 1999 2407">
     <span class='ocr_line' id='line_1_24' title="bbox 351 2330 1999 2407; baseline 0.003 -19"><span class='ocrx_word' id='word_1_165' title='bbox 351 2330 813 2404; x_wconf 89' lang='lat' dir='ltr'>hospitantibus,</span> <span class='ocrx_word' id='word_1_166' title='bbox 840 2332 979 2405; x_wconf 87' lang='lat' dir='ltr'>quia</span> <span class='ocrx_word' id='word_1_167' title='bbox 997 2332 1168 2407; x_wconf 91' lang='lat' dir='ltr'>longe</span> <span class='ocrx_word' id='word_1_168' title='bbox 1188 2334 1379 2406; x_wconf 90' lang='lat' dir='ltr'>impar</span> <span class='ocrx_word' id='word_1_169' title='bbox 1394 2333 1625 2390; x_wconf 81' lang='lat' dir='ltr'>viribus</span> <span class='ocrx_word' id='word_1_170' title='bbox 1637 2335 1836 2392; x_wconf 90' lang='lat' dir='ltr'>videor</span> <span class='ocrx_word' id='word_1_171' title='bbox 1853 2353 1999 2404; x_wconf 81' lang='lat' dir='ltr'>esse,</span> 
     </span>
    </p>
   </div>
   <div class='ocr_carea' id='block_1_25' title="bbox 352 2419 2001 2497">
    <p class='ocr_par' dir='ltr' id='par_1_25' title="bbox 352 2419 2001 2497">
     <span class='ocr_line' id='line_1_25' title="bbox 352 2419 2001 2497; baseline 0.004 -21"><span class='ocrx_word' id='word_1_172' title='bbox 352 2419 645 2493; x_wconf 89' lang='lat' dir='ltr'>imperiali</span> <span class='ocrx_word' id='word_1_173' title='bbox 675 2438 811 2478; x_wconf 91' lang='lat' dir='ltr'>cum</span> <span class='ocrx_word' id='word_1_174' title='bbox 850 2425 1080 2479; x_wconf 89' lang='lat' dir='ltr'>constet</span> <span class='ocrx_word' id='word_1_175' title='bbox 1127 2440 1225 2478; x_wconf 91' lang='lat' dir='ltr'>eos</span> <span class='ocrx_word' id='word_1_176' title='bbox 1258 2424 1331 2478; x_wconf 90' lang='lat' dir='ltr'>de</span> <span class='ocrx_word' id='word_1_177' title='bbox 1375 2424 1628 2479; x_wconf 77' lang='lat' dir='ltr'>exercitu</span> <span class='ocrx_word' id='word_1_178' title='bbox 1678 2426 2001 2497; x_wconf 80' lang='lat' dir='ltr'>praesertim</span> 
     </span>
    </p>
   </div>
   <div class='ocr_carea' id='block_1_26' title="bbox 349 2510 2002 2581">
    <p class='ocr_par' dir='ltr' id='par_1_26' title="bbox 349 2510 2002 2581">
     <span class='ocr_line' id='line_1_26' title="bbox 349 2510 2002 2581; baseline 0.003 -15"><span class='ocrx_word' id='word_1_179' title='bbox 349 2511 559 2579; x_wconf 89' lang='lat' dir='ltr'>redire,</span> <span class='ocrx_word' id='word_1_180' title='bbox 585 2510 676 2567; x_wconf 86' lang='lat' dir='ltr'>vel</span> <span class='ocrx_word' id='word_1_181' title='bbox 708 2511 780 2567; x_wconf 89' lang='lat' dir='ltr'>ad</span> <span class='ocrx_word' id='word_1_182' title='bbox 812 2510 979 2567; x_wconf 90' lang='lat' dir='ltr'>illum</span> <span class='ocrx_word' id='word_1_183' title='bbox 1009 2511 1234 2581; x_wconf 91' lang='lat' dir='ltr'>venire;</span> <span class='ocrx_word' id='word_1_184' title='bbox 1270 2529 1363 2568; x_wconf 90' lang='lat' dir='ltr'>me</span> <span class='ocrx_word' id='word_1_185' title='bbox 1396 2513 1832 2571; x_wconf 87' lang='lat' dir='ltr'>mendacissimi</span> <span class='ocrx_word' id='word_1_186' title='bbox 1866 2532 2002 2571; x_wconf 88' lang='lat' dir='ltr'>con-</span> 
     </span>
    </p>
   </div>
   <div class='ocr_carea' id='block_1_27' title="bbox 350 2599 1999 2674">
    <p class='ocr_par' dir='ltr' id='par_1_27' title="bbox 350 2599 1999 2674">
     <span class='ocr_line' id='line_1_27' title="bbox 350 2599 1999 2674; baseline 0.003 -18"><span class='ocrx_word' id='word_1_187' title='bbox 350 2599 542 2657; x_wconf 91' lang='lat' dir='ltr'>ductis</span> <span class='ocrx_word' id='word_1_188' title='bbox 553 2599 1090 2657; x_wconf 88' lang='lat' dir='ltr'>oonsideratoribus</span> <span class='ocrx_word' id='word_1_189' title='bbox 1100 2605 1379 2659; x_wconf 90' lang='lat' dir='ltr'>accusant</span> <span class='ocrx_word' id='word_1_190' title='bbox 1398 2602 1665 2659; x_wconf 89' lang='lat' dir='ltr'>eamdem</span> <span class='ocrx_word' id='word_1_191' title='bbox 1680 2602 1999 2674; x_wconf 89' lang='lat' dir='ltr'>destruere;</span> 
     </span>
    </p>
   </div>
   <div class='ocr_carea' id='block_1_28' title="bbox 352 2673 2001 2765">
    <p class='ocr_par' dir='ltr' id='par_1_28' title="bbox 352 2673 2001 2765">
     <span class='ocr_line' id='line_1_28' title="bbox 352 2673 2001 2765; baseline 0.002 -19"><span class='ocrx_word' id='word_1_192' title='bbox 352 2673 523 2763; x_wconf 68' lang='lat' dir='ltr'>quasi</span> <span class='ocrx_word' id='word_1_193' title='bbox 555 2689 745 2762; x_wconf 90' lang='lat' dir='ltr'>possit</span> <span class='ocrx_word' id='word_1_194' title='bbox 774 2706 903 2747; x_wconf 89' lang='lat' dir='ltr'>esse</span> <span class='ocrx_word' id='word_1_195' title='bbox 936 2689 1230 2757; x_wconf 89' lang='lat' dir='ltr'>credibile,</span> <span class='ocrx_word' id='word_1_196' title='bbox 1273 2694 1339 2746; x_wconf 91' lang='lat' dir='ltr'>ut</span> <span class='ocrx_word' id='word_1_197' title='bbox 1368 2692 1524 2764; x_wconf 89' lang='lat' dir='ltr'>quod</span> <span class='ocrx_word' id='word_1_198' title='bbox 1554 2709 1659 2765; x_wconf 86' lang='lat' dir='ltr'>ego</span> <span class='ocrx_word' id='word_1_199' title='bbox 1686 2697 1847 2748; x_wconf 90' lang='lat' dir='ltr'>tanto</span> <span class='ocrx_word' id='word_1_200' title='bbox 1886 2673 2001 2750; x_wconf 89' lang='lat' dir='ltr'>mei</span> 
     </span>
    </p>
   </div>
   <div class='ocr_carea' id='block_1_29' title="bbox 351 2777 2003 2852">
    <p class='ocr_par' dir='ltr' id='par_1_29' title="bbox 351 2777 2003 2852">
     <span class='ocr_line' id='line_1_29' title="bbox 351 2777 2003 2852; baseline 0.002 -18"><span class='ocrx_word' id='word_1_201' title='bbox 351 2777 650 2835; x_wconf 81' lang='lat' dir='ltr'>construxi</span> <span class='ocrx_word' id='word_1_202' title='bbox 681 2777 1010 2850; x_wconf 90' lang='lat' dir='ltr'>dispendio,</span> <span class='ocrx_word' id='word_1_203' title='bbox 1036 2782 1137 2834; x_wconf 91' lang='lat' dir='ltr'>aut</span> <span class='ocrx_word' id='word_1_204' title='bbox 1158 2780 1458 2835; x_wconf 91' lang='lat' dir='ltr'>destruam</span> <span class='ocrx_word' id='word_1_205' title='bbox 1490 2780 1635 2852; x_wconf 91' lang='lat' dir='ltr'>ipse,</span> <span class='ocrx_word' id='word_1_206' title='bbox 1659 2785 1759 2836; x_wconf 89' lang='lat' dir='ltr'>aut</span> <span class='ocrx_word' id='word_1_207' title='bbox 1779 2782 2003 2839; x_wconf 87' lang='lat' dir='ltr'>destrui</span> 
     </span>
    </p>
   </div>
   <div class='ocr_carea' id='block_1_30' title="bbox 349 2865 2002 2941">
    <p class='ocr_par' dir='ltr' id='par_1_30' title="bbox 349 2865 2002 2941">
     <span class='ocr_line' id='line_1_30' title="bbox 349 2865 2002 2941; baseline 0.004 -21"><span class='ocrx_word' id='word_1_208' title='bbox 349 2865 541 2938; x_wconf 87' lang='lat' dir='ltr'>patiar</span> <span class='ocrx_word' id='word_1_209' title='bbox 556 2869 784 2939; x_wconf 90' lang='lat' dir='ltr'>sponte.</span> <span class='ocrx_word' id='word_1_210' title='bbox 805 2866 869 2920; x_wconf 91' lang='lat' dir='ltr'>In</span> <span class='ocrx_word' id='word_1_211' title='bbox 892 2870 1264 2922; x_wconf 88' lang='lat' dir='ltr'>tantumvero</span> <span class='ocrx_word' id='word_1_212' title='bbox 1284 2867 1444 2923; x_wconf 88' lang='lat' dir='ltr'>illam</span> <span class='ocrx_word' id='word_1_213' title='bbox 1467 2868 1832 2941; x_wconf 88' lang='lat' dir='ltr'>hospitantcs</span> <span class='ocrx_word' id='word_1_214' title='bbox 1852 2871 1909 2926; x_wconf 89' lang='lat' dir='ltr'>in</span> <span class='ocrx_word' id='word_1_215' title='bbox 1934 2889 2002 2928; x_wconf 88' lang='lat' dir='ltr'>ea</span> 
     </span>
    </p>
   </div>
   <div class='ocr_carea' id='block_1_31' title="bbox 353 2955 2003 3030">
    <p class='ocr_par' dir='ltr' id='par_1_31' title="bbox 353 2955 2003 3030">
     <span class='ocr_line' id='line_1_31' title="bbox 353 2955 2003 3030; baseline 0.003 -20"><span class='ocrx_word' id='word_1_216' title='bbox 353 2955 667 3011; x_wconf 90' lang='lat' dir='ltr'>destruunt</span> <span class='ocrx_word' id='word_1_217' title='bbox 710 2955 1073 3027; x_wconf 87' lang='lat' dir='ltr'>potestative,</span> <span class='ocrx_word' id='word_1_218' title='bbox 1106 2955 1250 3012; x_wconf 90' lang='lat' dir='ltr'>utsi</span> <span class='ocrx_word' id='word_1_219' title='bbox 1282 2955 1512 3028; x_wconf 88' lang='lat' dir='ltr'>aliquis,</span> <span class='ocrx_word' id='word_1_220' title='bbox 1564 2959 1735 3030; x_wconf 89' lang='lat' dir='ltr'>cujus</span> <span class='ocrx_word' id='word_1_221' title='bbox 1784 2959 2003 3016; x_wconf 89' lang='lat' dir='ltr'>scilicet</span> 
     </span>
    </p>
   </div>
   <div class='ocr_carea' id='block_1_32' title="bbox 352 3041 2000 3119">
    <p class='ocr_par' dir='ltr' id='par_1_32' title="bbox 352 3041 2000 3119">
     <span class='ocr_line' id='line_1_32' title="bbox 352 3041 2000 3119; baseline 0.002 -18"><span class='ocrx_word' id='word_1_222' title='bbox 352 3043 552 3110; x_wconf 85' lang='lat' dir='ltr'>refert,</span> <span class='ocrx_word' id='word_1_223' title='bbox 574 3041 712 3098; x_wconf 90' lang='lat' dir='ltr'>illuc</span> <span class='ocrx_word' id='word_1_224' title='bbox 732 3042 1165 3100; x_wconf 89' lang='lat' dir='ltr'>consideratum</span> <span class='ocrx_word' id='word_1_225' title='bbox 1186 3043 1379 3100; x_wconf 85' lang='lat' dir='ltr'>veniat</span> <span class='ocrx_word' id='word_1_226' title='bbox 1398 3044 1777 3119; x_wconf 88' lang='lat' dir='ltr'>famulorum,</span> <span class='ocrx_word' id='word_1_227' title='bbox 1799 3048 2000 3104; x_wconf 88' lang='lat' dir='ltr'>statim</span> 
     </span>
    </p>
   </div>
   <div class='ocr_carea' id='block_1_33' title="bbox 350 3131 1999 3208">
    <p class='ocr_par' dir='ltr' id='par_1_33' title="bbox 350 3131 1999 3208">
     <span class='ocr_line' id='line_1_33' title="bbox 350 3131 1999 3208; baseline 0.003 -19"><span class='ocrx_word' id='word_1_228' title='bbox 350 3147 487 3189; x_wconf 90' lang='lat' dir='ltr'>eum</span> <span class='ocrx_word' id='word_1_229' title='bbox 508 3131 1040 3206; x_wconf 88' lang='lat' dir='ltr'>comprehpndant,</span> <span class='ocrx_word' id='word_1_230' title='bbox 1060 3136 1117 3190; x_wconf 90' lang='lat' dir='ltr'>et</span> <span class='ocrx_word' id='word_1_231' title='bbox 1134 3132 1478 3206; x_wconf 88' lang='lat' dir='ltr'>gravissime</span> <span class='ocrx_word' id='word_1_232' title='bbox 1492 3134 1999 3208; x_wconf 88' lang='lat' dir='ltr'>ﬂagellatumloris</span> 
     </span>
    </p>
   </div>
   <div class='ocr_carea' id='block_1_34' title="bbox 348 3221 775 3296">
    <p class='ocr_par' dir='ltr' id='par_1_34' title="bbox 348 3221 775 3296">
     <span class='ocr_line' id='line_1_34' title="bbox 348 3221 775 3296; baseline -0.005 -18"><span class='ocrx_word' id='word_1_233' title='bbox 348 3221 775 3296; x_wconf 89' lang='lat' dir='ltr'>constringant.</span> 
     </span>
    </p>
   </div>
   <div class='ocr_carea' id='block_1_35' title="bbox 343 3401 2008 3474">
    <p class='ocr_par' dir='ltr' id='par_1_35' title="bbox 343 3401 2008 3474">
     <span class='ocr_line' id='line_1_35' title="bbox 343 3401 2008 3474; baseline 0.001 -13"><span class='ocrx_word' id='word_1_234' title='bbox 343 3401 536 3474; x_wconf 87' lang='lat' dir='ltr'>nonis,</span> <span class='ocrx_word' id='word_1_235' title='bbox 570 3402 857 3459; x_wconf 92' lang='lat' dir='ltr'>Bucconis</span> <span class='ocrx_word' id='word_1_236' title='bbox 879 3406 935 3459; x_wconf 92' lang='lat' dir='ltr'>et</span> <span class='ocrx_word' id='word_1_237' title='bbox 956 3402 1287 3460; x_wconf 88' lang='lat' dir='ltr'>Pharaonis</span> <span class='ocrx_word' id='word_1_238' title='bbox 1312 3404 1576 3474; x_wconf 87' lang='lat' dir='ltr'>ejusdem</span> <span class='ocrx_word' id='word_1_239' title='bbox 1601 3405 2008 3464; x_wconf 85' lang='lat' dir='ltr'>declinationis</span> 
     </span>
    </p>
   </div>
   <div class='ocr_carea' id='block_1_36' title="bbox 340 3473 2006 3537">
    <p class='ocr_par' dir='ltr' id='par_1_36' title="bbox 340 3473 2006 3537">
     <span class='ocr_line' id='line_1_36' title="bbox 340 3473 2006 3537; baseline 0.002 -8"><span class='ocrx_word' id='word_1_240' title='bbox 340 3473 818 3531; x_wconf 88' lang='lat' dir='ltr'>terminationem</span> <span class='ocrx_word' id='word_1_241' title='bbox 851 3475 1166 3537; x_wconf 87' lang='lat' dir='ltr'>recipiunt.</span> <span class='ocrx_word' id='word_1_242' title='bbox 1217 3476 1516 3537; x_wconf 85' lang='lat' dir='ltr'>Desiderat</span> <span class='ocrx_word' id='word_1_243' title='bbox 1547 3482 1742 3532; x_wconf 88' lang='lat' dir='ltr'>autem</span> <span class='ocrx_word' id='word_1_244' title='bbox 1788 3478 2006 3534; x_wconf 89' lang='lat' dir='ltr'>Bucco-</span> 
     </span>
    </p>
   </div>
   <div class='ocr_carea' id='block_1_37' title="bbox 343 3545 2008 3619">
    <p class='ocr_par' dir='ltr' id='par_1_37' title="bbox 343 3545 2008 3619">
     <span class='ocr_line' id='line_1_37' title="bbox 343 3545 2008 3619; baseline 0.003 -19"><span class='ocrx_word' id='word_1_245' title='bbox 343 3552 480 3619; x_wconf 80' lang='lat' dir='ltr'>nem</span> <span class='ocrx_word' id='word_1_246' title='bbox 502 3545 699 3619; x_wconf 86' lang='lat' dir='ltr'>potius</span> <span class='ocrx_word' id='word_1_247' title='bbox 729 3563 907 3619; x_wconf 90' lang='lat' dir='ltr'>quam</span> <span class='ocrx_word' id='word_1_248' title='bbox 932 3545 1304 3612; x_wconf 83' lang='lat' dir='ltr'>Nannonem,</span> <span class='ocrx_word' id='word_1_249' title='bbox 1329 3548 1469 3619; x_wconf 91' lang='lat' dir='ltr'>quia</span> <span class='ocrx_word' id='word_1_250' title='bbox 1496 3549 1815 3605; x_wconf 86' lang='lat' dir='ltr'>Bucconem</span> <span class='ocrx_word' id='word_1_251' title='bbox 1837 3549 2008 3606; x_wconf 91' lang='lat' dir='ltr'>initio</span> 
     </span>
    </p>
   </div>
   <div class='ocr_carea' id='block_1_38' title="bbox 387 3617 2010 3693">
    <p class='ocr_par' dir='ltr' id='par_1_38' title="bbox 387 3617 2010 3693">
     <span class='ocr_line' id='line_1_38' title="bbox 387 3617 2010 3693; baseline 0.004 -22"><span class='ocrx_word' id='word_1_252' title='bbox 387 3617 585 3673; x_wconf 80' lang='lat' dir='ltr'>uidém</span> <span class='ocrx_word' id='word_1_253' title='bbox 636 3617 966 3693; x_wconf 80' lang='lat' dir='ltr'>adversum,</span> <span class='ocrx_word' id='word_1_254' title='bbox 1021 3623 1087 3693; x_wconf 84' lang='lat' dir='ltr'>at</span> <span class='ocrx_word' id='word_1_255' title='bbox 1134 3617 1362 3693; x_wconf 50' lang='lat' dir='ltr'>postea&#39;</span> <span class='ocrx_word' id='word_1_256' title='bbox 1385 3621 1675 3693; x_wconf 83' lang='lat' dir='ltr'>faventem</span> <span class='ocrx_word' id='word_1_257' title='bbox 1734 3626 2010 3693; x_wconf 85' lang='lat' dir='ltr'>expertus</span> 
     </span>
    </p>
   </div>
   <div class='ocr_carea' id='block_1_39' title="bbox 371 3689 2011 3766">
    <p class='ocr_par' dir='ltr' id='par_1_39' title="bbox 371 3689 2011 3766">
     <span class='ocr_line' id='line_1_39' title="bbox 371 3689 2011 3766; baseline 0.003 -23"><span class='ocrx_word' id='word_1_258' title='bbox 371 3691 558 3766; x_wconf 79' lang='lat' dir='ltr'>&#39;uerat,</span> <span class='ocrx_word' id='word_1_259' title='bbox 590 3692 656 3766; x_wconf 79' lang='lat' dir='ltr'>ut</span> <span class='ocrx_word' id='word_1_260' title='bbox 680 3689 739 3744; x_wconf 91' lang='lat' dir='ltr'>in</span> <span class='ocrx_word' id='word_1_261' title='bbox 760 3690 972 3766; x_wconf 80' lang='lat' dir='ltr'>eadem</span> <span class='ocrx_word' id='word_1_262' title='bbox 998 3689 1247 3766; x_wconf 81' lang='lat' dir='ltr'>epistola</span> <span class='ocrx_word' id='word_1_263' title='bbox 1272 3694 1543 3766; x_wconf 78' lang='lat' dir='ltr'>testatur.</span> <span class='ocrx_word' id='word_1_264' title='bbox 1568 3692 1715 3748; x_wconf 87' lang='lat' dir='ltr'>Male</span> <span class='ocrx_word' id='word_1_265' title='bbox 1734 3692 1792 3747; x_wconf 91' lang='lat' dir='ltr'>in</span> <span class='ocrx_word' id='word_1_266' title='bbox 1808 3689 2011 3766; x_wconf 71' lang='lat' dir='ltr'>vulga-</span> 
     </span>
    </p>
   </div>
   <div class='ocr_carea' id='block_1_40' title="bbox 345 3758 1610 3883">
    <p class='ocr_par' dir='ltr' id='par_1_40' title="bbox 345 3758 1610 3883">
     <span class='ocr_line' id='line_1_40' title="bbox 345 3758 1610 3883; baseline 0.003 -69"><span class='ocrx_word' id='word_1_267' title='bbox 345 3758 423 3814; x_wconf 84' lang='lat' dir='ltr'>tis</span> <span class='ocrx_word' id='word_1_268' title='bbox 454 3775 560 3883; x_wconf 70' lang='lat' dir='ltr'>pro</span> <span class='ocrx_word' id='word_1_269' title='bbox 592 3761 861 3816; x_wconf 87' lang='lat' dir='ltr'>Israelem</span> <span class='ocrx_word' id='word_1_270' title='bbox 892 3758 1195 3833; x_wconf 82' lang='lat' dir='ltr'>legebatur</span> <span class='ocrx_word' id='word_1_271' title='bbox 1226 3763 1610 3818; x_wconf 74' lang='lat' dir='ltr'>Hierusalem.</span> 
     </span>
     <span class='ocr_line' id='line_1_41' title="bbox 426 3830 1610 3883; baseline 0 0"><span class='ocrx_word' id='word_1_272' title='bbox 426 3830 443 3883; x_wconf 76' lang='grc' dir='ltr'><strong><em>ί</em></strong></span> <span class='ocrx_word' id='word_1_273' title='bbox 485 3831 619 3883; x_wconf 79' lang='grc'>500)</span> <span class='ocrx_word' id='word_1_274' title='bbox 650 3830 712 3883; x_wconf 90' lang='lat' dir='ltr'>Id</span> <span class='ocrx_word' id='word_1_275' title='bbox 743 3831 888 3883; x_wconf 89' lang='lat' dir='ltr'>illud</span> <span class='ocrx_word' id='word_1_276' title='bbox 929 3836 1037 3883; x_wconf 84' lang='lat' dir='ltr'>est.</span> <span class='ocrx_word' id='word_1_277' title='bbox 1091 3833 1245 3883; x_wconf 86' lang='lat' dir='ltr'>auod</span> <span class='ocrx_word' id='word_1_278' title='bbox 1300 3838 1433 3883; x_wconf 80' lang='lat' dir='ltr'>nnst</span> <span class='ocrx_word' id='word_1_279' title='bbox 1480 3851 1610 3883; x_wconf 68' lang='lat' dir='ltr'>naso</span> 
     </span>
    </p>
   </div>
   <div class='ocr_carea' id='block_1_41' title="bbox 426 3830 2005 3905">
    <p class='ocr_par' dir='ltr' id='par_1_41' title="bbox 426 3830 2005 3905">
     <span class='ocr_line' id='line_1_42' title="bbox 426 3830 2005 3905; baseline 0.004 -22"><span class='ocrx_word' id='word_1_280' title='bbox 426 3830 619 3905; x_wconf 63' lang='grc' dir='ltr'>(150οᾎ)</span> <span class='ocrx_word' id='word_1_281' title='bbox 650 3830 712 3905; x_wconf 81' lang='lat' dir='ltr'>Id</span> <span class='ocrx_word' id='word_1_282' title='bbox 743 3831 888 3905; x_wconf 81' lang='lat' dir='ltr'>illud</span> <span class='ocrx_word' id='word_1_283' title='bbox 929 3830 1037 3905; x_wconf 72' lang='lat' dir='ltr'>est,</span> <span class='ocrx_word' id='word_1_284' title='bbox 1091 3833 1251 3905; x_wconf 81' lang='lat' dir='ltr'>quod</span> <span class='ocrx_word' id='word_1_285' title='bbox 1300 3838 1433 3905; x_wconf 88' lang='lat' dir='ltr'>post</span> <span class='ocrx_word' id='word_1_286' title='bbox 1480 3832 1816 3905; x_wconf 86' lang='lat' dir='ltr'>paschalcm</span> <span class='ocrx_word' id='word_1_287' title='bbox 1849 3836 2005 3890; x_wconf 87' lang='lat' dir='ltr'>diem</span> 
     </span>
    </p>
   </div>
   <div class='ocr_carea' id='block_1_42' title="bbox 353 3901 2007 3976">
    <p class='ocr_par' dir='ltr' id='par_1_42' title="bbox 353 3901 2007 3976">
     <span class='ocr_line' id='line_1_43' title="bbox 353 3901 2007 3976; baseline 0.004 -22"><span class='ocrx_word' id='word_1_288' title='bbox 353 3904 558 3955; x_wconf 89' lang='lat' dir='ltr'>contra</span> <span class='ocrx_word' id='word_1_289' title='bbox 578 3901 923 3976; x_wconf 67' lang='lat' dir='ltr'>Ratherium</span> <span class='ocrx_word' id='word_1_290' title='bbox 943 3901 1256 3959; x_wconf 69' lang='lat' dir='ltr'>adversarii</span> <span class='ocrx_word' id='word_1_291' title='bbox 1279 3901 1407 3975; x_wconf 78' lang='lat' dir='ltr'>ejus</span> <span class='ocrx_word' id='word_1_292' title='bbox 1424 3901 1773 3960; x_wconf 46' lang='lat' dir='ltr'>in‘effectum</span> <span class='ocrx_word' id='word_1_293' title='bbox 1800 3906 1937 3976; x_wconf 89' lang='lat' dir='ltr'>perd</span> <span class='ocrx_word' id='word_1_294' title='bbox 1948 3924 2007 3961; x_wconf 92' lang='lat' dir='ltr'>u-</span> 
     </span>
    </p>
   </div>
   <div class='ocr_carea' id='block_1_43' title="bbox 354 3973 2007 4049">
    <p class='ocr_par' dir='ltr' id='par_1_43' title="bbox 354 3973 2007 4049">
     <span class='ocr_line' id='line_1_44' title="bbox 354 3973 2007 4049; baseline 0.004 -23"><span class='ocrx_word' id='word_1_295' title='bbox 354 3976 585 4049; x_wconf 83' lang='lat' dir='ltr'>_x_erunt.</span> <span class='ocrx_word' id='word_1_296' title='bbox 618 3973 984 4049; x_wconf 70' lang='lat' dir='ltr'>Duasenim</span> <span class='ocrx_word' id='word_1_297' title='bbox 1034 3973 1321 4049; x_wconf 80' lang='lat' dir='ltr'>personas</span> <span class='ocrx_word' id='word_1_298' title='bbox 1347 3976 1543 4049; x_wconf 83' lang='lat' dir='ltr'>pretio</span> <span class='ocrx_word' id='word_1_299' title='bbox 1591 3973 1897 4049; x_wconf 79' lang='lat' dir='ltr'>corruptas</span> <span class='ocrx_word' id='word_1_300' title='bbox 1950 3982 2007 4032; x_wconf 89' lang='lat' dir='ltr'>et</span> 
     </span>
    </p>
   </div>
   <div class='ocr_carea' id='block_1_44' title="bbox 353 4042 2004 4120">
    <p class='ocr_par' dir='ltr' id='par_1_44' title="bbox 353 4042 2004 4120">
     <span class='ocr_line' id='line_1_45' title="bbox 353 4042 2004 4120; baseline 0.002 -21"><span class='ocrx_word' id='word_1_301' title='bbox 353 4042 593 4120; x_wconf 69' lang='lat' dir='ltr'>Yeronaa</span> <span class='ocrx_word' id='word_1_302' title='bbox 654 4042 1054 4120; x_wconf 60' lang='lat' dir='ltr'>dominantes,</span> <span class='ocrx_word' id='word_1_303' title='bbox 1106 4042 1605 4120; x_wconf 78' lang='lat' dir='ltr'>circumducentes</span> <span class='ocrx_word' id='word_1_304' title='bbox 1664 4042 1783 4120; x_wconf 63' lang='lat' dir='ltr'>per&#39;</span> <span class='ocrx_word' id='word_1_305' title='bbox 1822 4052 2004 4104; x_wconf 85' lang='lat' dir='ltr'>totam</span> 
     </span>
    </p>
   </div>
   <div class='ocr_carea' id='block_1_45' title="bbox 354 4115 2001 4191">
    <p class='ocr_par' dir='ltr' id='par_1_45' title="bbox 354 4115 2001 4191">
     <span class='ocr_line' id='line_1_46' title="bbox 354 4115 2001 4191; baseline 0.002 -21"><span class='ocrx_word' id='word_1_306' title='bbox 354 4115 597 4171; x_wconf 90' lang='lat' dir='ltr'>domum</span> <span class='ocrx_word' id='word_1_307' title='bbox 642 4117 1059 4191; x_wconf 71' lang='lat' dir='ltr'>episcopalem,</span> <span class='ocrx_word' id='word_1_308' title='bbox 1090 4123 1155 4173; x_wconf 92' lang='lat' dir='ltr'>ut</span> <span class='ocrx_word' id='word_1_309' title='bbox 1196 4119 1396 4191; x_wconf 81' lang='lat' dir='ltr'>ruinas</span> <span class='ocrx_word' id='word_1_310' title='bbox 1418 4120 1558 4191; x_wconf 82' lang='lat' dir='ltr'>ejus</span> <span class='ocrx_word' id='word_1_311' title='bbox 1585 4115 2001 4191; x_wconf 72' lang='lat' dir='ltr'>perspicerent,</span> 
     </span>
    </p>
   </div>
   <div class='ocr_carea' id='block_1_46' title="bbox 350 4188 2005 4260">
    <p class='ocr_par' dir='ltr' id='par_1_46' title="bbox 350 4188 2005 4260">
     <span class='ocr_line' id='line_1_47' title="bbox 350 4188 2005 4260; baseline 0.002 -18"><span class='ocrx_word' id='word_1_312' title='bbox 350 4204 455 4259; x_wconf 88' lang='lat' dir='ltr'>per</span> <span class='ocrx_word' id='word_1_313' title='bbox 487 4188 783 4245; x_wconf 85' lang='lat' dir='ltr'>summam</span> <span class='ocrx_word' id='word_1_314' title='bbox 806 4188 1161 4245; x_wconf 79' lang='lat' dir='ltr'>calumniam</span> <span class='ocrx_word' id='word_1_315' title='bbox 1195 4188 1557 4257; x_wconf 81' lang='lat' dir='ltr'>Ratherium,</span> <span class='ocrx_word' id='word_1_316' title='bbox 1584 4188 1684 4260; x_wconf 78' lang='lat' dir='ltr'>qui</span> <span class='ocrx_word' id='word_1_317' title='bbox 1706 4188 1827 4245; x_wconf 69' lang='lat' dir='ltr'>haec</span> <span class='ocrx_word' id='word_1_318' title='bbox 1846 4192 2005 4246; x_wconf 85' lang='lat' dir='ltr'>dam-</span> 
     </span>
    </p>
   </div>
   <div class='ocr_carea' id='block_1_47' title="bbox 351 4261 2003 4331">
    <p class='ocr_par' dir='ltr' id='par_1_47' title="bbox 351 4261 2003 4331">
     <span class='ocr_line' id='line_1_48' title="bbox 351 4261 2003 4331; baseline 0.002 -17"><span class='ocrx_word' id='word_1_319' title='bbox 351 4276 427 4315; x_wconf 86' lang='lat' dir='ltr'>na</span> <span class='ocrx_word' id='word_1_320' title='bbox 453 4276 666 4331; x_wconf 88' lang='lat' dir='ltr'>passus</span> <span class='ocrx_word' id='word_1_321' title='bbox 698 4263 907 4329; x_wconf 85' lang='lat' dir='ltr'>fuerat,</span> <span class='ocrx_word' id='word_1_322' title='bbox 941 4262 1119 4317; x_wconf 90' lang='lat' dir='ltr'>totius</span> <span class='ocrx_word' id='word_1_323' title='bbox 1151 4261 1353 4317; x_wconf 85' lang='lat' dir='ltr'>damni</span> <span class='ocrx_word' id='word_1_324' title='bbox 1395 4267 1691 4316; x_wconf 89' lang='lat' dir='ltr'>auctorem</span> <span class='ocrx_word' id='word_1_325' title='bbox 1743 4262 2003 4318; x_wconf 89' lang='lat' dir='ltr'>vendita-</span> 
     </span>
    </p>
   </div>
   <div class='ocr_carea' id='block_1_48' title="bbox 350 4330 2001 4405">
    <p class='ocr_par' dir='ltr' id='par_1_48' title="bbox 350 4330 2001 4405">
     <span class='ocr_line' id='line_1_49' title="bbox 350 4330 2001 4405; baseline 0.002 -20"><span class='ocrx_word' id='word_1_326' title='bbox 350 4330 507 4387; x_wconf 71' lang='lat' dir='ltr'>runt.</span> <span class='ocrx_word' id='word_1_327' title='bbox 536 4330 666 4389; x_wconf 66' lang='lat' dir='ltr'>Haec</span> <span class='ocrx_word' id='word_1_328' title='bbox 714 4350 849 4389; x_wconf 88' lang='lat' dir='ltr'>vero</span> <span class='ocrx_word' id='word_1_329' title='bbox 893 4333 1185 4405; x_wconf 75' lang='lat' dir='ltr'>praecipua</span> <span class='ocrx_word' id='word_1_330' title='bbox 1214 4333 1272 4387; x_wconf 92' lang='lat' dir='ltr'>in</span> <span class='ocrx_word' id='word_1_331' title='bbox 1305 4348 1441 4387; x_wconf 88' lang='lat' dir='ltr'>eum</span> <span class='ocrx_word' id='word_1_332' title='bbox 1472 4332 1803 4405; x_wconf 84' lang='lat' dir='ltr'>criminatio</span> <span class='ocrx_word' id='word_1_333' title='bbox 1853 4333 2001 4401; x_wconf 88' lang='lat' dir='ltr'>fuit;</span> 
     </span>
    </p>
   </div>
   <div class='ocr_carea' id='block_1_49' title="bbox 348 4404 2005 4476">
    <p class='ocr_par' dir='ltr' id='par_1_49' title="bbox 348 4404 2005 4476">
     <span class='ocr_line' id='line_1_50' title="bbox 348 4404 2005 4476; baseline 0.001 -18"><span class='ocrx_word' id='word_1_334' title='bbox 348 4419 417 4476; x_wconf 72' lang='lat' dir='ltr'>ex</span> <span class='ocrx_word' id='word_1_335' title='bbox 450 4408 801 4476; x_wconf 8' lang='lat' dir='ltr'>quagpostea</span> <span class='ocrx_word' id='word_1_336' title='bbox 832 4404 1036 4461; x_wconf 84' lang='lat' dir='ltr'>Nanno</span> <span class='ocrx_word' id='word_1_337' title='bbox 1068 4404 1151 4459; x_wconf 79' lang='lat' dir='ltr'>uti</span> <span class='ocrx_word' id='word_1_338' title='bbox 1176 4404 1547 4476; x_wconf 83' lang='lat' dir='ltr'>imperatoris</span> <span class='ocrx_word' id='word_1_339' title='bbox 1562 4405 1774 4476; x_wconf 86' lang='lat' dir='ltr'>missus</span> <span class='ocrx_word' id='word_1_340' title='bbox 1804 4410 2005 4460; x_wconf 89' lang='lat' dir='ltr'>contra</span> 
     </span>
    </p>
   </div>
   <div class='ocr_carea' id='block_1_50' title="bbox 350 4472 2005 4548">
    <p class='ocr_par' dir='ltr' id='par_1_50' title="bbox 350 4472 2005 4548">
     <span class='ocr_line' id='line_1_51' title="bbox 350 4472 2005 4548; baseline 0 -17"><span class='ocrx_word' id='word_1_341' title='bbox 350 4472 694 4531; x_wconf 76' lang='lat' dir='ltr'>Ratherium</span> <span class='ocrx_word' id='word_1_342' title='bbox 728 4474 1009 4548; x_wconf 84' lang='lat' dir='ltr'>placitum</span> <span class='ocrx_word' id='word_1_343' title='bbox 1062 4472 1289 4531; x_wconf 78' lang='lat' dir='ltr'>habuit.</span> <span class='ocrx_word' id='word_1_344' title='bbox 1324 4475 1466 4531; x_wconf 81' lang='lat' dir='ltr'>Vide</span> <span class='ocrx_word' id='word_1_345' title='bbox 1516 4475 1685 4548; x_wconf 89' lang='lat' dir='ltr'>epist.</span> <span class='ocrx_word' id='word_1_346' title='bbox 1722 4477 1808 4529; x_wconf 91' lang='grc'>12.</span> <span class='ocrx_word' id='word_1_347' title='bbox 1857 4480 2005 4532; x_wconf 83' lang='lat' dir='ltr'>Con-</span> 
     </span>
    </p>
   </div>
   <div class='ocr_carea' id='block_1_51' title="bbox 349 4547 2005 4616">
    <p class='ocr_par' dir='ltr' id='par_1_51' title="bbox 349 4547 2005 4616">
     <span class='ocr_line' id='line_1_52' title="bbox 349 4547 2005 4616; baseline 0.003 -18"><span class='ocrx_word' id='word_1_348' title='bbox 349 4548 513 4616; x_wconf 85' lang='lat' dir='ltr'>strue</span> <span class='ocrx_word' id='word_1_349' title='bbox 535 4547 770 4616; x_wconf 79' lang='lat' dir='ltr'>autem:</span> <span class='ocrx_word' id='word_1_350' title='bbox 804 4547 1301 4603; x_wconf 83' lang='lat' dir='ltr'>Circumducentes</span> <span class='ocrx_word' id='word_1_351' title='bbox 1331 4564 1428 4602; x_wconf 87' lang='lat' dir='ltr'>eas</span> <span class='ocrx_word' id='word_1_352' title='bbox 1443 4547 1741 4616; x_wconf 89' lang='lat' dir='ltr'>pertotam</span> <span class='ocrx_word' id='word_1_353' title='bbox 1765 4548 2005 4603; x_wconf 84' lang='lat' dir='ltr'>domum</span> 
     </span>
    </p>
   </div>
   <div class='ocr_carea' id='block_1_52' title="bbox 346 4614 1999 4690">
    <p class='ocr_par' dir='ltr' id='par_1_52' title="bbox 346 4614 1999 4690">
     <span class='ocr_line' id='line_1_53' title="bbox 346 4614 1999 4690; baseline 0.004 -22"><span class='ocrx_word' id='word_1_354' title='bbox 346 4614 655 4690; x_wconf 51' lang='lat' dir='ltr'>Ejeclesiae,</span> <span class='ocrx_word' id='word_1_355' title='bbox 676 4616 882 4672; x_wconf 91' lang='lat' dir='ltr'>miseri</span> <span class='ocrx_word' id='word_1_356' title='bbox 909 4622 965 4672; x_wconf 81' lang='lat' dir='ltr'>et</span> <span class='ocrx_word' id='word_1_357' title='bbox 993 4614 1685 4674; x_wconf 33' lang='lat' dir='ltr'>mendacissime‘mutata</span> <span class='ocrx_word' id='word_1_358' title='bbox 1712 4618 1999 4690; x_wconf 81' lang='lat' dir='ltr'>signiﬁca-</span> 
     </span>
    </p>
   </div>
   <div class='ocr_carea' id='block_1_53' title="bbox 2107 645 3777 721">
    <p class='ocr_par' dir='ltr' id='par_1_53' title="bbox 2107 645 3777 721">
     <span class='ocr_line' id='line_1_54' title="bbox 2107 645 3777 721; baseline 0.001 -20"><span class='ocrx_word' id='word_1_359' title='bbox 2107 645 2341 712; x_wconf 91' lang='lat' dir='ltr'>borum,</span> <span class='ocrx_word' id='word_1_360' title='bbox 2377 649 2442 701; x_wconf 89' lang='lat' dir='ltr'>ut</span> <span class='ocrx_word' id='word_1_361' title='bbox 2471 645 2610 714; x_wconf 81' lang='lat' dir='ltr'>dixi,</span> <span class='ocrx_word' id='word_1_362' title='bbox 2646 650 2876 717; x_wconf 89' lang='lat' dir='ltr'>natura,</span> <span class='ocrx_word' id='word_1_363' title='bbox 2912 664 3081 721; x_wconf 87' lang='lat' dir='ltr'>agere</span> <span class='ocrx_word' id='word_1_364' title='bbox 3110 663 3204 703; x_wconf 90' lang='lat' dir='ltr'>me</span> <span class='ocrx_word' id='word_1_365' title='bbox 3235 645 3392 720; x_wconf 92' lang='lat' dir='ltr'>quod</span> <span class='ocrx_word' id='word_1_366' title='bbox 3424 645 3625 719; x_wconf 91' lang='lat' dir='ltr'>potius</span> <span class='ocrx_word' id='word_1_367' title='bbox 3645 646 3777 702; x_wconf 89' lang='lat' dir='ltr'>suf-</span> 
     </span>
    </p>
   </div>
   <div class='ocr_carea' id='block_1_54' title="bbox 2109 734 3777 810">
    <p class='ocr_par' dir='ltr' id='par_1_54' title="bbox 2109 734 3777 810">
     <span class='ocr_line' id='line_1_55' title="bbox 2109 734 3777 810; baseline 0.001 -20"><span class='ocrx_word' id='word_1_368' title='bbox 2109 734 2251 804; x_wconf 88' lang='lat' dir='ltr'>fero,</span> <span class='ocrx_word' id='word_1_369' title='bbox 2284 734 2381 790; x_wconf 89' lang='lat' dir='ltr'>isti</span> <span class='ocrx_word' id='word_1_370' title='bbox 2415 734 2682 791; x_wconf 85' lang='lat' dir='ltr'>maledici</span> <span class='ocrx_word' id='word_1_371' title='bbox 2728 753 2862 792; x_wconf 92' lang='lat' dir='ltr'>cum</span> <span class='ocrx_word' id='word_1_372' title='bbox 2917 736 3217 809; x_wconf 88' lang='lat' dir='ltr'>omnibus,</span> <span class='ocrx_word' id='word_1_373' title='bbox 3266 752 3395 810; x_wconf 65' lang='lat' dir='ltr'>quae</span> <span class='ocrx_word' id='word_1_374' title='bbox 3444 734 3670 808; x_wconf 83' lang='lat' dir='ltr'>ﬁngere</span> <span class='ocrx_word' id='word_1_375' title='bbox 3703 735 3777 791; x_wconf 89' lang='lat' dir='ltr'>de</span> 
     </span>
    </p>
   </div>
   <div class='ocr_carea' id='block_1_55' title="bbox 2110 822 3781 896">
    <p class='ocr_par' dir='ltr' id='par_1_55' title="bbox 2110 822 3781 896">
     <span class='ocr_line' id='line_1_56' title="bbox 2110 822 3781 896; baseline 0.001 -18"><span class='ocrx_word' id='word_1_376' title='bbox 2110 822 2306 896; x_wconf 86' lang='lat' dir='ltr'>aliquo</span> <span class='ocrx_word' id='word_1_377' title='bbox 2328 823 2485 880; x_wconf 90' lang='lat' dir='ltr'>ullus</span> <span class='ocrx_word' id='word_1_378' title='bbox 2501 824 3089 882; x_wconf 89' lang='lat' dir='ltr'>mendacissimorum</span> <span class='ocrx_word' id='word_1_379' title='bbox 3101 823 3287 882; x_wconf 85' lang='lat' dir='ltr'>valuit</span> <span class='ocrx_word' id='word_1_380' title='bbox 3299 824 3781 896; x_wconf 86' lang='lat' dir='ltr'>unquam,faten-</span> 
     </span>
    </p>
   </div>
   <div class='ocr_carea' id='block_1_56' title="bbox 2110 911 3779 985">
    <p class='ocr_par' dir='ltr' id='par_1_56' title="bbox 2110 911 3779 985">
     <span class='ocr_line' id='line_1_57' title="bbox 2110 911 3779 985; baseline 0.002 -19"><span class='ocrx_word' id='word_1_381' title='bbox 2110 916 2228 967; x_wconf 89' lang='lat' dir='ltr'>tur.</span> <span class='ocrx_word' id='word_1_382' title='bbox 2280 911 2416 983; x_wconf 88' lang='lat' dir='ltr'>Sed,</span> <span class='ocrx_word' id='word_1_383' title='bbox 2464 929 2496 968; x_wconf 91' lang='grc' dir='ltr'>ο</span> <span class='ocrx_word' id='word_1_384' title='bbox 2527 930 2741 969; x_wconf 87' lang='lat' dir='ltr'>vesana</span> <span class='ocrx_word' id='word_1_385' title='bbox 2781 913 3314 985; x_wconf 84' lang='lat' dir='ltr'>perﬁdissimorum</span> <span class='ocrx_word' id='word_1_386' title='bbox 3366 912 3707 969; x_wconf 82' lang='lat' dir='ltr'>dementia!</span> <span class='ocrx_word' id='word_1_387' title='bbox 3747 930 3779 969; x_wconf 89' lang='grc' dir='ltr'>ο</span> 
     </span>
    </p>
   </div>
   <div class='ocr_carea' id='block_1_57' title="bbox 2112 999 3780 1074">
    <p class='ocr_par' dir='ltr' id='par_1_57' title="bbox 2112 999 3780 1074">
     <span class='ocr_line' id='line_1_58' title="bbox 2112 999 3780 1074; baseline 0.001 -18"><span class='ocrx_word' id='word_1_388' title='bbox 2112 999 2342 1056; x_wconf 84' lang='lat' dir='ltr'>falsitas</span> <span class='ocrx_word' id='word_1_389' title='bbox 2364 1000 3009 1058; x_wconf 84' lang='lat' dir='ltr'>inconvenientissimal</span> <span class='ocrx_word' id='word_1_390' title='bbox 3036 1019 3069 1057; x_wconf 90' lang='grc' dir='ltr'>ο</span> <span class='ocrx_word' id='word_1_391' title='bbox 3100 1000 3315 1058; x_wconf 87' lang='lat' dir='ltr'>diaboli</span> <span class='ocrx_word' id='word_1_392' title='bbox 3347 1017 3450 1074; x_wconf 90' lang='lat' dir='ltr'>per</span> <span class='ocrx_word' id='word_1_393' title='bbox 3472 1005 3780 1074; x_wconf 85' lang='lat' dir='ltr'>serpentes</span> 
     </span>
    </p>
   </div>
   <div class='ocr_carea' id='block_1_58' title="bbox 2115 1090 3773 1164">
    <p class='ocr_par' dir='ltr' id='par_1_58' title="bbox 2115 1090 3773 1164">
     <span class='ocr_line' id='line_1_59' title="bbox 2115 1090 3773 1164; baseline 0.001 -20"><span class='ocrx_word' id='word_1_394' title='bbox 2115 1090 2315 1162; x_wconf 85' lang='lat' dir='ltr'>[f.,per</span> <span class='ocrx_word' id='word_1_395' title='bbox 2335 1092 2691 1163; x_wconf 85' lang='lat' dir='ltr'>serpentem]</span> <span class='ocrx_word' id='word_1_396' title='bbox 2706 1095 2761 1147; x_wconf 90' lang='lat' dir='ltr'>et</span> <span class='ocrx_word' id='word_1_397' title='bbox 2774 1092 2901 1162; x_wconf 84' lang='lat' dir='ltr'>jam</span> <span class='ocrx_word' id='word_1_398' title='bbox 2915 1090 3077 1163; x_wconf 91' lang='lat' dir='ltr'>loqui</span> <span class='ocrx_word' id='word_1_399' title='bbox 3091 1108 3205 1146; x_wconf 92' lang='lat' dir='ltr'>non</span> <span class='ocrx_word' id='word_1_400' title='bbox 3221 1090 3502 1164; x_wconf 89' lang='lat' dir='ltr'>ignorans</span> <span class='ocrx_word' id='word_1_401' title='bbox 3521 1090 3773 1147; x_wconf 78' lang='lat' dir='ltr'>astutia!</span> 
     </span>
    </p>
   </div>
   <div class='ocr_carea' id='block_1_59' title="bbox 2115 1177 3778 1254">
    <p class='ocr_par' dir='ltr' id='par_1_59' title="bbox 2115 1177 3778 1254">
     <span class='ocr_line' id='line_1_60' title="bbox 2115 1177 3778 1254; baseline 0.002 -20"><span class='ocrx_word' id='word_1_402' title='bbox 2115 1177 2175 1234; x_wconf 91' lang='lat' dir='ltr'>Si</span> <span class='ocrx_word' id='word_1_403' title='bbox 2199 1180 2356 1234; x_wconf 90' lang='lat' dir='ltr'>enim</span> <span class='ocrx_word' id='word_1_404' title='bbox 2389 1180 2709 1252; x_wconf 88' lang='lat' dir='ltr'>imperator</span> <span class='ocrx_word' id='word_1_405' title='bbox 2738 1197 2855 1236; x_wconf 91' lang='lat' dir='ltr'>non</span> <span class='ocrx_word' id='word_1_406' title='bbox 2887 1197 3057 1237; x_wconf 89' lang='lat' dir='ltr'>meus</span> <span class='ocrx_word' id='word_1_407' title='bbox 3088 1180 3367 1237; x_wconf 91' lang='lat' dir='ltr'>dominus</span> <span class='ocrx_word' id='word_1_408' title='bbox 3389 1182 3568 1247; x_wconf 87' lang='lat' dir='ltr'>esset,</span> <span class='ocrx_word' id='word_1_409' title='bbox 3591 1182 3651 1236; x_wconf 89' lang='lat' dir='ltr'>et</span> <span class='ocrx_word' id='word_1_410' title='bbox 3669 1196 3778 1254; x_wconf 85' lang='lat' dir='ltr'>ego</span> 
     </span>
    </p>
   </div>
   <div class='ocr_carea' id='block_1_60' title="bbox 2114 1266 3779 1340">
    <p class='ocr_par' dir='ltr' id='par_1_60' title="bbox 2114 1266 3779 1340">
     <span class='ocr_line' id='line_1_61' title="bbox 2114 1266 3779 1340; baseline 0.003 -19"><span class='ocrx_word' id='word_1_411' title='bbox 2114 1266 2198 1322; x_wconf 91' lang='lat' dir='ltr'>illi</span> <span class='ocrx_word' id='word_1_412' title='bbox 2230 1267 2289 1321; x_wconf 92' lang='lat' dir='ltr'>in</span> <span class='ocrx_word' id='word_1_413' title='bbox 2311 1269 2574 1340; x_wconf 89' lang='lat' dir='ltr'>potentia</span> <span class='ocrx_word' id='word_1_414' title='bbox 2596 1266 2810 1325; x_wconf 88' lang='lat' dir='ltr'>similis</span> <span class='ocrx_word' id='word_1_415' title='bbox 2833 1284 3025 1326; x_wconf 89' lang='lat' dir='ltr'>essem</span> <span class='ocrx_word' id='word_1_416' title='bbox 3045 1286 3058 1337; x_wconf 92' lang='lat'>;</span> <span class='ocrx_word' id='word_1_417' title='bbox 3077 1267 3389 1324; x_wconf 82' lang='lat' dir='ltr'>defendere</span> <span class='ocrx_word' id='word_1_418' title='bbox 3420 1271 3625 1323; x_wconf 88' lang='lat' dir='ltr'>contra</span> <span class='ocrx_word' id='word_1_419' title='bbox 3646 1269 3779 1340; x_wconf 85' lang='lat' dir='ltr'>ejus</span> 
     </span>
    </p>
   </div>
   <div class='ocr_carea' id='block_1_61' title="bbox 2116 1355 3782 1430">
    <p class='ocr_par' dir='ltr' id='par_1_61' title="bbox 2116 1355 3782 1430">
     <span class='ocr_line' id='line_1_62' title="bbox 2116 1355 3782 1430; baseline 0.001 -20"><span class='ocrx_word' id='word_1_420' title='bbox 2116 1355 2299 1428; x_wconf 84' lang='grc'>(1503)</span> <span class='ocrx_word' id='word_1_421' title='bbox 2328 1356 2527 1412; x_wconf 89' lang='lat' dir='ltr'>ﬁdeles</span> <span class='ocrx_word' id='word_1_422' title='bbox 2560 1357 2805 1413; x_wconf 92' lang='lat' dir='ltr'>domum</span> <span class='ocrx_word' id='word_1_423' title='bbox 2832 1373 3024 1413; x_wconf 89' lang='lat' dir='ltr'>meam</span> <span class='ocrx_word' id='word_1_424' title='bbox 3045 1361 3103 1413; x_wconf 92' lang='lat' dir='ltr'>et</span> <span class='ocrx_word' id='word_1_425' title='bbox 3123 1356 3278 1413; x_wconf 74' lang='lat'>616</span> <span class='ocrx_word' id='word_1_426' title='bbox 3301 1372 3450 1430; x_wconf 81' lang='lat' dir='ltr'>opus</span> <span class='ocrx_word' id='word_1_427' title='bbox 3474 1360 3782 1430; x_wconf 86' lang='lat' dir='ltr'>utcunque</span> 
     </span>
    </p>
   </div>
   <div class='ocr_carea' id='block_1_62' title="bbox 2113 1442 3781 1521">
    <p class='ocr_par' dir='ltr' id='par_1_62' title="bbox 2113 1442 3781 1521">
     <span class='ocr_line' id='line_1_63' title="bbox 2113 1442 3781 1521; baseline 0.001 -21"><span class='ocrx_word' id='word_1_428' title='bbox 2113 1442 2385 1501; x_wconf 89' lang='lat' dir='ltr'>valerem.</span> <span class='ocrx_word' id='word_1_429' title='bbox 2412 1444 2535 1501; x_wconf 88' lang='lat' dir='ltr'>Nisi</span> <span class='ocrx_word' id='word_1_430' title='bbox 2567 1462 2803 1521; x_wconf 90' lang='lat' dir='ltr'>quoque</span> <span class='ocrx_word' id='word_1_431' title='bbox 2819 1446 3005 1519; x_wconf 79' lang='grc'>(1504)</span> <span class='ocrx_word' id='word_1_432' title='bbox 3039 1445 3136 1503; x_wconf 90' lang='lat' dir='ltr'>isti</span> <span class='ocrx_word' id='word_1_433' title='bbox 3155 1462 3249 1502; x_wconf 91' lang='lat' dir='ltr'>me</span> <span class='ocrx_word' id='word_1_434' title='bbox 3266 1445 3337 1501; x_wconf 92' lang='lat' dir='ltr'>de</span> <span class='ocrx_word' id='word_1_435' title='bbox 3367 1446 3541 1501; x_wconf 91' lang='lat' dir='ltr'>domo</span> <span class='ocrx_word' id='word_1_436' title='bbox 3568 1446 3781 1503; x_wconf 87' lang='lat' dir='ltr'>eadem</span> 
     </span>
    </p>
   </div>
   <div class='ocr_carea' id='block_1_63' title="bbox 2116 1532 3782 1608">
    <p class='ocr_par' dir='ltr' id='par_1_63' title="bbox 2116 1532 3782 1608">
     <span class='ocr_line' id='line_1_64' title="bbox 2116 1532 3782 1608; baseline 0.002 -19"><span class='ocrx_word' id='word_1_437' title='bbox 2116 1550 2225 1589; x_wconf 92' lang='lat' dir='ltr'>sua</span> <span class='ocrx_word' id='word_1_438' title='bbox 2283 1532 2528 1606; x_wconf 84' lang='lat' dir='ltr'>perﬁdia</span> <span class='ocrx_word' id='word_1_439' title='bbox 2602 1534 2988 1607; x_wconf 88' lang='lat' dir='ltr'>pepulissent,</span> <span class='ocrx_word' id='word_1_440' title='bbox 3058 1534 3560 1608; x_wconf 74' lang='lat' dir='ltr'>praesentissimus</span> <span class='ocrx_word' id='word_1_441' title='bbox 3638 1551 3782 1592; x_wconf 86' lang='lat' dir='ltr'>cum</span> 
     </span>
    </p>
   </div>
   <div class='ocr_carea' id='block_1_64' title="bbox 2114 1622 3783 1696">
    <p class='ocr_par' dir='ltr' id='par_1_64' title="bbox 2114 1622 3783 1696">
     <span class='ocr_line' id='line_1_65' title="bbox 2114 1622 3783 1696; baseline 0.002 -20"><span class='ocrx_word' id='word_1_442' title='bbox 2114 1637 2327 1691; x_wconf 91' lang='lat' dir='ltr'>essem,</span> <span class='ocrx_word' id='word_1_443' title='bbox 2352 1638 2480 1677; x_wconf 89' lang='lat' dir='ltr'>eam</span> <span class='ocrx_word' id='word_1_444' title='bbox 2501 1622 2796 1680; x_wconf 88' lang='lat' dir='ltr'>custodire</span> <span class='ocrx_word' id='word_1_445' title='bbox 2826 1623 2919 1679; x_wconf 92' lang='lat' dir='ltr'>die</span> <span class='ocrx_word' id='word_1_446' title='bbox 2950 1627 3246 1696; x_wconf 91' lang='lat' dir='ltr'>noctuque</span> <span class='ocrx_word' id='word_1_447' title='bbox 3275 1622 3347 1679; x_wconf 92' lang='lat' dir='ltr'>ab</span> <span class='ocrx_word' id='word_1_448' title='bbox 3375 1637 3577 1678; x_wconf 89' lang='lat' dir='ltr'>eorum</span> <span class='ocrx_word' id='word_1_449' title='bbox 3600 1622 3783 1679; x_wconf 86' lang='lat' dir='ltr'>furtis</span> 
     </span>
    </p>
   </div>
   <div class='ocr_carea' id='block_1_65' title="bbox 2114 1708 3781 1781">
    <p class='ocr_par' dir='ltr' id='par_1_65' title="bbox 2114 1708 3781 1781">
     <span class='ocr_line' id='line_1_66' title="bbox 2114 1708 3781 1781; baseline 0.002 -17"><span class='ocrx_word' id='word_1_450' title='bbox 2114 1708 2388 1765; x_wconf 91' lang='lat' dir='ltr'>valerem.</span> <span class='ocrx_word' id='word_1_451' title='bbox 2423 1710 2589 1766; x_wconf 89' lang='lat' dir='ltr'>Nunc</span> <span class='ocrx_word' id='word_1_452' title='bbox 2613 1728 2747 1767; x_wconf 88' lang='lat' dir='ltr'>vero</span> <span class='ocrx_word' id='word_1_453' title='bbox 2778 1727 2913 1768; x_wconf 92' lang='lat' dir='ltr'>cum</span> <span class='ocrx_word' id='word_1_454' title='bbox 2955 1714 3012 1767; x_wconf 90' lang='lat' dir='ltr'>et</span> <span class='ocrx_word' id='word_1_455' title='bbox 3042 1710 3139 1767; x_wconf 89' lang='lat' dir='ltr'>ille</span> <span class='ocrx_word' id='word_1_456' title='bbox 3170 1728 3337 1767; x_wconf 89' lang='lat' dir='ltr'>meus</span> <span class='ocrx_word' id='word_1_457' title='bbox 3370 1711 3648 1768; x_wconf 88' lang='lat' dir='ltr'>dominus</span> <span class='ocrx_word' id='word_1_458' title='bbox 3680 1712 3781 1781; x_wconf 87' lang='lat' dir='ltr'>sit,</span> 
     </span>
    </p>
   </div>
   <div class='ocr_carea' id='block_1_66' title="bbox 2114 1798 3784 1871">
    <p class='ocr_par' dir='ltr' id='par_1_66' title="bbox 2114 1798 3784 1871">
     <span class='ocr_line' id='line_1_67' title="bbox 2114 1798 3784 1871; baseline 0.001 -18"><span class='ocrx_word' id='word_1_459' title='bbox 2114 1802 2171 1853; x_wconf 89' lang='lat' dir='ltr'>et</span> <span class='ocrx_word' id='word_1_460' title='bbox 2202 1813 2463 1871; x_wconf 90' lang='lat' dir='ltr'>pugnare</span> <span class='ocrx_word' id='word_1_461' title='bbox 2488 1803 2691 1855; x_wconf 89' lang='lat' dir='ltr'>contra</span> <span class='ocrx_word' id='word_1_462' title='bbox 2712 1800 2936 1855; x_wconf 89' lang='lat' dir='ltr'>domini</span> <span class='ocrx_word' id='word_1_463' title='bbox 2963 1800 3078 1855; x_wconf 91' lang='lat' dir='ltr'>mei</span> <span class='ocrx_word' id='word_1_464' title='bbox 3101 1799 3325 1867; x_wconf 87' lang='lat' dir='ltr'>ﬁdeles,</span> <span class='ocrx_word' id='word_1_465' title='bbox 3350 1800 3527 1857; x_wconf 89' lang='lat' dir='ltr'>etiam</span> <span class='ocrx_word' id='word_1_466' title='bbox 3549 1799 3600 1857; x_wconf 89' lang='lat' dir='ltr'>si</span> <span class='ocrx_word' id='word_1_467' title='bbox 3620 1798 3784 1857; x_wconf 86' lang='lat' dir='ltr'>vale-</span> 
     </span>
    </p>
   </div>
   <div class='ocr_carea' id='block_1_67' title="bbox 2120 1887 3785 1963">
    <p class='ocr_par' dir='ltr' id='par_1_67' title="bbox 2120 1887 3785 1963">
     <span class='ocr_line' id='line_1_68' title="bbox 2120 1887 3785 1963; baseline 0.003 -23"><span class='ocrx_word' id='word_1_468' title='bbox 2120 1903 2265 1954; x_wconf 88' lang='lat' dir='ltr'>rem,</span> <span class='ocrx_word' id='word_1_469' title='bbox 2312 1902 2427 1941; x_wconf 92' lang='lat' dir='ltr'>non</span> <span class='ocrx_word' id='word_1_470' title='bbox 2478 1887 2672 1945; x_wconf 84' lang='lat' dir='ltr'>solum</span> <span class='ocrx_word' id='word_1_471' title='bbox 2721 1890 3036 1961; x_wconf 90' lang='lat' dir='ltr'>perﬁdum,</span> <span class='ocrx_word' id='word_1_472' title='bbox 3069 1890 3172 1946; x_wconf 91' lang='lat' dir='ltr'>sed</span> <span class='ocrx_word' id='word_1_473' title='bbox 3204 1893 3280 1959; x_wconf 91' lang='lat' dir='ltr'>et,</span> <span class='ocrx_word' id='word_1_474' title='bbox 3314 1892 3381 1945; x_wconf 92' lang='lat' dir='ltr'>ut</span> <span class='ocrx_word' id='word_1_475' title='bbox 3409 1889 3491 1945; x_wconf 89' lang='lat' dir='ltr'>ita</span> <span class='ocrx_word' id='word_1_476' title='bbox 3546 1888 3785 1963; x_wconf 79' lang='lat' dir='ltr'>loquar,</span> 
     </span>
    </p>
   </div>
   <div class='ocr_carea' id='block_1_68' title="bbox 2114 1974 3785 2051">
    <p class='ocr_par' dir='ltr' id='par_1_68' title="bbox 2114 1974 3785 2051">
     <span class='ocr_line' id='line_1_69' title="bbox 2114 1974 3785 2051; baseline 0.003 -22"><span class='ocrx_word' id='word_1_477' title='bbox 2114 1974 2505 2048; x_wconf 89' lang='lat' dir='ltr'>apostaticum</span> <span class='ocrx_word' id='word_1_478' title='bbox 2537 1976 2653 2045; x_wconf 89' lang='lat' dir='ltr'>sit;</span> <span class='ocrx_word' id='word_1_479' title='bbox 2705 1978 2923 2033; x_wconf 89' lang='lat' dir='ltr'>recedit</span> <span class='ocrx_word' id='word_1_480' title='bbox 2971 1992 3229 2051; x_wconf 89' lang='lat' dir='ltr'>namque</span> <span class='ocrx_word' id='word_1_481' title='bbox 3270 1993 3304 2033; x_wconf 90' lang='lat' dir='ltr'>a</span> <span class='ocrx_word' id='word_1_482' title='bbox 3336 1981 3470 2044; x_wconf 89' lang='lat' dir='ltr'>Deo,</span> <span class='ocrx_word' id='word_1_483' title='bbox 3506 1976 3608 2051; x_wconf 93' lang='lat' dir='ltr'>qui</span> <span class='ocrx_word' id='word_1_484' title='bbox 3639 1978 3785 2034; x_wconf 89' lang='lat' dir='ltr'>dato</span> 
     </span>
    </p>
   </div>
   <div class='ocr_carea' id='block_1_69' title="bbox 2112 2062 3787 2123">
    <p class='ocr_par' dir='ltr' id='par_1_69' title="bbox 2112 2062 3787 2123">
     <span class='ocr_line' id='line_1_70' title="bbox 2112 2062 3787 2123; baseline 0.002 -4"><span class='ocrx_word' id='word_1_485' title='bbox 2112 2062 2225 2119; x_wconf 94' lang='lat' dir='ltr'>sibi</span> <span class='ocrx_word' id='word_1_486' title='bbox 2257 2064 2329 2119; x_wconf 87' lang='lat' dir='ltr'>ab</span> <span class='ocrx_word' id='word_1_487' title='bbox 2353 2081 2417 2120; x_wconf 90' lang='lat' dir='ltr'>eo</span> <span class='ocrx_word' id='word_1_488' title='bbox 2450 2068 2677 2121; x_wconf 89' lang='lat' dir='ltr'>terreno</span> <span class='ocrx_word' id='word_1_489' title='bbox 2709 2065 2944 2122; x_wconf 87' lang='lat' dir='ltr'>rebellis</span> <span class='ocrx_word' id='word_1_490' title='bbox 2974 2070 3064 2121; x_wconf 88' lang='lat' dir='ltr'>est</span> <span class='ocrx_word' id='word_1_491' title='bbox 3109 2065 3381 2122; x_wconf 91' lang='lat' dir='ltr'>domino:</span> <span class='ocrx_word' id='word_1_492' title='bbox 3429 2066 3658 2123; x_wconf 90' lang='lat' dir='ltr'>dictum</span> <span class='ocrx_word' id='word_1_493' title='bbox 3690 2071 3787 2122; x_wconf 90' lang='lat' dir='ltr'>est</span> 
     </span>
    </p>
   </div>
   <div class='ocr_carea' id='block_1_70' title="bbox 2110 2152 3783 2229">
    <p class='ocr_par' dir='ltr' id='par_1_70' title="bbox 2110 2152 3783 2229">
     <span class='ocr_line' id='line_1_71' title="bbox 2110 2152 3783 2229; baseline 0.001 -20"><span class='ocrx_word' id='word_1_494' title='bbox 2110 2152 2291 2221; x_wconf 88' lang='lat' dir='ltr'>enim,</span> <span class='ocrx_word' id='word_1_495' title='bbox 2318 2155 2474 2225; x_wconf 91' lang='lat' dir='ltr'>quod</span> <span class='ocrx_word' id='word_1_496' title='bbox 2496 2156 2595 2228; x_wconf 85' lang='lat' dir='ltr'>qui</span> <span class='ocrx_word' id='word_1_497' title='bbox 2607 2157 2909 2227; x_wconf 75' lang='lat' dir='ltr'>potestati,</span> <span class='ocrx_word' id='word_1_498' title='bbox 2935 2154 3139 2226; x_wconf 92' lang='lat' dir='ltr'>utique</span> <span class='ocrx_word' id='word_1_499' title='bbox 3161 2172 3195 2209; x_wconf 86' lang='lat' dir='ltr'>a</span> <span class='ocrx_word' id='word_1_500' title='bbox 3217 2154 3334 2210; x_wconf 92' lang='lat' dir='ltr'>Deo</span> <span class='ocrx_word' id='word_1_501' title='bbox 3358 2155 3471 2213; x_wconf 91' lang='lat' dir='ltr'>sibi</span> <span class='ocrx_word' id='word_1_502' title='bbox 3495 2154 3783 2229; x_wconf 64' lang='lat' dir='ltr'>praelatae,</span> 
     </span>
    </p>
   </div>
   <div class='ocr_carea' id='block_1_71' title="bbox 2111 2242 3786 2317">
    <p class='ocr_par' dir='ltr' id='par_1_71' title="bbox 2111 2242 3786 2317">
     <span class='ocr_line' id='line_1_72' title="bbox 2111 2242 3786 2317; baseline 0.002 -20"><span class='ocrx_word' id='word_1_503' title='bbox 2111 2242 2350 2310; x_wconf 77' lang='lat' dir='ltr'>resistit,</span> <span class='ocrx_word' id='word_1_504' title='bbox 2381 2244 2483 2299; x_wconf 89' lang='lat' dir='ltr'>Dei</span> <span class='ocrx_word' id='word_1_505' title='bbox 2499 2243 2860 2299; x_wconf 87' lang='lat' dir='ltr'>ordinationi</span> <span class='ocrx_word' id='word_1_506' title='bbox 2880 2244 3115 2299; x_wconf 88' lang='lat' dir='ltr'>resistat</span> <span class='ocrx_word' id='word_1_507' title='bbox 3140 2243 3323 2315; x_wconf 83' lang='lat' dir='ltr'>(Rom.</span> <span class='ocrx_word' id='word_1_508' title='bbox 3357 2259 3445 2311; x_wconf 81' lang='grc' dir='ltr'>ιιι,</span> <span class='ocrx_word' id='word_1_509' title='bbox 3470 2248 3551 2313; x_wconf 86' lang='grc'>2);</span> <span class='ocrx_word' id='word_1_510' title='bbox 3588 2244 3786 2317; x_wconf 84' lang='grc'>(1505)</span> 
     </span>
    </p>
   </div>
   <div class='ocr_carea' id='block_1_72' title="bbox 2110 2328 3787 2403">
    <p class='ocr_par' dir='ltr' id='par_1_72' title="bbox 2110 2328 3787 2403">
     <span class='ocr_line' id='line_1_73' title="bbox 2110 2328 3787 2403; baseline 0.002 -19"><span class='ocrx_word' id='word_1_511' title='bbox 2110 2328 2207 2386; x_wconf 90' lang='lat' dir='ltr'>isti</span> <span class='ocrx_word' id='word_1_512' title='bbox 2238 2347 2370 2386; x_wconf 88' lang='lat' dir='ltr'>vero</span> <span class='ocrx_word' id='word_1_513' title='bbox 2402 2330 2664 2403; x_wconf 83' lang='lat' dir='ltr'>exemplo</span> <span class='ocrx_word' id='word_1_514' title='bbox 2696 2330 2915 2386; x_wconf 90' lang='lat' dir='ltr'>diaboli</span> <span class='ocrx_word' id='word_1_515' title='bbox 2946 2347 3060 2385; x_wconf 90' lang='lat' dir='ltr'>non</span> <span class='ocrx_word' id='word_1_516' title='bbox 3092 2333 3323 2387; x_wconf 89' lang='lat' dir='ltr'>cessent</span> <span class='ocrx_word' id='word_1_517' title='bbox 3355 2328 3686 2400; x_wconf 87' lang='lat' dir='ltr'>elaborare,</span> <span class='ocrx_word' id='word_1_518' title='bbox 3723 2336 3787 2388; x_wconf 91' lang='lat' dir='ltr'>ut</span> 
     </span>
    </p>
   </div>
   <div class='ocr_carea' id='block_1_73' title="bbox 2111 2417 3786 2492">
    <p class='ocr_par' dir='ltr' id='par_1_73' title="bbox 2111 2417 3786 2492">
     <span class='ocr_line' id='line_1_74' title="bbox 2111 2417 3786 2492; baseline 0.002 -19"><span class='ocrx_word' id='word_1_519' title='bbox 2111 2419 2290 2475; x_wconf 84' lang='lat' dir='ltr'>etiam</span> <span class='ocrx_word' id='word_1_520' title='bbox 2323 2420 2545 2492; x_wconf 88' lang='lat' dir='ltr'>absque</span> <span class='ocrx_word' id='word_1_521' title='bbox 2566 2420 2656 2476; x_wconf 94' lang='lat' dir='ltr'>sui</span> <span class='ocrx_word' id='word_1_522' title='bbox 2681 2418 2878 2492; x_wconf 91' lang='lat' dir='ltr'>aliquo</span> <span class='ocrx_word' id='word_1_523' title='bbox 2900 2419 3208 2476; x_wconf 90' lang='lat' dir='ltr'>commodo</span> <span class='ocrx_word' id='word_1_524' title='bbox 3233 2417 3660 2491; x_wconf 90' lang='lat' dir='ltr'>aliquid,quod</span> <span class='ocrx_word' id='word_1_525' title='bbox 3687 2438 3786 2477; x_wconf 88' lang='lat' dir='ltr'>me</span> 
     </span>
    </p>
   </div>
   <div class='ocr_carea' id='block_1_74' title="bbox 2110 2506 3788 2584">
    <p class='ocr_par' dir='ltr' id='par_1_74' title="bbox 2110 2506 3788 2584">
     <span class='ocr_line' id='line_1_75' title="bbox 2110 2506 3788 2584; baseline 0.001 -20"><span class='ocrx_word' id='word_1_526' title='bbox 2110 2512 2337 2576; x_wconf 86' lang='lat' dir='ltr'>noceat,</span> <span class='ocrx_word' id='word_1_527' title='bbox 2383 2525 2595 2581; x_wconf 91' lang='lat' dir='ltr'>meque</span> <span class='ocrx_word' id='word_1_528' title='bbox 2637 2509 2965 2576; x_wconf 91' lang='lat' dir='ltr'>conturbet,</span> <span class='ocrx_word' id='word_1_529' title='bbox 3018 2507 3252 2580; x_wconf 89' lang='lat' dir='ltr'>possint</span> <span class='ocrx_word' id='word_1_530' title='bbox 3299 2506 3570 2578; x_wconf 78' lang='lat' dir='ltr'>efﬁcere;</span> <span class='ocrx_word' id='word_1_531' title='bbox 3636 2511 3788 2584; x_wconf 88' lang='lat' dir='ltr'>quid</span> 
     </span>
    </p>
   </div>
   <div class='ocr_carea' id='block_1_75' title="bbox 2111 2594 3784 2671">
    <p class='ocr_par' dir='ltr' id='par_1_75' title="bbox 2111 2594 3784 2671">
     <span class='ocr_line' id='line_1_76' title="bbox 2111 2594 3784 2671; baseline 0.002 -19"><span class='ocrx_word' id='word_1_532' title='bbox 2111 2601 2315 2653; x_wconf 90' lang='lat' dir='ltr'>contra</span> <span class='ocrx_word' id='word_1_533' title='bbox 2344 2597 2466 2653; x_wconf 67' lang='lat' dir='ltr'>haec</span> <span class='ocrx_word' id='word_1_534' title='bbox 2514 2599 2629 2653; x_wconf 92' lang='lat' dir='ltr'>duo</span> <span class='ocrx_word' id='word_1_535' title='bbox 2660 2602 2782 2653; x_wconf 86' lang='lat' dir='ltr'>tam</span> <span class='ocrx_word' id='word_1_536' title='bbox 2832 2595 3227 2669; x_wconf 89' lang='lat' dir='ltr'>impossibilia</span> <span class='ocrx_word' id='word_1_537' title='bbox 3264 2594 3430 2652; x_wconf 88' lang='lat' dir='ltr'>valeo</span> <span class='ocrx_word' id='word_1_538' title='bbox 3489 2602 3707 2671; x_wconf 80' lang='lat' dir='ltr'>agere?</span> <span class='ocrx_word' id='word_1_539' title='bbox 3738 2599 3784 2655; x_wconf 93' lang='grc' dir='ltr'>Ο</span> 
     </span>
    </p>
   </div>
   <div class='ocr_carea' id='block_1_76' title="bbox 2109 2684 3773 2758">
    <p class='ocr_par' dir='ltr' id='par_1_76' title="bbox 2109 2684 3773 2758">
     <span class='ocr_line' id='line_1_77' title="bbox 2109 2684 3773 2758; baseline 0.001 -17"><span class='ocrx_word' id='word_1_540' title='bbox 2109 2703 2242 2742; x_wconf 89' lang='lat' dir='ltr'>vero</span> <span class='ocrx_word' id='word_1_541' title='bbox 2265 2687 2493 2742; x_wconf 89' lang='lat' dir='ltr'>utinam</span> <span class='ocrx_word' id='word_1_542' title='bbox 2518 2704 2650 2742; x_wconf 90' lang='lat' dir='ltr'>cum</span> <span class='ocrx_word' id='word_1_543' title='bbox 2674 2702 2902 2742; x_wconf 88' lang='lat' dir='ltr'>sacram</span> <span class='ocrx_word' id='word_1_544' title='bbox 2925 2684 3144 2742; x_wconf 90' lang='lat' dir='ltr'>talibus</span> <span class='ocrx_word' id='word_1_545' title='bbox 3166 2701 3369 2754; x_wconf 89' lang='lat' dir='ltr'>manu,</span> <span class='ocrx_word' id='word_1_546' title='bbox 3394 2702 3576 2758; x_wconf 88' lang='lat' dir='ltr'>quam</span> <span class='ocrx_word' id='word_1_547' title='bbox 3607 2687 3773 2744; x_wconf 81' lang='lat' dir='ltr'>exci-</span> 
     </span>
    </p>
   </div>
   <div class='ocr_carea' id='block_1_77' title="bbox 2112 2773 3782 2848">
    <p class='ocr_par' dir='ltr' id='par_1_77' title="bbox 2112 2773 3782 2848">
     <span class='ocr_line' id='line_1_78' title="bbox 2112 2773 3782 2848; baseline 0 -17"><span class='ocrx_word' id='word_1_548' title='bbox 2112 2792 2239 2831; x_wconf 86' lang='lat' dir='ltr'>sam</span> <span class='ocrx_word' id='word_1_549' title='bbox 2270 2776 2572 2848; x_wconf 88' lang='lat' dir='ltr'>optabant,</span> <span class='ocrx_word' id='word_1_550' title='bbox 2600 2776 2932 2848; x_wconf 67' lang='lat' dir='ltr'>prmbebam</span> <span class='ocrx_word' id='word_1_551' title='bbox 2962 2773 3286 2831; x_wconf 89' lang='lat' dir='ltr'>buccellam</span> <span class='ocrx_word' id='word_1_552' title='bbox 3318 2774 3596 2831; x_wconf 90' lang='lat' dir='ltr'>dicendo:</span> <span class='ocrx_word' id='word_1_553' title='bbox 3629 2778 3782 2835; x_wconf 85' lang='lat' dir='ltr'>Cor-</span> 
     </span>
    </p>
   </div>
   <div class='ocr_carea' id='block_1_78' title="bbox 2109 2863 3782 2936">
    <p class='ocr_par' dir='ltr' id='par_1_78' title="bbox 2109 2863 3782 2936">
     <span class='ocr_line' id='line_1_79' title="bbox 2109 2863 3782 2936; baseline 0.001 -16"><span class='ocrx_word' id='word_1_554' title='bbox 2109 2881 2216 2935; x_wconf 87' lang='lat' dir='ltr'>pus</span> <span class='ocrx_word' id='word_1_555' title='bbox 2246 2865 2478 2921; x_wconf 82' lang='lat' dir='ltr'>Domini</span> <span class='ocrx_word' id='word_1_556' title='bbox 2505 2865 2694 2922; x_wconf 83' lang='lat' dir='ltr'>nostri</span> <span class='ocrx_word' id='word_1_557' title='bbox 2721 2867 2853 2922; x_wconf 90' lang='lat' dir='ltr'>Jesu</span> <span class='ocrx_word' id='word_1_558' title='bbox 2892 2863 3106 2922; x_wconf 83' lang='lat' dir='ltr'>Christi</span> <span class='ocrx_word' id='word_1_559' title='bbox 3129 2863 3321 2936; x_wconf 83' lang='lat' dir='ltr'>prosit</span> <span class='ocrx_word' id='word_1_560' title='bbox 3365 2863 3482 2919; x_wconf 86' lang='lat' dir='ltr'>tibi</span> <span class='ocrx_word' id='word_1_561' title='bbox 3508 2864 3568 2919; x_wconf 86' lang='lat' dir='ltr'>in</span> <span class='ocrx_word' id='word_1_562' title='bbox 3596 2863 3782 2922; x_wconf 83' lang='lat' dir='ltr'>vitam</span> 
     </span>
    </p>
   </div>
   <div class='ocr_carea' id='block_1_79' title="bbox 2110 2951 3781 3025">
    <p class='ocr_par' dir='ltr' id='par_1_79' title="bbox 2110 2951 3781 3025">
     <span class='ocr_line' id='line_1_80' title="bbox 2110 2951 3781 3025; baseline -0.001 -14"><span class='ocrx_word' id='word_1_563' title='bbox 2110 2963 2387 3011; x_wconf 58' lang='lat' dir='ltr'>uernam</span> <span class='ocrx_word' id='word_1_564' title='bbox 2410 2973 2432 3020; x_wconf 78' lang='lat'>,-</span> <span class='ocrx_word' id='word_1_565' title='bbox 2457 2954 2772 3011; x_wconf 89' lang='lat' dir='ltr'>clamasset</span> <span class='ocrx_word' id='word_1_566' title='bbox 2800 2952 3046 3021; x_wconf 61' lang='lat' dir='ltr'>caeteris,</span> <span class='ocrx_word' id='word_1_567' title='bbox 3068 2952 3225 3025; x_wconf 90' lang='lat' dir='ltr'>quod</span> <span class='ocrx_word' id='word_1_568' title='bbox 3245 2951 3344 3008; x_wconf 91' lang='lat' dir='ltr'>ille</span> <span class='ocrx_word' id='word_1_569' title='bbox 3366 2952 3668 3025; x_wconf 89' lang='lat' dir='ltr'>quondam</span> <span class='ocrx_word' id='word_1_570' title='bbox 3690 2953 3781 3010; x_wconf 87' lang='lat' dir='ltr'>la-</span> 
     </span>
    </p>
   </div>
   <div class='ocr_carea' id='block_1_80' title="bbox 2108 3040 3771 3117">
    <p class='ocr_par' dir='ltr' id='par_1_80' title="bbox 2108 3040 3771 3117">
     <span class='ocr_line' id='line_1_81' title="bbox 2108 3040 3771 3117; baseline 0 -19"><span class='ocrx_word' id='word_1_571' title='bbox 2108 3043 2475 3115; x_wconf 91' lang='lat' dir='ltr'>pidatoribus</span> <span class='ocrx_word' id='word_1_572' title='bbox 2514 3043 2702 3099; x_wconf 89' lang='lat' dir='ltr'>sancti</span> <span class='ocrx_word' id='word_1_573' title='bbox 2733 3041 3087 3099; x_wconf 86' lang='lat' dir='ltr'>clamaverat</span> <span class='ocrx_word' id='word_1_574' title='bbox 3115 3040 3320 3098; x_wconf 87' lang='lat' dir='ltr'>Jacobi</span> <span class='ocrx_word' id='word_1_575' title='bbox 3354 3040 3628 3115; x_wconf 88' lang='lat' dir='ltr'>apostoli,</span> <span class='ocrx_word' id='word_1_576' title='bbox 3663 3044 3771 3117; x_wconf 89' lang='lat' dir='ltr'>qui</span> 
     </span>
    </p>
   </div>
   <div class='ocr_carea' id='block_1_81' title="bbox 2106 3130 3773 3204">
    <p class='ocr_par' dir='ltr' id='par_1_81' title="bbox 2106 3130 3773 3204">
     <span class='ocr_line' id='line_1_82' title="bbox 2106 3130 3773 3204; baseline 0 -16"><span class='ocrx_word' id='word_1_577' title='bbox 2106 3132 2286 3188; x_wconf 87' lang='lat' dir='ltr'>frater</span> <span class='ocrx_word' id='word_1_578' title='bbox 2313 3131 2507 3188; x_wconf 91' lang='lat' dir='ltr'>dictus</span> <span class='ocrx_word' id='word_1_579' title='bbox 2537 3136 2627 3187; x_wconf 90' lang='lat' dir='ltr'>est</span> <span class='ocrx_word' id='word_1_580' title='bbox 2651 3131 2900 3199; x_wconf 92' lang='lat' dir='ltr'>Domini,</span> <span class='ocrx_word' id='word_1_581' title='bbox 2926 3135 2992 3187; x_wconf 90' lang='lat' dir='ltr'>ut</span> <span class='ocrx_word' id='word_1_582' title='bbox 3011 3132 3220 3187; x_wconf 88' lang='lat' dir='ltr'>fratres</span> <span class='ocrx_word' id='word_1_583' title='bbox 3239 3130 3531 3204; x_wconf 89' lang='lat' dir='ltr'>hodieque</span> <span class='ocrx_word' id='word_1_584' title='bbox 3554 3131 3773 3188; x_wconf 88' lang='lat' dir='ltr'>dicun-</span> 
     </span>
    </p>
   </div>
   <div class='ocr_carea' id='block_1_82' title="bbox 2106 3217 3762 3294">
    <p class='ocr_par' dir='ltr' id='par_1_82' title="bbox 2106 3217 3762 3294">
     <span class='ocr_line' id='line_1_83' title="bbox 2106 3217 3762 3294; baseline -0.001 -17"><span class='ocrx_word' id='word_1_585' title='bbox 2106 3225 2203 3277; x_wconf 91' lang='lat' dir='ltr'>tur</span> <span class='ocrx_word' id='word_1_586' title='bbox 2232 3219 2737 3294; x_wconf 87' lang='lat' dir='ltr'>consanguinitate</span> <span class='ocrx_word' id='word_1_587' title='bbox 2769 3219 3086 3292; x_wconf 90' lang='lat' dir='ltr'>propinqui</span> <span class='ocrx_word' id='word_1_588' title='bbox 3113 3237 3126 3277; x_wconf 90' lang='lat'><strong>:</strong></span> <span class='ocrx_word' id='word_1_589' title='bbox 3157 3220 3411 3287; x_wconf 87' lang='lat' dir='ltr'>Parcite,</span> <span class='ocrx_word' id='word_1_590' title='bbox 3453 3217 3762 3294; x_wconf 87' lang='lat' dir='ltr'>inquiens,</span> 
     </span>
    </p>
   </div>
   <div class='ocr_carea' id='block_1_83' title="bbox 2113 3396 3779 3472">
    <p class='ocr_par' dir='ltr' id='par_1_83' title="bbox 2113 3396 3779 3472">
     <span class='ocr_line' id='line_1_84' title="bbox 2113 3396 3779 3472; baseline -0.001 -17"><span class='ocrx_word' id='word_1_591' title='bbox 2113 3417 2267 3468; x_wconf 88' lang='lat' dir='ltr'>rum,</span> <span class='ocrx_word' id='word_1_592' title='bbox 2281 3399 2918 3472; x_wconf 83' lang='lat' dir='ltr'>furibusquidem(quia</span> <span class='ocrx_word' id='word_1_593' title='bbox 2932 3397 3151 3454; x_wconf 91' lang='lat' dir='ltr'>scilicet</span> <span class='ocrx_word' id='word_1_594' title='bbox 3163 3397 3315 3453; x_wconf 91' lang='lat' dir='ltr'>clam</span> <span class='ocrx_word' id='word_1_595' title='bbox 3332 3396 3537 3472; x_wconf 80' lang='lat' dir='ltr'>domui</span> <span class='ocrx_word' id='word_1_596' title='bbox 3552 3398 3779 3472; x_wconf 85' lang='lat' dir='ltr'>episco-</span> 
     </span>
    </p>
   </div>
   <div class='ocr_carea' id='block_1_84' title="bbox 2116 3468 3777 3544">
    <p class='ocr_par' dir='ltr' id='par_1_84' title="bbox 2116 3468 3777 3544">
     <span class='ocr_line' id='line_1_85' title="bbox 2116 3468 3777 3544; baseline 0 -18"><span class='ocrx_word' id='word_1_597' title='bbox 2116 3468 2474 3544; x_wconf 85' lang='lat' dir='ltr'>palidamna</span> <span class='ocrx_word' id='word_1_598' title='bbox 2503 3468 3009 3544; x_wconf 77' lang='lat' dir='ltr'>intulerunt),quia</span> <span class='ocrx_word' id='word_1_599' title='bbox 3032 3472 3397 3543; x_wconf 87' lang='lat' dir='ltr'>longinquus,</span> <span class='ocrx_word' id='word_1_600' title='bbox 3429 3468 3649 3544; x_wconf 72' lang='lat' dir='ltr'>idest,</span> <span class='ocrx_word' id='word_1_601' title='bbox 3699 3471 3777 3526; x_wconf 81' lang='lat' dir='ltr'>ab</span> 
     </span>
    </p>
   </div>
   <div class='ocr_carea' id='block_1_85' title="bbox 2116 3540 3780 3615">
    <p class='ocr_par' dir='ltr' id='par_1_85' title="bbox 2116 3540 3780 3615">
     <span class='ocr_line' id='line_1_86' title="bbox 2116 3540 3780 3615; baseline 0 -17"><span class='ocrx_word' id='word_1_602' title='bbox 2116 3540 2183 3598; x_wconf 75' lang='lat' dir='ltr'>ea</span> <span class='ocrx_word' id='word_1_603' title='bbox 2223 3543 2396 3598; x_wconf 87' lang='lat' dir='ltr'>domo</span> <span class='ocrx_word' id='word_1_604' title='bbox 2429 3547 2709 3609; x_wconf 91' lang='lat' dir='ltr'>remotus,</span> <span class='ocrx_word' id='word_1_605' title='bbox 2757 3540 3207 3611; x_wconf 79' lang='lat' dir='ltr'>hospitantibns,</span> <span class='ocrx_word' id='word_1_606' title='bbox 3238 3540 3385 3615; x_wconf 70' lang='lat' dir='ltr'>quia</span> <span class='ocrx_word' id='word_1_607' title='bbox 3417 3540 3624 3597; x_wconf 85' lang='lat' dir='ltr'>videor</span> <span class='ocrx_word' id='word_1_608' title='bbox 3653 3557 3780 3615; x_wconf 82' lang='lat' dir='ltr'>esse</span> 
     </span>
    </p>
   </div>
   <div class='ocr_carea' id='block_1_86' title="bbox 2115 3614 3782 3683">
    <p class='ocr_par' dir='ltr' id='par_1_86' title="bbox 2115 3614 3782 3683">
     <span class='ocr_line' id='line_1_87' title="bbox 2115 3614 3782 3683; baseline 0.002 -14"><span class='ocrx_word' id='word_1_609' title='bbox 2115 3616 2274 3683; x_wconf 87' lang='lat' dir='ltr'>longe</span> <span class='ocrx_word' id='word_1_610' title='bbox 2291 3615 2485 3682; x_wconf 85' lang='lat' dir='ltr'>impar</span> <span class='ocrx_word' id='word_1_611' title='bbox 2496 3616 2736 3681; x_wconf 86' lang='lat' dir='ltr'>viribus,</span> <span class='ocrx_word' id='word_1_612' title='bbox 2750 3615 3075 3682; x_wconf 71' lang='lat' dir='ltr'>praesertim</span> <span class='ocrx_word' id='word_1_613' title='bbox 3093 3630 3224 3669; x_wconf 90' lang='lat' dir='ltr'>cum</span> <span class='ocrx_word' id='word_1_614' title='bbox 3241 3614 3457 3670; x_wconf 81' lang='lat' dir='ltr'>constet</span> <span class='ocrx_word' id='word_1_615' title='bbox 3465 3629 3564 3669; x_wconf 83' lang='lat' dir='ltr'>eos</span> <span class='ocrx_word' id='word_1_616' title='bbox 3573 3614 3782 3673; x_wconf 79' lang='lat' dir='ltr'>redire</span> 
     </span>
    </p>
   </div>
   <div class='ocr_carea' id='block_1_87' title="bbox 2115 3684 3779 3758">
    <p class='ocr_par' dir='ltr' id='par_1_87' title="bbox 2115 3684 3779 3758">
     <span class='ocr_line' id='line_1_88' title="bbox 2115 3684 3779 3758; baseline -0.001 -17"><span class='ocrx_word' id='word_1_617' title='bbox 2115 3686 2180 3741; x_wconf 88' lang='lat' dir='ltr'>de</span> <span class='ocrx_word' id='word_1_618' title='bbox 2192 3689 2457 3743; x_wconf 72' lang='lat' dir='ltr'>exercitu</span> <span class='ocrx_word' id='word_1_619' title='bbox 2474 3687 2792 3758; x_wconf 81' lang='lat' dir='ltr'>imperiali,</span> <span class='ocrx_word' id='word_1_620' title='bbox 2812 3687 2900 3741; x_wconf 77' lang='lat' dir='ltr'>cel</span> <span class='ocrx_word' id='word_1_621' title='bbox 2912 3688 3109 3758; x_wconf 86' lang='lat' dir='ltr'>venire</span> <span class='ocrx_word' id='word_1_622' title='bbox 3130 3686 3211 3741; x_wconf 92' lang='lat' dir='ltr'>ad</span> <span class='ocrx_word' id='word_1_623' title='bbox 3228 3687 3430 3753; x_wconf 87' lang='lat' dir='ltr'>illum;</span> <span class='ocrx_word' id='word_1_624' title='bbox 3450 3684 3779 3758; x_wconf 73' lang='lat' dir='ltr'>mendacis-</span> 
     </span>
    </p>
   </div>
   <div class='ocr_carea' id='block_1_88' title="bbox 2116 3754 3778 3829">
    <p class='ocr_par' dir='ltr' id='par_1_88' title="bbox 2116 3754 3778 3829">
     <span class='ocr_line' id='line_1_89' title="bbox 2116 3754 3778 3829; baseline -0.001 -16"><span class='ocrx_word' id='word_1_625' title='bbox 2116 3758 2250 3813; x_wconf 87' lang='lat' dir='ltr'>simi</span> <span class='ocrx_word' id='word_1_626' title='bbox 2272 3754 2572 3815; x_wconf 81' lang='lat' dir='ltr'>conductis</span> <span class='ocrx_word' id='word_1_627' title='bbox 2627 3757 3159 3829; x_wconf 85' lang='lat' dir='ltr'>consideratoribus</span> <span class='ocrx_word' id='word_1_628' title='bbox 3207 3761 3377 3829; x_wconf 91' lang='lat' dir='ltr'>(quos</span> <span class='ocrx_word' id='word_1_629' title='bbox 3427 3754 3674 3829; x_wconf 84' lang='lat' dir='ltr'>scilicet,</span> <span class='ocrx_word' id='word_1_630' title='bbox 3711 3760 3778 3811; x_wconf 90' lang='lat' dir='ltr'>ut</span> 
     </span>
    </p>
   </div>
   <div class='ocr_carea' id='block_1_89' title="bbox 2117 3827 3776 3901">
    <p class='ocr_par' dir='ltr' id='par_1_89' title="bbox 2117 3827 3776 3901">
     <span class='ocr_line' id='line_1_90' title="bbox 2117 3827 3776 3901; baseline 0 -18"><span class='ocrx_word' id='word_1_631' title='bbox 2117 3833 2288 3884; x_wconf 87' lang='lat' dir='ltr'>antea</span> <span class='ocrx_word' id='word_1_632' title='bbox 2313 3830 2477 3897; x_wconf 78' lang='lat' dir='ltr'>dixit,</span> <span class='ocrx_word' id='word_1_633' title='bbox 2503 3829 3022 3885; x_wconf 84' lang='lat' dir='ltr'>circumduxerunt</span> <span class='ocrx_word' id='word_1_634' title='bbox 3043 3829 3115 3884; x_wconf 87' lang='lat' dir='ltr'>ad</span> <span class='ocrx_word' id='word_1_635' title='bbox 3139 3827 3569 3901; x_wconf 78' lang='lat' dir='ltr'>inspiciendam</span> <span class='ocrx_word' id='word_1_636' title='bbox 3586 3831 3776 3883; x_wconf 84' lang='lat' dir='ltr'>totam</span> 
     </span>
    </p>
   </div>
   <div class='ocr_carea' id='block_1_90' title="bbox 2116 3902 3592 3969">
    <p class='ocr_par' dir='ltr' id='par_1_90' title="bbox 2116 3902 3592 3969">
     <span class='ocr_line' id='line_1_91' title="bbox 2116 3902 3592 3969; baseline -0.002 -13"><span class='ocrx_word' id='word_1_637' title='bbox 2116 3902 2381 3969; x_wconf 89' lang='lat' dir='ltr'>domum)</span> <span class='ocrx_word' id='word_1_638' title='bbox 2410 3910 2682 3958; x_wconf 78' lang='lat' dir='ltr'>accusant</span> <span class='ocrx_word' id='word_1_639' title='bbox 2711 3917 2801 3956; x_wconf 89' lang='lat' dir='ltr'>me</span> <span class='ocrx_word' id='word_1_640' title='bbox 2832 3902 3134 3956; x_wconf 84' lang='lat' dir='ltr'>destruere</span> <span class='ocrx_word' id='word_1_641' title='bbox 3160 3902 3447 3968; x_wconf 87' lang='lat' dir='ltr'>eamdem,</span> <span class='ocrx_word' id='word_1_642' title='bbox 3481 3903 3592 3953; x_wconf 91' lang='lat' dir='ltr'>etc.</span> 
     </span>
    </p>
   </div>
   <div class='ocr_carea' id='block_1_91' title="bbox 2185 3971 3778 4045">
    <p class='ocr_par' dir='ltr' id='par_1_91' title="bbox 2185 3971 3778 4045">
     <span class='ocr_line' id='line_1_92' title="bbox 2185 3971 3778 4045; baseline 0.001 -18"><span class='ocrx_word' id='word_1_643' title='bbox 2185 3974 2372 4041; x_wconf 84' lang='lat' dir='ltr'>(l502)</span> <span class='ocrx_word' id='word_1_644' title='bbox 2416 3973 2740 4045; x_wconf 83' lang='lat' dir='ltr'>Legebatur</span> <span class='ocrx_word' id='word_1_645' title='bbox 2790 3973 2849 4027; x_wconf 89' lang='lat' dir='ltr'>in</span> <span class='ocrx_word' id='word_1_646' title='bbox 2881 3971 3060 4045; x_wconf 85' lang='lat' dir='ltr'>vulg.,</span> <span class='ocrx_word' id='word_1_647' title='bbox 3113 3973 3284 4045; x_wconf 78' lang='lat' dir='ltr'>idem,</span> <span class='ocrx_word' id='word_1_648' title='bbox 3335 3972 3438 4045; x_wconf 82' lang='lat' dir='ltr'>qui</span> <span class='ocrx_word' id='word_1_649' title='bbox 3465 3971 3595 4045; x_wconf 85' lang='lat' dir='ltr'>hoc_</span> <span class='ocrx_word' id='word_1_650' title='bbox 3622 3971 3778 4029; x_wconf 71' lang='lat' dir='ltr'>mihi</span> 
     </span>
    </p>
   </div>
   <div class='ocr_carea' id='block_1_92' title="bbox 2114 3990 3770 4116">
    <p class='ocr_par' dir='ltr' id='par_1_92' title="bbox 2114 3990 3770 4116">
     <span class='ocr_line' id='line_1_93' title="bbox 2185 3990 3770 4098; baseline 0 -71"><span class='ocrx_word' id='word_1_651' title='bbox 2185 3990 2372 4041; x_wconf 69' lang='grc' dir='ltr'>(ιουκ)</span> <span class='ocrx_word' id='word_1_652' title='bbox 2416 3990 2740 4045; x_wconf 67' lang='lat' dir='ltr'>negenatur</span> <span class='ocrx_word' id='word_1_653' title='bbox 2790 3990 2849 4027; x_wconf 80' lang='lat' dir='ltr'>1n</span> <span class='ocrx_word' id='word_1_654' title='bbox 2881 3990 3060 4098; x_wconf 44' lang='lat' dir='ltr'>vuig”</span> <span class='ocrx_word' id='word_1_655' title='bbox 3113 3990 3284 4039; x_wconf 76' lang='lat' dir='ltr'>:aem,</span> <span class='ocrx_word' id='word_1_656' title='bbox 3335 3990 3436 4042; x_wconf 74' lang='lat' dir='ltr'>qui</span> <span class='ocrx_word' id='word_1_657' title='bbox 3465 3990 3571 4027; x_wconf 86' lang='lat' dir='ltr'>noc</span> <span class='ocrx_word' id='word_1_658' title='bbox 3622 3990 3770 4028; x_wconf 76' lang='lat' dir='ltr'>mzm</span> 
     </span>
     <span class='ocr_line' id='line_1_94' title="bbox 2114 4041 3770 4116; baseline 0 -19"><span class='ocrx_word' id='word_1_659' title='bbox 2114 4043 2328 4114; x_wconf 86' lang='lat' dir='ltr'>ingerit</span> <span class='ocrx_word' id='word_1_660' title='bbox 2351 4062 2369 4099; x_wconf 93' lang='lat'><strong><em>:</em></strong></span> <span class='ocrx_word' id='word_1_661' title='bbox 2402 4048 2460 4099; x_wconf 90' lang='lat' dir='ltr'>at</span> <span class='ocrx_word' id='word_1_662' title='bbox 2481 4043 2692 4116; x_wconf 88' lang='lat' dir='ltr'>plurali</span> <span class='ocrx_word' id='word_1_663' title='bbox 2712 4060 2957 4100; x_wconf 90' lang='lat' dir='ltr'>numero</span> <span class='ocrx_word' id='word_1_664' title='bbox 3018 4059 3097 4099; x_wconf 62' lang='lat' dir='ltr'>ac</span> <span class='ocrx_word' id='word_1_665' title='bbox 3122 4043 3414 4116; x_wconf 77' lang='lat' dir='ltr'>efferenda</span> <span class='ocrx_word' id='word_1_666' title='bbox 3434 4041 3627 4116; x_wconf 79' lang='lat' dir='ltr'>suasit</span> <span class='ocrx_word' id='word_1_667' title='bbox 3649 4058 3770 4116; x_wconf 84' lang='lat' dir='ltr'>non</span> 
     </span>
    </p>
   </div>
   <div class='ocr_carea' id='block_1_93' title="bbox 2116 4112 3773 4187">
    <p class='ocr_par' dir='ltr' id='par_1_93' title="bbox 2116 4112 3773 4187">
     <span class='ocr_line' id='line_1_95' title="bbox 2116 4112 3773 4187; baseline -0.001 -18"><span class='ocrx_word' id='word_1_668' title='bbox 2116 4112 2307 4169; x_wconf 87' lang='lat' dir='ltr'>solum</span> <span class='ocrx_word' id='word_1_669' title='bbox 2336 4112 2586 4186; x_wconf 80' lang='lat' dir='ltr'>sequens</span> <span class='ocrx_word' id='word_1_670' title='bbox 2620 4132 2829 4170; x_wconf 90' lang='lat' dir='ltr'>nomen</span> <span class='ocrx_word' id='word_1_671' title='bbox 2860 4116 3108 4187; x_wconf 77' lang='lat' dir='ltr'>furibus,</span> <span class='ocrx_word' id='word_1_672' title='bbox 3144 4115 3244 4187; x_wconf 86' lang='lat' dir='ltr'>sed</span> <span class='ocrx_word' id='word_1_673' title='bbox 3274 4113 3450 4187; x_wconf 86' lang='lat' dir='ltr'>etiam</span> <span class='ocrx_word' id='word_1_674' title='bbox 3492 4112 3667 4185; x_wconf 88' lang='lat' dir='ltr'>epist.</span> <span class='ocrx_word' id='word_1_675' title='bbox 3701 4114 3773 4187; x_wconf 78' lang='lat' dir='ltr'>_l_2</span> 
     </span>
    </p>
   </div>
   <div class='ocr_carea' id='block_1_94' title="bbox 2114 4184 3770 4257">
    <p class='ocr_par' dir='ltr' id='par_1_94' title="bbox 2114 4184 3770 4257">
     <span class='ocr_line' id='line_1_96' title="bbox 2114 4184 3770 4257; baseline -0.001 -17"><span class='ocrx_word' id='word_1_676' title='bbox 2114 4187 2187 4241; x_wconf 91' lang='lat' dir='ltr'>ad</span> <span class='ocrx_word' id='word_1_677' title='bbox 2218 4184 2616 4251; x_wconf 82' lang='lat' dir='ltr'>Ambrosium,</span> <span class='ocrx_word' id='word_1_678' title='bbox 2639 4186 2736 4242; x_wconf 90' lang='lat' dir='ltr'>ubi</span> <span class='ocrx_word' id='word_1_679' title='bbox 2762 4184 2925 4257; x_wconf 85' lang='lat' dir='ltr'>num,</span> <span class='ocrx_word' id='word_1_680' title='bbox 2948 4187 2978 4241; x_wconf 68' lang='grc'><strong><em>4</em></strong></span> <span class='ocrx_word' id='word_1_681' title='bbox 3012 4186 3120 4242; x_wconf 93' lang='lat' dir='ltr'>hoc</span> <span class='ocrx_word' id='word_1_682' title='bbox 3141 4185 3296 4242; x_wconf 89' lang='lat' dir='ltr'>idem</span> <span class='ocrx_word' id='word_1_683' title='bbox 3323 4184 3544 4257; x_wconf 79' lang='lat' dir='ltr'>factum</span> <span class='ocrx_word' id='word_1_684' title='bbox 3586 4184 3770 4256; x_wconf 76' lang='lat' dir='ltr'>expli-</span> 
     </span>
    </p>
   </div>
   <div class='ocr_carea' id='block_1_95' title="bbox 2116 4254 3769 4329">
    <p class='ocr_par' dir='ltr' id='par_1_95' title="bbox 2116 4254 3769 4329">
     <span class='ocr_line' id='line_1_97' title="bbox 2116 4254 3769 4329; baseline -0.001 -17"><span class='ocrx_word' id='word_1_685' title='bbox 2116 4262 2281 4312; x_wconf 88' lang='lat' dir='ltr'>catur</span> <span class='ocrx_word' id='word_1_686' title='bbox 2312 4257 2424 4313; x_wconf 89' lang='lat' dir='ltr'>sic:</span> <span class='ocrx_word' id='word_1_687' title='bbox 2460 4258 2893 4329; x_wconf 79' lang='lat' dir='ltr'>Quadraginta,</span> <span class='ocrx_word' id='word_1_688' title='bbox 2911 4254 2981 4314; x_wconf 36' lang='lat' dir='ltr'>’ut</span> <span class='ocrx_word' id='word_1_689' title='bbox 3007 4259 3225 4328; x_wconf 83' lang='lat' dir='ltr'>ferunt,</span> <span class='ocrx_word' id='word_1_690' title='bbox 3254 4254 3517 4329; x_wconf 76' lang='lat' dir='ltr'>librasin</span> <span class='ocrx_word' id='word_1_691' title='bbox 3540 4254 3769 4312; x_wconf 77' lang='lat' dir='ltr'>restau-</span> 
     </span>
    </p>
   </div>
   <div class='ocr_carea' id='block_1_96' title="bbox 2116 4328 3770 4400">
    <p class='ocr_par' dir='ltr' id='par_1_96' title="bbox 2116 4328 3770 4400">
     <span class='ocr_line' id='line_1_98' title="bbox 2116 4328 3770 4400; baseline 0 -17"><span class='ocrx_word' id='word_1_692' title='bbox 2116 4330 2367 4396; x_wconf 90' lang='lat' dir='ltr'>ratione,</span> <span class='ocrx_word' id='word_1_693' title='bbox 2399 4328 2776 4399; x_wconf 84' lang='lat' dir='ltr'>ampliatione</span> <span class='ocrx_word' id='word_1_694' title='bbox 2803 4345 2875 4385; x_wconf 88' lang='lat' dir='ltr'>ac</span> <span class='ocrx_word' id='word_1_695' title='bbox 2903 4330 3273 4385; x_wconf 83' lang='lat' dir='ltr'>decoratione</span> <span class='ocrx_word' id='word_1_696' title='bbox 3287 4329 3409 4400; x_wconf 86' lang='lat' dir='ltr'>ejus</span> <span class='ocrx_word' id='word_1_697' title='bbox 3428 4328 3644 4383; x_wconf 91' lang='lat' dir='ltr'>domus</span> <span class='ocrx_word' id='word_1_698' title='bbox 3664 4345 3770 4383; x_wconf 73' lang='lat' dir='ltr'>ea:-</span> 
     </span>
    </p>
   </div>
   <div class='ocr_carea' id='block_1_97' title="bbox 2111 4400 3773 4469">
    <p class='ocr_par' dir='ltr' id='par_1_97' title="bbox 2111 4400 3773 4469">
     <span class='ocr_line' id='line_1_99' title="bbox 2111 4400 3773 4469; baseline 0.001 -14"><span class='ocrx_word' id='word_1_699' title='bbox 2111 4401 2313 4469; x_wconf 85' lang='lat' dir='ltr'>pendit</span> <span class='ocrx_word' id='word_1_700' title='bbox 2323 4401 2622 4469; x_wconf 78' lang='lat' dir='ltr'>episcopus</span> <span class='ocrx_word' id='word_1_701' title='bbox 2637 4402 2825 4457; x_wconf 71' lang='lat' dir='ltr'>sexies</span> <span class='ocrx_word' id='word_1_702' title='bbox 2837 4403 2988 4458; x_wconf 90' lang='lat' dir='ltr'>ostia</span> <span class='ocrx_word' id='word_1_703' title='bbox 3004 4401 3363 4458; x_wconf 85' lang='lat' dir='ltr'>solummodo</span> <span class='ocrx_word' id='word_1_704' title='bbox 3374 4400 3773 4456; x_wconf 87' lang='lat' dir='ltr'>restaurando</span> 
     </span>
    </p>
   </div>
   <div class='ocr_carea' id='block_1_98' title="bbox 2111 4470 3775 4543">
    <p class='ocr_par' dir='ltr' id='par_1_98' title="bbox 2111 4470 3775 4543">
     <span class='ocr_line' id='line_1_100' title="bbox 2111 4470 3775 4543; baseline -0.002 -15"><span class='ocrx_word' id='word_1_705' title='bbox 2111 4488 2241 4543; x_wconf 62' lang='lat' dir='ltr'>quae</span> <span class='ocrx_word' id='word_1_706' title='bbox 2270 4475 2495 4543; x_wconf 7' lang='lat' dir='ltr'>partim,</span> <span class='ocrx_word' id='word_1_707' title='bbox 2510 4474 2695 4542; x_wconf 85' lang='lat' dir='ltr'>furto,</span> <span class='ocrx_word' id='word_1_708' title='bbox 2718 4472 2773 4528; x_wconf 93' lang='lat' dir='ltr'>ld</span> <span class='ocrx_word' id='word_1_709' title='bbox 2803 4478 2890 4528; x_wconf 89' lang='lat' dir='ltr'>est</span> <span class='ocrx_word' id='word_1_710' title='bbox 2910 4472 3196 4539; x_wconf 88' lang='lat' dir='ltr'>clanculo,</span> <span class='ocrx_word' id='word_1_711' title='bbox 3223 4471 3435 4543; x_wconf 81' lang='lat' dir='ltr'>partim</span> <span class='ocrx_word' id='word_1_712' title='bbox 3452 4470 3507 4543; x_wconf 85' lang='lat' dir='ltr'>vi</span> <span class='ocrx_word' id='word_1_713' title='bbox 3524 4471 3775 4543; x_wconf 81' lang='lat' dir='ltr'>fuerant</span> 
     </span>
    </p>
   </div>
   <div class='ocr_carea' id='block_1_99' title="bbox 2113 4541 3770 4614">
    <p class='ocr_par' dir='ltr' id='par_1_99' title="bbox 2113 4541 3770 4614">
     <span class='ocr_line' id='line_1_101' title="bbox 2113 4541 3770 4614; baseline -0.001 -16"><span class='ocrx_word' id='word_1_714' title='bbox 2113 4541 2329 4614; x_wconf 82' lang='lat' dir='ltr'>ablata.</span> <span class='ocrx_word' id='word_1_715' title='bbox 2364 4541 2541 4600; x_wconf 85' lang='lat' dir='ltr'>Paulo</span> <span class='ocrx_word' id='word_1_716' title='bbox 2572 4547 2707 4600; x_wconf 86' lang='lat' dir='ltr'>ante</span> <span class='ocrx_word' id='word_1_717' title='bbox 2736 4562 2870 4600; x_wconf 89' lang='lat' dir='ltr'>vero</span> <span class='ocrx_word' id='word_1_718' title='bbox 2904 4544 3013 4599; x_wconf 92' lang='lat' dir='ltr'>hoc</span> <span class='ocrx_word' id='word_1_719' title='bbox 3045 4541 3331 4601; x_wconf 86' lang='lat' dir='ltr'>damnum</span> <span class='ocrx_word' id='word_1_720' title='bbox 3359 4541 3632 4614; x_wconf 86' lang='lat' dir='ltr'>pluribus</span> <span class='ocrx_word' id='word_1_721' title='bbox 3664 4542 3770 4597; x_wconf 86' lang='lat' dir='ltr'>tri-</span> 
     </span>
    </p>
   </div>
   <div class='ocr_carea' id='block_1_100' title="bbox 2114 4613 3773 4685">
    <p class='ocr_par' dir='ltr' id='par_1_100' title="bbox 2114 4613 3773 4685">
     <span class='ocr_line' id='line_1_102' title="bbox 2114 4613 3773 4685; baseline 0.001 -15"><span class='ocrx_word' id='word_1_722' title='bbox 2114 4613 2278 4671; x_wconf 91' lang='lat' dir='ltr'>buit:</span> <span class='ocrx_word' id='word_1_723' title='bbox 2311 4620 2379 4671; x_wconf 88' lang='lat' dir='ltr'>In</span> <span class='ocrx_word' id='word_1_724' title='bbox 2409 4617 2846 4672; x_wconf 85' lang='lat' dir='ltr'>restauratione</span> <span class='ocrx_word' id='word_1_725' title='bbox 2861 4617 3084 4683; x_wconf 87' lang='lat' dir='ltr'>domus,</span> <span class='ocrx_word' id='word_1_726' title='bbox 3118 4622 3177 4670; x_wconf 89' lang='lat' dir='ltr'>et</span> <span class='ocrx_word' id='word_1_727' title='bbox 3202 4613 3657 4685; x_wconf 83' lang='lat' dir='ltr'>ampliﬁcatione</span> <span class='ocrx_word' id='word_1_728' title='bbox 3671 4617 3773 4671; x_wconf 83' lang='lat' dir='ltr'>XL</span> 
     </span>
    </p>
   </div>
   <div class='ocr_carea' id='block_1_101' title="bbox 348 4675 3775 4760">
    <p class='ocr_par' dir='ltr' id='par_1_101' title="bbox 348 4675 3775 4760">
     <span class='ocr_line' id='line_1_103' title="bbox 348 4675 3775 4760; baseline -0 -19"><span class='ocrx_word' id='word_1_729' title='bbox 348 4683 503 4740; x_wconf 83' lang='lat' dir='ltr'>tione</span> <span class='ocrx_word' id='word_1_730' title='bbox 533 4675 857 4760; x_wconf 71' lang='lat' dir='ltr'>verborum,</span> <span class='ocrx_word' id='word_1_731' title='bbox 884 4704 998 4744; x_wconf 91' lang='lat' dir='ltr'>non</span> <span class='ocrx_word' id='word_1_732' title='bbox 1028 4691 1422 4746; x_wconf 84' lang='lat' dir='ltr'>erubescentes</span> <span class='ocrx_word' id='word_1_733' title='bbox 1440 4691 1512 4747; x_wconf 93' lang='lat' dir='ltr'>de</span> <span class='ocrx_word' id='word_1_734' title='bbox 1530 4706 1740 4760; x_wconf 86' lang='lat' dir='ltr'>genere</span> <span class='ocrx_word' id='word_1_735' title='bbox 1766 4675 2003 4760; x_wconf 64' lang='lat' dir='ltr'>passivo</span> <span class='ocrx_word' id='word_1_736' title='bbox 2028 4675 2077 4742; x_wconf 86' lang='lat' dir='ltr'><strong>D</strong></span> <span class='ocrx_word' id='word_1_737' title='bbox 2105 4688 2470 4743; x_wconf 87' lang='lat' dir='ltr'>stultissimus</span> <span class='ocrx_word' id='word_1_738' title='bbox 2500 4688 2676 4743; x_wconf 83' lang='lat' dir='ltr'>libras</span> <span class='ocrx_word' id='word_1_739' title='bbox 2704 4687 2971 4757; x_wconf 61' lang='lat' dir='ltr'>expendi.</span> <span class='ocrx_word' id='word_1_740' title='bbox 3024 4675 3169 4744; x_wconf 81' lang='lat' dir='ltr'>Eam</span> <span class='ocrx_word' id='word_1_741' title='bbox 3210 4675 3486 4757; x_wconf 71' lang='lat' dir='ltr'>Baj&#39;oarii</span> <span class='ocrx_word' id='word_1_742' title='bbox 3511 4686 3775 4760; x_wconf 36' lang='lat' dir='ltr'>etAjuagta</span> 
     </span>
    </p>
   </div>
   <div class='ocr_carea' id='block_1_102' title="bbox 346 4758 2001 4834">
    <p class='ocr_par' dir='ltr' id='par_1_102' title="bbox 346 4758 2001 4834">
     <span class='ocr_line' id='line_1_104' title="bbox 346 4758 2001 4834; baseline 0.005 -24"><span class='ocrx_word' id='word_1_743' title='bbox 346 4771 523 4834; x_wconf 76' lang='lat' dir='ltr'>agere</span> <span class='ocrx_word' id='word_1_744' title='bbox 549 4758 826 4834; x_wconf 73' lang='lat' dir='ltr'>actioum,</span> <span class='ocrx_word' id='word_1_745' title='bbox 846 4760 1119 4834; x_wconf 84' lang='lat' dir='ltr'>ﬁngentes</span> <span class='ocrx_word' id='word_1_746' title='bbox 1134 4762 1351 4834; x_wconf 84' lang='lat' dir='ltr'>scilicet</span> <span class='ocrx_word' id='word_1_747' title='bbox 1372 4779 1462 4817; x_wconf 92' lang='lat' dir='ltr'>me</span> <span class='ocrx_word' id='word_1_748' title='bbox 1481 4758 1831 4834; x_wconf 77' lang='lat' dir='ltr'>perpetrare</span> <span class='ocrx_word' id='word_1_749' title='bbox 1847 4763 2001 4834; x_wconf 84' lang='lat' dir='ltr'>quod</span> 
     </span>
    </p>
   </div>
   <div class='ocr_carea' id='block_1_103' title="bbox 345 4826 1996 4905">
    <p class='ocr_par' dir='ltr' id='par_1_103' title="bbox 345 4826 1996 4905">
     <span class='ocr_line' id='line_1_105' title="bbox 345 4826 1996 4905; baseline 0.002 -20"><span class='ocrx_word' id='word_1_750' title='bbox 345 4826 457 4903; x_wconf 80' lang='lat' dir='ltr'>ego</span> <span class='ocrx_word' id='word_1_751' title='bbox 465 4826 660 4905; x_wconf 77' lang='lat' dir='ltr'>dolent</span> <span class='ocrx_word' id='word_1_752' title='bbox 669 4826 901 4887; x_wconf 52' lang='lat' dir='ltr'>issem):</span> <span class='ocrx_word' id='word_1_753' title='bbox 912 4826 1127 4905; x_wconf 68' lang='lat' dir='ltr'>patior,</span> <span class='ocrx_word' id='word_1_754' title='bbox 1138 4833 1305 4904; x_wconf 84' lang='lat' dir='ltr'>quasi</span> <span class='ocrx_word' id='word_1_755' title='bbox 1311 4826 1553 4905; x_wconf 72' lang='lat' dir='ltr'>prapter</span> <span class='ocrx_word' id='word_1_756' title='bbox 1564 4826 1671 4890; x_wconf 70' lang='lat' dir='ltr'>[ioc</span> <span class='ocrx_word' id='word_1_757' title='bbox 1679 4826 1901 4905; x_wconf 55' lang='lat' dir='ltr'>fuerit&#39;i</span> <span class='ocrx_word' id='word_1_758' title='bbox 1903 4835 1943 4889; x_wconf 92' lang='lat' dir='ltr'>ll</span> <span class='ocrx_word' id='word_1_759' title='bbox 1948 4835 1996 4890; x_wconf 86' lang='lat' dir='ltr'>is</span> 
     </span>
    </p>
   </div>
   <div class='ocr_carea' id='block_1_104' title="bbox 343 4901 1999 5042">
    <p class='ocr_par' dir='ltr' id='par_1_104' title="bbox 343 4901 1999 5042">
     <span class='ocr_line' id='line_1_106' title="bbox 343 4901 1999 5042; baseline 0.004 -87"><span class='ocrx_word' id='word_1_760' title='bbox 343 4901 734 5042; x_wconf 52' lang='lat' dir='ltr'>gecessariuliin</span> <span class='ocrx_word' id='word_1_761' title='bbox 752 4917 919 4974; x_wconf 61' lang='lat' dir='ltr'>saepe,</span> <span class='ocrx_word' id='word_1_762' title='bbox 935 4901 1074 4958; x_wconf 89' lang='lat' dir='ltr'>aliis</span> <span class='ocrx_word' id='word_1_763' title='bbox 1088 4901 1217 4959; x_wconf 73' lang='lat' dir='ltr'>licet</span> <span class='ocrx_word' id='word_1_764' title='bbox 1240 4901 1442 4970; x_wconf 77' lang='lat' dir='ltr'>verbis,</span> <span class='ocrx_word' id='word_1_765' title='bbox 1456 4901 1743 4961; x_wconf 82' lang='lat' dir='ltr'>clamasse</span> <span class='ocrx_word' id='word_1_766' title='bbox 1758 4924 1770 4961; x_wconf 88' lang='lat'>:</span> <span class='ocrx_word' id='word_1_767' title='bbox 1798 4906 1999 4962; x_wconf 83' lang='lat' dir='ltr'>Cruci-</span> 
     </span>
     <span class='ocr_line' id='line_1_107' title="bbox 381 4986 1158 5042; baseline 0.003 -16"><span class='ocrx_word' id='word_1_768' title='bbox 381 4986 487 5040; x_wconf 72' lang='lat' dir='ltr'>ge,</span> <span class='ocrx_word' id='word_1_769' title='bbox 502 4987 660 5030; x_wconf 72' lang='lat' dir='ltr'>cruci</span> <span class='ocrx_word' id='word_1_770' title='bbox 702 4988 789 5042; x_wconf 90' lang='lat' dir='ltr'>ge.</span> <span class='ocrx_word' id='word_1_771' title='bbox 1150 5041 1158 5042; x_wconf 16' lang='grc' dir='ltr'>ί</span> 
     </span>
    </p>
   </div>
   <div class='ocr_carea' id='block_1_105' title="bbox 381 4986 789 5040">
    <p class='ocr_par' dir='ltr' id='par_1_105' title="bbox 381 4986 789 5040">
     <span class='ocr_line' id='line_1_108' title="bbox 381 4986 789 5040; baseline 0 -14"><span class='ocrx_word' id='word_1_772' title='bbox 381 4986 487 5040; x_wconf 72' lang='lat' dir='ltr'>ge,</span> <span class='ocrx_word' id='word_1_773' title='bbox 502 4986 789 5040; x_wconf 68' lang='lat' dir='ltr'>cruciﬁge.</span> 
     </span>
    </p>
   </div>
   <div class='ocr_carea' id='block_1_106' title="bbox 415 4988 1996 5115">
    <p class='ocr_par' dir='ltr' id='par_1_106' title="bbox 415 4988 1996 5115">
     <span class='ocr_line' id='line_1_109' title="bbox 415 4988 789 5044; baseline 0 -18"><span class='ocrx_word' id='word_1_774' title='bbox 415 4988 789 5044; x_wconf 27' lang='lat' dir='ltr'>&#39;e,.crucmge.</span> 
     </span>
     <span class='ocr_line' id='line_1_110' title="bbox 415 5041 1996 5115; baseline 0.005 -18"><span class='ocrx_word' id='word_1_775' title='bbox 415 5042 601 5115; x_wconf 78' lang='grc'>(1501)</span> <span class='ocrx_word' id='word_1_776' title='bbox 631 5043 918 5115; x_wconf 88' lang='lat' dir='ltr'>Con_strue</span> <span class='ocrx_word' id='word_1_777' title='bbox 949 5046 1008 5115; x_wconf 81' lang='lat' dir='ltr'>et</span> <span class='ocrx_word' id='word_1_778' title='bbox 1036 5041 1297 5115; x_wconf 84' lang='lat' dir='ltr'>explica:</span> <span class='ocrx_word' id='word_1_779' title='bbox 1328 5048 1473 5115; x_wconf 83' lang='lat' dir='ltr'>Nam</span> <span class='ocrx_word' id='word_1_780' title='bbox 1500 5043 1641 5099; x_wconf 87' lang='lat' dir='ltr'>dum</span> <span class='ocrx_word' id='word_1_781' title='bbox 1682 5052 1785 5102; x_wconf 87' lang='lat' dir='ltr'>hoc</span> <span class='ocrx_word' id='word_1_782' title='bbox 1815 5048 1996 5105; x_wconf 52' lang='lat' dir='ltr'>trien-</span> 
     </span>
    </p>
   </div>
   <div class='ocr_carea' id='block_1_107' title="bbox 343 5109 1996 5187">
    <p class='ocr_par' dir='ltr' id='par_1_107' title="bbox 343 5109 1996 5187">
     <span class='ocr_line' id='line_1_111' title="bbox 343 5109 1996 5187; baseline 0.006 -22"><span class='ocrx_word' id='word_1_783' title='bbox 343 5109 477 5187; x_wconf 86' lang='lat' dir='ltr'>n_io,_</span> <span class='ocrx_word' id='word_1_784' title='bbox 497 5110 554 5167; x_wconf 92' lang='lat' dir='ltr'>id</span> <span class='ocrx_word' id='word_1_785' title='bbox 572 5115 680 5187; x_wconf 81' lang='lat' dir='ltr'>est,</span> <span class='ocrx_word' id='word_1_786' title='bbox 709 5112 781 5168; x_wconf 88' lang='lat' dir='ltr'>ab</span> <span class='ocrx_word' id='word_1_787' title='bbox 803 5128 955 5187; x_wconf 82' lang='lat' dir='ltr'>anno</span> <span class='ocrx_word' id='word_1_788' title='bbox 976 5114 1084 5187; x_wconf 85' lang='lat'>965</span> <span class='ocrx_word' id='word_1_789' title='bbox 1107 5109 1295 5187; x_wconf 73' lang='lat' dir='ltr'>usque</span> <span class='ocrx_word' id='word_1_790' title='bbox 1319 5114 1386 5187; x_wconf 84' lang='lat' dir='ltr'>ad</span> <span class='ocrx_word' id='word_1_791' title='bbox 1412 5130 1635 5168; x_wconf 88' lang='lat' dir='ltr'>annum</span> <span class='ocrx_word' id='word_1_792' title='bbox 1656 5117 1996 5187; x_wconf 81' lang='lat' dir='ltr'>968,e:cpen-</span> 
     </span>
    </p>
   </div>
   <div class='ocr_carea' id='block_1_108' title="bbox 344 5181 1995 5261">
    <p class='ocr_par' dir='ltr' id='par_1_108' title="bbox 344 5181 1995 5261">
     <span class='ocr_line' id='line_1_112' title="bbox 344 5181 1995 5261; baseline 0.007 -26"><span class='ocrx_word' id='word_1_793' title='bbox 344 5181 535 5261; x_wconf 60' lang='lat' dir='ltr'>derint</span> <span class='ocrx_word' id='word_1_794' title='bbox 556 5181 681 5256; x_wconf 84' lang='lat' dir='ltr'>fere</span> <span class='ocrx_word' id='word_1_795' title='bbox 699 5182 1098 5261; x_wconf 79' lang='lat' dir='ltr'>quadraginta</span> <span class='ocrx_word' id='word_1_796' title='bbox 1121 5181 1303 5261; x_wconf 65' lang='lat' dir='ltr'>liliras</span> <span class='ocrx_word' id='word_1_797' title='bbox 1318 5185 1377 5239; x_wconf 85' lang='lat' dir='ltr'>in</span> <span class='ocrx_word' id='word_1_798' title='bbox 1394 5181 1822 5261; x_wconf 76' lang='lat' dir='ltr'>restauratione</span> <span class='ocrx_word' id='word_1_799' title='bbox 1838 5181 1995 5261; x_wconf 72' lang='lat' dir='ltr'>ejus-</span> 
     </span>
    </p>
   </div>
   <div class='ocr_carea' id='block_1_109' title="bbox 342 5253 1997 5328">
    <p class='ocr_par' dir='ltr' id='par_1_109' title="bbox 342 5253 1997 5328">
     <span class='ocr_line' id='line_1_113' title="bbox 342 5253 1997 5328; baseline 0.003 -17"><span class='ocrx_word' id='word_1_800' title='bbox 342 5253 478 5328; x_wconf 74' lang='lat' dir='ltr'>dem</span> <span class='ocrx_word' id='word_1_801' title='bbox 492 5253 694 5311; x_wconf 84' lang='lat' dir='ltr'>domus</span> <span class='ocrx_word' id='word_1_802' title='bbox 711 5253 1137 5328; x_wconf 81' lang='lat' dir='ltr'>episcopalis,ut</span> <span class='ocrx_word' id='word_1_803' title='bbox 1152 5254 1463 5328; x_wconf 77' lang='lat' dir='ltr'>[erantqui</span> <span class='ocrx_word' id='word_1_804' title='bbox 1476 5257 1736 5328; x_wconf 80' lang='lat' dir='ltr'>ministri</span> <span class='ocrx_word' id='word_1_805' title='bbox 1753 5253 1997 5327; x_wconf 73' lang='lat' dir='ltr'>fuerunt</span> 
     </span>
    </p>
   </div>
   <div class='ocr_carea' id='block_1_110' title="bbox 342 5323 1993 5400">
    <p class='ocr_par' dir='ltr' id='par_1_110' title="bbox 342 5323 1993 5400">
     <span class='ocr_line' id='line_1_114' title="bbox 342 5323 1993 5400; baseline 0.004 -20"><span class='ocrx_word' id='word_1_806' title='bbox 342 5325 422 5380; x_wconf 88' lang='lat' dir='ltr'>ad</span> <span class='ocrx_word' id='word_1_807' title='bbox 453 5323 561 5400; x_wconf 74' lang='lat' dir='ltr'>hoc</span> <span class='ocrx_word' id='word_1_808' title='bbox 580 5343 602 5391; x_wconf 78' lang='lat'>,°</span> <span class='ocrx_word' id='word_1_809' title='bbox 621 5340 847 5400; x_wconf 8' lang='lat' dir='ltr'>cumgea</span> <span class='ocrx_word' id='word_1_810' title='bbox 872 5323 1475 5400; x_wconf 12' lang='lat' dir='ltr'>domusiremansisset</span> <span class='ocrx_word' id='word_1_811' title='bbox 1493 5326 1616 5382; x_wconf 86' lang='lat' dir='ltr'>sine</span> <span class='ocrx_word' id='word_1_812' title='bbox 1638 5323 1993 5400; x_wconf 65' lang='lat' dir='ltr'>habitatore,</span> 
     </span>
    </p>
   </div>
   <div class='ocr_carea' id='block_1_111' title="bbox 342 5395 1997 5469">
    <p class='ocr_par' dir='ltr' id='par_1_111' title="bbox 342 5395 1997 5469">
     <span class='ocr_line' id='line_1_115' title="bbox 342 5395 1997 5469; baseline 0.003 -17"><span class='ocrx_word' id='word_1_813' title='bbox 342 5412 432 5453; x_wconf 85' lang='lat' dir='ltr'>me</span> <span class='ocrx_word' id='word_1_814' title='bbox 460 5395 673 5469; x_wconf 78' lang='lat' dir='ltr'>fugato</span> <span class='ocrx_word' id='word_1_815' title='bbox 701 5398 777 5469; x_wconf 73' lang='lat' dir='ltr'>at)</span> <span class='ocrx_word' id='word_1_816' title='bbox 805 5396 1005 5452; x_wconf 88' lang='lat' dir='ltr'>eadem</span> <span class='ocrx_word' id='word_1_817' title='bbox 1036 5399 1107 5453; x_wconf 89' lang='lat' dir='ltr'>ab</span> <span class='ocrx_word' id='word_1_818' title='bbox 1135 5396 1351 5451; x_wconf 90' lang='lat' dir='ltr'>eisdem</span> <span class='ocrx_word' id='word_1_819' title='bbox 1399 5399 1557 5469; x_wconf 72' lang='lat' dir='ltr'>(cum</span> <span class='ocrx_word' id='word_1_820' title='bbox 1589 5398 1811 5455; x_wconf 88' lang='lat' dir='ltr'>scilicet</span> <span class='ocrx_word' id='word_1_821' title='bbox 1839 5401 1898 5456; x_wconf 91' lang='lat' dir='ltr'>in</span> <span class='ocrx_word' id='word_1_822' title='bbox 1930 5395 1997 5458; x_wconf 81' lang='lat' dir='ltr'>ea</span> 
     </span>
    </p>
   </div>
   <div class='ocr_carea' id='block_1_112' title="bbox 344 5466 1996 5540">
    <p class='ocr_par' dir='ltr' id='par_1_112' title="bbox 344 5466 1996 5540">
     <span class='ocr_line' id='line_1_116' title="bbox 344 5466 1996 5540; baseline 0.003 -17"><span class='ocrx_word' id='word_1_823' title='bbox 344 5466 553 5540; x_wconf 80' lang='lat' dir='ltr'>captus</span> <span class='ocrx_word' id='word_1_824' title='bbox 574 5474 632 5525; x_wconf 87' lang='lat' dir='ltr'>et</span> <span class='ocrx_word' id='word_1_825' title='bbox 651 5466 945 5540; x_wconf 83' lang='lat' dir='ltr'>adductus</span> <span class='ocrx_word' id='word_1_826' title='bbox 966 5469 1095 5536; x_wconf 90' lang='lat' dir='ltr'>fuit,</span> <span class='ocrx_word' id='word_1_827' title='bbox 1131 5484 1195 5521; x_wconf 84' lang='lat' dir='ltr'>ac</span> <span class='ocrx_word' id='word_1_828' title='bbox 1223 5472 1426 5540; x_wconf 87' lang='lat' dir='ltr'>postea</span> <span class='ocrx_word' id='word_1_829' title='bbox 1446 5466 1595 5523; x_wconf 90' lang='lat' dir='ltr'>liber</span> <span class='ocrx_word' id='word_1_830' title='bbox 1624 5486 1736 5525; x_wconf 88' lang='lat' dir='ltr'>non</span> <span class='ocrx_word' id='word_1_831' title='bbox 1756 5473 1996 5529; x_wconf 88' lang='lat' dir='ltr'>auderet</span> 
     </span>
    </p>
   </div>
   <div class='ocr_carea' id='block_1_113' title="bbox 342 5539 1997 5614">
    <p class='ocr_par' dir='ltr' id='par_1_113' title="bbox 342 5539 1997 5614">
     <span class='ocr_line' id='line_1_117' title="bbox 342 5539 1997 5614; baseline 0.004 -21"><span class='ocrx_word' id='word_1_832' title='bbox 342 5539 594 5614; x_wconf 76' lang='lat' dir='ltr'>amplius</span> <span class='ocrx_word' id='word_1_833' title='bbox 624 5539 675 5597; x_wconf 90' lang='lat' dir='ltr'>ei</span> <span class='ocrx_word' id='word_1_834' title='bbox 708 5539 907 5614; x_wconf 82' lang='lat' dir='ltr'>domui</span> <span class='ocrx_word' id='word_1_835' title='bbox 940 5556 1002 5596; x_wconf 90' lang='lat' dir='ltr'>se</span> <span class='ocrx_word' id='word_1_836' title='bbox 1028 5541 1287 5614; x_wconf 63' lang='lat' dir='ltr'>crcderel</span> <span class='ocrx_word' id='word_1_837' title='bbox 1333 5539 1472 5614; x_wconf 86' lang='lat' dir='ltr'>dum</span> <span class='ocrx_word' id='word_1_838' title='bbox 1506 5540 1710 5614; x_wconf 81' lang='lat' dir='ltr'>iidem,</span> <span class='ocrx_word' id='word_1_839' title='bbox 1742 5545 1846 5614; x_wconf 89' lang='lat' dir='ltr'>qui</span> <span class='ocrx_word' id='word_1_840' title='bbox 1893 5548 1997 5600; x_wconf 88' lang='lat' dir='ltr'>hoc</span> 
     </span>
    </p>
   </div>
   <div class='ocr_carea' id='block_1_114' title="bbox 340 5609 1994 5682">
    <p class='ocr_par' dir='ltr' id='par_1_114' title="bbox 340 5609 1994 5682">
     <span class='ocr_line' id='line_1_118' title="bbox 340 5609 1994 5682; baseline 0.005 -18"><span class='ocrx_word' id='word_1_841' title='bbox 340 5609 621 5682; x_wconf 82' lang='lat' dir='ltr'>ingerunt</span> <span class='ocrx_word' id='word_1_842' title='bbox 651 5611 823 5680; x_wconf 82' lang='lat' dir='ltr'>mihi,</span> <span class='ocrx_word' id='word_1_843' title='bbox 854 5620 919 5665; x_wconf 82' lang='lat' dir='ltr'>ut</span> <span class='ocrx_word' id='word_1_844' title='bbox 947 5609 1326 5682; x_wconf 75' lang='lat' dir='ltr'>congruentia</span> <span class='ocrx_word' id='word_1_845' title='bbox 1368 5611 1581 5682; x_wconf 81' lang='lat' dir='ltr'>innuit,</span> <span class='ocrx_word' id='word_1_846' title='bbox 1631 5609 1994 5673; x_wconf 37' lang='lat' dir='ltr'>non‘cessent</span> 
     </span>
    </p>
   </div>
   <div class='ocr_carea' id='block_1_115' title="bbox 340 5681 1993 5757">
    <p class='ocr_par' dir='ltr' id='par_1_115' title="bbox 340 5681 1993 5757">
     <span class='ocr_line' id='line_1_119' title="bbox 340 5681 1993 5757; baseline 0.004 -20"><span class='ocrx_word' id='word_1_847' title='bbox 340 5681 631 5741; x_wconf 80' lang='lat' dir='ltr'>destruere</span> <span class='ocrx_word' id='word_1_848' title='bbox 656 5685 822 5757; x_wconf 84' lang='lat' dir='ltr'>illam</span> <span class='ocrx_word' id='word_1_849' title='bbox 844 5682 1012 5757; x_wconf 79' lang='lat' dir='ltr'>furto</span> <span class='ocrx_word' id='word_1_850' title='bbox 1043 5681 1122 5756; x_wconf 89' lang='lat' dir='ltr'>(id</span> <span class='ocrx_word' id='word_1_851' title='bbox 1155 5686 1245 5738; x_wconf 90' lang='lat' dir='ltr'>est</span> <span class='ocrx_word' id='word_1_852' title='bbox 1273 5681 1497 5757; x_wconf 83' lang='lat' dir='ltr'>furtim,</span> <span class='ocrx_word' id='word_1_853' title='bbox 1520 5684 1787 5757; x_wconf 87' lang='lat' dir='ltr'>occulte);</span> <span class='ocrx_word' id='word_1_854' title='bbox 1810 5688 1993 5757; x_wconf 84' lang='lat' dir='ltr'>hospi-</span> 
     </span>
    </p>
   </div>
   <div class='ocr_carea' id='block_1_116' title="bbox 340 5755 1995 5823">
    <p class='ocr_par' dir='ltr' id='par_1_116' title="bbox 340 5755 1995 5823">
     <span class='ocr_line' id='line_1_120' title="bbox 340 5755 1995 5823; baseline 0.005 -15"><span class='ocrx_word' id='word_1_855' title='bbox 340 5760 529 5813; x_wconf 79' lang='lat' dir='ltr'>tantes</span> <span class='ocrx_word' id='word_1_856' title='bbox 553 5772 693 5813; x_wconf 83' lang='lat' dir='ltr'>vero</span> <span class='ocrx_word' id='word_1_857' title='bbox 722 5755 885 5823; x_wconf 87' lang='lat' dir='ltr'>inibi,</span> <span class='ocrx_word' id='word_1_858' title='bbox 917 5771 1028 5813; x_wconf 90' lang='lat' dir='ltr'>non</span> <span class='ocrx_word' id='word_1_859' title='bbox 1052 5755 1291 5812; x_wconf 86' lang='lat' dir='ltr'>cessent</span> <span class='ocrx_word' id='word_1_860' title='bbox 1329 5755 1632 5811; x_wconf 85' lang='lat' dir='ltr'>destruere</span> <span class='ocrx_word' id='word_1_861' title='bbox 1662 5755 1829 5815; x_wconf 84' lang='lat' dir='ltr'>illam</span> <span class='ocrx_word' id='word_1_862' title='bbox 1853 5755 1917 5815; x_wconf 85' lang='lat' dir='ltr'>vi</span> <span class='ocrx_word' id='word_1_863' title='bbox 1937 5767 1995 5816; x_wconf 84' lang='lat' dir='ltr'>et</span> 
     </span>
    </p>
   </div>
   <div class='ocr_carea' id='block_1_117' title="bbox 338 5827 1995 5901">
    <p class='ocr_par' dir='ltr' id='par_1_117' title="bbox 338 5827 1995 5901">
     <span class='ocr_line' id='line_1_121' title="bbox 338 5827 1995 5901; baseline 0.004 -17"><span class='ocrx_word' id='word_1_864' title='bbox 338 5833 643 5901; x_wconf 66' lang='lat' dir='ltr'>potestate,</span> <span class='ocrx_word' id='word_1_865' title='bbox 668 5845 758 5887; x_wconf 88' lang='lat' dir='ltr'>me</span> <span class='ocrx_word' id='word_1_866' title='bbox 781 5828 1000 5887; x_wconf 85' lang='lat' dir='ltr'>scilicet</span> <span class='ocrx_word' id='word_1_867' title='bbox 1021 5844 1133 5888; x_wconf 88' lang='lat' dir='ltr'>non</span> <span class='ocrx_word' id='word_1_868' title='bbox 1156 5830 1377 5886; x_wconf 85' lang='lat' dir='ltr'>valente</span> <span class='ocrx_word' id='word_1_869' title='bbox 1391 5827 1661 5885; x_wconf 86' lang='lat' dir='ltr'>resistere</span> <span class='ocrx_word' id='word_1_870' title='bbox 1674 5830 1995 5890; x_wconf 88' lang='lat' dir='ltr'>alicuiillo-</span> 
     </span>
    </p>
   </div>
   <div class='ocr_carea' id='block_1_118' title="bbox 2106 4756 3774 4829">
    <p class='ocr_par' dir='ltr' id='par_1_118' title="bbox 2106 4756 3774 4829">
     <span class='ocr_line' id='line_1_122' title="bbox 2106 4756 3774 4829; baseline 0 -16"><span class='ocrx_word' id='word_1_871' title='bbox 2106 4760 2285 4827; x_wconf 84' lang='lat' dir='ltr'>positi</span> <span class='ocrx_word' id='word_1_872' title='bbox 2311 4760 2529 4824; x_wconf 86' lang='lat' dir='ltr'>clerici,</span> <span class='ocrx_word' id='word_1_873' title='bbox 2563 4765 2617 4814; x_wconf 90' lang='lat' dir='ltr'>et</span> <span class='ocrx_word' id='word_1_874' title='bbox 2646 4760 2859 4829; x_wconf 80' lang='lat' dir='ltr'>famuli</span> <span class='ocrx_word' id='word_1_875' title='bbox 2881 4760 3176 4829; x_wconf 66' lang='lat' dir='ltr'>praecipue</span> <span class='ocrx_word' id='word_1_876' title='bbox 3202 4756 3527 4829; x_wconf 77' lang='lat' dir='ltr'>destruunt.</span> <span class='ocrx_word' id='word_1_877' title='bbox 3562 4756 3774 4829; x_wconf 74' lang='lat' dir='ltr'>Confer</span> 
     </span>
    </p>
   </div>
   <div class='ocr_carea' id='block_1_119' title="bbox 2110 4827 3771 4902">
    <p class='ocr_par' dir='ltr' id='par_1_119' title="bbox 2110 4827 3771 4902">
     <span class='ocr_line' id='line_1_123' title="bbox 2110 4827 3771 4902; baseline -0.001 -17"><span class='ocrx_word' id='word_1_878' title='bbox 2110 4847 2238 4902; x_wconf 67' lang='lat' dir='ltr'>quae</span> <span class='ocrx_word' id='word_1_879' title='bbox 2264 4829 2373 4902; x_wconf 87' lang='lat' dir='ltr'>hac</span> <span class='ocrx_word' id='word_1_880' title='bbox 2405 4831 2475 4902; x_wconf 92' lang='lat' dir='ltr'>de</span> <span class='ocrx_word' id='word_1_881' title='bbox 2506 4827 2841 4902; x_wconf 12' lang='lat' dir='ltr'>reggibidem</span> <span class='ocrx_word' id='word_1_882' title='bbox 2901 4827 3092 4887; x_wconf 84' lang='lat' dir='ltr'>fusius</span> <span class='ocrx_word' id='word_1_883' title='bbox 3140 4830 3433 4902; x_wconf 76' lang='lat' dir='ltr'>descripta</span> <span class='ocrx_word' id='word_1_884' title='bbox 3479 4828 3636 4883; x_wconf 91' lang='lat' dir='ltr'>hunc</span> <span class='ocrx_word' id='word_1_885' title='bbox 3686 4827 3771 4884; x_wconf 82' lang='lat' dir='ltr'>lo-</span> 
     </span>
    </p>
   </div>
   <div class='ocr_carea' id='block_1_120' title="bbox 2108 4900 3772 4959">
    <p class='ocr_par' dir='ltr' id='par_1_120' title="bbox 2108 4900 3772 4959">
     <span class='ocr_line' id='line_1_124' title="bbox 2108 4900 3772 4959; baseline 0.001 -3"><span class='ocrx_word' id='word_1_886' title='bbox 2108 4900 2244 4956; x_wconf 77' lang='lat' dir='ltr'>cum</span> <span class='ocrx_word' id='word_1_887' title='bbox 2295 4901 2542 4957; x_wconf 89' lang='lat' dir='ltr'>miriﬁce</span> <span class='ocrx_word' id='word_1_888' title='bbox 2571 4900 2891 4957; x_wconf 90' lang='lat' dir='ltr'>illustrant.</span> <span class='ocrx_word' id='word_1_889' title='bbox 2926 4901 3295 4959; x_wconf 86' lang='lat' dir='ltr'>Correximus</span> <span class='ocrx_word' id='word_1_890' title='bbox 3326 4900 3503 4958; x_wconf 76' lang='lat' dir='ltr'>etiam</span> <span class='ocrx_word' id='word_1_891' title='bbox 3549 4905 3772 4957; x_wconf 73' lang='lat' dir='ltr'>cessent</span> 
     </span>
    </p>
   </div>
   <div class='ocr_carea' id='block_1_121' title="bbox 2111 4970 3771 5045">
    <p class='ocr_par' dir='ltr' id='par_1_121' title="bbox 2111 4970 3771 5045">
     <span class='ocr_line' id='line_1_125' title="bbox 2111 4970 3771 5045; baseline -0.001 -16"><span class='ocrx_word' id='word_1_892' title='bbox 2111 4973 2377 5045; x_wconf 85' lang='lat' dir='ltr'>exigente</span> <span class='ocrx_word' id='word_1_893' title='bbox 2428 4978 2733 5029; x_wconf 82' lang='lat' dir='ltr'>contextus</span> <span class='ocrx_word' id='word_1_894' title='bbox 2792 4973 3106 5042; x_wconf 86' lang='lat' dir='ltr'>sententia,</span> <span class='ocrx_word' id='word_1_895' title='bbox 3152 4973 3255 5029; x_wconf 91' lang='lat' dir='ltr'>ubi</span> <span class='ocrx_word' id='word_1_896' title='bbox 3314 4970 3620 5044; x_wconf 87' lang='lat' dir='ltr'>legebatur</span> <span class='ocrx_word' id='word_1_897' title='bbox 3647 4987 3771 5028; x_wconf 88' lang='lat' dir='ltr'>ces-</span> 
     </span>
    </p>
   </div>
   <div class='ocr_carea' id='block_1_122' title="bbox 2112 5054 2264 5101">
    <p class='ocr_par' dir='ltr' id='par_1_122' title="bbox 2112 5054 2264 5101">
     <span class='ocr_line' id='line_1_126' title="bbox 2112 5054 2264 5101; baseline -0.013 0"><span class='ocrx_word' id='word_1_898' title='bbox 2112 5054 2264 5101; x_wconf 81' lang='lat' dir='ltr'>sant.</span> 
     </span>
    </p>
   </div>
   <div class='ocr_carea' id='block_1_123' title="bbox 2179 5113 3771 5188">
    <p class='ocr_par' dir='ltr' id='par_1_123' title="bbox 2179 5113 3771 5188">
     <span class='ocr_line' id='line_1_127' title="bbox 2179 5113 3771 5188; baseline -0.002 -17"><span class='ocrx_word' id='word_1_899' title='bbox 2179 5114 2362 5187; x_wconf 87' lang='grc'>(1503)</span> <span class='ocrx_word' id='word_1_900' title='bbox 2389 5115 2448 5169; x_wconf 89' lang='lat' dir='ltr'>ld</span> <span class='ocrx_word' id='word_1_901' title='bbox 2474 5119 2587 5188; x_wconf 80' lang='lat' dir='ltr'>est,</span> <span class='ocrx_word' id='word_1_902' title='bbox 2622 5114 2889 5188; x_wconf 85' lang='lat' dir='ltr'>hospites</span> <span class='ocrx_word' id='word_1_903' title='bbox 2919 5115 3259 5188; x_wconf 82' lang='lat' dir='ltr'>imperatori</span> <span class='ocrx_word' id='word_1_904' title='bbox 3291 5113 3514 5188; x_wconf 82' lang='lat' dir='ltr'>ﬁdeles,</span> <span class='ocrx_word' id='word_1_905' title='bbox 3547 5113 3671 5186; x_wconf 89' lang='lat' dir='ltr'>qui,</span> <span class='ocrx_word' id='word_1_906' title='bbox 3705 5116 3771 5188; x_wconf 81' lang='lat' dir='ltr'>ut</span> 
     </span>
    </p>
   </div>
   <div class='ocr_carea' id='block_1_124' title="bbox 2105 5184 3771 5259">
    <p class='ocr_par' dir='ltr' id='par_1_124' title="bbox 2105 5184 3771 5259">
     <span class='ocr_line' id='line_1_128' title="bbox 2105 5184 3771 5259; baseline -0.002 -16"><span class='ocrx_word' id='word_1_907' title='bbox 2105 5184 2327 5243; x_wconf 57' lang='lat' dir='ltr'>direrat</span> <span class='ocrx_word' id='word_1_908' title='bbox 2343 5184 2528 5259; x_wconf 81' lang='lat' dir='ltr'>paulo</span> <span class='ocrx_word' id='word_1_909' title='bbox 2559 5193 2714 5259; x_wconf 78' lang='lat' dir='ltr'>ante,</span> <span class='ocrx_word' id='word_1_910' title='bbox 2743 5184 2822 5242; x_wconf 75' lang='lat' dir='ltr'>ad</span> <span class='ocrx_word' id='word_1_911' title='bbox 2855 5184 3234 5259; x_wconf 74' lang='lat' dir='ltr'>imperialem</span> <span class='ocrx_word' id='word_1_912' title='bbox 3264 5184 3583 5259; x_wconf 76' lang='lat' dir='ltr'>exercitum</span> <span class='ocrx_word' id='word_1_913' title='bbox 3602 5184 3771 5259; x_wconf 40' lang='lat' dir='ltr'>proﬁt</span> 
     </span>
    </p>
   </div>
   <div class='ocr_carea' id='block_1_125' title="bbox 2104 5253 3773 5329">
    <p class='ocr_par' dir='ltr' id='par_1_125' title="bbox 2104 5253 3773 5329">
     <span class='ocr_line' id='line_1_129' title="bbox 2104 5253 3773 5329; baseline -0.002 -15"><span class='ocrx_word' id='word_1_914' title='bbox 2104 5253 2408 5322; x_wconf 77' lang='lat' dir='ltr'>ciscentos,</span> <span class='ocrx_word' id='word_1_915' title='bbox 2443 5257 2530 5313; x_wconf 85' lang='lat' dir='ltr'>vel</span> <span class='ocrx_word' id='word_1_916' title='bbox 2561 5257 2697 5314; x_wconf 86' lang='lat' dir='ltr'>inde</span> <span class='ocrx_word' id='word_1_917' title='bbox 2751 5253 3062 5315; x_wconf 78' lang='lat' dir='ltr'>redeuntes</span> <span class='ocrx_word' id='word_1_918' title='bbox 3094 5258 3155 5315; x_wconf 91' lang='lat' dir='ltr'>in</span> <span class='ocrx_word' id='word_1_919' title='bbox 3222 5259 3396 5316; x_wconf 90' lang='lat' dir='ltr'>domo</span> <span class='ocrx_word' id='word_1_920' title='bbox 3451 5253 3773 5329; x_wconf 66' lang='lat' dir='ltr'>episcopali</span> 
     </span>
    </p>
   </div>
   <div class='ocr_carea' id='block_1_126' title="bbox 2104 5329 2577 5401">
    <p class='ocr_par' dir='ltr' id='par_1_126' title="bbox 2104 5329 2577 5401">
     <span class='ocr_line' id='line_1_130' title="bbox 2104 5329 2577 5401; baseline -0.004 -16"><span class='ocrx_word' id='word_1_921' title='bbox 2104 5329 2577 5401; x_wconf 87' lang='lat' dir='ltr'>hospitabantur.</span> 
     </span>
    </p>
   </div>
   <div class='ocr_carea' id='block_1_127' title="bbox 2176 5398 3773 5472">
    <p class='ocr_par' dir='ltr' id='par_1_127' title="bbox 2176 5398 3773 5472">
     <span class='ocr_line' id='line_1_131' title="bbox 2176 5398 3773 5472; baseline 0 -16"><span class='ocrx_word' id='word_1_922' title='bbox 2176 5398 2358 5472; x_wconf 69' lang='lat'>([504)</span> <span class='ocrx_word' id='word_1_923' title='bbox 2390 5402 2496 5455; x_wconf 90' lang='lat' dir='ltr'>Isti</span> <span class='ocrx_word' id='word_1_924' title='bbox 2520 5403 2660 5455; x_wconf 91' lang='lat' dir='ltr'>sunt</span> <span class='ocrx_word' id='word_1_925' title='bbox 2689 5399 2729 5454; x_wconf 91' lang='lat' dir='ltr'>ii</span> <span class='ocrx_word' id='word_1_926' title='bbox 2759 5399 3124 5457; x_wconf 88' lang='lat' dir='ltr'>Veronenses</span> <span class='ocrx_word' id='word_1_927' title='bbox 3154 5402 3337 5471; x_wconf 71' lang='lat' dir='ltr'>juxta</span> <span class='ocrx_word' id='word_1_928' title='bbox 3362 5398 3547 5472; x_wconf 78' lang='lat' dir='ltr'>positi</span> <span class='ocrx_word' id='word_1_929' title='bbox 3568 5398 3773 5461; x_wconf 76' lang='lat' dir='ltr'>clerici</span> 
     </span>
    </p>
   </div>
   <div class='ocr_carea' id='block_1_128' title="bbox 2103 5472 3770 5551">
    <p class='ocr_par' dir='ltr' id='par_1_128' title="bbox 2103 5472 3770 5551">
     <span class='ocr_line' id='line_1_132' title="bbox 2103 5472 3770 5551; baseline -0.001 -24"><span class='ocrx_word' id='word_1_930' title='bbox 2103 5481 2158 5551; x_wconf 77' lang='lat' dir='ltr'>et</span> <span class='ocrx_word' id='word_1_931' title='bbox 2186 5472 2892 5551; x_wconf 76' lang='lat' dir='ltr'>famuli,quos_memorat</span> <span class='ocrx_word' id='word_1_932' title='bbox 2910 5473 2968 5528; x_wconf 89' lang='lat' dir='ltr'>in</span> <span class='ocrx_word' id='word_1_933' title='bbox 2989 5473 3257 5544; x_wconf 66' lang='lat' dir='ltr'>epistJZ,</span> <span class='ocrx_word' id='word_1_934' title='bbox 3278 5472 3362 5527; x_wconf 88' lang='lat' dir='ltr'>uti</span> <span class='ocrx_word' id='word_1_935' title='bbox 3380 5474 3500 5551; x_wconf 78' lang='lat' dir='ltr'>not.</span> <span class='ocrx_word' id='word_1_936' title='bbox 3524 5472 3666 5527; x_wconf 85' lang='grc'>1393</span> <span class='ocrx_word' id='word_1_937' title='bbox 3687 5472 3770 5526; x_wconf 85' lang='lat' dir='ltr'>in-</span> 
     </span>
    </p>
   </div>
   <div class='ocr_carea' id='block_1_129' title="bbox 2102 5542 3770 5616">
    <p class='ocr_par' dir='ltr' id='par_1_129' title="bbox 2102 5542 3770 5616">
     <span class='ocr_line' id='line_1_133' title="bbox 2102 5542 3770 5616; baseline 0.001 -19"><span class='ocrx_word' id='word_1_938' title='bbox 2102 5542 2467 5616; x_wconf 70' lang='lat' dir='ltr'>dicavimusf</span> <span class='ocrx_word' id='word_1_939' title='bbox 2493 5543 2649 5616; x_wconf 87' lang='lat' dir='ltr'>unde</span> <span class='ocrx_word' id='word_1_940' title='bbox 2673 5542 2764 5616; x_wconf 85' lang='lat' dir='ltr'>his</span> <span class='ocrx_word' id='word_1_941' title='bbox 2789 5559 2851 5599; x_wconf 88' lang='lat' dir='ltr'>se</span> <span class='ocrx_word' id='word_1_942' title='bbox 2879 5542 3103 5600; x_wconf 79' lang='lat' dir='ltr'>sacram</span> <span class='ocrx_word' id='word_1_943' title='bbox 3128 5542 3610 5601; x_wconf 87' lang='lat' dir='ltr'>communionem</span> <span class='ocrx_word' id='word_1_944' title='bbox 3628 5560 3770 5616; x_wconf 84' lang='lat' dir='ltr'>prae-</span> 
     </span>
    </p>
   </div>
   <div class='ocr_carea' id='block_1_130' title="bbox 2102 5614 2787 5670">
    <p class='ocr_par' dir='ltr' id='par_1_130' title="bbox 2102 5614 2787 5670">
     <span class='ocr_line' id='line_1_134' title="bbox 2102 5614 2787 5670; baseline 0.001 -1"><span class='ocrx_word' id='word_1_945' title='bbox 2102 5614 2300 5669; x_wconf 84' lang='lat' dir='ltr'>buisse</span> <span class='ocrx_word' id='word_1_946' title='bbox 2332 5620 2535 5670; x_wconf 74' lang='lat' dir='ltr'>postea</span> <span class='ocrx_word' id='word_1_947' title='bbox 2564 5614 2787 5670; x_wconf 82' lang='lat' dir='ltr'>subdit.</span> 
     </span>
    </p>
   </div>
   <div class='ocr_carea' id='block_1_131' title="bbox 2172 5684 3772 5758">
    <p class='ocr_par' dir='ltr' id='par_1_131' title="bbox 2172 5684 3772 5758">
     <span class='ocr_line' id='line_1_135' title="bbox 2172 5684 3772 5758; baseline 0.001 -17"><span class='ocrx_word' id='word_1_948' title='bbox 2172 5684 2357 5756; x_wconf 84' lang='grc'>(1505)</span> <span class='ocrx_word' id='word_1_949' title='bbox 2390 5686 2491 5741; x_wconf 88' lang='lat' dir='ltr'>llic</span> <span class='ocrx_word' id='word_1_950' title='bbox 2525 5702 2831 5758; x_wconf 86' lang='lat' dir='ltr'>perperam</span> <span class='ocrx_word' id='word_1_951' title='bbox 2878 5686 3109 5743; x_wconf 85' lang='lat' dir='ltr'>insertae</span> <span class='ocrx_word' id='word_1_952' title='bbox 3141 5688 3308 5758; x_wconf 88' lang='lat' dir='ltr'>erant</span> <span class='ocrx_word' id='word_1_953' title='bbox 3336 5700 3509 5758; x_wconf 83' lang='lat' dir='ltr'>voces</span> <span class='ocrx_word' id='word_1_954' title='bbox 3540 5700 3554 5741; x_wconf 92' lang='lat'><strong>:</strong></span> <span class='ocrx_word' id='word_1_955' title='bbox 3609 5684 3772 5756; x_wconf 86' lang='lat' dir='ltr'>Quod</span> 
     </span>
    </p>
   </div>
   <div class='ocr_carea' id='block_1_132' title="bbox 2096 5755 3769 5840">
    <p class='ocr_par' dir='ltr' id='par_1_132' title="bbox 2096 5755 3769 5840">
     <span class='ocr_line' id='line_1_136' title="bbox 2096 5755 3769 5840; baseline 0.001 -28"><span class='ocrx_word' id='word_1_956' title='bbox 2096 5773 2229 5840; x_wconf 78' lang='lat' dir='ltr'>cum</span> <span class='ocrx_word' id='word_1_957' title='bbox 2248 5758 2330 5812; x_wconf 87' lang='lat' dir='ltr'>ita</span> <span class='ocrx_word' id='word_1_958' title='bbox 2349 5758 2447 5825; x_wconf 88' lang='lat' dir='ltr'>sit,</span> <span class='ocrx_word' id='word_1_959' title='bbox 2471 5755 2619 5829; x_wconf 79' lang='lat' dir='ltr'>quas</span> <span class='ocrx_word' id='word_1_960' title='bbox 2632 5755 2823 5815; x_wconf 84' lang='lat' dir='ltr'>totius</span> <span class='ocrx_word' id='word_1_961' title='bbox 2841 5774 3051 5817; x_wconf 83' lang='lat' dir='ltr'>sensus</span> <span class='ocrx_word' id='word_1_962' title='bbox 3065 5755 3523 5831; x_wconf 83' lang='lat' dir='ltr'>perturbatrices</span> <span class='ocrx_word' id='word_1_963' title='bbox 3548 5755 3769 5830; x_wconf 74' lang='lat' dir='ltr'>expun-</span> 
     </span>
    </p>
   </div>
   <div class='ocr_carea' id='block_1_133' title="bbox 2102 5844 2320 5886">
    <p class='ocr_par' dir='ltr' id='par_1_133' title="bbox 2102 5844 2320 5886">
     <span class='ocr_line' id='line_1_137' title="bbox 2102 5844 2320 5886; baseline -0.009 0"><span class='ocrx_word' id='word_1_964' title='bbox 2102 5844 2320 5886; x_wconf 64' lang='lat' dir='ltr'>simus.</span> 
     </span>
    </p>
   </div>
  </div>
