  <div class='ocr_page' id='page_1' title='image "/cluster/home/n/w/nwhite01/storage/ocr_20150623/136-137/uc1.31175019686917/374.png"; bbox 0 0 3892 6386; ppageno 0'>
   <div class='ocr_carea' id='block_1_1' title="bbox 149 406 267 480">
    <p class='ocr_par' dir='ltr' id='par_1_1' title="bbox 149 406 267 480">
     <span class='ocr_line' id='line_1_1' title="bbox 149 406 267 480; baseline 0 -1"><span class='ocrx_word' id='word_1_1' title='bbox 149 406 267 480; x_wconf 75' lang='lat'>737</span> 
     </span>
    </p>
   </div>
   <div class='ocr_carea' id='block_1_2' title="bbox 1522 412 2089 505">
    <p class='ocr_par' dir='ltr' id='par_1_2' title="bbox 1522 412 2089 505">
     <span class='ocr_line' id='line_1_2' title="bbox 1522 412 2089 505; baseline -0.002 -23"><span class='ocrx_word' id='word_1_2' title='bbox 1522 499 1527 505; x_wconf 20' lang='grc' dir='ltr'>δ</span> <span class='ocrx_word' id='word_1_3' title='bbox 1642 412 2089 484; x_wconf 79' lang='lat' dir='ltr'>SERMONES.</span> 
     </span>
    </p>
   </div>
   <div class='ocr_carea' id='block_1_3' title="bbox 3459 396 3581 489">
    <p class='ocr_par' dir='ltr' id='par_1_3' title="bbox 3459 396 3581 489">
     <span class='ocr_line' id='line_1_3' title="bbox 3459 396 3581 489; baseline 0 0"><span class='ocrx_word' id='word_1_4' title='bbox 3459 396 3581 489; x_wconf 63' lang='lat' dir='ltr'>73‘s</span> 
     </span>
    </p>
   </div>
   <div class='ocr_carea' id='block_1_4' title="bbox 149 520 3582 633">
    <p class='ocr_par' dir='ltr' id='par_1_4' title="bbox 149 520 3582 633">
     <span class='ocr_line' id='line_1_4' title="bbox 149 520 3582 633; baseline 0.003 -23"><span class='ocrx_word' id='word_1_5' title='bbox 149 553 299 610; x_wconf 88' lang='lat' dir='ltr'>satis</span> <span class='ocrx_word' id='word_1_6' title='bbox 328 544 638 611; x_wconf 81' lang='lat' dir='ltr'>eﬂ&#39;abiliter</span> <span class='ocrx_word' id='word_1_7' title='bbox 665 520 856 612; x_wconf 52' lang='lat' dir='ltr'>valet?</span> <span class='ocrx_word' id='word_1_8' title='bbox 874 536 1168 612; x_wconf 87' lang='lat' dir='ltr'>Admirari</span> <span class='ocrx_word' id='word_1_9' title='bbox 1189 553 1349 612; x_wconf 90' lang='lat' dir='ltr'>enim</span> <span class='ocrx_word' id='word_1_10' title='bbox 1372 553 1724 621; x_wconf 85' lang='lat' dir='ltr'>omittimus,</span> <span class='ocrx_word' id='word_1_11' title='bbox 1756 555 1807 611; x_wconf 98' lang='lat' dir='ltr'>si</span> <span class='ocrx_word' id='word_1_12' title='bbox 1836 554 1893 623; x_wconf 75' lang='grc' dir='ltr'><strong>Α</strong></span> <span class='ocrx_word' id='word_1_13' title='bbox 1922 556 2182 612; x_wconf 77' lang='lat' dir='ltr'>actorum</span> <span class='ocrx_word' id='word_1_14' title='bbox 2213 555 2424 627; x_wconf 79' lang='lat' dir='ltr'>(Matth.</span> <span class='ocrx_word' id='word_1_15' title='bbox 2466 572 2553 627; x_wconf 82' lang='lat' dir='ltr'>In,</span> <span class='ocrx_word' id='word_1_16' title='bbox 2586 558 2677 627; x_wconf 89' lang='lat'>2);</span> <span class='ocrx_word' id='word_1_17' title='bbox 2710 557 2769 615; x_wconf 88' lang='lat' dir='ltr'>id</span> <span class='ocrx_word' id='word_1_18' title='bbox 2815 562 2905 617; x_wconf 90' lang='lat' dir='ltr'>est</span> <span class='ocrx_word' id='word_1_19' title='bbox 2950 560 3418 633; x_wconf 78' lang='lat' dir='ltr'>transeuntibus,</span> <span class='ocrx_word' id='word_1_20' title='bbox 3462 561 3582 619; x_wconf 89' lang='lat' dir='ltr'>imo</span> 
     </span>
    </p>
   </div>
   <div class='ocr_carea' id='block_1_5' title="bbox 150 641 1812 717">
    <p class='ocr_par' dir='ltr' id='par_1_5' title="bbox 150 641 1812 717">
     <span class='ocr_line' id='line_1_5' title="bbox 150 641 1812 717; baseline 0 -18"><span class='ocrx_word' id='word_1_21' title='bbox 150 641 339 699; x_wconf 90' lang='lat' dir='ltr'>Deum</span> <span class='ocrx_word' id='word_1_22' title='bbox 368 642 530 699; x_wconf 89' lang='lat' dir='ltr'>intus</span> <span class='ocrx_word' id='word_1_23' title='bbox 562 647 922 713; x_wconf 88' lang='lat' dir='ltr'>manentem,</span> <span class='ocrx_word' id='word_1_24' title='bbox 950 643 1255 700; x_wconf 86' lang='lat' dir='ltr'>hominem</span> <span class='ocrx_word' id='word_1_25' title='bbox 1308 659 1483 717; x_wconf 88' lang='lat' dir='ltr'>quem</span> <span class='ocrx_word' id='word_1_26' title='bbox 1533 642 1604 699; x_wconf 91' lang='lat' dir='ltr'>de</span> <span class='ocrx_word' id='word_1_27' title='bbox 1643 641 1812 699; x_wconf 90' lang='lat' dir='ltr'>nobis</span> 
     </span>
    </p>
   </div>
   <div class='ocr_carea' id='block_1_6' title="bbox 149 732 1811 807">
    <p class='ocr_par' dir='ltr' id='par_1_6' title="bbox 149 732 1811 807">
     <span class='ocr_line' id='line_1_6' title="bbox 149 732 1811 807; baseline 0.001 -20"><span class='ocrx_word' id='word_1_28' title='bbox 149 748 258 804; x_wconf 87' lang='lat' dir='ltr'>pro</span> <span class='ocrx_word' id='word_1_29' title='bbox 280 732 451 789; x_wconf 93' lang='lat' dir='ltr'>nobis</span> <span class='ocrx_word' id='word_1_30' title='bbox 472 733 1157 807; x_wconf 86' lang='lat' dir='ltr'>assumpsit,gestantem</span> <span class='ocrx_word' id='word_1_31' title='bbox 1182 750 1525 806; x_wconf 85' lang='lat' dir='ltr'>pensamus.</span> <span class='ocrx_word' id='word_1_32' title='bbox 1560 733 1811 800; x_wconf 87' lang='lat' dir='ltr'>Gratias,</span> 
     </span>
    </p>
   </div>
   <div class='ocr_carea' id='block_1_7' title="bbox 149 821 1816 895">
    <p class='ocr_par' dir='ltr' id='par_1_7' title="bbox 149 821 1816 895">
     <span class='ocr_line' id='line_1_7' title="bbox 149 821 1816 895; baseline -0.001 -18"><span class='ocrx_word' id='word_1_33' title='bbox 149 821 201 877; x_wconf 88' lang='lat' dir='ltr'>si</span> <span class='ocrx_word' id='word_1_34' title='bbox 224 823 937 894; x_wconf 90' lang='lat' dir='ltr'>possemus,solummodo</span> <span class='ocrx_word' id='word_1_35' title='bbox 960 822 1150 895; x_wconf 85' lang='lat' dir='ltr'>ipsius</span> <span class='ocrx_word' id='word_1_36' title='bbox 1164 822 1578 878; x_wconf 66' lang='lat' dir='ltr'>misericordias</span> <span class='ocrx_word' id='word_1_37' title='bbox 1600 822 1816 877; x_wconf 86' lang='lat' dir='ltr'>referre</span> 
     </span>
    </p>
   </div>
   <div class='ocr_carea' id='block_1_8' title="bbox 150 898 1815 985">
    <p class='ocr_par' dir='ltr' id='par_1_8' title="bbox 150 898 1815 985">
     <span class='ocr_line' id='line_1_8' title="bbox 150 898 1815 985; baseline -0.001 -19"><span class='ocrx_word' id='word_1_38' title='bbox 150 898 502 968; x_wconf 79' lang='lat' dir='ltr'>deberemus</span> <span class='ocrx_word' id='word_1_39' title='bbox 528 912 873 985; x_wconf 90' lang='lat' dir='ltr'>condignas.</span> <span class='ocrx_word' id='word_1_40' title='bbox 903 910 1121 967; x_wconf 73' lang='lat' dir='ltr'>Caetera</span> <span class='ocrx_word' id='word_1_41' title='bbox 1149 911 1308 968; x_wconf 90' lang='lat' dir='ltr'>enim</span> <span class='ocrx_word' id='word_1_42' title='bbox 1339 911 1556 967; x_wconf 89' lang='lat' dir='ltr'>melius</span> <span class='ocrx_word' id='word_1_43' title='bbox 1587 909 1815 967; x_wconf 91' lang='lat' dir='ltr'>silendo</span> 
     </span>
    </p>
   </div>
   <div class='ocr_carea' id='block_1_9' title="bbox 150 999 1814 1079">
    <p class='ocr_par' dir='ltr' id='par_1_9' title="bbox 150 999 1814 1079">
     <span class='ocr_line' id='line_1_9' title="bbox 150 999 1814 1079; baseline 0.001 -25"><span class='ocrx_word' id='word_1_44' title='bbox 150 1015 337 1079; x_wconf 87' lang='lat' dir='ltr'>quam</span> <span class='ocrx_word' id='word_1_45' title='bbox 364 999 1011 1073; x_wconf 80' lang='lat' dir='ltr'>loquendo,ineli‘abilia</span> <span class='ocrx_word' id='word_1_46' title='bbox 1040 1005 1180 1057; x_wconf 89' lang='lat' dir='ltr'>sunt</span> <span class='ocrx_word' id='word_1_47' title='bbox 1210 1001 1349 1073; x_wconf 83' lang='lat' dir='ltr'>quia</span> <span class='ocrx_word' id='word_1_48' title='bbox 1388 1000 1814 1074; x_wconf 91' lang='lat' dir='ltr'>depromimus.</span> 
     </span>
    </p>
   </div>
   <div class='ocr_carea' id='block_1_10' title="bbox 150 1086 1816 1163">
    <p class='ocr_par' dir='ltr' id='par_1_10' title="bbox 150 1086 1816 1163">
     <span class='ocr_line' id='line_1_10' title="bbox 150 1086 1816 1163; baseline 0 -18"><span class='ocrx_word' id='word_1_49' title='bbox 150 1089 239 1145; x_wconf 85' lang='lat' dir='ltr'>Ad</span> <span class='ocrx_word' id='word_1_50' title='bbox 272 1089 632 1163; x_wconf 90' lang='lat' dir='ltr'>promissum</span> <span class='ocrx_word' id='word_1_51' title='bbox 653 1093 890 1147; x_wconf 89' lang='lat' dir='ltr'>tantum</span> <span class='ocrx_word' id='word_1_52' title='bbox 915 1086 1328 1147; x_wconf 81' lang='lat' dir='ltr'>inenarrabilis</span> <span class='ocrx_word' id='word_1_53' title='bbox 1350 1088 1538 1163; x_wconf 85' lang='lat' dir='ltr'>ipsius</span> <span class='ocrx_word' id='word_1_54' title='bbox 1560 1089 1816 1145; x_wconf 90' lang='lat' dir='ltr'>clemen-</span> 
     </span>
    </p>
   </div>
   <div class='ocr_carea' id='block_1_11' title="bbox 153 1178 1815 1253">
    <p class='ocr_par' dir='ltr' id='par_1_11' title="bbox 153 1178 1815 1253">
     <span class='ocr_line' id='line_1_11' title="bbox 153 1178 1815 1253; baseline 0.001 -20"><span class='ocrx_word' id='word_1_55' title='bbox 153 1178 251 1233; x_wconf 63' lang='lat' dir='ltr'>tia:</span> <span class='ocrx_word' id='word_1_56' title='bbox 283 1178 404 1235; x_wconf 70' lang='lat' dir='ltr'>oris“</span> <span class='ocrx_word' id='word_1_57' title='bbox 433 1178 619 1236; x_wconf 83' lang='lat' dir='ltr'>nostri</span> <span class='ocrx_word' id='word_1_58' title='bbox 650 1179 1003 1252; x_wconf 88' lang='lat' dir='ltr'>obsequium</span> <span class='ocrx_word' id='word_1_59' title='bbox 1036 1180 1418 1236; x_wconf 81' lang='lat' dir='ltr'>deﬂectemus</span> <span class='ocrx_word' id='word_1_60' title='bbox 1441 1178 1625 1253; x_wconf 86' lang='lat'>(1533)</span> <span class='ocrx_word' id='word_1_61' title='bbox 1658 1179 1815 1251; x_wconf 89' lang='lat' dir='ltr'>quod</span> 
     </span>
    </p>
   </div>
   <div class='ocr_carea' id='block_1_12' title="bbox 152 1266 1820 1343">
    <p class='ocr_par' dir='ltr' id='par_1_12' title="bbox 152 1266 1820 1343">
     <span class='ocr_line' id='line_1_12' title="bbox 152 1266 1820 1343; baseline 0 -20"><span class='ocrx_word' id='word_1_62' title='bbox 152 1266 332 1324; x_wconf 89' lang='lat' dir='ltr'>modo</span> <span class='ocrx_word' id='word_1_63' title='bbox 363 1283 431 1324; x_wconf 82' lang='lat' dir='ltr'>ex</span> <span class='ocrx_word' id='word_1_64' title='bbox 460 1268 773 1343; x_wconf 87' lang='lat' dir='ltr'>Evangelio</span> <span class='ocrx_word' id='word_1_65' title='bbox 823 1269 1159 1326; x_wconf 86' lang='lat' dir='ltr'>audivimus</span> <span class='ocrx_word' id='word_1_66' title='bbox 1194 1285 1206 1325; x_wconf 90' lang='lat'>:</span> <span class='ocrx_word' id='word_1_67' title='bbox 1244 1270 1353 1339; x_wconf 84' lang='lat' dir='ltr'>Qui</span> <span class='ocrx_word' id='word_1_68' title='bbox 1392 1268 1702 1336; x_wconf 78' lang='lat' dir='ltr'>crediderit,</span> <span class='ocrx_word' id='word_1_69' title='bbox 1736 1268 1820 1324; x_wconf 90' lang='lat' dir='ltr'>in-</span> 
     </span>
    </p>
   </div>
   <div class='ocr_carea' id='block_1_13' title="bbox 153 1356 1815 1431">
    <p class='ocr_par' dir='ltr' id='par_1_13' title="bbox 153 1356 1815 1431">
     <span class='ocr_line' id='line_1_13' title="bbox 153 1356 1815 1431; baseline 0 -19"><span class='ocrx_word' id='word_1_70' title='bbox 153 1356 366 1429; x_wconf 89' lang='lat' dir='ltr'>quit,et</span> <span class='ocrx_word' id='word_1_71' title='bbox 396 1358 709 1431; x_wconf 64' lang='lat' dir='ltr'>baptizatus</span> <span class='ocrx_word' id='word_1_72' title='bbox 727 1360 920 1431; x_wconf 81' lang='lat' dir='ltr'>fuerit,</span> <span class='ocrx_word' id='word_1_73' title='bbox 950 1358 1136 1415; x_wconf 88' lang='lat' dir='ltr'>salvus</span> <span class='ocrx_word' id='word_1_74' title='bbox 1182 1359 1292 1415; x_wconf 89' lang='lat' dir='ltr'>erit</span> <span class='ocrx_word' id='word_1_75' title='bbox 1338 1358 1523 1431; x_wconf 82' lang='lat' dir='ltr'>(Marc.</span> <span class='ocrx_word' id='word_1_76' title='bbox 1553 1375 1670 1428; x_wconf 75' lang='lat' dir='ltr'>xvr,</span> <span class='ocrx_word' id='word_1_77' title='bbox 1705 1357 1815 1431; x_wconf 92' lang='grc'><strong>16).</strong></span> 
     </span>
    </p>
   </div>
   <div class='ocr_carea' id='block_1_14' title="bbox 152 1444 1817 1518">
    <p class='ocr_par' dir='ltr' id='par_1_14' title="bbox 152 1444 1817 1518">
     <span class='ocr_line' id='line_1_14' title="bbox 152 1444 1817 1518; baseline 0 -16"><span class='ocrx_word' id='word_1_78' title='bbox 152 1444 274 1502; x_wconf 92' lang='lat' dir='ltr'>Deo</span> <span class='ocrx_word' id='word_1_79' title='bbox 318 1447 557 1518; x_wconf 85' lang='lat' dir='ltr'>gratias,</span> <span class='ocrx_word' id='word_1_80' title='bbox 608 1448 962 1505; x_wconf 84' lang='lat' dir='ltr'>universitas</span> <span class='ocrx_word' id='word_1_81' title='bbox 1010 1447 1259 1516; x_wconf 88' lang='lat' dir='ltr'>clamat;</span> <span class='ocrx_word' id='word_1_82' title='bbox 1292 1447 1589 1504; x_wconf 89' lang='lat' dir='ltr'>credimus</span> <span class='ocrx_word' id='word_1_83' title='bbox 1637 1446 1817 1511; x_wconf 89' lang='lat' dir='ltr'>enim,</span> 
     </span>
    </p>
   </div>
   <div class='ocr_carea' id='block_1_15' title="bbox 151 1533 1820 1608">
    <p class='ocr_par' dir='ltr' id='par_1_15' title="bbox 151 1533 1820 1608">
     <span class='ocr_line' id='line_1_15' title="bbox 151 1533 1820 1608; baseline -0.001 -18"><span class='ocrx_word' id='word_1_84' title='bbox 151 1538 213 1590; x_wconf 89' lang='lat' dir='ltr'>et</span> <span class='ocrx_word' id='word_1_85' title='bbox 244 1534 520 1608; x_wconf 89' lang='lat' dir='ltr'>baptizati</span> <span class='ocrx_word' id='word_1_86' title='bbox 554 1553 768 1593; x_wconf 92' lang='lat' dir='ltr'>sumus</span> <span class='ocrx_word' id='word_1_87' title='bbox 797 1536 857 1592; x_wconf 93' lang='lat' dir='ltr'>in</span> <span class='ocrx_word' id='word_1_88' title='bbox 884 1536 1123 1594; x_wconf 89' lang='lat' dir='ltr'>nomine</span> <span class='ocrx_word' id='word_1_89' title='bbox 1143 1536 1334 1592; x_wconf 89' lang='lat' dir='ltr'>Patris</span> <span class='ocrx_word' id='word_1_90' title='bbox 1355 1541 1412 1592; x_wconf 91' lang='lat' dir='ltr'>et</span> <span class='ocrx_word' id='word_1_91' title='bbox 1441 1534 1572 1591; x_wconf 89' lang='lat' dir='ltr'>Filii</span> <span class='ocrx_word' id='word_1_92' title='bbox 1603 1539 1660 1591; x_wconf 91' lang='lat' dir='ltr'>et</span> <span class='ocrx_word' id='word_1_93' title='bbox 1689 1533 1820 1607; x_wconf 86' lang='lat' dir='ltr'>Spi-</span> 
     </span>
    </p>
   </div>
   <div class='ocr_carea' id='block_1_16' title="bbox 150 1621 1823 1695">
    <p class='ocr_par' dir='ltr' id='par_1_16' title="bbox 150 1621 1823 1695">
     <span class='ocr_line' id='line_1_16' title="bbox 150 1621 1823 1695; baseline -0.001 -16"><span class='ocrx_word' id='word_1_94' title='bbox 150 1623 309 1681; x_wconf 80' lang='lat' dir='ltr'>ritus</span> <span class='ocrx_word' id='word_1_95' title='bbox 339 1625 548 1682; x_wconf 91' lang='lat' dir='ltr'>sancti.</span> <span class='ocrx_word' id='word_1_96' title='bbox 584 1626 804 1683; x_wconf 88' lang='lat' dir='ltr'>Omnes</span> <span class='ocrx_word' id='word_1_97' title='bbox 834 1624 944 1681; x_wconf 93' lang='lat' dir='ltr'>hoc</span> <span class='ocrx_word' id='word_1_98' title='bbox 991 1624 1285 1693; x_wconf 90' lang='lat' dir='ltr'>dicimus;</span> <span class='ocrx_word' id='word_1_99' title='bbox 1312 1641 1517 1680; x_wconf 91' lang='lat' dir='ltr'>omnes</span> <span class='ocrx_word' id='word_1_100' title='bbox 1564 1640 1667 1695; x_wconf 91' lang='lat' dir='ltr'>per</span> <span class='ocrx_word' id='word_1_101' title='bbox 1714 1621 1823 1678; x_wconf 91' lang='lat' dir='ltr'>hoc</span> 
     </span>
    </p>
   </div>
   <div class='ocr_carea' id='block_1_17' title="bbox 150 1710 1825 1786">
    <p class='ocr_par' dir='ltr' id='par_1_17' title="bbox 150 1710 1825 1786">
     <span class='ocr_line' id='line_1_17' title="bbox 150 1710 1825 1786; baseline -0.003 -17"><span class='ocrx_word' id='word_1_102' title='bbox 150 1731 269 1770; x_wconf 89' lang='lat' dir='ltr'>nos</span> <span class='ocrx_word' id='word_1_103' title='bbox 298 1713 613 1771; x_wconf 88' lang='lat' dir='ltr'>salvandos</span> <span class='ocrx_word' id='word_1_104' title='bbox 658 1730 968 1786; x_wconf 81' lang='lat' dir='ltr'>speramus</span> <span class='ocrx_word' id='word_1_105' title='bbox 996 1731 1010 1784; x_wconf 88' lang='lat'><strong>;</strong></span> <span class='ocrx_word' id='word_1_106' title='bbox 1034 1713 1161 1769; x_wconf 90' lang='lat' dir='ltr'>sine</span> <span class='ocrx_word' id='word_1_107' title='bbox 1201 1712 1313 1769; x_wconf 91' lang='lat' dir='ltr'>isto</span> <span class='ocrx_word' id='word_1_108' title='bbox 1350 1711 1581 1767; x_wconf 92' lang='lat' dir='ltr'>nullum</span> <span class='ocrx_word' id='word_1_109' title='bbox 1614 1710 1825 1767; x_wconf 88' lang='lat' dir='ltr'>salvari</span> 
     </span>
    </p>
   </div>
   <div class='ocr_carea' id='block_1_18' title="bbox 149 1799 1822 1877">
    <p class='ocr_par' dir='ltr' id='par_1_18' title="bbox 149 1799 1822 1877">
     <span class='ocr_line' id='line_1_18' title="bbox 149 1799 1822 1877; baseline -0.003 -18"><span class='ocrx_word' id='word_1_110' title='bbox 149 1820 335 1877; x_wconf 90' lang='lat' dir='ltr'>posse</span> <span class='ocrx_word' id='word_1_111' title='bbox 397 1802 684 1859; x_wconf 77' lang='lat' dir='ltr'>veraciter</span> <span class='ocrx_word' id='word_1_112' title='bbox 760 1802 1055 1860; x_wconf 88' lang='lat' dir='ltr'>credimus</span> <span class='ocrx_word' id='word_1_113' title='bbox 1129 1806 1186 1857; x_wconf 90' lang='lat' dir='ltr'>et</span> <span class='ocrx_word' id='word_1_114' title='bbox 1262 1801 1630 1857; x_wconf 82' lang='lat' dir='ltr'>confitemur.</span> <span class='ocrx_word' id='word_1_115' title='bbox 1712 1799 1822 1854; x_wconf 90' lang='lat' dir='ltr'>Sed</span> 
     </span>
    </p>
   </div>
   <div class='ocr_carea' id='block_1_19' title="bbox 150 1888 1825 1963">
    <p class='ocr_par' dir='ltr' id='par_1_19' title="bbox 150 1888 1825 1963">
     <span class='ocr_line' id='line_1_19' title="bbox 150 1888 1825 1963; baseline -0.002 -16"><span class='ocrx_word' id='word_1_116' title='bbox 150 1892 233 1947; x_wconf 88' lang='lat' dir='ltr'>de</span> <span class='ocrx_word' id='word_1_117' title='bbox 269 1892 487 1963; x_wconf 85' lang='lat' dir='ltr'>quibus</span> <span class='ocrx_word' id='word_1_118' title='bbox 519 1890 666 1947; x_wconf 89' lang='lat' dir='ltr'>dicit</span> <span class='ocrx_word' id='word_1_119' title='bbox 717 1890 819 1963; x_wconf 87' lang='lat' dir='ltr'><strong>qui</strong></span> <span class='ocrx_word' id='word_1_120' title='bbox 872 1891 983 1946; x_wconf 90' lang='lat' dir='ltr'>hoc</span> <span class='ocrx_word' id='word_1_121' title='bbox 1015 1890 1281 1947; x_wconf 89' lang='lat' dir='ltr'>audierat</span> <span class='ocrx_word' id='word_1_122' title='bbox 1319 1888 1569 1945; x_wconf 82' lang='lat' dir='ltr'>Petrus?</span> <span class='ocrx_word' id='word_1_123' title='bbox 1600 1889 1825 1954; x_wconf 89' lang='lat' dir='ltr'>Petrus,</span> 
     </span>
    </p>
   </div>
   <div class='ocr_carea' id='block_1_20' title="bbox 150 1976 1831 2052">
    <p class='ocr_par' dir='ltr' id='par_1_20' title="bbox 150 1976 1831 2052">
     <span class='ocr_line' id='line_1_20' title="bbox 150 1976 1831 2052; baseline -0.002 -17"><span class='ocrx_word' id='word_1_124' title='bbox 150 1980 436 2052; x_wconf 87' lang='lat' dir='ltr'>inquam,</span> <span class='ocrx_word' id='word_1_125' title='bbox 498 1979 594 2035; x_wconf 91' lang='lat' dir='ltr'>cui</span> <span class='ocrx_word' id='word_1_126' title='bbox 653 1980 844 2036; x_wconf 81' lang='lat' dir='ltr'>fuerat</span> <span class='ocrx_word' id='word_1_127' title='bbox 894 1978 1207 2052; x_wconf 84' lang='lat' dir='ltr'>specialius</span> <span class='ocrx_word' id='word_1_128' title='bbox 1265 1995 1401 2035; x_wconf 90' lang='lat' dir='ltr'>cum</span> <span class='ocrx_word' id='word_1_129' title='bbox 1458 1978 1683 2034; x_wconf 74' lang='lat' dir='ltr'>caeteris</span> <span class='ocrx_word' id='word_1_130' title='bbox 1737 1976 1831 2032; x_wconf 90' lang='lat' dir='ltr'>di-</span> 
     </span>
    </p>
   </div>
   <div class='ocr_carea' id='block_1_21' title="bbox 149 2054 1831 2139">
    <p class='ocr_par' dir='ltr' id='par_1_21' title="bbox 149 2054 1831 2139">
     <span class='ocr_line' id='line_1_21' title="bbox 149 2054 1831 2139; baseline -0.001 -16"><span class='ocrx_word' id='word_1_131' title='bbox 149 2072 325 2124; x_wconf 84' lang='lat' dir='ltr'>ctum</span> <span class='ocrx_word' id='word_1_132' title='bbox 347 2086 361 2125; x_wconf 92' lang='lat'><strong>:</strong></span> <span class='ocrx_word' id='word_1_133' title='bbox 387 2056 540 2126; x_wconf 71' lang='lat'>625</span> <span class='ocrx_word' id='word_1_134' title='bbox 575 2054 783 2126; x_wconf 82' lang='lat' dir='ltr'>Euntes</span> <span class='ocrx_word' id='word_1_135' title='bbox 814 2069 875 2123; x_wconf 88' lang='lat' dir='ltr'>in</span> <span class='ocrx_word' id='word_1_136' title='bbox 905 2069 1169 2124; x_wconf 85' lang='lat' dir='ltr'>mundum</span> <span class='ocrx_word' id='word_1_137' title='bbox 1193 2070 1515 2125; x_wconf 87' lang='lat' dir='ltr'>universum</span> <span class='ocrx_word' id='word_1_138' title='bbox 1540 2066 1831 2139; x_wconf 60' lang='lat' dir='ltr'>prmdicate</span> 
     </span>
    </p>
   </div>
   <div class='ocr_carea' id='block_1_22' title="bbox 150 2156 1825 2230">
    <p class='ocr_par' dir='ltr' id='par_1_22' title="bbox 150 2156 1825 2230">
     <span class='ocr_line' id='line_1_22' title="bbox 150 2156 1825 2230; baseline -0.003 -16"><span class='ocrx_word' id='word_1_139' title='bbox 150 2158 527 2230; x_wconf 88' lang='lat' dir='ltr'>Evangelium</span> <span class='ocrx_word' id='word_1_140' title='bbox 571 2159 728 2213; x_wconf 90' lang='lat' dir='ltr'>omni</span> <span class='ocrx_word' id='word_1_141' title='bbox 772 2166 1044 2216; x_wconf 67' lang='lat' dir='ltr'>creaturae</span> <span class='ocrx_word' id='word_1_142' title='bbox 1093 2159 1279 2228; x_wconf 80' lang='lat' dir='ltr'>(Marc.</span> <span class='ocrx_word' id='word_1_143' title='bbox 1329 2174 1444 2225; x_wconf 77' lang='lat' dir='ltr'>xvr,</span> <span class='ocrx_word' id='word_1_144' title='bbox 1498 2156 1608 2227; x_wconf 76' lang='grc'><strong>45).</strong></span> <span class='ocrx_word' id='word_1_145' title='bbox 1644 2156 1825 2227; x_wconf 87' lang='grc'><strong>(1534)</strong></span> 
     </span>
    </p>
   </div>
   <div class='ocr_carea' id='block_1_23' title="bbox 151 2244 1821 2319">
    <p class='ocr_par' dir='ltr' id='par_1_23' title="bbox 151 2244 1821 2319">
     <span class='ocr_line' id='line_1_23' title="bbox 151 2244 1821 2319; baseline -0.004 -15"><span class='ocrx_word' id='word_1_146' title='bbox 151 2247 242 2304; x_wconf 89' lang='lat' dir='ltr'>De</span> <span class='ocrx_word' id='word_1_147' title='bbox 277 2246 517 2319; x_wconf 91' lang='lat' dir='ltr'>quibus,</span> <span class='ocrx_word' id='word_1_148' title='bbox 550 2245 821 2319; x_wconf 89' lang='lat' dir='ltr'>inquam,</span> <span class='ocrx_word' id='word_1_149' title='bbox 857 2245 907 2301; x_wconf 93' lang='lat' dir='ltr'>si</span> <span class='ocrx_word' id='word_1_150' title='bbox 952 2250 1042 2302; x_wconf 90' lang='lat' dir='ltr'>est</span> <span class='ocrx_word' id='word_1_151' title='bbox 1072 2246 1171 2317; x_wconf 90' lang='lat' dir='ltr'>ita,</span> <span class='ocrx_word' id='word_1_152' title='bbox 1206 2246 1426 2302; x_wconf 83' lang='lat' dir='ltr'>fatetur</span> <span class='ocrx_word' id='word_1_153' title='bbox 1459 2244 1775 2317; x_wconf 90' lang='lat' dir='ltr'>Apostolus</span> <span class='ocrx_word' id='word_1_154' title='bbox 1807 2260 1821 2299; x_wconf 90' lang='lat'><strong>:</strong></span> 
     </span>
    </p>
   </div>
   <div class='ocr_carea' id='block_1_24' title="bbox 153 2335 1826 2409">
    <p class='ocr_par' dir='ltr' id='par_1_24' title="bbox 153 2335 1826 2409">
     <span class='ocr_line' id='line_1_24' title="bbox 153 2335 1826 2409; baseline -0.004 -16"><span class='ocrx_word' id='word_1_155' title='bbox 153 2336 353 2393; x_wconf 78' lang='lat' dir='ltr'>Melius</span> <span class='ocrx_word' id='word_1_156' title='bbox 378 2337 569 2409; x_wconf 79' lang='lat' dir='ltr'>fuerat</span> <span class='ocrx_word' id='word_1_157' title='bbox 594 2336 676 2389; x_wconf 84' lang='lat' dir='ltr'>eis</span> <span class='ocrx_word' id='word_1_158' title='bbox 702 2350 814 2389; x_wconf 87' lang='lat' dir='ltr'>non</span> <span class='ocrx_word' id='word_1_159' title='bbox 840 2350 1155 2404; x_wconf 78' lang='lat' dir='ltr'>cognoscere</span> <span class='ocrx_word' id='word_1_160' title='bbox 1185 2336 1332 2390; x_wconf 90' lang='lat' dir='ltr'>viam</span> <span class='ocrx_word' id='word_1_161' title='bbox 1361 2335 1625 2401; x_wconf 76' lang='lat' dir='ltr'>veritatis,</span> <span class='ocrx_word' id='word_1_162' title='bbox 1659 2348 1826 2404; x_wconf 89' lang='lat' dir='ltr'>quam</span> 
     </span>
    </p>
   </div>
   <div class='ocr_carea' id='block_1_25' title="bbox 150 2421 1826 2498">
    <p class='ocr_par' dir='ltr' id='par_1_25' title="bbox 150 2421 1826 2498">
     <span class='ocr_line' id='line_1_25' title="bbox 150 2421 1826 2498; baseline -0.004 -18"><span class='ocrx_word' id='word_1_163' title='bbox 150 2432 279 2498; x_wconf 88' lang='lat' dir='ltr'>post</span> <span class='ocrx_word' id='word_1_164' title='bbox 305 2425 649 2496; x_wconf 87' lang='lat' dir='ltr'>agnitionem</span> <span class='ocrx_word' id='word_1_165' title='bbox 688 2431 989 2479; x_wconf 81' lang='lat' dir='ltr'>retrorsum</span> <span class='ocrx_word' id='word_1_166' title='bbox 1017 2423 1256 2479; x_wconf 85' lang='lat' dir='ltr'>converti</span> <span class='ocrx_word' id='word_1_167' title='bbox 1275 2422 1303 2478; x_wconf 73' lang='lat' dir='ltr'>‘I</span> <span class='ocrx_word' id='word_1_168' title='bbox 1334 2422 1406 2495; x_wconf 89' lang='lat' dir='ltr'>(II</span> <span class='ocrx_word' id='word_1_169' title='bbox 1426 2423 1542 2477; x_wconf 85' lang='lat' dir='ltr'>Pet.</span> <span class='ocrx_word' id='word_1_170' title='bbox 1575 2438 1674 2489; x_wconf 84' lang='lat' dir='ltr'>x11,</span> <span class='ocrx_word' id='word_1_171' title='bbox 1706 2421 1826 2488; x_wconf 86' lang='grc'><strong>21.)</strong></span> 
     </span>
    </p>
   </div>
   <div class='ocr_carea' id='block_1_26' title="bbox 157 2508 1827 2585">
    <p class='ocr_par' dir='ltr' id='par_1_26' title="bbox 157 2508 1827 2585">
     <span class='ocr_line' id='line_1_26' title="bbox 157 2508 1827 2585; baseline -0.004 -15"><span class='ocrx_word' id='word_1_172' title='bbox 157 2519 239 2570; x_wconf 92' lang='lat' dir='ltr'>De</span> <span class='ocrx_word' id='word_1_173' title='bbox 265 2513 403 2579; x_wconf 91' lang='lat' dir='ltr'>illis,</span> <span class='ocrx_word' id='word_1_174' title='bbox 438 2517 505 2569; x_wconf 89' lang='lat' dir='ltr'>ut</span> <span class='ocrx_word' id='word_1_175' title='bbox 533 2512 747 2585; x_wconf 87' lang='lat' dir='ltr'>conjici</span> <span class='ocrx_word' id='word_1_176' title='bbox 799 2512 1173 2568; x_wconf 89' lang='lat' dir='ltr'>veracissime</span> <span class='ocrx_word' id='word_1_177' title='bbox 1221 2510 1392 2579; x_wconf 87' lang='lat' dir='ltr'>valet,</span> <span class='ocrx_word' id='word_1_178' title='bbox 1445 2511 1517 2567; x_wconf 93' lang='lat' dir='ltr'>de</span> <span class='ocrx_word' id='word_1_179' title='bbox 1565 2509 1704 2578; x_wconf 91' lang='lat' dir='ltr'>illis,</span> <span class='ocrx_word' id='word_1_180' title='bbox 1755 2508 1827 2564; x_wconf 93' lang='lat' dir='ltr'>de</span> 
     </span>
    </p>
   </div>
   <div class='ocr_carea' id='block_1_27' title="bbox 160 2596 1829 2677">
    <p class='ocr_par' dir='ltr' id='par_1_27' title="bbox 160 2596 1829 2677">
     <span class='ocr_line' id='line_1_27' title="bbox 160 2596 1829 2677; baseline -0.004 -19"><span class='ocrx_word' id='word_1_181' title='bbox 160 2619 420 2677; x_wconf 90' lang='lat' dir='ltr'>quorum</span> <span class='ocrx_word' id='word_1_182' title='bbox 452 2602 801 2658; x_wconf 83' lang='lat' dir='ltr'>credulitate</span> <span class='ocrx_word' id='word_1_183' title='bbox 828 2602 1084 2658; x_wconf 87' lang='lat' dir='ltr'>Jacobus</span> <span class='ocrx_word' id='word_1_184' title='bbox 1115 2600 1420 2674; x_wconf 82' lang='lat' dir='ltr'>apostolus</span> <span class='ocrx_word' id='word_1_185' title='bbox 1445 2600 1584 2672; x_wconf 89' lang='lat' dir='ltr'>quid</span> <span class='ocrx_word' id='word_1_186' title='bbox 1611 2596 1829 2655; x_wconf 85' lang='lat' dir='ltr'>sentiat</span> 
     </span>
    </p>
   </div>
   <div class='ocr_carea' id='block_1_28' title="bbox 160 2689 1830 2762">
    <p class='ocr_par' dir='ltr' id='par_1_28' title="bbox 160 2689 1830 2762">
     <span class='ocr_line' id='line_1_28' title="bbox 160 2689 1830 2762; baseline -0.005 -13"><span class='ocrx_word' id='word_1_187' title='bbox 160 2692 481 2749; x_wconf 87' lang='lat' dir='ltr'>audiamus</span> <span class='ocrx_word' id='word_1_188' title='bbox 516 2709 529 2747; x_wconf 93' lang='lat'>:</span> <span class='ocrx_word' id='word_1_189' title='bbox 560 2690 736 2760; x_wconf 82' lang='lat' dir='ltr'>Fides,</span> <span class='ocrx_word' id='word_1_190' title='bbox 771 2690 1068 2762; x_wconf 89' lang='lat' dir='ltr'>inquiens,</span> <span class='ocrx_word' id='word_1_191' title='bbox 1095 2692 1147 2746; x_wconf 90' lang='lat' dir='ltr'>si</span> <span class='ocrx_word' id='word_1_192' title='bbox 1174 2706 1283 2746; x_wconf 91' lang='lat' dir='ltr'>non</span> <span class='ocrx_word' id='word_1_193' title='bbox 1305 2689 1467 2745; x_wconf 84' lang='lat' dir='ltr'>habet</span> <span class='ocrx_word' id='word_1_194' title='bbox 1490 2704 1674 2760; x_wconf 84' lang='lat' dir='ltr'>opera,</span> <span class='ocrx_word' id='word_1_195' title='bbox 1687 2702 1830 2741; x_wconf 87' lang='lat' dir='ltr'>mor-</span> 
     </span>
    </p>
   </div>
   <div class='ocr_carea' id='block_1_29' title="bbox 162 2777 1826 2852">
    <p class='ocr_par' dir='ltr' id='par_1_29' title="bbox 162 2777 1826 2852">
     <span class='ocr_line' id='line_1_29' title="bbox 162 2777 1826 2852; baseline -0.005 -13"><span class='ocrx_word' id='word_1_196' title='bbox 162 2791 259 2839; x_wconf 90' lang='lat' dir='ltr'>tua</span> <span class='ocrx_word' id='word_1_197' title='bbox 286 2783 443 2839; x_wconf 83' lang='lat' dir='ltr'>estin</span> <span class='ocrx_word' id='word_1_198' title='bbox 485 2782 776 2852; x_wconf 88' lang='lat' dir='ltr'>semetipsa</span> <span class='ocrx_word' id='word_1_199' title='bbox 807 2781 943 2849; x_wconf 85' lang='lat' dir='ltr'>(Jac.</span> <span class='ocrx_word' id='word_1_200' title='bbox 992 2796 1052 2848; x_wconf 82' lang='grc' dir='ltr'>ιι,</span> <span class='ocrx_word' id='word_1_201' title='bbox 1095 2781 1197 2849; x_wconf 90' lang='grc'><strong>17).</strong></span> <span class='ocrx_word' id='word_1_202' title='bbox 1233 2780 1496 2850; x_wconf 88' lang='lat' dir='ltr'>Itemque</span> <span class='ocrx_word' id='word_1_203' title='bbox 1531 2793 1544 2832; x_wconf 92' lang='lat'>:</span> <span class='ocrx_word' id='word_1_204' title='bbox 1576 2777 1682 2845; x_wconf 85' lang='lat' dir='ltr'>Qui</span> <span class='ocrx_word' id='word_1_205' title='bbox 1702 2791 1826 2831; x_wconf 90' lang='lat' dir='ltr'>con-</span> 
     </span>
    </p>
   </div>
   <div class='ocr_carea' id='block_1_30' title="bbox 160 2866 1827 2945">
    <p class='ocr_par' dir='ltr' id='par_1_30' title="bbox 160 2866 1827 2945">
     <span class='ocr_line' id='line_1_30' title="bbox 160 2866 1827 2945; baseline -0.005 -17"><span class='ocrx_word' id='word_1_206' title='bbox 160 2873 393 2945; x_wconf 78' lang='lat' dir='ltr'>ﬁtentur</span> <span class='ocrx_word' id='word_1_207' title='bbox 418 2886 477 2927; x_wconf 89' lang='lat' dir='ltr'>se</span> <span class='ocrx_word' id='word_1_208' title='bbox 523 2886 679 2927; x_wconf 87' lang='lat' dir='ltr'>nosse</span> <span class='ocrx_word' id='word_1_209' title='bbox 728 2871 919 2936; x_wconf 86' lang='lat' dir='ltr'>Deum,</span> <span class='ocrx_word' id='word_1_210' title='bbox 951 2870 1119 2942; x_wconf 87' lang='lat' dir='ltr'>factis</span> <span class='ocrx_word' id='word_1_211' title='bbox 1161 2874 1347 2925; x_wconf 87' lang='lat' dir='ltr'>autem</span> <span class='ocrx_word' id='word_1_212' title='bbox 1388 2874 1591 2939; x_wconf 87' lang='lat' dir='ltr'>negant</span> <span class='ocrx_word' id='word_1_213' title='bbox 1633 2866 1756 2935; x_wconf 91' lang='lat' dir='ltr'>(Tit.</span> <span class='ocrx_word' id='word_1_214' title='bbox 1786 2882 1827 2932; x_wconf 82' lang='lat'>1,</span> 
     </span>
    </p>
   </div>
   <div class='ocr_carea' id='block_1_31' title="bbox 170 2953 1829 3034">
    <p class='ocr_par' dir='ltr' id='par_1_31' title="bbox 170 2953 1829 3034">
     <span class='ocr_line' id='line_1_31' title="bbox 170 2953 1829 3034; baseline -0.004 -17"><span class='ocrx_word' id='word_1_215' title='bbox 170 2962 274 3034; x_wconf 85' lang='lat'>16).</span> <span class='ocrx_word' id='word_1_216' title='bbox 309 2960 389 3016; x_wconf 87' lang='lat' dir='ltr'>Hi</span> <span class='ocrx_word' id='word_1_217' title='bbox 440 2958 721 3016; x_wconf 86' lang='lat' dir='ltr'>nimirum</span> <span class='ocrx_word' id='word_1_218' title='bbox 768 2962 931 3025; x_wconf 90' lang='lat' dir='ltr'>sunt,</span> <span class='ocrx_word' id='word_1_219' title='bbox 985 2958 1088 3031; x_wconf 93' lang='lat' dir='ltr'>qui</span> <span class='ocrx_word' id='word_1_220' title='bbox 1140 2956 1340 3026; x_wconf 87' lang='lat' dir='ltr'>ﬁdem,</span> <span class='ocrx_word' id='word_1_221' title='bbox 1400 2971 1579 3028; x_wconf 92' lang='lat' dir='ltr'>quam</span> <span class='ocrx_word' id='word_1_222' title='bbox 1635 2953 1829 3010; x_wconf 89' lang='lat' dir='ltr'>verbis</span> 
     </span>
    </p>
   </div>
   <div class='ocr_carea' id='block_1_32' title="bbox 163 3043 1828 3118">
    <p class='ocr_par' dir='ltr' id='par_1_32' title="bbox 163 3043 1828 3118">
     <span class='ocr_line' id='line_1_32' title="bbox 163 3043 1828 3118; baseline -0.006 -10"><span class='ocrx_word' id='word_1_223' title='bbox 163 3053 471 3118; x_wconf 87' lang='lat' dir='ltr'>astruunt,</span> <span class='ocrx_word' id='word_1_224' title='bbox 502 3048 767 3105; x_wconf 90' lang='lat' dir='ltr'>moribus</span> <span class='ocrx_word' id='word_1_225' title='bbox 797 3048 1131 3104; x_wconf 88' lang='lat' dir='ltr'>destruunt.</span> <span class='ocrx_word' id='word_1_226' title='bbox 1146 3046 1483 3102; x_wconf 81' lang='lat' dir='ltr'>Verendum</span> <span class='ocrx_word' id='word_1_227' title='bbox 1514 3043 1671 3100; x_wconf 90' lang='lat' dir='ltr'>enim</span> <span class='ocrx_word' id='word_1_228' title='bbox 1702 3060 1828 3099; x_wconf 85' lang='lat' dir='ltr'>om-</span> 
     </span>
    </p>
   </div>
   <div class='ocr_carea' id='block_1_33' title="bbox 164 3132 1831 3210">
    <p class='ocr_par' dir='ltr' id='par_1_33' title="bbox 164 3132 1831 3210">
     <span class='ocr_line' id='line_1_33' title="bbox 164 3132 1831 3210; baseline -0.005 -15"><span class='ocrx_word' id='word_1_229' title='bbox 164 3140 324 3207; x_wconf 91' lang='lat' dir='ltr'>nino,</span> <span class='ocrx_word' id='word_1_230' title='bbox 366 3154 439 3196; x_wconf 90' lang='lat' dir='ltr'>ne</span> <span class='ocrx_word' id='word_1_231' title='bbox 469 3138 542 3195; x_wconf 92' lang='lat' dir='ltr'>de</span> <span class='ocrx_word' id='word_1_232' title='bbox 573 3137 1036 3210; x_wconf 91' lang='lat' dir='ltr'>talibusquoque</span> <span class='ocrx_word' id='word_1_233' title='bbox 1058 3136 1290 3192; x_wconf 88' lang='lat' dir='ltr'>dicatur</span> <span class='ocrx_word' id='word_1_234' title='bbox 1311 3153 1344 3191; x_wconf 93' lang='lat' dir='ltr'>a</span> <span class='ocrx_word' id='word_1_235' title='bbox 1374 3134 1622 3191; x_wconf 91' lang='lat' dir='ltr'>Domino</span> <span class='ocrx_word' id='word_1_236' title='bbox 1653 3150 1665 3188; x_wconf 92' lang='lat'><strong>:</strong></span> <span class='ocrx_word' id='word_1_237' title='bbox 1694 3132 1831 3188; x_wconf 85' lang='lat' dir='ltr'>Cum</span> 
     </span>
    </p>
   </div>
   <div class='ocr_carea' id='block_1_34' title="bbox 162 3223 1875 3301">
    <p class='ocr_par' dir='ltr' id='par_1_34' title="bbox 162 3223 1875 3301">
     <span class='ocr_line' id='line_1_34' title="bbox 162 3223 1875 3301; baseline -0.004 -16"><span class='ocrx_word' id='word_1_238' title='bbox 162 3228 490 3286; x_wconf 87' lang='lat' dir='ltr'>immundus</span> <span class='ocrx_word' id='word_1_239' title='bbox 519 3229 747 3301; x_wconf 81' lang='lat' dir='ltr'>spiritus</span> <span class='ocrx_word' id='word_1_240' title='bbox 774 3228 979 3283; x_wconf 65' lang='lat' dir='ltr'>exierit</span> <span class='ocrx_word' id='word_1_241' title='bbox 1029 3226 1096 3283; x_wconf 87' lang='lat' dir='ltr'>ab</span> <span class='ocrx_word' id='word_1_242' title='bbox 1143 3227 1382 3294; x_wconf 82' lang='lat' dir='ltr'>homine,</span> <span class='ocrx_word' id='word_1_243' title='bbox 1433 3223 1683 3280; x_wconf 87' lang='lat' dir='ltr'>ambulat</span> <span class='ocrx_word' id='word_1_244' title='bbox 1730 3238 1830 3296; x_wconf 91' lang='lat' dir='ltr'>per</span> <span class='ocrx_word' id='word_1_245' title='bbox 1869 3274 1875 3301; x_wconf 32' lang='grc' dir='ltr'>ξ</span> 
     </span>
    </p>
   </div>
   <div class='ocr_carea' id='block_1_35' title="bbox 1922 645 3581 725">
    <p class='ocr_par' dir='ltr' id='par_1_35' title="bbox 1922 645 3581 725">
     <span class='ocr_line' id='line_1_35' title="bbox 1922 645 3581 725; baseline 0.005 -25"><span class='ocrx_word' id='word_1_246' title='bbox 1922 645 2286 719; x_wconf 83' lang='lat' dir='ltr'>fugientibus</span> <span class='ocrx_word' id='word_1_247' title='bbox 2304 648 2554 703; x_wconf 86' lang='lat' dir='ltr'>terrenis</span> <span class='ocrx_word' id='word_1_248' title='bbox 2580 648 3284 725; x_wconf 89' lang='lat' dir='ltr'>omnibus,propinquant</span> <span class='ocrx_word' id='word_1_249' title='bbox 3303 650 3581 721; x_wconf 78' lang='lat' dir='ltr'>cmlestia,</span> 
     </span>
    </p>
   </div>
   <div class='ocr_carea' id='block_1_36' title="bbox 1923 734 3583 815">
    <p class='ocr_par' dir='ltr' id='par_1_36' title="bbox 1923 734 3583 815">
     <span class='ocr_line' id='line_1_36' title="bbox 1923 734 3583 815; baseline 0.004 -24"><span class='ocrx_word' id='word_1_250' title='bbox 1923 734 2042 791; x_wconf 88' lang='lat' dir='ltr'>illis</span> <span class='ocrx_word' id='word_1_251' title='bbox 2072 739 2291 803; x_wconf 92' lang='lat' dir='ltr'>tamen,</span> <span class='ocrx_word' id='word_1_252' title='bbox 2326 735 2427 809; x_wconf 92' lang='lat' dir='ltr'>qui</span> <span class='ocrx_word' id='word_1_253' title='bbox 2455 743 2802 811; x_wconf 87' lang='lat' dir='ltr'>cooperante</span> <span class='ocrx_word' id='word_1_254' title='bbox 2849 739 3038 812; x_wconf 87' lang='lat' dir='ltr'>gratia</span> <span class='ocrx_word' id='word_1_255' title='bbox 3085 740 3208 810; x_wconf 92' lang='lat' dir='ltr'>Dei,</span> <span class='ocrx_word' id='word_1_256' title='bbox 3242 742 3583 815; x_wconf 90' lang='lat' dir='ltr'>operatione</span> 
     </span>
    </p>
   </div>
   <div class='ocr_carea' id='block_1_37' title="bbox 1925 823 2914 900">
    <p class='ocr_par' dir='ltr' id='par_1_37' title="bbox 1925 823 2914 900">
     <span class='ocr_line' id='line_1_37' title="bbox 1925 823 2914 900; baseline 0.005 -22"><span class='ocrx_word' id='word_1_257' title='bbox 1925 823 2132 880; x_wconf 90' lang='lat' dir='ltr'>sedula</span> <span class='ocrx_word' id='word_1_258' title='bbox 2162 825 2261 880; x_wconf 86' lang='lat' dir='ltr'>illa</span> <span class='ocrx_word' id='word_1_259' title='bbox 2290 827 2615 883; x_wconf 87' lang='lat' dir='ltr'>meruerint</span> <span class='ocrx_word' id='word_1_260' title='bbox 2643 827 2914 900; x_wconf 87' lang='lat' dir='ltr'>adipisci.</span> 
     </span>
    </p>
   </div>
   <div class='ocr_carea' id='block_1_38' title="bbox 1996 913 3584 990">
    <p class='ocr_par' dir='ltr' id='par_1_38' title="bbox 1996 913 3584 990">
     <span class='ocr_line' id='line_1_38' title="bbox 1996 913 3584 990; baseline 0.005 -22"><span class='ocrx_word' id='word_1_261' title='bbox 1996 913 2049 968; x_wconf 94' lang='lat'>3.</span> <span class='ocrx_word' id='word_1_262' title='bbox 2085 913 2194 977; x_wconf 89' lang='lat' dir='ltr'>Qui</span> <span class='ocrx_word' id='word_1_263' title='bbox 2224 930 2359 971; x_wconf 88' lang='lat' dir='ltr'>vero</span> <span class='ocrx_word' id='word_1_264' title='bbox 2390 915 2510 971; x_wconf 89' lang='lat' dir='ltr'>sint</span> <span class='ocrx_word' id='word_1_265' title='bbox 2540 914 2659 983; x_wconf 88' lang='lat' dir='ltr'>isti,</span> <span class='ocrx_word' id='word_1_266' title='bbox 2690 915 3061 990; x_wconf 90' lang='lat' dir='ltr'>subjungens</span> <span class='ocrx_word' id='word_1_267' title='bbox 3090 918 3397 990; x_wconf 87' lang='lat' dir='ltr'>piissimus</span> <span class='ocrx_word' id='word_1_268' title='bbox 3424 917 3584 976; x_wconf 89' lang='lat' dir='ltr'>idem</span> 
     </span>
    </p>
   </div>
   <div class='ocr_carea' id='block_1_39' title="bbox 1925 1002 3582 1077">
    <p class='ocr_par' dir='ltr' id='par_1_39' title="bbox 1925 1002 3582 1077">
     <span class='ocr_line' id='line_1_39' title="bbox 1925 1002 3582 1077; baseline 0.005 -21"><span class='ocrx_word' id='word_1_269' title='bbox 1925 1002 2250 1074; x_wconf 87' lang='lat' dir='ltr'>promissor</span> <span class='ocrx_word' id='word_1_270' title='bbox 2278 1002 2817 1060; x_wconf 89' lang='lat' dir='ltr'>demonstrat.Cum</span> <span class='ocrx_word' id='word_1_271' title='bbox 2838 1006 2996 1061; x_wconf 90' lang='lat' dir='ltr'>enim</span> <span class='ocrx_word' id='word_1_272' title='bbox 3018 1006 3263 1064; x_wconf 85' lang='lat' dir='ltr'>dixisset</span> <span class='ocrx_word' id='word_1_273' title='bbox 3293 1025 3307 1066; x_wconf 92' lang='lat'><strong>:</strong></span> <span class='ocrx_word' id='word_1_274' title='bbox 3328 1009 3438 1077; x_wconf 83' lang='lat' dir='ltr'>Qui</span> <span class='ocrx_word' id='word_1_275' title='bbox 3458 1023 3582 1065; x_wconf 91' lang='lat' dir='ltr'>vero</span> 
     </span>
    </p>
   </div>
   <div class='ocr_carea' id='block_1_40' title="bbox 1924 1091 3589 1166">
    <p class='ocr_par' dir='ltr' id='par_1_40' title="bbox 1924 1091 3589 1166">
     <span class='ocr_line' id='line_1_40' title="bbox 1924 1091 3589 1166; baseline 0.007 -22"><span class='ocrx_word' id='word_1_276' title='bbox 1924 1107 2035 1145; x_wconf 89' lang='lat' dir='ltr'>non</span> <span class='ocrx_word' id='word_1_277' title='bbox 2069 1091 2382 1159; x_wconf 85' lang='lat' dir='ltr'>crediderit,</span> <span class='ocrx_word' id='word_1_278' title='bbox 2414 1093 2862 1150; x_wconf 75' lang='lat' dir='ltr'>condemnabitur</span> <span class='ocrx_word' id='word_1_279' title='bbox 2888 1095 3081 1153; x_wconf 85' lang='lat' dir='ltr'>(Marc.</span> <span class='ocrx_word' id='word_1_280' title='bbox 3114 1114 3230 1163; x_wconf 81' lang='lat' dir='ltr'>xvr,</span> <span class='ocrx_word' id='word_1_281' title='bbox 3268 1097 3375 1166; x_wconf 87' lang='grc'><strong>16),</strong></span> <span class='ocrx_word' id='word_1_282' title='bbox 3409 1101 3476 1154; x_wconf 92' lang='lat' dir='ltr'>ut</span> <span class='ocrx_word' id='word_1_283' title='bbox 3505 1097 3589 1156; x_wconf 87' lang='lat' dir='ltr'>in-</span> 
     </span>
    </p>
   </div>
   <div class='ocr_carea' id='block_1_41' title="bbox 1926 1180 3584 1252">
    <p class='ocr_par' dir='ltr' id='par_1_41' title="bbox 1926 1180 3584 1252">
     <span class='ocr_line' id='line_1_41' title="bbox 1926 1180 3584 1252; baseline 0.006 -19"><span class='ocrx_word' id='word_1_284' title='bbox 1926 1180 2100 1235; x_wconf 91' lang='lat' dir='ltr'>diciis</span> <span class='ocrx_word' id='word_1_285' title='bbox 2130 1180 2495 1252; x_wconf 87' lang='lat' dir='ltr'>quibuslibet</span> <span class='ocrx_word' id='word_1_286' title='bbox 2525 1183 2829 1239; x_wconf 90' lang='lat' dir='ltr'>credentes</span> <span class='ocrx_word' id='word_1_287' title='bbox 2859 1200 2892 1239; x_wconf 89' lang='lat' dir='ltr'>a</span> <span class='ocrx_word' id='word_1_288' title='bbox 2924 1200 3041 1240; x_wconf 92' lang='lat' dir='ltr'>non</span> <span class='ocrx_word' id='word_1_289' title='bbox 3093 1185 3465 1245; x_wconf 84' lang='lat' dir='ltr'>credentibus</span> <span class='ocrx_word' id='word_1_290' title='bbox 3495 1203 3584 1243; x_wconf 88' lang='lat' dir='ltr'>se-</span> 
     </span>
    </p>
   </div>
   <div class='ocr_carea' id='block_1_42' title="bbox 1927 1270 3585 1346">
    <p class='ocr_par' dir='ltr' id='par_1_42' title="bbox 1927 1270 3585 1346">
     <span class='ocr_line' id='line_1_42' title="bbox 1927 1270 3585 1346; baseline 0.005 -22"><span class='ocrx_word' id='word_1_291' title='bbox 1927 1272 2210 1337; x_wconf 89' lang='lat' dir='ltr'>cerneret,</span> <span class='ocrx_word' id='word_1_292' title='bbox 2243 1270 2497 1342; x_wconf 88' lang='lat' dir='ltr'>subjecit</span> <span class='ocrx_word' id='word_1_293' title='bbox 2523 1288 2537 1326; x_wconf 90' lang='lat'><strong>:</strong></span> <span class='ocrx_word' id='word_1_294' title='bbox 2565 1272 2743 1342; x_wconf 85' lang='lat' dir='ltr'>Signa</span> <span class='ocrx_word' id='word_1_295' title='bbox 2772 1276 2958 1329; x_wconf 86' lang='lat' dir='ltr'>autem</span> <span class='ocrx_word' id='word_1_296' title='bbox 2985 1290 3074 1330; x_wconf 87' lang='lat' dir='ltr'>eos</span> <span class='ocrx_word' id='word_1_297' title='bbox 3103 1276 3201 1346; x_wconf 88' lang='lat' dir='ltr'>qui</span> <span class='ocrx_word' id='word_1_298' title='bbox 3227 1275 3585 1346; x_wconf 83' lang='lat' dir='ltr'>crediderint,</span> 
     </span>
    </p>
   </div>
   <div class='ocr_carea' id='block_1_43' title="bbox 1927 1356 3589 1436">
    <p class='ocr_par' dir='ltr' id='par_1_43' title="bbox 1927 1356 3589 1436">
     <span class='ocr_line' id='line_1_43' title="bbox 1927 1356 3589 1436; baseline 0.004 -21"><span class='ocrx_word' id='word_1_299' title='bbox 1927 1356 2046 1415; x_wconf 62' lang='lat' dir='ltr'>haec</span> <span class='ocrx_word' id='word_1_300' title='bbox 2072 1364 2373 1432; x_wconf 75' lang='lat' dir='ltr'>sequentur</span> <span class='ocrx_word' id='word_1_301' title='bbox 2400 1378 2420 1416; x_wconf 90' lang='lat'><strong><em>:</em></strong></span> <span class='ocrx_word' id='word_1_302' title='bbox 2452 1362 2513 1416; x_wconf 91' lang='lat' dir='ltr'>in</span> <span class='ocrx_word' id='word_1_303' title='bbox 2541 1362 2766 1418; x_wconf 85' lang='lat' dir='ltr'>nomine</span> <span class='ocrx_word' id='word_1_304' title='bbox 2792 1378 2911 1419; x_wconf 86' lang='lat' dir='ltr'>meo</span> <span class='ocrx_word' id='word_1_305' title='bbox 2932 1362 3210 1421; x_wconf 73' lang='lat' dir='ltr'>daemonia</span> <span class='ocrx_word' id='word_1_306' title='bbox 3227 1364 3589 1436; x_wconf 86' lang='lat' dir='ltr'>ejicient,lin-</span> 
     </span>
    </p>
   </div>
   <div class='ocr_carea' id='block_1_44' title="bbox 1925 1448 3589 1525">
    <p class='ocr_par' dir='ltr' id='par_1_44' title="bbox 1925 1448 3589 1525">
     <span class='ocr_line' id='line_1_44' title="bbox 1925 1448 3589 1525; baseline 0.005 -24"><span class='ocrx_word' id='word_1_307' title='bbox 1925 1448 2051 1519; x_wconf 82' lang='lat' dir='ltr'>guis</span> <span class='ocrx_word' id='word_1_308' title='bbox 2082 1449 2369 1520; x_wconf 88' lang='lat' dir='ltr'>loquentur</span> <span class='ocrx_word' id='word_1_309' title='bbox 2395 1451 2573 1515; x_wconf 91' lang='lat' dir='ltr'>novis,</span> <span class='ocrx_word' id='word_1_310' title='bbox 2603 1454 2879 1521; x_wconf 83' lang='lat' dir='ltr'>serpentes</span> <span class='ocrx_word' id='word_1_311' title='bbox 2906 1451 3122 1517; x_wconf 86' lang='lat' dir='ltr'>tollent,</span> <span class='ocrx_word' id='word_1_312' title='bbox 3151 1458 3205 1507; x_wconf 84' lang='lat' dir='ltr'>et</span> <span class='ocrx_word' id='word_1_313' title='bbox 3238 1453 3291 1508; x_wconf 88' lang='lat' dir='ltr'>si</span> <span class='ocrx_word' id='word_1_314' title='bbox 3338 1454 3589 1525; x_wconf 77' lang='lat' dir='ltr'>mortife-</span> 
     </span>
    </p>
   </div>
   <div class='ocr_carea' id='block_1_45' title="bbox 1929 1537 3587 1611">
    <p class='ocr_par' dir='ltr' id='par_1_45' title="bbox 1929 1537 3587 1611">
     <span class='ocr_line' id='line_1_45' title="bbox 1929 1537 3587 1611; baseline 0.004 -21"><span class='ocrx_word' id='word_1_315' title='bbox 1929 1552 2057 1590; x_wconf 87' lang='lat' dir='ltr'>rum</span> <span class='ocrx_word' id='word_1_316' title='bbox 2087 1537 2218 1607; x_wconf 89' lang='lat' dir='ltr'>quid</span> <span class='ocrx_word' id='word_1_317' title='bbox 2247 1537 2507 1604; x_wconf 87' lang='lat' dir='ltr'>biberint,</span> <span class='ocrx_word' id='word_1_318' title='bbox 2532 1554 2644 1593; x_wconf 83' lang='lat' dir='ltr'>non</span> <span class='ocrx_word' id='word_1_319' title='bbox 2673 1540 2752 1594; x_wconf 90' lang='lat' dir='ltr'>cis</span> <span class='ocrx_word' id='word_1_320' title='bbox 2798 1539 3014 1593; x_wconf 86' lang='lat' dir='ltr'>nocebit</span> <span class='ocrx_word' id='word_1_321' title='bbox 3030 1556 3052 1601; x_wconf 86' lang='lat'><em>;</em></span> <span class='ocrx_word' id='word_1_322' title='bbox 3081 1554 3243 1611; x_wconf 84' lang='lat' dir='ltr'>super</span> <span class='ocrx_word' id='word_1_323' title='bbox 3269 1554 3449 1610; x_wconf 72' lang='lat' dir='ltr'>aegros</span> <span class='ocrx_word' id='word_1_324' title='bbox 3469 1556 3587 1596; x_wconf 85' lang='lat' dir='ltr'>ma-</span> 
     </span>
    </p>
   </div>
   <div class='ocr_carea' id='block_1_46' title="bbox 1931 1625 3591 1699">
    <p class='ocr_par' dir='ltr' id='par_1_46' title="bbox 1931 1625 3591 1699">
     <span class='ocr_line' id='line_1_46' title="bbox 1931 1625 3591 1699; baseline 0.005 -22"><span class='ocrx_word' id='word_1_325' title='bbox 1931 1640 2037 1678; x_wconf 86' lang='lat' dir='ltr'>nus</span> <span class='ocrx_word' id='word_1_326' title='bbox 2067 1625 2421 1696; x_wconf 83' lang='lat' dir='ltr'>imponent,et</span> <span class='ocrx_word' id='word_1_327' title='bbox 2443 1626 2575 1681; x_wconf 88' lang='lat' dir='ltr'>bene</span> <span class='ocrx_word' id='word_1_328' title='bbox 2595 1626 2871 1682; x_wconf 84' lang='lat' dir='ltr'>habebunt</span> <span class='ocrx_word' id='word_1_329' title='bbox 2902 1626 3062 1687; x_wconf 82' lang='lat' dir='ltr'>(Ibid.</span> <span class='ocrx_word' id='word_1_330' title='bbox 3102 1628 3459 1699; x_wconf 85' lang='lat' dir='ltr'>17-18).Quid</span> <span class='ocrx_word' id='word_1_331' title='bbox 3482 1629 3591 1686; x_wconf 89' lang='lat' dir='ltr'>hoc</span> 
     </span>
    </p>
   </div>
   <div class='ocr_carea' id='block_1_47' title="bbox 1934 1708 3591 1787">
    <p class='ocr_par' dir='ltr' id='par_1_47' title="bbox 1934 1708 3591 1787">
     <span class='ocr_line' id='line_1_47' title="bbox 1934 1708 3591 1787; baseline 0.004 -22"><span class='ocrx_word' id='word_1_332' title='bbox 1934 1714 2043 1780; x_wconf 89' lang='lat' dir='ltr'>est,</span> <span class='ocrx_word' id='word_1_333' title='bbox 2076 1712 2285 1767; x_wconf 88' lang='lat' dir='ltr'>fratres</span> <span class='ocrx_word' id='word_1_334' title='bbox 2306 1712 2334 1768; x_wconf 86' lang='lat'><strong>?</strong></span> <span class='ocrx_word' id='word_1_335' title='bbox 2359 1713 2495 1785; x_wconf 91' lang='lat' dir='ltr'>quis</span> <span class='ocrx_word' id='word_1_336' title='bbox 2525 1713 2682 1767; x_wconf 89' lang='lat' dir='ltr'>enim</span> <span class='ocrx_word' id='word_1_337' title='bbox 2709 1708 3089 1787; x_wconf 81' lang='lat' dir='ltr'>corporaliter</span> <span class='ocrx_word' id='word_1_338' title='bbox 3115 1714 3230 1772; x_wconf 90' lang='lat' dir='ltr'>ista</span> <span class='ocrx_word' id='word_1_339' title='bbox 3258 1715 3432 1773; x_wconf 90' lang='lat' dir='ltr'>hodie</span> <span class='ocrx_word' id='word_1_340' title='bbox 3459 1718 3591 1774; x_wconf 64' lang='lat' dir='ltr'>etii-</span> 
     </span>
    </p>
   </div>
   <div class='ocr_carea' id='block_1_48' title="bbox 1938 1799 3592 1880">
    <p class='ocr_par' dir='ltr' id='par_1_48' title="bbox 1938 1799 3592 1880">
     <span class='ocr_line' id='line_1_48' title="bbox 1938 1799 3592 1880; baseline 0.006 -27"><span class='ocrx_word' id='word_1_341' title='bbox 1938 1800 2017 1854; x_wconf 90' lang='lat' dir='ltr'>cit</span> <span class='ocrx_word' id='word_1_342' title='bbox 2047 1799 2217 1872; x_wconf 87' lang='lat' dir='ltr'>signa</span> <span class='ocrx_word' id='word_1_343' title='bbox 2237 1800 2264 1854; x_wconf 80' lang='lat' dir='ltr'>‘I</span> <span class='ocrx_word' id='word_1_344' title='bbox 2294 1801 2497 1867; x_wconf 87' lang='lat' dir='ltr'>Nemo,</span> <span class='ocrx_word' id='word_1_345' title='bbox 2530 1800 2920 1869; x_wconf 88' lang='lat' dir='ltr'>dilectissimi,</span> <span class='ocrx_word' id='word_1_346' title='bbox 2972 1820 3165 1859; x_wconf 91' lang='lat' dir='ltr'>nemo.</span> <span class='ocrx_word' id='word_1_347' title='bbox 3215 1804 3424 1862; x_wconf 86' lang='lat' dir='ltr'>Nullus</span> <span class='ocrx_word' id='word_1_348' title='bbox 3454 1822 3592 1880; x_wconf 89' lang='lat' dir='ltr'>ergo</span> 
     </span>
    </p>
   </div>
   <div class='ocr_carea' id='block_1_49' title="bbox 1938 1888 3596 1964">
    <p class='ocr_par' dir='ltr' id='par_1_49' title="bbox 1938 1888 3596 1964">
     <span class='ocr_line' id='line_1_49' title="bbox 1938 1888 3596 1964; baseline 0.005 -21"><span class='ocrx_word' id='word_1_349' title='bbox 1938 1888 2161 1944; x_wconf 81' lang='lat' dir='ltr'>credit?</span> <span class='ocrx_word' id='word_1_350' title='bbox 2190 1890 2377 1945; x_wconf 89' lang='lat' dir='ltr'>Absit.</span> <span class='ocrx_word' id='word_1_351' title='bbox 2413 1890 2670 1945; x_wconf 88' lang='lat' dir='ltr'>Credunt</span> <span class='ocrx_word' id='word_1_352' title='bbox 2695 1890 2874 1959; x_wconf 91' lang='lat' dir='ltr'>enim,</span> <span class='ocrx_word' id='word_1_353' title='bbox 2907 1891 3023 1948; x_wconf 92' lang='lat' dir='ltr'>Deo</span> <span class='ocrx_word' id='word_1_354' title='bbox 3054 1892 3293 1964; x_wconf 84' lang='lat' dir='ltr'>gratias,</span> <span class='ocrx_word' id='word_1_355' title='bbox 3326 1894 3496 1963; x_wconf 87' lang='lat' dir='ltr'>tanti,</span> <span class='ocrx_word' id='word_1_356' title='bbox 3528 1900 3596 1951; x_wconf 90' lang='lat' dir='ltr'>ut</span> 
     </span>
    </p>
   </div>
   <div class='ocr_carea' id='block_1_50' title="bbox 1936 1976 3593 2053">
    <p class='ocr_par' dir='ltr' id='par_1_50' title="bbox 1936 1976 3593 2053">
     <span class='ocr_line' id='line_1_50' title="bbox 1936 1976 3593 2053; baseline 0.005 -22"><span class='ocrx_word' id='word_1_357' title='bbox 1936 1976 2056 2033; x_wconf 89' lang='lat' dir='ltr'>illis</span> <span class='ocrx_word' id='word_1_358' title='bbox 2086 1976 2230 2033; x_wconf 91' lang='lat' dir='ltr'>illud</span> <span class='ocrx_word' id='word_1_359' title='bbox 2254 1981 2539 2051; x_wconf 84' lang='lat' dir='ltr'>congruat</span> <span class='ocrx_word' id='word_1_360' title='bbox 2569 1977 3006 2053; x_wconf 85' lang='lat' dir='ltr'>psalmographi</span> <span class='ocrx_word' id='word_1_361' title='bbox 3039 1980 3424 2039; x_wconf 78' lang='lat' dir='ltr'>:Annuntiavi</span> <span class='ocrx_word' id='word_1_362' title='bbox 3442 1992 3492 2039; x_wconf 88' lang='lat' dir='ltr'>et</span> <span class='ocrx_word' id='word_1_363' title='bbox 3513 1984 3593 2040; x_wconf 84' lang='grc' dir='ltr'>ιο-</span> 
     </span>
    </p>
   </div>
   <div class='ocr_carea' id='block_1_51' title="bbox 1936 2069 3589 2142">
    <p class='ocr_par' dir='ltr' id='par_1_51' title="bbox 1936 2069 3589 2142">
     <span class='ocr_line' id='line_1_51' title="bbox 1936 2069 3589 2142; baseline 0.005 -21"><span class='ocrx_word' id='word_1_364' title='bbox 1936 2070 2095 2122; x_wconf 89' lang='lat' dir='ltr'>cutus</span> <span class='ocrx_word' id='word_1_365' title='bbox 2121 2083 2287 2136; x_wconf 86' lang='lat' dir='ltr'>sum;</span> <span class='ocrx_word' id='word_1_366' title='bbox 2316 2069 2679 2140; x_wconf 85' lang='lat' dir='ltr'>multiplicati</span> <span class='ocrx_word' id='word_1_367' title='bbox 2713 2072 2844 2123; x_wconf 87' lang='lat' dir='ltr'>sunt</span> <span class='ocrx_word' id='word_1_368' title='bbox 2886 2086 3052 2142; x_wconf 87' lang='lat' dir='ltr'>super</span> <span class='ocrx_word' id='word_1_369' title='bbox 3093 2087 3390 2129; x_wconf 85' lang='lat' dir='ltr'>numerum</span> <span class='ocrx_word' id='word_1_370' title='bbox 3419 2073 3589 2138; x_wconf 82' lang='lat' dir='ltr'>(Psal.</span> 
     </span>
    </p>
   </div>
   <div class='ocr_carea' id='block_1_52' title="bbox 1934 2156 3594 2233">
    <p class='ocr_par' dir='ltr' id='par_1_52' title="bbox 1934 2156 3594 2233">
     <span class='ocr_line' id='line_1_52' title="bbox 1934 2156 3594 2233; baseline 0.006 -24"><span class='ocrx_word' id='word_1_371' title='bbox 1934 2173 2064 2221; x_wconf 83' lang='lat' dir='ltr'>xxx,</span> <span class='ocrx_word' id='word_1_372' title='bbox 2115 2156 2190 2219; x_wconf 88' lang='lat'>6).</span> <span class='ocrx_word' id='word_1_373' title='bbox 2221 2156 2521 2222; x_wconf 87' lang='lat' dir='ltr'>Quomodo</span> <span class='ocrx_word' id='word_1_374' title='bbox 2563 2157 2759 2228; x_wconf 87' lang='lat' dir='ltr'>itaque</span> <span class='ocrx_word' id='word_1_375' title='bbox 2815 2158 3082 2225; x_wconf 90' lang='lat' dir='ltr'>credunt,</span> <span class='ocrx_word' id='word_1_376' title='bbox 3133 2176 3267 2217; x_wconf 92' lang='lat' dir='ltr'>cum</span> <span class='ocrx_word' id='word_1_377' title='bbox 3317 2161 3418 2233; x_wconf 89' lang='lat' dir='ltr'>qui</span> <span class='ocrx_word' id='word_1_378' title='bbox 3469 2161 3594 2219; x_wconf 57' lang='lat' dir='ltr'>hate</span> 
     </span>
    </p>
   </div>
   <div class='ocr_carea' id='block_1_53' title="bbox 1935 2242 3594 2321">
    <p class='ocr_par' dir='ltr' id='par_1_53' title="bbox 1935 2242 3594 2321">
     <span class='ocr_line' id='line_1_53' title="bbox 1935 2242 3594 2321; baseline 0.005 -22"><span class='ocrx_word' id='word_1_379' title='bbox 1935 2242 2107 2315; x_wconf 90' lang='lat' dir='ltr'>signa</span> <span class='ocrx_word' id='word_1_380' title='bbox 2136 2243 2472 2310; x_wconf 88' lang='lat' dir='ltr'>faciunt,illi</span> <span class='ocrx_word' id='word_1_381' title='bbox 2504 2247 2913 2303; x_wconf 86' lang='lat' dir='ltr'>tantummodo</span> <span class='ocrx_word' id='word_1_382' title='bbox 2940 2248 3175 2305; x_wconf 89' lang='lat' dir='ltr'>credere</span> <span class='ocrx_word' id='word_1_383' title='bbox 3196 2248 3594 2321; x_wconf 85' lang='lat' dir='ltr'>dicantur;isti</span> 
     </span>
    </p>
   </div>
   <div class='ocr_carea' id='block_1_54' title="bbox 1932 2332 3592 2413">
    <p class='ocr_par' dir='ltr' id='par_1_54' title="bbox 1932 2332 3592 2413">
     <span class='ocr_line' id='line_1_54' title="bbox 1932 2332 3592 2413; baseline 0.006 -26"><span class='ocrx_word' id='word_1_384' title='bbox 1932 2348 2069 2388; x_wconf 84' lang='lat' dir='ltr'>vero</span> <span class='ocrx_word' id='word_1_385' title='bbox 2093 2348 2161 2388; x_wconf 90' lang='lat' dir='ltr'>ea</span> <span class='ocrx_word' id='word_1_386' title='bbox 2192 2349 2307 2388; x_wconf 89' lang='lat' dir='ltr'>non</span> <span class='ocrx_word' id='word_1_387' title='bbox 2330 2332 2596 2389; x_wconf 84' lang='lat' dir='ltr'>faciunt?</span> <span class='ocrx_word' id='word_1_388' title='bbox 2616 2334 2861 2390; x_wconf 86' lang='lat' dir='ltr'>Faciunt</span> <span class='ocrx_word' id='word_1_389' title='bbox 2882 2335 3307 2409; x_wconf 85' lang='lat' dir='ltr'>plane,faciunt</span> <span class='ocrx_word' id='word_1_390' title='bbox 3325 2339 3592 2413; x_wconf 88' lang='lat' dir='ltr'>quidam,</span> 
     </span>
    </p>
   </div>
   <div class='ocr_carea' id='block_1_55' title="bbox 1933 2421 3592 2497">
    <p class='ocr_par' dir='ltr' id='par_1_55' title="bbox 1933 2421 3592 2497">
     <span class='ocr_line' id='line_1_55' title="bbox 1933 2421 3592 2497; baseline 0.005 -21"><span class='ocrx_word' id='word_1_391' title='bbox 1933 2421 2035 2477; x_wconf 92' lang='lat' dir='ltr'>sed</span> <span class='ocrx_word' id='word_1_392' title='bbox 2069 2438 2184 2477; x_wconf 89' lang='lat' dir='ltr'>non</span> <span class='ocrx_word' id='word_1_393' title='bbox 2216 2421 2594 2493; x_wconf 80' lang='lat' dir='ltr'>corporaliter</span> <span class='ocrx_word' id='word_1_394' title='bbox 2622 2424 2777 2480; x_wconf 71' lang='lat'>626</span> <span class='ocrx_word' id='word_1_395' title='bbox 2800 2424 3157 2492; x_wconf 86' lang='lat' dir='ltr'>laciunt,sed</span> <span class='ocrx_word' id='word_1_396' title='bbox 3182 2430 3344 2483; x_wconf 87' lang='lat' dir='ltr'>tanto</span> <span class='ocrx_word' id='word_1_397' title='bbox 3366 2427 3592 2497; x_wconf 88' lang='lat' dir='ltr'>utilius,</span> 
     </span>
    </p>
   </div>
   <div class='ocr_carea' id='block_1_56' title="bbox 1934 2511 3596 2585">
    <p class='ocr_par' dir='ltr' id='par_1_56' title="bbox 1934 2511 3596 2585">
     <span class='ocr_line' id='line_1_56' title="bbox 1934 2511 3596 2585; baseline 0.005 -21"><span class='ocrx_word' id='word_1_398' title='bbox 1934 2514 2154 2582; x_wconf 89' lang='lat' dir='ltr'>quanto</span> <span class='ocrx_word' id='word_1_399' title='bbox 2187 2526 2221 2565; x_wconf 91' lang='lat' dir='ltr'>a</span> <span class='ocrx_word' id='word_1_400' title='bbox 2251 2527 2493 2582; x_wconf 90' lang='lat' dir='ltr'>corpore</span> <span class='ocrx_word' id='word_1_401' title='bbox 2544 2511 2901 2567; x_wconf 86' lang='lat' dir='ltr'>discernitur</span> <span class='ocrx_word' id='word_1_402' title='bbox 2947 2512 3215 2585; x_wconf 88' lang='lat' dir='ltr'>spiritus.</span> <span class='ocrx_word' id='word_1_403' title='bbox 3250 2515 3315 2570; x_wconf 93' lang='lat' dir='ltr'>In</span> <span class='ocrx_word' id='word_1_404' title='bbox 3356 2516 3596 2572; x_wconf 88' lang='lat' dir='ltr'>nomine</span> 
     </span>
    </p>
   </div>
   <div class='ocr_carea' id='block_1_57' title="bbox 1936 2597 3597 2676">
    <p class='ocr_par' dir='ltr' id='par_1_57' title="bbox 1936 2597 3597 2676">
     <span class='ocr_line' id='line_1_57' title="bbox 1936 2597 3597 2676; baseline 0.005 -22"><span class='ocrx_word' id='word_1_405' title='bbox 1936 2597 2097 2654; x_wconf 88' lang='lat' dir='ltr'>enim</span> <span class='ocrx_word' id='word_1_406' title='bbox 2128 2597 2343 2654; x_wconf 90' lang='lat' dir='ltr'>Christi</span> <span class='ocrx_word' id='word_1_407' title='bbox 2378 2598 2668 2654; x_wconf 81' lang='lat' dir='ltr'>daemonia</span> <span class='ocrx_word' id='word_1_408' title='bbox 2699 2598 3068 2673; x_wconf 88' lang='lat' dir='ltr'>ejiciunt,qui</span> <span class='ocrx_word' id='word_1_409' title='bbox 3093 2601 3152 2656; x_wconf 91' lang='lat' dir='ltr'>in</span> <span class='ocrx_word' id='word_1_410' title='bbox 3174 2602 3387 2659; x_wconf 83' lang='lat' dir='ltr'>virtute</span> <span class='ocrx_word' id='word_1_411' title='bbox 3406 2602 3597 2676; x_wconf 86' lang='lat' dir='ltr'>ipsius</span> 
     </span>
    </p>
   </div>
   <div class='ocr_carea' id='block_1_58' title="bbox 1936 2685 3595 2761">
    <p class='ocr_par' dir='ltr' id='par_1_58' title="bbox 1936 2685 3595 2761">
     <span class='ocr_line' id='line_1_58' title="bbox 1936 2685 3595 2761; baseline 0.005 -21"><span class='ocrx_word' id='word_1_412' title='bbox 1936 2685 2096 2751; x_wconf 88' lang='lat' dir='ltr'>vitia,</span> <span class='ocrx_word' id='word_1_413' title='bbox 2129 2704 2258 2759; x_wconf 72' lang='lat' dir='ltr'>quae</span> <span class='ocrx_word' id='word_1_414' title='bbox 2290 2687 2586 2743; x_wconf 70' lang='lat' dir='ltr'>daemones</span> <span class='ocrx_word' id='word_1_415' title='bbox 2626 2687 2925 2761; x_wconf 85' lang='lat' dir='ltr'>ingerunt,</span> <span class='ocrx_word' id='word_1_416' title='bbox 2955 2707 2989 2746; x_wconf 89' lang='lat' dir='ltr'>a</span> <span class='ocrx_word' id='word_1_417' title='bbox 3044 2691 3320 2747; x_wconf 89' lang='lat' dir='ltr'>cordibus</span> <span class='ocrx_word' id='word_1_418' title='bbox 3349 2692 3476 2748; x_wconf 90' lang='lat' dir='ltr'>suis</span> <span class='ocrx_word' id='word_1_419' title='bbox 3506 2708 3595 2750; x_wconf 82' lang='lat' dir='ltr'>re-</span> 
     </span>
    </p>
   </div>
   <div class='ocr_carea' id='block_1_59' title="bbox 1937 2774 3599 2854">
    <p class='ocr_par' dir='ltr' id='par_1_59' title="bbox 1937 2774 3599 2854">
     <span class='ocr_line' id='line_1_59' title="bbox 1937 2774 3599 2854; baseline 0.005 -23"><span class='ocrx_word' id='word_1_420' title='bbox 1937 2774 2412 2850; x_wconf 79' lang='lat' dir='ltr'>pelluntzlinguis</span> <span class='ocrx_word' id='word_1_421' title='bbox 2427 2774 2752 2849; x_wconf 89' lang='lat' dir='ltr'>loquuntur</span> <span class='ocrx_word' id='word_1_422' title='bbox 2771 2778 3493 2854; x_wconf 88' lang='lat' dir='ltr'>novis,cum,praviloquio</span> <span class='ocrx_word' id='word_1_423' title='bbox 3516 2800 3599 2841; x_wconf 83' lang='lat' dir='ltr'>re-</span> 
     </span>
    </p>
   </div>
   <div class='ocr_carea' id='block_1_60' title="bbox 1936 2863 3599 2940">
    <p class='ocr_par' dir='ltr' id='par_1_60' title="bbox 1936 2863 3599 2940">
     <span class='ocr_line' id='line_1_60' title="bbox 1936 2863 3599 2940; baseline 0.005 -21"><span class='ocrx_word' id='word_1_424' title='bbox 1936 2863 2094 2934; x_wconf 90' lang='lat' dir='ltr'>licto,</span> <span class='ocrx_word' id='word_1_425' title='bbox 2147 2863 2381 2921; x_wconf 92' lang='lat' dir='ltr'>laudem</span> <span class='ocrx_word' id='word_1_426' title='bbox 2414 2865 2514 2920; x_wconf 92' lang='lat' dir='ltr'>Dei</span> <span class='ocrx_word' id='word_1_427' title='bbox 2561 2864 2767 2940; x_wconf 88' lang='lat' dir='ltr'>lingua</span> <span class='ocrx_word' id='word_1_428' title='bbox 2816 2872 3052 2924; x_wconf 87' lang='lat' dir='ltr'>resonet</span> <span class='ocrx_word' id='word_1_429' title='bbox 3099 2869 3385 2940; x_wconf 89' lang='lat' dir='ltr'>ipsorum,</span> <span class='ocrx_word' id='word_1_430' title='bbox 3429 2870 3599 2928; x_wconf 88' lang='lat' dir='ltr'>utilia</span> 
     </span>
    </p>
   </div>
   <div class='ocr_carea' id='block_1_61' title="bbox 1937 2952 3596 3033">
    <p class='ocr_par' dir='ltr' id='par_1_61' title="bbox 1937 2952 3596 3033">
     <span class='ocr_line' id='line_1_61' title="bbox 1937 2952 3596 3033; baseline 0.004 -25"><span class='ocrx_word' id='word_1_431' title='bbox 1937 2969 2131 3009; x_wconf 90' lang='lat' dir='ltr'>sermo</span> <span class='ocrx_word' id='word_1_432' title='bbox 2152 2952 2445 3025; x_wconf 89' lang='lat' dir='ltr'>depromit</span> <span class='ocrx_word' id='word_1_433' title='bbox 2478 2971 2491 3009; x_wconf 90' lang='lat'>:</span> <span class='ocrx_word' id='word_1_434' title='bbox 2525 2958 2828 3027; x_wconf 88' lang='lat' dir='ltr'>serpentes</span> <span class='ocrx_word' id='word_1_435' title='bbox 2854 2954 3089 3025; x_wconf 88' lang='lat' dir='ltr'>tollunt,</span> <span class='ocrx_word' id='word_1_436' title='bbox 3112 2973 3246 3013; x_wconf 91' lang='lat' dir='ltr'>cum</span> <span class='ocrx_word' id='word_1_437' title='bbox 3267 2958 3425 3031; x_wconf 91' lang='lat' dir='ltr'>quod</span> <span class='ocrx_word' id='word_1_438' title='bbox 3456 2975 3596 3033; x_wconf 87' lang='lat' dir='ltr'>sug-</span> 
     </span>
    </p>
   </div>
   <div class='ocr_carea' id='block_1_62' title="bbox 1936 3038 3598 3121">
    <p class='ocr_par' dir='ltr' id='par_1_62' title="bbox 1936 3038 3598 3121">
     <span class='ocr_line' id='line_1_62' title="bbox 1936 3038 3598 3121; baseline 0.004 -24"><span class='ocrx_word' id='word_1_439' title='bbox 1936 3040 2088 3114; x_wconf 89' lang='lat' dir='ltr'>gerit</span> <span class='ocrx_word' id='word_1_440' title='bbox 2117 3058 2359 3115; x_wconf 89' lang='lat' dir='ltr'>serpens</span> <span class='ocrx_word' id='word_1_441' title='bbox 2390 3042 2488 3099; x_wconf 92' lang='lat' dir='ltr'>ille</span> <span class='ocrx_word' id='word_1_442' title='bbox 2518 3044 3073 3115; x_wconf 89' lang='lat' dir='ltr'>antiquus,minime</span> <span class='ocrx_word' id='word_1_443' title='bbox 3102 3050 3318 3121; x_wconf 86' lang='lat' dir='ltr'>agunt;</span> <span class='ocrx_word' id='word_1_444' title='bbox 3343 3038 3598 3121; x_wconf 77' lang='lat' dir='ltr'>cumque</span> 
     </span>
    </p>
   </div>
   <div class='ocr_carea' id='block_1_63' title="bbox 1936 3130 3596 3211">
    <p class='ocr_par' dir='ltr' id='par_1_63' title="bbox 1936 3130 3596 3211">
     <span class='ocr_line' id='line_1_63' title="bbox 1936 3130 3596 3211; baseline 0.004 -24"><span class='ocrx_word' id='word_1_445' title='bbox 1936 3130 2377 3205; x_wconf 86' lang='lat' dir='ltr'>suggestionem</span> <span class='ocrx_word' id='word_1_446' title='bbox 2402 3132 2753 3189; x_wconf 88' lang='lat' dir='ltr'>diabolicam</span> <span class='ocrx_word' id='word_1_447' title='bbox 2774 3133 3020 3192; x_wconf 89' lang='lat' dir='ltr'>interius</span> <span class='ocrx_word' id='word_1_448' title='bbox 3033 3138 3427 3209; x_wconf 88' lang='lat' dir='ltr'>sentiunt,sed</span> <span class='ocrx_word' id='word_1_449' title='bbox 3438 3137 3596 3211; x_wconf 92' lang='lat' dir='ltr'>quod</span> 
     </span>
    </p>
   </div>
   <div class='ocr_carea' id='block_1_64' title="bbox 1937 3220 3600 3298">
    <p class='ocr_par' dir='ltr' id='par_1_64' title="bbox 1937 3220 3600 3298">
     <span class='ocr_line' id='line_1_64' title="bbox 1937 3220 3600 3298; baseline 0.004 -22"><span class='ocrx_word' id='word_1_450' title='bbox 1937 3221 2223 3294; x_wconf 87' lang='lat' dir='ltr'>suggerit,</span> <span class='ocrx_word' id='word_1_451' title='bbox 2259 3220 2503 3278; x_wconf 89' lang='lat' dir='ltr'>minime</span> <span class='ocrx_word' id='word_1_452' title='bbox 2534 3222 2776 3291; x_wconf 89' lang='lat' dir='ltr'>faciunt,</span> <span class='ocrx_word' id='word_1_453' title='bbox 2807 3224 3177 3282; x_wconf 85' lang='lat' dir='ltr'>mortiferum</span> <span class='ocrx_word' id='word_1_454' title='bbox 3225 3226 3464 3298; x_wconf 87' lang='lat' dir='ltr'>quidem</span> <span class='ocrx_word' id='word_1_455' title='bbox 3506 3229 3600 3284; x_wconf 87' lang='lat' dir='ltr'>est</span> 
     </span>
    </p>
   </div>
   <div class='ocr_carea' id='block_1_65' title="bbox 164 3297 3601 3390">
    <p class='ocr_par' dir='ltr' id='par_1_65' title="bbox 164 3297 3601 3390">
     <span class='ocr_line' id='line_1_65' title="bbox 164 3297 3601 3390; baseline -0.002 -14"><span class='ocrx_word' id='word_1_456' title='bbox 164 3320 280 3376; x_wconf 84' lang='lat' dir='ltr'>loca</span> <span class='ocrx_word' id='word_1_457' title='bbox 310 3297 606 3390; x_wconf 79' lang='lat' dir='ltr'>inaquosa,</span> <span class='ocrx_word' id='word_1_458' title='bbox 641 3332 894 3389; x_wconf 68' lang='lat' dir='ltr'>quaerens</span> <span class='ocrx_word' id='word_1_459' title='bbox 930 3318 1198 3388; x_wconf 84' lang='lat' dir='ltr'>requiem,</span> <span class='ocrx_word' id='word_1_460' title='bbox 1248 3319 1303 3372; x_wconf 88' lang='lat' dir='ltr'>et</span> <span class='ocrx_word' id='word_1_461' title='bbox 1357 3331 1467 3370; x_wconf 88' lang='lat' dir='ltr'>non</span> <span class='ocrx_word' id='word_1_462' title='bbox 1517 3314 1824 3380; x_wconf 86' lang='lat' dir='ltr'>inveniens,</span> <span class='ocrx_word' id='word_1_463' title='bbox 1858 3297 1901 3365; x_wconf 88' lang='lat' dir='ltr'><strong><em>C</em></strong></span> <span class='ocrx_word' id='word_1_464' title='bbox 1940 3311 2095 3383; x_wconf 90' lang='lat' dir='ltr'>quod</span> <span class='ocrx_word' id='word_1_465' title='bbox 2127 3310 2358 3379; x_wconf 89' lang='lat' dir='ltr'>bibunt,</span> <span class='ocrx_word' id='word_1_466' title='bbox 2390 3311 2492 3368; x_wconf 87' lang='lat' dir='ltr'>sed</span> <span class='ocrx_word' id='word_1_467' title='bbox 2526 3329 2642 3367; x_wconf 93' lang='lat' dir='ltr'>non</span> <span class='ocrx_word' id='word_1_468' title='bbox 2673 3312 2759 3368; x_wconf 88' lang='lat' dir='ltr'>eis</span> <span class='ocrx_word' id='word_1_469' title='bbox 2791 3312 3042 3369; x_wconf 89' lang='lat' dir='ltr'>nocebit.</span> <span class='ocrx_word' id='word_1_470' title='bbox 3078 3297 3276 3369; x_wconf 78' lang='lat' dir='ltr'>Omnes</span> <span class='ocrx_word' id='word_1_471' title='bbox 3304 3314 3485 3382; x_wconf 89' lang='lat' dir='ltr'>enim,</span> <span class='ocrx_word' id='word_1_472' title='bbox 3516 3314 3601 3370; x_wconf 87' lang='lat' dir='ltr'>ait</span> 
     </span>
    </p>
   </div>
   <div class='ocr_carea' id='block_1_66' title="bbox 165 3403 1830 3474">
    <p class='ocr_par' dir='ltr' id='par_1_66' title="bbox 165 3403 1830 3474">
     <span class='ocr_line' id='line_1_66' title="bbox 165 3403 1830 3474; baseline -0.004 -11"><span class='ocrx_word' id='word_1_473' title='bbox 165 3407 347 3465; x_wconf 90' lang='lat' dir='ltr'>dicit:</span> <span class='ocrx_word' id='word_1_474' title='bbox 378 3408 644 3464; x_wconf 85' lang='lat' dir='ltr'>Revertar</span> <span class='ocrx_word' id='word_1_475' title='bbox 674 3407 735 3461; x_wconf 89' lang='lat' dir='ltr'>in</span> <span class='ocrx_word' id='word_1_476' title='bbox 781 3406 1003 3462; x_wconf 89' lang='lat' dir='ltr'>domum</span> <span class='ocrx_word' id='word_1_477' title='bbox 1046 3422 1248 3474; x_wconf 87' lang='lat' dir='ltr'>meam,</span> <span class='ocrx_word' id='word_1_478' title='bbox 1274 3404 1420 3460; x_wconf 90' lang='lat' dir='ltr'>unde</span> <span class='ocrx_word' id='word_1_479' title='bbox 1465 3404 1633 3459; x_wconf 72' lang='lat' dir='ltr'>exivi.</span> <span class='ocrx_word' id='word_1_480' title='bbox 1688 3403 1830 3457; x_wconf 87' lang='lat' dir='ltr'>Tunc</span> 
     </span>
    </p>
   </div>
   <div class='ocr_carea' id='block_1_67' title="bbox 166 3494 1830 3566">
    <p class='ocr_par' dir='ltr' id='par_1_67' title="bbox 166 3494 1830 3566">
     <span class='ocr_line' id='line_1_67' title="bbox 166 3494 1830 3566; baseline -0.005 -11"><span class='ocrx_word' id='word_1_481' title='bbox 166 3498 339 3565; x_wconf 86' lang='lat' dir='ltr'>vadit,</span> <span class='ocrx_word' id='word_1_482' title='bbox 383 3504 441 3555; x_wconf 87' lang='lat' dir='ltr'>et</span> <span class='ocrx_word' id='word_1_483' title='bbox 487 3496 718 3552; x_wconf 87' lang='lat' dir='ltr'>assumit</span> <span class='ocrx_word' id='word_1_484' title='bbox 772 3512 952 3552; x_wconf 86' lang='lat' dir='ltr'>secum</span> <span class='ocrx_word' id='word_1_485' title='bbox 1016 3503 1221 3566; x_wconf 88' lang='lat' dir='ltr'>septem</span> <span class='ocrx_word' id='word_1_486' title='bbox 1270 3495 1409 3550; x_wconf 85' lang='lat' dir='ltr'>alios</span> <span class='ocrx_word' id='word_1_487' title='bbox 1455 3494 1684 3564; x_wconf 86' lang='lat' dir='ltr'>spiritus</span> <span class='ocrx_word' id='word_1_488' title='bbox 1733 3506 1830 3546; x_wconf 89' lang='lat' dir='ltr'>ne-</span> 
     </span>
    </p>
   </div>
   <div class='ocr_carea' id='block_1_68' title="bbox 168 3579 1833 3660">
    <p class='ocr_par' dir='ltr' id='par_1_68' title="bbox 168 3579 1833 3660">
     <span class='ocr_line' id='line_1_68' title="bbox 168 3579 1833 3660; baseline -0.005 -18"><span class='ocrx_word' id='word_1_489' title='bbox 168 3589 385 3660; x_wconf 85' lang='lat' dir='ltr'>quiores</span> <span class='ocrx_word' id='word_1_490' title='bbox 416 3601 496 3654; x_wconf 89' lang='lat' dir='ltr'>se,</span> <span class='ocrx_word' id='word_1_491' title='bbox 526 3589 578 3641; x_wconf 91' lang='lat' dir='ltr'>et</span> <span class='ocrx_word' id='word_1_492' title='bbox 608 3584 845 3654; x_wconf 85' lang='lat' dir='ltr'>ingressi</span> <span class='ocrx_word' id='word_1_493' title='bbox 871 3582 1125 3639; x_wconf 88' lang='lat' dir='ltr'>habita-nt</span> <span class='ocrx_word' id='word_1_494' title='bbox 1154 3584 1235 3637; x_wconf 86' lang='lat' dir='ltr'>ibi</span> <span class='ocrx_word' id='word_1_495' title='bbox 1245 3602 1265 3649; x_wconf 87' lang='lat'>,-</span> <span class='ocrx_word' id='word_1_496' title='bbox 1296 3590 1346 3637; x_wconf 90' lang='lat' dir='ltr'>et</span> <span class='ocrx_word' id='word_1_497' title='bbox 1369 3582 1512 3652; x_wconf 83' lang='lat' dir='ltr'>ﬁunt</span> <span class='ocrx_word' id='word_1_498' title='bbox 1532 3579 1833 3635; x_wconf 88' lang='lat' dir='ltr'>novissima</span> 
     </span>
    </p>
   </div>
   <div class='ocr_carea' id='block_1_69' title="bbox 169 3666 1833 3745">
    <p class='ocr_par' dir='ltr' id='par_1_69' title="bbox 169 3666 1833 3745">
     <span class='ocr_line' id='line_1_69' title="bbox 169 3666 1833 3745; baseline -0.007 -14"><span class='ocrx_word' id='word_1_499' title='bbox 169 3677 410 3733; x_wconf 78' lang='lat' dir='ltr'>hominis</span> <span class='ocrx_word' id='word_1_500' title='bbox 443 3675 599 3730; x_wconf 86' lang='lat' dir='ltr'>illius</span> <span class='ocrx_word' id='word_1_501' title='bbox 614 3674 806 3745; x_wconf 87' lang='lat' dir='ltr'>pejora</span> <span class='ocrx_word' id='word_1_502' title='bbox 845 3672 1125 3745; x_wconf 81' lang='lat' dir='ltr'>prioribus</span> <span class='ocrx_word' id='word_1_503' title='bbox 1175 3671 1324 3742; x_wconf 88' lang='lat' dir='ltr'>(Luc.</span> <span class='ocrx_word' id='word_1_504' title='bbox 1358 3687 1419 3737; x_wconf 77' lang='grc' dir='ltr'>ιι,</span> <span class='ocrx_word' id='word_1_505' title='bbox 1460 3669 1668 3735; x_wconf 79' lang='grc'><strong>24-26).</strong></span> <span class='ocrx_word' id='word_1_506' title='bbox 1702 3666 1833 3741; x_wconf 73' lang='lat' dir='ltr'>Haec</span> 
     </span>
    </p>
   </div>
   <div class='ocr_carea' id='block_1_70' title="bbox 169 3756 1833 3828">
    <p class='ocr_par' dir='ltr' id='par_1_70' title="bbox 169 3756 1833 3828">
     <span class='ocr_line' id='line_1_70' title="bbox 169 3756 1833 3828; baseline -0.008 -6"><span class='ocrx_word' id='word_1_507' title='bbox 169 3769 289 3822; x_wconf 85' lang='lat' dir='ltr'>tam</span> <span class='ocrx_word' id='word_1_508' title='bbox 317 3763 551 3821; x_wconf 89' lang='lat' dir='ltr'>veracia</span> <span class='ocrx_word' id='word_1_509' title='bbox 579 3762 705 3819; x_wconf 85' lang='lat' dir='ltr'>siin</span> <span class='ocrx_word' id='word_1_510' title='bbox 727 3760 887 3816; x_wconf 87' lang='lat' dir='ltr'>nullo</span> <span class='ocrx_word' id='word_1_511' title='bbox 920 3760 1196 3816; x_wconf 81' lang='lat' dir='ltr'>caderent</span> <span class='ocrx_word' id='word_1_512' title='bbox 1225 3756 1590 3828; x_wconf 89' lang='lat' dir='ltr'>illorum,qui</span> <span class='ocrx_word' id='word_1_513' title='bbox 1616 3771 1678 3812; x_wconf 91' lang='lat' dir='ltr'>se</span> <span class='ocrx_word' id='word_1_514' title='bbox 1709 3771 1833 3810; x_wconf 84' lang='lat' dir='ltr'>cre-</span> 
     </span>
    </p>
   </div>
   <div class='ocr_carea' id='block_1_71' title="bbox 173 3836 1831 3928">
    <p class='ocr_par' dir='ltr' id='par_1_71' title="bbox 173 3836 1831 3928">
     <span class='ocr_line' id='line_1_71' title="bbox 173 3836 1831 3928; baseline -0.006 -19"><span class='ocrx_word' id='word_1_515' title='bbox 173 3854 304 3911; x_wconf 89' lang='lat' dir='ltr'>dere</span> <span class='ocrx_word' id='word_1_516' title='bbox 333 3836 691 3928; x_wconf 76' lang='lat' dir='ltr'>profitentur</span> <span class='ocrx_word' id='word_1_517' title='bbox 720 3854 779 3907; x_wconf 90' lang='lat' dir='ltr'>et</span> <span class='ocrx_word' id='word_1_518' title='bbox 821 3853 963 3906; x_wconf 89' lang='lat' dir='ltr'>sunt</span> <span class='ocrx_word' id='word_1_519' title='bbox 1007 3846 1313 3921; x_wconf 88' lang='lat' dir='ltr'>baptizati,</span> <span class='ocrx_word' id='word_1_520' title='bbox 1344 3845 1445 3902; x_wconf 93' lang='lat' dir='ltr'>ubi</span> <span class='ocrx_word' id='word_1_521' title='bbox 1493 3848 1649 3901; x_wconf 88' lang='lat' dir='ltr'>esset</span> <span class='ocrx_word' id='word_1_522' title='bbox 1694 3860 1831 3900; x_wconf 85' lang='lat' dir='ltr'>sen-</span> 
     </span>
    </p>
   </div>
   <div class='ocr_carea' id='block_1_72' title="bbox 175 3935 1835 4014">
    <p class='ocr_par' dir='ltr' id='par_1_72' title="bbox 175 3935 1835 4014">
     <span class='ocr_line' id='line_1_72' title="bbox 175 3935 1835 4014; baseline -0.005 -16"><span class='ocrx_word' id='word_1_523' title='bbox 175 3943 356 4000; x_wconf 86' lang='lat' dir='ltr'>tentia</span> <span class='ocrx_word' id='word_1_524' title='bbox 382 3940 624 4000; x_wconf 89' lang='lat' dir='ltr'>Domini</span> <span class='ocrx_word' id='word_1_525' title='bbox 655 3939 901 4014; x_wconf 89' lang='lat' dir='ltr'>illa,qua</span> <span class='ocrx_word' id='word_1_526' title='bbox 930 3937 1267 3995; x_wconf 85' lang='lat' dir='ltr'>continetur</span> <span class='ocrx_word' id='word_1_527' title='bbox 1299 3952 1312 3991; x_wconf 90' lang='lat'><strong>:</strong></span> <span class='ocrx_word' id='word_1_528' title='bbox 1345 3935 1508 3991; x_wconf 78' lang='lat' dir='ltr'>Multi</span> <span class='ocrx_word' id='word_1_529' title='bbox 1526 3936 1677 3991; x_wconf 89' lang='lat' dir='ltr'>enim</span> <span class='ocrx_word' id='word_1_530' title='bbox 1705 3940 1835 3989; x_wconf 87' lang='lat' dir='ltr'>sunt</span> 
     </span>
    </p>
   </div>
   <div class='ocr_carea' id='block_1_73' title="bbox 178 4024 1835 4107">
    <p class='ocr_par' dir='ltr' id='par_1_73' title="bbox 178 4024 1835 4107">
     <span class='ocr_line' id='line_1_73' title="bbox 178 4024 1835 4107; baseline -0.004 -20"><span class='ocrx_word' id='word_1_531' title='bbox 178 4035 368 4107; x_wconf 80' lang='lat' dir='ltr'>vocati,</span> <span class='ocrx_word' id='word_1_532' title='bbox 422 4031 592 4105; x_wconf 86' lang='lat' dir='ltr'>pauci</span> <span class='ocrx_word' id='word_1_533' title='bbox 637 4046 760 4086; x_wconf 87' lang='lat' dir='ltr'>vero</span> <span class='ocrx_word' id='word_1_534' title='bbox 818 4029 978 4086; x_wconf 84' lang='lat' dir='ltr'>electi</span> <span class='ocrx_word' id='word_1_535' title='bbox 1024 4027 1243 4101; x_wconf 82' lang='lat' dir='ltr'>(Matth.</span> <span class='ocrx_word' id='word_1_536' title='bbox 1293 4042 1388 4094; x_wconf 81' lang='lat' dir='ltr'>xx,</span> <span class='ocrx_word' id='word_1_537' title='bbox 1446 4025 1531 4094; x_wconf 88' lang='grc'>16)</span> <span class='ocrx_word' id='word_1_538' title='bbox 1578 4026 1636 4079; x_wconf 89' lang='lat' dir='ltr'>et</span> <span class='ocrx_word' id='word_1_539' title='bbox 1668 4038 1681 4080; x_wconf 74' lang='grc' dir='ltr'>ε</span> <span class='ocrx_word' id='word_1_540' title='bbox 1714 4024 1835 4080; x_wconf 88' lang='lat' dir='ltr'>Non</span> 
     </span>
    </p>
   </div>
   <div class='ocr_carea' id='block_1_74' title="bbox 176 4112 1835 4193">
    <p class='ocr_par' dir='ltr' id='par_1_74' title="bbox 176 4112 1835 4193">
     <span class='ocr_line' id='line_1_74' title="bbox 176 4112 1835 4193; baseline -0.005 -16"><span class='ocrx_word' id='word_1_541' title='bbox 176 4124 350 4179; x_wconf 86' lang='lat' dir='ltr'>omnis</span> <span class='ocrx_word' id='word_1_542' title='bbox 397 4121 498 4193; x_wconf 88' lang='lat' dir='ltr'>qui</span> <span class='ocrx_word' id='word_1_543' title='bbox 545 4120 679 4175; x_wconf 87' lang='lat' dir='ltr'>dicit</span> <span class='ocrx_word' id='word_1_544' title='bbox 709 4117 871 4185; x_wconf 89' lang='lat' dir='ltr'>mihi,</span> <span class='ocrx_word' id='word_1_545' title='bbox 902 4118 1149 4183; x_wconf 85' lang='lat' dir='ltr'>Domine,</span> <span class='ocrx_word' id='word_1_546' title='bbox 1201 4116 1449 4183; x_wconf 88' lang='lat' dir='ltr'>Domine,</span> <span class='ocrx_word' id='word_1_547' title='bbox 1499 4112 1733 4170; x_wconf 88' lang='lat' dir='ltr'>intrabit</span> <span class='ocrx_word' id='word_1_548' title='bbox 1772 4113 1835 4168; x_wconf 91' lang='lat' dir='ltr'>in</span> 
     </span>
    </p>
   </div>
   <div class='ocr_carea' id='block_1_75' title="bbox 175 4202 1836 4283">
    <p class='ocr_par' dir='ltr' id='par_1_75' title="bbox 175 4202 1836 4283">
     <span class='ocr_line' id='line_1_75' title="bbox 175 4202 1836 4283; baseline -0.006 -16"><span class='ocrx_word' id='word_1_549' title='bbox 175 4227 400 4283; x_wconf 85' lang='lat' dir='ltr'>regnum</span> <span class='ocrx_word' id='word_1_550' title='bbox 434 4208 733 4266; x_wconf 66' lang='lat' dir='ltr'>caelorum?</span> <span class='ocrx_word' id='word_1_551' title='bbox 764 4207 971 4280; x_wconf 82' lang='lat' dir='ltr'>(Matth.</span> <span class='ocrx_word' id='word_1_552' title='bbox 1004 4223 1108 4274; x_wconf 81' lang='lat' dir='ltr'>vn,</span> <span class='ocrx_word' id='word_1_553' title='bbox 1129 4204 1246 4278; x_wconf 75' lang='grc'><strong>24.)</strong></span> <span class='ocrx_word' id='word_1_554' title='bbox 1268 4205 1375 4270; x_wconf 89' lang='lat' dir='ltr'>Qui</span> <span class='ocrx_word' id='word_1_555' title='bbox 1407 4202 1563 4260; x_wconf 89' lang='lat' dir='ltr'>enim</span> <span class='ocrx_word' id='word_1_556' title='bbox 1585 4206 1725 4259; x_wconf 90' lang='lat' dir='ltr'>sunt</span> <span class='ocrx_word' id='word_1_557' title='bbox 1744 4218 1836 4258; x_wconf 91' lang='lat' dir='ltr'>vo-</span> 
     </span>
    </p>
   </div>
   <div class='ocr_carea' id='block_1_76' title="bbox 175 4292 1833 4373">
    <p class='ocr_par' dir='ltr' id='par_1_76' title="bbox 175 4292 1833 4373">
     <span class='ocr_line' id='line_1_76' title="bbox 175 4292 1833 4373; baseline -0.005 -18"><span class='ocrx_word' id='word_1_558' title='bbox 175 4298 430 4370; x_wconf 87' lang='lat' dir='ltr'>cati,nisi</span> <span class='ocrx_word' id='word_1_559' title='bbox 454 4316 558 4372; x_wconf 91' lang='lat' dir='ltr'>per</span> <span class='ocrx_word' id='word_1_560' title='bbox 583 4298 947 4371; x_wconf 88' lang='lat' dir='ltr'>baptismum</span> <span class='ocrx_word' id='word_1_561' title='bbox 979 4294 1303 4352; x_wconf 87' lang='lat' dir='ltr'>Ecclesiam</span> <span class='ocrx_word' id='word_1_562' title='bbox 1337 4292 1628 4373; x_wconf 83' lang='lat' dir='ltr'>ingressi?</span> <span class='ocrx_word' id='word_1_563' title='bbox 1648 4292 1833 4365; x_wconf 85' lang='lat'>(1535)</span> 
     </span>
    </p>
   </div>
   <div class='ocr_carea' id='block_1_77' title="bbox 177 4381 1836 4464">
    <p class='ocr_par' dir='ltr' id='par_1_77' title="bbox 177 4381 1836 4464">
     <span class='ocr_line' id='line_1_77' title="bbox 177 4381 1836 4464; baseline -0.005 -20"><span class='ocrx_word' id='word_1_564' title='bbox 177 4388 278 4454; x_wconf 86' lang='lat' dir='ltr'>Qui</span> <span class='ocrx_word' id='word_1_565' title='bbox 307 4389 489 4464; x_wconf 82' lang='lat' dir='ltr'>pauci</span> <span class='ocrx_word' id='word_1_566' title='bbox 518 4384 827 4459; x_wconf 86' lang='lat' dir='ltr'>electi,nisi</span> <span class='ocrx_word' id='word_1_567' title='bbox 854 4385 955 4459; x_wconf 91' lang='lat' dir='ltr'>qui</span> <span class='ocrx_word' id='word_1_568' title='bbox 986 4387 1422 4441; x_wconf 87' lang='lat' dir='ltr'>sacramentum</span> <span class='ocrx_word' id='word_1_569' title='bbox 1468 4381 1713 4439; x_wconf 92' lang='lat' dir='ltr'>vivendo</span> <span class='ocrx_word' id='word_1_570' title='bbox 1753 4383 1836 4436; x_wconf 87' lang='lat' dir='ltr'>te-</span> 
     </span>
    </p>
   </div>
   <div class='ocr_carea' id='block_1_78' title="bbox 177 4468 1834 4550">
    <p class='ocr_par' dir='ltr' id='par_1_78' title="bbox 177 4468 1834 4550">
     <span class='ocr_line' id='line_1_78' title="bbox 177 4468 1834 4550; baseline -0.005 -17"><span class='ocrx_word' id='word_1_571' title='bbox 177 4482 452 4546; x_wconf 85' lang='lat' dir='ltr'>nuerunt,</span> <span class='ocrx_word' id='word_1_572' title='bbox 484 4476 642 4550; x_wconf 92' lang='lat' dir='ltr'>quod</span> <span class='ocrx_word' id='word_1_573' title='bbox 676 4476 789 4531; x_wconf 87' lang='lat' dir='ltr'>fide</span> <span class='ocrx_word' id='word_1_574' title='bbox 811 4476 1231 4547; x_wconf 86' lang='lat' dir='ltr'>perceperunt?</span> <span class='ocrx_word' id='word_1_575' title='bbox 1251 4472 1358 4540; x_wconf 81' lang='lat' dir='ltr'>Qui</span> <span class='ocrx_word' id='word_1_576' title='bbox 1379 4488 1495 4528; x_wconf 92' lang='lat' dir='ltr'>non</span> <span class='ocrx_word' id='word_1_577' title='bbox 1513 4469 1699 4537; x_wconf 82' lang='lat' dir='ltr'>electi,</span> <span class='ocrx_word' id='word_1_578' title='bbox 1718 4468 1834 4525; x_wconf 91' lang='lat' dir='ltr'>nisi</span> 
     </span>
    </p>
   </div>
   <div class='ocr_carea' id='block_1_79' title="bbox 176 4559 1834 4639">
    <p class='ocr_par' dir='ltr' id='par_1_79' title="bbox 176 4559 1834 4639">
     <span class='ocr_line' id='line_1_79' title="bbox 176 4559 1834 4639; baseline -0.006 -16"><span class='ocrx_word' id='word_1_579' title='bbox 176 4567 271 4639; x_wconf 88' lang='lat' dir='ltr'>qui</span> <span class='ocrx_word' id='word_1_580' title='bbox 295 4585 417 4625; x_wconf 89' lang='lat' dir='ltr'>non</span> <span class='ocrx_word' id='word_1_581' title='bbox 440 4568 820 4624; x_wconf 90' lang='lat' dir='ltr'>servaverunt</span> <span class='ocrx_word' id='word_1_582' title='bbox 840 4565 993 4637; x_wconf 92' lang='lat' dir='ltr'>quod</span> <span class='ocrx_word' id='word_1_583' title='bbox 1018 4560 1452 4636; x_wconf 84' lang='lat' dir='ltr'>promiserunt?</span> <span class='ocrx_word' id='word_1_584' title='bbox 1472 4559 1619 4624; x_wconf 90' lang='lat' dir='ltr'>Quid</span> <span class='ocrx_word' id='word_1_585' title='bbox 1638 4563 1834 4615; x_wconf 89' lang='lat' dir='ltr'>autem</span> 
     </span>
    </p>
   </div>
   <div class='ocr_carea' id='block_1_80' title="bbox 1938 3398 3599 3473">
    <p class='ocr_par' dir='ltr' id='par_1_80' title="bbox 1938 3398 3599 3473">
     <span class='ocr_line' id='line_1_80' title="bbox 1938 3398 3599 3473; baseline 0.004 -20"><span class='ocrx_word' id='word_1_586' title='bbox 1938 3398 2274 3470; x_wconf 89' lang='lat' dir='ltr'>Apostolus,</span> <span class='ocrx_word' id='word_1_587' title='bbox 2307 3401 2610 3455; x_wconf 86' lang='lat' dir='ltr'>astabimus</span> <span class='ocrx_word' id='word_1_588' title='bbox 2639 3403 2767 3455; x_wconf 87' lang='lat' dir='ltr'>ante</span> <span class='ocrx_word' id='word_1_589' title='bbox 2793 3401 3041 3457; x_wconf 87' lang='lat' dir='ltr'>tribunal</span> <span class='ocrx_word' id='word_1_590' title='bbox 3072 3402 3366 3470; x_wconf 82' lang='lat' dir='ltr'>Christi,ut</span> <span class='ocrx_word' id='word_1_591' title='bbox 3394 3403 3599 3473; x_wconf 83' lang='lat' dir='ltr'>referat</span> 
     </span>
    </p>
   </div>
   <div class='ocr_carea' id='block_1_81' title="bbox 1940 3487 3598 3561">
    <p class='ocr_par' dir='ltr' id='par_1_81' title="bbox 1940 3487 3598 3561">
     <span class='ocr_line' id='line_1_81' title="bbox 1940 3487 3598 3561; baseline 0.004 -20"><span class='ocrx_word' id='word_1_592' title='bbox 1940 3487 2319 3558; x_wconf 83' lang='lat' dir='ltr'>unusquisque</span> <span class='ocrx_word' id='word_1_593' title='bbox 2358 3489 2590 3558; x_wconf 89' lang='lat' dir='ltr'>propria</span> <span class='ocrx_word' id='word_1_594' title='bbox 2637 3489 2902 3560; x_wconf 86' lang='lat' dir='ltr'>corporis,</span> <span class='ocrx_word' id='word_1_595' title='bbox 2930 3496 3094 3560; x_wconf 84' lang='lat' dir='ltr'>prout</span> <span class='ocrx_word' id='word_1_596' title='bbox 3126 3490 3313 3561; x_wconf 85' lang='lat' dir='ltr'>gessit,</span> <span class='ocrx_word' id='word_1_597' title='bbox 3360 3491 3473 3547; x_wconf 88' lang='lat' dir='ltr'>sive</span> <span class='ocrx_word' id='word_1_598' title='bbox 3507 3490 3598 3547; x_wconf 82' lang='lat' dir='ltr'>b0-</span> 
     </span>
    </p>
   </div>
   <div class='ocr_carea' id='block_1_82' title="bbox 1940 3576 3597 3651">
    <p class='ocr_par' dir='ltr' id='par_1_82' title="bbox 1940 3576 3597 3651">
     <span class='ocr_line' id='line_1_82' title="bbox 1940 3576 3597 3651; baseline 0.005 -22"><span class='ocrx_word' id='word_1_599' title='bbox 1940 3591 2097 3641; x_wconf 86' lang='lat' dir='ltr'>num,</span> <span class='ocrx_word' id='word_1_600' title='bbox 2127 3576 2241 3629; x_wconf 90' lang='lat' dir='ltr'>sive</span> <span class='ocrx_word' id='word_1_601' title='bbox 2265 3576 2477 3630; x_wconf 90' lang='lat' dir='ltr'>malum</span> <span class='ocrx_word' id='word_1_602' title='bbox 2514 3576 2687 3638; x_wconf 83' lang='lat' dir='ltr'>(Rom.</span> <span class='ocrx_word' id='word_1_603' title='bbox 2718 3592 2834 3643; x_wconf 80' lang='lat' dir='ltr'>xw,</span> <span class='ocrx_word' id='word_1_604' title='bbox 2875 3577 2980 3639; x_wconf 86' lang='lat'>10).</span> <span class='ocrx_word' id='word_1_605' title='bbox 3022 3577 3211 3650; x_wconf 90' lang='lat' dir='ltr'>Super</span> <span class='ocrx_word' id='word_1_606' title='bbox 3236 3594 3424 3651; x_wconf 64' lang='lat' dir='ltr'>aegros</span> <span class='ocrx_word' id='word_1_607' title='bbox 3472 3595 3597 3638; x_wconf 86' lang='lat' dir='ltr'>ma-</span> 
     </span>
    </p>
   </div>
   <div class='ocr_carea' id='block_1_83' title="bbox 1943 3662 3597 3742">
    <p class='ocr_par' dir='ltr' id='par_1_83' title="bbox 1943 3662 3597 3742">
     <span class='ocr_line' id='line_1_83' title="bbox 1943 3662 3597 3742; baseline 0.004 -25"><span class='ocrx_word' id='word_1_608' title='bbox 1943 3680 2057 3717; x_wconf 89' lang='lat' dir='ltr'>nus</span> <span class='ocrx_word' id='word_1_609' title='bbox 2083 3662 2417 3734; x_wconf 91' lang='lat' dir='ltr'>imponunt,</span> <span class='ocrx_word' id='word_1_610' title='bbox 2453 3667 2521 3720; x_wconf 91' lang='lat' dir='ltr'>ut</span> <span class='ocrx_word' id='word_1_611' title='bbox 2566 3664 2715 3720; x_wconf 89' lang='lat' dir='ltr'>bene</span> <span class='ocrx_word' id='word_1_612' title='bbox 2744 3664 3015 3733; x_wconf 86' lang='lat' dir='ltr'>habeant,</span> <span class='ocrx_word' id='word_1_613' title='bbox 3049 3666 3149 3739; x_wconf 92' lang='lat' dir='ltr'>qui</span> <span class='ocrx_word' id='word_1_614' title='bbox 3180 3670 3437 3739; x_wconf 89' lang='lat' dir='ltr'>peccata,</span> <span class='ocrx_word' id='word_1_615' title='bbox 3469 3684 3597 3742; x_wconf 65' lang='lat' dir='ltr'>qua:</span> 
     </span>
    </p>
   </div>
   <div class='ocr_carea' id='block_1_84' title="bbox 1942 3750 3601 3827">
    <p class='ocr_par' dir='ltr' id='par_1_84' title="bbox 1942 3750 3601 3827">
     <span class='ocr_line' id='line_1_84' title="bbox 1942 3750 3601 3827; baseline 0.005 -20"><span class='ocrx_word' id='word_1_616' title='bbox 1942 3750 2389 3821; x_wconf 91' lang='lat' dir='ltr'>commiserunt,</span> <span class='ocrx_word' id='word_1_617' title='bbox 2423 3753 2588 3809; x_wconf 80' lang='lat' dir='ltr'>bona:</span> <span class='ocrx_word' id='word_1_618' title='bbox 2619 3752 2975 3827; x_wconf 88' lang='lat' dir='ltr'>operationis</span> <span class='ocrx_word' id='word_1_619' title='bbox 3022 3755 3257 3827; x_wconf 90' lang='lat' dir='ltr'>studiis,</span> <span class='ocrx_word' id='word_1_620' title='bbox 3273 3760 3340 3813; x_wconf 88' lang='lat' dir='ltr'>ut</span> <span class='ocrx_word' id='word_1_621' title='bbox 3367 3757 3441 3814; x_wconf 92' lang='lat' dir='ltr'>ad</span> <span class='ocrx_word' id='word_1_622' title='bbox 3471 3774 3601 3815; x_wconf 89' lang='lat' dir='ltr'>me-</span> 
     </span>
    </p>
   </div>
   <div class='ocr_carea' id='block_1_85' title="bbox 1941 3838 3597 3921">
    <p class='ocr_par' dir='ltr' id='par_1_85' title="bbox 1941 3838 3597 3921">
     <span class='ocr_line' id='line_1_85' title="bbox 1941 3838 3597 3921; baseline 0.006 -26"><span class='ocrx_word' id='word_1_623' title='bbox 1941 3838 2091 3896; x_wconf 90' lang='lat' dir='ltr'>liora</span> <span class='ocrx_word' id='word_1_624' title='bbox 2119 3840 2449 3913; x_wconf 84' lang='lat' dir='ltr'>proficiant,</span> <span class='ocrx_word' id='word_1_625' title='bbox 2481 3858 2863 3917; x_wconf 87' lang='lat' dir='ltr'>compensare</span> <span class='ocrx_word' id='word_1_626' title='bbox 2913 3842 3214 3902; x_wconf 81' lang='lat' dir='ltr'>festinant.</span> <span class='ocrx_word' id='word_1_627' title='bbox 3264 3847 3408 3904; x_wconf 87' lang='lat' dir='ltr'>Ecce</span> <span class='ocrx_word' id='word_1_628' title='bbox 3453 3863 3597 3921; x_wconf 86' lang='lat' dir='ltr'>apo-</span> 
     </span>
    </p>
   </div>
   <div class='ocr_carea' id='block_1_86' title="bbox 1944 3929 3596 4005">
    <p class='ocr_par' dir='ltr' id='par_1_86' title="bbox 1944 3929 3596 4005">
     <span class='ocr_line' id='line_1_86' title="bbox 1944 3929 3596 4005; baseline 0.006 -21"><span class='ocrx_word' id='word_1_629' title='bbox 1944 3929 2116 3998; x_wconf 81' lang='lat' dir='ltr'>dixis,</span> <span class='ocrx_word' id='word_1_630' title='bbox 2150 3945 2282 3986; x_wconf 90' lang='lat' dir='ltr'>ecce</span> <span class='ocrx_word' id='word_1_631' title='bbox 2313 3932 2668 4003; x_wconf 87' lang='lat' dir='ltr'>conjectura,</span> <span class='ocrx_word' id='word_1_632' title='bbox 2702 3948 2834 3990; x_wconf 92' lang='lat' dir='ltr'>ecce</span> <span class='ocrx_word' id='word_1_633' title='bbox 2878 3934 3164 3992; x_wconf 91' lang='lat' dir='ltr'>indicium</span> <span class='ocrx_word' id='word_1_634' title='bbox 3207 3932 3596 4005; x_wconf 87' lang='lat' dir='ltr'>credentium,</span> 
     </span>
    </p>
   </div>
   <div class='ocr_carea' id='block_1_87' title="bbox 1943 4020 3598 4100">
    <p class='ocr_par' dir='ltr' id='par_1_87' title="bbox 1943 4020 3598 4100">
     <span class='ocr_line' id='line_1_87' title="bbox 1943 4020 3598 4100; baseline 0.005 -25"><span class='ocrx_word' id='word_1_635' title='bbox 1943 4023 2001 4076; x_wconf 91' lang='lat' dir='ltr'>et</span> <span class='ocrx_word' id='word_1_636' title='bbox 2030 4035 2147 4075; x_wconf 90' lang='lat' dir='ltr'>non</span> <span class='ocrx_word' id='word_1_637' title='bbox 2177 4020 2567 4091; x_wconf 88' lang='lat' dir='ltr'>credentium,</span> <span class='ocrx_word' id='word_1_638' title='bbox 2601 4022 2831 4080; x_wconf 88' lang='lat' dir='ltr'>fratres.</span> <span class='ocrx_word' id='word_1_639' title='bbox 2865 4023 2969 4088; x_wconf 90' lang='lat' dir='ltr'>Qui</span> <span class='ocrx_word' id='word_1_640' title='bbox 3002 4042 3072 4082; x_wconf 84' lang='lat' dir='ltr'>ex</span> <span class='ocrx_word' id='word_1_641' title='bbox 3113 4024 3209 4081; x_wconf 89' lang='lat' dir='ltr'>his</span> <span class='ocrx_word' id='word_1_642' title='bbox 3257 4041 3394 4100; x_wconf 87' lang='lat' dir='ltr'>ergo</span> <span class='ocrx_word' id='word_1_643' title='bbox 3437 4026 3499 4082; x_wconf 92' lang='lat' dir='ltr'>in</span> <span class='ocrx_word' id='word_1_644' title='bbox 3534 4042 3598 4084; x_wconf 86' lang='lat' dir='ltr'>se</span> 
     </span>
    </p>
   </div>
   <div class='ocr_carea' id='block_1_88' title="bbox 1944 4108 3594 4187">
    <p class='ocr_par' dir='ltr' id='par_1_88' title="bbox 1944 4108 3594 4187">
     <span class='ocr_line' id='line_1_88' title="bbox 1944 4108 3594 4187; baseline 0.005 -24"><span class='ocrx_word' id='word_1_645' title='bbox 1944 4109 2247 4183; x_wconf 86' lang='lat' dir='ltr'>cognoscit</span> <span class='ocrx_word' id='word_1_646' title='bbox 2272 4108 2495 4183; x_wconf 89' lang='lat' dir='ltr'>aliquid</span> <span class='ocrx_word' id='word_1_647' title='bbox 2527 4110 2737 4185; x_wconf 87' lang='lat' dir='ltr'>signis,</span> <span class='ocrx_word' id='word_1_648' title='bbox 2768 4114 3002 4169; x_wconf 89' lang='lat' dir='ltr'>credere</span> <span class='ocrx_word' id='word_1_649' title='bbox 3030 4130 3093 4170; x_wconf 90' lang='lat' dir='ltr'>se</span> <span class='ocrx_word' id='word_1_650' title='bbox 3114 4113 3303 4184; x_wconf 80' lang='lat' dir='ltr'>dicat;</span> <span class='ocrx_word' id='word_1_651' title='bbox 3335 4115 3438 4187; x_wconf 91' lang='lat' dir='ltr'><strong>qui</strong></span> <span class='ocrx_word' id='word_1_652' title='bbox 3455 4131 3594 4185; x_wconf 87' lang='lat' dir='ltr'>non,</span> 
     </span>
    </p>
   </div>
   <div class='ocr_carea' id='block_1_89' title="bbox 1941 4198 3597 4275">
    <p class='ocr_par' dir='ltr' id='par_1_89' title="bbox 1941 4198 3597 4275">
     <span class='ocr_line' id='line_1_89' title="bbox 1941 4198 3597 4275; baseline 0.004 -22"><span class='ocrx_word' id='word_1_653' title='bbox 1941 4198 2013 4254; x_wconf 87' lang='lat' dir='ltr'>ad</span> <span class='ocrx_word' id='word_1_654' title='bbox 2046 4199 2403 4256; x_wconf 90' lang='lat' dir='ltr'>credendum</span> <span class='ocrx_word' id='word_1_655' title='bbox 2439 4215 2501 4255; x_wconf 90' lang='lat' dir='ltr'>se</span> <span class='ocrx_word' id='word_1_656' title='bbox 2545 4200 2741 4273; x_wconf 90' lang='lat' dir='ltr'>potius</span> <span class='ocrx_word' id='word_1_657' title='bbox 2791 4201 3010 4257; x_wconf 86' lang='lat' dir='ltr'>suadeo</span> <span class='ocrx_word' id='word_1_658' title='bbox 3058 4205 3364 4275; x_wconf 55' lang='lat' dir='ltr'>praeparet,</span> <span class='ocrx_word' id='word_1_659' title='bbox 3415 4218 3597 4274; x_wconf 88' lang='lat' dir='ltr'>quam</span> 
     </span>
    </p>
   </div>
   <div class='ocr_carea' id='block_1_90' title="bbox 1944 4289 2612 4361">
    <p class='ocr_par' dir='ltr' id='par_1_90' title="bbox 1944 4289 2612 4361">
     <span class='ocr_line' id='line_1_90' title="bbox 1944 4289 2612 4361; baseline -0.001 -17"><span class='ocrx_word' id='word_1_660' title='bbox 1944 4291 2130 4344; x_wconf 90' lang='lat' dir='ltr'>semet</span> <span class='ocrx_word' id='word_1_661' title='bbox 2154 4289 2389 4346; x_wconf 87' lang='lat' dir='ltr'>credere</span> <span class='ocrx_word' id='word_1_662' title='bbox 2409 4290 2612 4361; x_wconf 86' lang='lat' dir='ltr'>jactet.</span> 
     </span>
    </p>
   </div>
   <div class='ocr_carea' id='block_1_91' title="bbox 2016 4376 3599 4452">
    <p class='ocr_par' dir='ltr' id='par_1_91' title="bbox 2016 4376 3599 4452">
     <span class='ocr_line' id='line_1_91' title="bbox 2016 4376 3599 4452; baseline 0.003 -21"><span class='ocrx_word' id='word_1_663' title='bbox 2016 4378 2067 4431; x_wconf 80' lang='grc'><strong>4.</strong></span> <span class='ocrx_word' id='word_1_664' title='bbox 2102 4376 2209 4432; x_wconf 94' lang='lat' dir='ltr'>Ubi</span> <span class='ocrx_word' id='word_1_665' title='bbox 2241 4394 2475 4452; x_wconf 90' lang='lat' dir='ltr'>quoque</span> <span class='ocrx_word' id='word_1_666' title='bbox 2504 4395 2539 4434; x_wconf 87' lang='lat' dir='ltr'>a</span> <span class='ocrx_word' id='word_1_667' title='bbox 2567 4377 2816 4435; x_wconf 89' lang='lat' dir='ltr'>Domino</span> <span class='ocrx_word' id='word_1_668' title='bbox 2844 4377 3061 4435; x_wconf 88' lang='lat' dir='ltr'>dicitur</span> <span class='ocrx_word' id='word_1_669' title='bbox 3088 4395 3275 4437; x_wconf 62' lang='lat' dir='ltr'>ceco:</span> <span class='ocrx_word' id='word_1_670' title='bbox 3309 4379 3384 4435; x_wconf 85' lang='lat' dir='ltr'>Tu</span> <span class='ocrx_word' id='word_1_671' title='bbox 3422 4378 3599 4436; x_wconf 87' lang='lat' dir='ltr'>credis</span> 
     </span>
    </p>
   </div>
   <div class='ocr_carea' id='block_1_92' title="bbox 1943 4460 3599 4543">
    <p class='ocr_par' dir='ltr' id='par_1_92' title="bbox 1943 4460 3599 4543">
     <span class='ocr_line' id='line_1_92' title="bbox 1943 4460 3599 4543; baseline 0.004 -23"><span class='ocrx_word' id='word_1_672' title='bbox 1943 4467 2006 4520; x_wconf 89' lang='lat' dir='ltr'>in</span> <span class='ocrx_word' id='word_1_673' title='bbox 2034 4467 2243 4522; x_wconf 84' lang='lat' dir='ltr'>Filium</span> <span class='ocrx_word' id='word_1_674' title='bbox 2286 4468 2420 4522; x_wconf 83' lang='lat' dir='ltr'>Dei?</span> <span class='ocrx_word' id='word_1_675' title='bbox 2450 4468 2628 4529; x_wconf 87' lang='lat' dir='ltr'>(Joan.</span> <span class='ocrx_word' id='word_1_676' title='bbox 2686 4484 2764 4538; x_wconf 71' lang='grc' dir='ltr'>ιχ,</span> <span class='ocrx_word' id='word_1_677' title='bbox 2824 4467 2939 4531; x_wconf 89' lang='grc'><strong>35.)</strong></span> <span class='ocrx_word' id='word_1_678' title='bbox 2995 4484 3131 4524; x_wconf 91' lang='lat' dir='ltr'>cum</span> <span class='ocrx_word' id='word_1_679' title='bbox 3188 4460 3599 4543; x_wconf 62' lang='lat' dir='ltr'>prmpositionb</span> 
     </span>
    </p>
   </div>
   <div class='ocr_carea' id='block_1_93' title="bbox 1944 4554 3595 4633">
    <p class='ocr_par' dir='ltr' id='par_1_93' title="bbox 1944 4554 3595 4633">
     <span class='ocr_line' id='line_1_93' title="bbox 1944 4554 3595 4633; baseline 0.004 -24"><span class='ocrx_word' id='word_1_680' title='bbox 1944 4554 2247 4627; x_wconf 91' lang='lat' dir='ltr'>utique.Et</span> <span class='ocrx_word' id='word_1_681' title='bbox 2275 4556 2656 4613; x_wconf 59' lang='lat' dir='ltr'>Samaritana;</span> <span class='ocrx_word' id='word_1_682' title='bbox 2687 4556 2940 4627; x_wconf 73' lang='lat' dir='ltr'>:Mutier,</span> <span class='ocrx_word' id='word_1_683' title='bbox 2952 4557 3109 4615; x_wconf 88' lang='lat' dir='ltr'>crede</span> <span class='ocrx_word' id='word_1_684' title='bbox 3138 4560 3277 4627; x_wconf 83' lang='lat' dir='ltr'>mihi</span> <span class='ocrx_word' id='word_1_685' title='bbox 3307 4560 3491 4633; x_wconf 72' lang='lat' dir='ltr'>(Joan;</span> <span class='ocrx_word' id='word_1_686' title='bbox 3518 4574 3595 4627; x_wconf 81' lang='grc' dir='ltr'>ιν,</span> 
     </span>
    </p>
   </div>
   <div class='ocr_carea' id='block_1_94' title="bbox 176 4643 3602 4735">
    <p class='ocr_par' dir='ltr' id='par_1_94' title="bbox 176 4643 3602 4735">
     <span class='ocr_line' id='line_1_94' title="bbox 176 4643 3602 4735; baseline -0.003 -21"><span class='ocrx_word' id='word_1_687' title='bbox 176 4653 617 4728; x_wconf 87' lang='lat' dir='ltr'>promiserunt?</span> <span class='ocrx_word' id='word_1_688' title='bbox 637 4655 920 4735; x_wconf 82' lang='lat' dir='ltr'>Recurrat</span> <span class='ocrx_word' id='word_1_689' title='bbox 939 4652 1073 4726; x_wconf 91' lang='lat' dir='ltr'>quis</span> <span class='ocrx_word' id='word_1_690' title='bbox 1117 4650 1429 4725; x_wconf 89' lang='lat' dir='ltr'>cogitando</span> <span class='ocrx_word' id='word_1_691' title='bbox 1458 4649 1532 4705; x_wconf 91' lang='lat' dir='ltr'>ad</span> <span class='ocrx_word' id='word_1_692' title='bbox 1564 4649 1645 4717; x_wconf 93' lang='lat' dir='ltr'>id,</span> <span class='ocrx_word' id='word_1_693' title='bbox 1679 4647 1834 4721; x_wconf 91' lang='lat' dir='ltr'>quod</span> <span class='ocrx_word' id='word_1_694' title='bbox 1864 4662 1917 4735; x_wconf 75' lang='grc' dir='ltr'><strong>Ι)</strong></span> <span class='ocrx_word' id='word_1_695' title='bbox 1942 4643 2058 4713; x_wconf 78' lang='grc'><strong>21),</strong></span> <span class='ocrx_word' id='word_1_696' title='bbox 2093 4645 2270 4716; x_wconf 88' lang='grc'><strong>(1357)</strong></span> <span class='ocrx_word' id='word_1_697' title='bbox 2304 4644 2431 4735; x_wconf 85' lang='lat' dir='ltr'>sine</span> <span class='ocrx_word' id='word_1_698' title='bbox 2460 4646 2870 4735; x_wconf 66' lang='lat' dir='ltr'>praepositione</span> <span class='ocrx_word' id='word_1_699' title='bbox 2892 4663 2906 4702; x_wconf 90' lang='lat'>:</span> <span class='ocrx_word' id='word_1_700' title='bbox 2927 4664 3063 4703; x_wconf 88' lang='lat' dir='ltr'>cum</span> <span class='ocrx_word' id='word_1_701' title='bbox 3094 4647 3189 4705; x_wconf 86' lang='lat' dir='ltr'>hic</span> <span class='ocrx_word' id='word_1_702' title='bbox 3217 4648 3486 4707; x_wconf 85' lang='lat' dir='ltr'>absolute</span> <span class='ocrx_word' id='word_1_703' title='bbox 3516 4647 3602 4705; x_wconf 82' lang='lat' dir='ltr'>di-</span> 
     </span>
    </p>
   </div>
   <div class='ocr_carea' id='block_1_95' title="bbox 180 4730 1840 4820">
    <p class='ocr_par' dir='ltr' id='par_1_95' title="bbox 180 4730 1840 4820">
     <span class='ocr_line' id='line_1_95' title="bbox 180 4730 1840 4820; baseline -0.005 -20"><span class='ocrx_word' id='word_1_704' title='bbox 180 4751 273 4802; x_wconf 80' lang='lat' dir='ltr'>aut</span> <span class='ocrx_word' id='word_1_705' title='bbox 300 4745 598 4820; x_wconf 89' lang='lat' dir='ltr'>promisit,</span> <span class='ocrx_word' id='word_1_706' title='bbox 631 4748 735 4800; x_wconf 89' lang='lat' dir='ltr'>aut</span> <span class='ocrx_word' id='word_1_707' title='bbox 757 4730 846 4800; x_wconf 83' lang='lat' dir='ltr'>est</span> <span class='ocrx_word' id='word_1_708' title='bbox 873 4743 998 4799; x_wconf 89' lang='lat' dir='ltr'>vice</span> <span class='ocrx_word' id='word_1_709' title='bbox 1048 4740 1211 4798; x_wconf 91' lang='lat' dir='ltr'>illius</span> <span class='ocrx_word' id='word_1_710' title='bbox 1264 4738 1647 4813; x_wconf 87' lang='lat' dir='ltr'>promissum,</span> <span class='ocrx_word' id='word_1_711' title='bbox 1681 4740 1840 4793; x_wconf 91' lang='lat' dir='ltr'>ante-</span> 
     </span>
    </p>
   </div>
   <div class='ocr_carea' id='block_1_96' title="bbox 181 4825 1842 4908">
    <p class='ocr_par' dir='ltr' id='par_1_96' title="bbox 181 4825 1842 4908">
     <span class='ocr_line' id='line_1_96' title="bbox 181 4825 1842 4908; baseline -0.005 -19"><span class='ocrx_word' id='word_1_712' title='bbox 181 4849 350 4905; x_wconf 84' lang='lat' dir='ltr'>quam</span> <span class='ocrx_word' id='word_1_713' title='bbox 378 4833 802 4908; x_wconf 90' lang='lat' dir='ltr'>baptizaretur.</span> <span class='ocrx_word' id='word_1_714' title='bbox 821 4831 1118 4888; x_wconf 91' lang='lat' dir='ltr'>Modicum</span> <span class='ocrx_word' id='word_1_715' title='bbox 1149 4833 1259 4898; x_wconf 90' lang='lat' dir='ltr'>est,</span> <span class='ocrx_word' id='word_1_716' title='bbox 1295 4825 1588 4885; x_wconf 91' lang='lat' dir='ltr'>recordari</span> <span class='ocrx_word' id='word_1_717' title='bbox 1637 4825 1842 4882; x_wconf 88' lang='lat' dir='ltr'>leviter</span> 
     </span>
    </p>
   </div>
   <div class='ocr_carea' id='block_1_97' title="bbox 81 4915 1841 4991">
    <p class='ocr_par' dir='ltr' id='par_1_97' title="bbox 81 4915 1841 4991">
     <span class='ocr_line' id='line_1_97' title="bbox 81 4915 1841 4991; baseline -0.005 -14"><span class='ocrx_word' id='word_1_718' title='bbox 81 4937 84 4940; x_wconf 73' lang='grc'><strong>’</strong></span> <span class='ocrx_word' id='word_1_719' title='bbox 180 4922 343 4982; x_wconf 75' lang='lat' dir='ltr'>valet.</span> <span class='ocrx_word' id='word_1_720' title='bbox 394 4926 457 4982; x_wconf 90' lang='lat' dir='ltr'>Si</span> <span class='ocrx_word' id='word_1_721' title='bbox 516 4922 665 4979; x_wconf 90' lang='lat' dir='ltr'>illud</span> <span class='ocrx_word' id='word_1_722' title='bbox 724 4922 1016 4991; x_wconf 88' lang='lat' dir='ltr'>observat,</span> <span class='ocrx_word' id='word_1_723' title='bbox 1079 4935 1322 4976; x_wconf 90' lang='lat' dir='ltr'>securus</span> <span class='ocrx_word' id='word_1_724' title='bbox 1370 4918 1440 4974; x_wconf 92' lang='lat' dir='ltr'>de</span> <span class='ocrx_word' id='word_1_725' title='bbox 1502 4915 1691 4973; x_wconf 90' lang='lat' dir='ltr'>salute</span> <span class='ocrx_word' id='word_1_726' title='bbox 1731 4931 1841 4971; x_wconf 90' lang='lat' dir='ltr'>sua</span> 
     </span>
    </p>
   </div>
   <div class='ocr_carea' id='block_1_98' title="bbox 183 5004 1835 5086">
    <p class='ocr_par' dir='ltr' id='par_1_98' title="bbox 183 5004 1835 5086">
     <span class='ocr_line' id='line_1_98' title="bbox 183 5004 1835 5086; baseline -0.005 -19"><span class='ocrx_word' id='word_1_727' title='bbox 183 5014 427 5083; x_wconf 84' lang='lat' dir='ltr'>gaudeat</span> <span class='ocrx_word' id='word_1_728' title='bbox 457 5012 733 5086; x_wconf 86' lang='lat' dir='ltr'>(1536).Si</span> <span class='ocrx_word' id='word_1_729' title='bbox 756 5015 953 5066; x_wconf 84' lang='lat' dir='ltr'>autem</span> <span class='ocrx_word' id='word_1_730' title='bbox 976 5008 1256 5081; x_wconf 90' lang='lat' dir='ltr'>peccavit,</span> <span class='ocrx_word' id='word_1_731' title='bbox 1273 5006 1535 5079; x_wconf 87' lang='lat' dir='ltr'>quiescat</span> <span class='ocrx_word' id='word_1_732' title='bbox 1554 5004 1835 5077; x_wconf 92' lang='lat' dir='ltr'>primum,</span> 
     </span>
    </p>
   </div>
   <div class='ocr_carea' id='block_1_99' title="bbox 187 5093 1838 5174">
    <p class='ocr_par' dir='ltr' id='par_1_99' title="bbox 187 5093 1838 5174">
     <span class='ocr_line' id='line_1_99' title="bbox 187 5093 1838 5174; baseline -0.004 -21"><span class='ocrx_word' id='word_1_733' title='bbox 187 5099 241 5157; x_wconf 91' lang='lat' dir='ltr'>id</span> <span class='ocrx_word' id='word_1_734' title='bbox 268 5109 373 5173; x_wconf 86' lang='lat' dir='ltr'>est,</span> <span class='ocrx_word' id='word_1_735' title='bbox 407 5102 640 5159; x_wconf 88' lang='lat' dir='ltr'>desinat</span> <span class='ocrx_word' id='word_1_736' title='bbox 670 5116 949 5174; x_wconf 81' lang='lat' dir='ltr'>peccare;</span> <span class='ocrx_word' id='word_1_737' title='bbox 983 5098 1121 5153; x_wconf 89' lang='lat' dir='ltr'>hinc</span> <span class='ocrx_word' id='word_1_738' title='bbox 1164 5098 1405 5153; x_wconf 90' lang='lat' dir='ltr'>demum</span> <span class='ocrx_word' id='word_1_739' title='bbox 1436 5093 1838 5167; x_wconf 85' lang='lat' dir='ltr'>paenitentiam</span> 
     </span>
    </p>
   </div>
   <div class='ocr_carea' id='block_1_100' title="bbox 188 5185 1841 5265">
    <p class='ocr_par' dir='ltr' id='par_1_100' title="bbox 188 5185 1841 5265">
     <span class='ocr_line' id='line_1_100' title="bbox 188 5185 1841 5265; baseline -0.007 -18"><span class='ocrx_word' id='word_1_740' title='bbox 188 5193 755 5265; x_wconf 78' lang='lat' dir='ltr'>agat.Appropinquat</span> <span class='ocrx_word' id='word_1_741' title='bbox 784 5188 964 5259; x_wconf 88' lang='lat' dir='ltr'>enim,</span> <span class='ocrx_word' id='word_1_742' title='bbox 986 5192 1044 5244; x_wconf 91' lang='lat' dir='ltr'>et</span> <span class='ocrx_word' id='word_1_743' title='bbox 1071 5185 1210 5243; x_wconf 89' lang='lat' dir='ltr'>huic</span> <span class='ocrx_word' id='word_1_744' title='bbox 1238 5185 1574 5251; x_wconf 82' lang='lat' dir='ltr'>dicendum,</span> <span class='ocrx_word' id='word_1_745' title='bbox 1606 5198 1841 5252; x_wconf 87' lang='lat' dir='ltr'>regnum</span> 
     </span>
    </p>
   </div>
   <div class='ocr_carea' id='block_1_101' title="bbox 252 5324 1839 5406">
    <p class='ocr_par' dir='ltr' id='par_1_101' title="bbox 252 5324 1839 5406">
     <span class='ocr_line' id='line_1_101' title="bbox 252 5324 1839 5406; baseline -0.005 -17"><span class='ocrx_word' id='word_1_746' title='bbox 252 5334 433 5406; x_wconf 91' lang='grc'><strong>(1533)</strong></span> <span class='ocrx_word' id='word_1_747' title='bbox 464 5335 552 5392; x_wconf 87' lang='lat' dir='ltr'>Ita</span> <span class='ocrx_word' id='word_1_748' title='bbox 584 5350 719 5391; x_wconf 92' lang='lat' dir='ltr'>cum</span> <span class='ocrx_word' id='word_1_749' title='bbox 743 5350 854 5390; x_wconf 93' lang='lat' dir='ltr'>ms.</span> <span class='ocrx_word' id='word_1_750' title='bbox 891 5330 1139 5406; x_wconf 82' lang='lat' dir='ltr'>F_rising.</span> <span class='ocrx_word' id='word_1_751' title='bbox 1173 5327 1322 5406; x_wconf 76' lang='lat' dir='ltr'>Male</span> <span class='ocrx_word' id='word_1_752' title='bbox 1344 5328 1402 5383; x_wconf 92' lang='lat' dir='ltr'>in</span> <span class='ocrx_word' id='word_1_753' title='bbox 1432 5324 1687 5406; x_wconf 80' lang='lat' dir='ltr'>vulgatis</span> <span class='ocrx_word' id='word_1_754' title='bbox 1706 5340 1839 5406; x_wconf 79' lang='lat' dir='ltr'>quo-</span> 
     </span>
    </p>
   </div>
   <div class='ocr_carea' id='block_1_102' title="bbox 186 5398 1840 5481">
    <p class='ocr_par' dir='ltr' id='par_1_102' title="bbox 186 5398 1840 5481">
     <span class='ocr_line' id='line_1_102' title="bbox 186 5398 1840 5481; baseline -0.007 -19"><span class='ocrx_word' id='word_1_755' title='bbox 186 5398 353 5481; x_wconf 63' lang='lat' dir='ltr'>modo.</span> <span class='ocrx_word' id='word_1_756' title='bbox 384 5398 672 5481; x_wconf 77' lang='lat' dir='ltr'>Construe</span> <span class='ocrx_word' id='word_1_757' title='bbox 699 5421 834 5481; x_wconf 83' lang='lat' dir='ltr'>vero</span> <span class='ocrx_word' id='word_1_758' title='bbox 862 5421 874 5460; x_wconf 91' lang='lat'>:</span> <span class='ocrx_word' id='word_1_759' title='bbox 911 5398 1142 5481; x_wconf 72' lang='lat' dir='ltr'>Tantum</span> <span class='ocrx_word' id='word_1_760' title='bbox 1154 5401 1502 5481; x_wconf 68' lang='lat' dir='ltr'>deﬂectemus</span> <span class='ocrx_word' id='word_1_761' title='bbox 1523 5398 1840 5480; x_wconf 79' lang='lat' dir='ltr'>obsequium</span> 
     </span>
    </p>
   </div>
   <div class='ocr_carea' id='block_1_103' title="bbox 188 5473 1839 5553">
    <p class='ocr_par' dir='ltr' id='par_1_103' title="bbox 188 5473 1839 5553">
     <span class='ocr_line' id='line_1_103' title="bbox 188 5473 1839 5553; baseline -0.005 -18"><span class='ocrx_word' id='word_1_762' title='bbox 188 5479 290 5553; x_wconf 61' lang='lat' dir='ltr'>(iris</span> <span class='ocrx_word' id='word_1_763' title='bbox 316 5481 500 5553; x_wconf 77' lang='lat' dir='ltr'>nostri</span> <span class='ocrx_word' id='word_1_764' title='bbox 524 5478 595 5535; x_wconf 86' lang='lat' dir='ltr'>ad</span> <span class='ocrx_word' id='word_1_765' title='bbox 621 5478 955 5553; x_wconf 79' lang='lat' dir='ltr'>promissum</span> <span class='ocrx_word' id='word_1_766' title='bbox 999 5475 1305 5553; x_wconf 61' lang='lat' dir='ltr'>clementia:</span> <span class='ocrx_word' id='word_1_767' title='bbox 1338 5473 1510 5553; x_wconf 78' lang='lat' dir='ltr'>ipsius</span> <span class='ocrx_word' id='word_1_768' title='bbox 1533 5473 1839 5553; x_wconf 72' lang='lat' dir='ltr'>inenarra-</span> 
     </span>
    </p>
   </div>
   <div class='ocr_carea' id='block_1_104' title="bbox 188 5544 1604 5624">
    <p class='ocr_par' dir='ltr' id='par_1_104' title="bbox 188 5544 1604 5624">
     <span class='ocr_line' id='line_1_104' title="bbox 188 5544 1604 5624; baseline -0.004 -23"><span class='ocrx_word' id='word_1_769' title='bbox 188 5545 324 5624; x_wconf 78' lang='lat' dir='ltr'>bilis,</span> <span class='ocrx_word' id='word_1_770' title='bbox 347 5550 501 5624; x_wconf 75' lang='lat' dir='ltr'>quod</span> <span class='ocrx_word' id='word_1_771' title='bbox 514 5544 674 5607; x_wconf 86' lang='lat' dir='ltr'>modo</span> <span class='ocrx_word' id='word_1_772' title='bbox 701 5549 1018 5605; x_wconf 87' lang='lat' dir='ltr'>audivimus</span> <span class='ocrx_word' id='word_1_773' title='bbox 1049 5563 1120 5624; x_wconf 78' lang='lat' dir='ltr'>ea:</span> <span class='ocrx_word' id='word_1_774' title='bbox 1147 5544 1465 5624; x_wconf 73' lang='lat' dir='ltr'>Evangelia,</span> <span class='ocrx_word' id='word_1_775' title='bbox 1494 5545 1604 5597; x_wconf 87' lang='lat' dir='ltr'>etc.</span> 
     </span>
    </p>
   </div>
   <div class='ocr_carea' id='block_1_105' title="bbox 193 5613 1836 5744">
    <p class='ocr_par' dir='ltr' id='par_1_105' title="bbox 193 5613 1836 5744">
     <span class='ocr_line' id='line_1_105' title="bbox 193 5613 1836 5744; baseline -0.009 -62"><span class='ocrx_word' id='word_1_776' title='bbox 193 5613 434 5744; x_wconf 55' lang='grc'>15(15311)</span> <span class='ocrx_word' id='word_1_777' title='bbox 464 5621 604 5704; x_wconf 76' lang='lat' dir='ltr'>octo</span> <span class='ocrx_word' id='word_1_778' title='bbox 631 5636 803 5678; x_wconf 82' lang='lat' dir='ltr'>voces</span> <span class='ocrx_word' id='word_1_779' title='bbox 833 5621 1151 5691; x_wconf 87' lang='lat' dir='ltr'>sequentes</span> <span class='ocrx_word' id='word_1_780' title='bbox 1181 5613 1590 5689; x_wconf 89' lang='lat' dir='ltr'>supplevimus</span> <span class='ocrx_word' id='word_1_781' title='bbox 1622 5627 1693 5671; x_wconf 80' lang='lat' dir='ltr'>ex</span> <span class='ocrx_word' id='word_1_782' title='bbox 1722 5627 1836 5669; x_wconf 88' lang='lat' dir='ltr'>ms.</span> 
     </span>
     <span class='ocr_line' id='line_1_106' title="bbox 230 5708 565 5744; baseline 0 0"><span class='ocrx_word' id='word_1_783' title='bbox 230 5708 565 5744; x_wconf 58' lang='lat'>“810281181-</span> 
     </span>
    </p>
   </div>
   <div class='ocr_carea' id='block_1_106' title="bbox 230 5708 565 5749">
    <p class='ocr_par' dir='ltr' id='par_1_106' title="bbox 230 5708 565 5749">
     <span class='ocr_line' id='line_1_107' title="bbox 230 5708 565 5749; baseline 0.009 -3"><span class='ocrx_word' id='word_1_784' title='bbox 230 5708 565 5749; x_wconf 64' lang='lat'>“810261181.</span> 
     </span>
    </p>
   </div>
   <div class='ocr_carea' id='block_1_107' title="bbox 250 5746 1397 5844">
    <p class='ocr_par' dir='ltr' id='par_1_107' title="bbox 250 5746 1397 5844">
     <span class='ocr_line' id='line_1_108' title="bbox 250 5746 1397 5844; baseline -0.003 -22"><span class='ocrx_word' id='word_1_785' title='bbox 250 5746 441 5844; x_wconf 69' lang='grc'><strong>(1535)</strong></span> <span class='ocrx_word' id='word_1_786' title='bbox 456 5746 611 5826; x_wconf 66' lang='lat' dir='ltr'>litate</span> <span class='ocrx_word' id='word_1_787' title='bbox 640 5764 701 5825; x_wconf 90' lang='lat' dir='ltr'>in</span> <span class='ocrx_word' id='word_1_788' title='bbox 731 5761 916 5842; x_wconf 84' lang='lat' dir='ltr'>vulg.,</span> <span class='ocrx_word' id='word_1_789' title='bbox 955 5759 1101 5837; x_wconf 85' lang='lat' dir='ltr'>Quid</span> <span class='ocrx_word' id='word_1_790' title='bbox 1122 5760 1314 5840; x_wconf 83' lang='lat' dir='ltr'>pauci.</span> <span class='ocrx_word' id='word_1_791' title='bbox 1392 5746 1397 5753; x_wconf 77' lang='grc'><em>’</em></span> 
     </span>
    </p>
   </div>
   <div class='ocr_carea' id='block_1_108' title="bbox 1948 4733 3597 4808">
    <p class='ocr_par' dir='ltr' id='par_1_108' title="bbox 1948 4733 3597 4808">
     <span class='ocr_line' id='line_1_109' title="bbox 1948 4733 3597 4808; baseline 0.005 -19"><span class='ocrx_word' id='word_1_792' title='bbox 1948 4737 2135 4800; x_wconf 89' lang='lat' dir='ltr'>catur,</span> <span class='ocrx_word' id='word_1_793' title='bbox 2168 4735 2266 4805; x_wconf 87' lang='lat' dir='ltr'>qui</span> <span class='ocrx_word' id='word_1_794' title='bbox 2292 4733 2603 4803; x_wconf 88' lang='lat' dir='ltr'>crediderit,</span> <span class='ocrx_word' id='word_1_795' title='bbox 2635 4752 2826 4808; x_wconf 88' lang='lat' dir='ltr'>neque</span> <span class='ocrx_word' id='word_1_796' title='bbox 2856 4735 3079 4793; x_wconf 85' lang='lat' dir='ltr'>scilicet</span> <span class='ocrx_word' id='word_1_797' title='bbox 3106 4738 3307 4795; x_wconf 89' lang='lat' dir='ltr'>addito</span> <span class='ocrx_word' id='word_1_798' title='bbox 3326 4740 3388 4794; x_wconf 86' lang='lat' dir='ltr'>in</span> <span class='ocrx_word' id='word_1_799' title='bbox 3404 4739 3597 4808; x_wconf 84' lang='lat' dir='ltr'>Deum,</span> 
     </span>
    </p>
   </div>
   <div class='ocr_carea' id='block_1_109' title="bbox 1948 4823 3599 4900">
    <p class='ocr_par' dir='ltr' id='par_1_109' title="bbox 1948 4823 3599 4900">
     <span class='ocr_line' id='line_1_110' title="bbox 1948 4823 3599 4900; baseline 0.002 -22"><span class='ocrx_word' id='word_1_800' title='bbox 1948 4838 2137 4895; x_wconf 90' lang='lat' dir='ltr'>neque</span> <span class='ocrx_word' id='word_1_801' title='bbox 2166 4823 2271 4880; x_wconf 89' lang='lat' dir='ltr'>Deo</span> <span class='ocrx_word' id='word_1_802' title='bbox 2303 4824 2487 4896; x_wconf 81' lang='lat' dir='ltr'>(Marc.</span> <span class='ocrx_word' id='word_1_803' title='bbox 2514 4841 2572 4892; x_wconf 86' lang='lat' dir='ltr'>x,</span> <span class='ocrx_word' id='word_1_804' title='bbox 2618 4825 2724 4891; x_wconf 83' lang='lat'>16),</span> <span class='ocrx_word' id='word_1_805' title='bbox 2750 4824 2960 4897; x_wconf 85' lang='lat' dir='ltr'>conjici</span> <span class='ocrx_word' id='word_1_806' title='bbox 2990 4825 3143 4881; x_wconf 88' lang='lat' dir='ltr'>valet</span> <span class='ocrx_word' id='word_1_807' title='bbox 3179 4826 3296 4883; x_wconf 91' lang='lat' dir='ltr'>duo</span> <span class='ocrx_word' id='word_1_808' title='bbox 3342 4825 3599 4900; x_wconf 81' lang='lat' dir='ltr'>exposoi,</span> 
     </span>
    </p>
   </div>
   <div class='ocr_carea' id='block_1_110' title="bbox 1947 4908 3599 4982">
    <p class='ocr_par' dir='ltr' id='par_1_110' title="bbox 1947 4908 3599 4982">
     <span class='ocr_line' id='line_1_111' title="bbox 1947 4908 3599 4982; baseline 0.003 -15"><span class='ocrx_word' id='word_1_809' title='bbox 1947 4910 2008 4967; x_wconf 93' lang='lat' dir='ltr'>id</span> <span class='ocrx_word' id='word_1_810' title='bbox 2040 4916 2148 4977; x_wconf 87' lang='lat' dir='ltr'>est,</span> <span class='ocrx_word' id='word_1_811' title='bbox 2184 4916 2249 4969; x_wconf 91' lang='lat' dir='ltr'>ut</span> <span class='ocrx_word' id='word_1_812' title='bbox 2274 4913 2585 4970; x_wconf 90' lang='lat' dir='ltr'>credamus</span> <span class='ocrx_word' id='word_1_813' title='bbox 2611 4913 2671 4969; x_wconf 86' lang='lat' dir='ltr'>in</span> <span class='ocrx_word' id='word_1_814' title='bbox 2702 4918 2909 4982; x_wconf 88' lang='lat' dir='ltr'>Deum,</span> <span class='ocrx_word' id='word_1_815' title='bbox 2938 4918 2999 4971; x_wconf 89' lang='lat' dir='ltr'>et</span> <span class='ocrx_word' id='word_1_816' title='bbox 3024 4915 3335 4973; x_wconf 88' lang='lat' dir='ltr'>credamus</span> <span class='ocrx_word' id='word_1_817' title='bbox 3364 4916 3501 4972; x_wconf 91' lang='lat' dir='ltr'>Deo.</span> <span class='ocrx_word' id='word_1_818' title='bbox 3536 4908 3599 4973; x_wconf 86' lang='lat' dir='ltr'>In</span> 
     </span>
    </p>
   </div>
   <div class='ocr_carea' id='block_1_111' title="bbox 1948 5001 3599 5076">
    <p class='ocr_par' dir='ltr' id='par_1_111' title="bbox 1948 5001 3599 5076">
     <span class='ocr_line' id='line_1_112' title="bbox 1948 5001 3599 5076; baseline 0.002 -19"><span class='ocrx_word' id='word_1_819' title='bbox 1948 5001 2134 5057; x_wconf 91' lang='lat' dir='ltr'>Deum</span> <span class='ocrx_word' id='word_1_820' title='bbox 2164 5018 2300 5057; x_wconf 91' lang='lat' dir='ltr'>vero</span> <span class='ocrx_word' id='word_1_821' title='bbox 2333 5002 2640 5075; x_wconf 91' lang='lat' dir='ltr'>credit,qui</span> <span class='ocrx_word' id='word_1_822' title='bbox 2674 5002 2957 5060; x_wconf 82' lang='lat' dir='ltr'>catholico</span> <span class='ocrx_word' id='word_1_823' title='bbox 2987 5004 3171 5059; x_wconf 89' lang='lat' dir='ltr'>credit</span> <span class='ocrx_word' id='word_1_824' title='bbox 3202 5021 3215 5061; x_wconf 92' lang='lat'>:</span> <span class='ocrx_word' id='word_1_825' title='bbox 3253 5006 3365 5062; x_wconf 92' lang='lat' dir='ltr'>Deo</span> <span class='ocrx_word' id='word_1_826' title='bbox 3396 5004 3599 5076; x_wconf 88' lang='lat' dir='ltr'>credit,</span> 
     </span>
    </p>
   </div>
   <div class='ocr_carea' id='block_1_112' title="bbox 1949 5090 3605 5169">
    <p class='ocr_par' dir='ltr' id='par_1_112' title="bbox 1949 5090 3605 5169">
     <span class='ocr_line' id='line_1_113' title="bbox 1949 5090 3605 5169; baseline 0.005 -24"><span class='ocrx_word' id='word_1_827' title='bbox 1949 5090 2051 5161; x_wconf 91' lang='lat' dir='ltr'><strong>qui</strong></span> <span class='ocrx_word' id='word_1_828' title='bbox 2083 5090 2472 5147; x_wconf 89' lang='lat' dir='ltr'>hortamentis</span> <span class='ocrx_word' id='word_1_829' title='bbox 2518 5091 2678 5148; x_wconf 90' lang='lat' dir='ltr'>illius</span> <span class='ocrx_word' id='word_1_830' title='bbox 2726 5093 3108 5166; x_wconf 90' lang='lat' dir='ltr'>obtemperat.</span> <span class='ocrx_word' id='word_1_831' title='bbox 3136 5094 3245 5160; x_wconf 91' lang='lat' dir='ltr'>Qui</span> <span class='ocrx_word' id='word_1_832' title='bbox 3285 5098 3605 5169; x_wconf 87' lang='lat' dir='ltr'>utrumque</span> 
     </span>
    </p>
   </div>
   <div class='ocr_carea' id='block_1_113' title="bbox 1949 5180 3602 5256">
    <p class='ocr_par' dir='ltr' id='par_1_113' title="bbox 1949 5180 3602 5256">
     <span class='ocr_line' id='line_1_114' title="bbox 1949 5180 3602 5256; baseline 0.005 -23"><span class='ocrx_word' id='word_1_833' title='bbox 1949 5181 2137 5251; x_wconf 88' lang='grc'><strong>(1538)</strong></span> <span class='ocrx_word' id='word_1_834' title='bbox 2161 5180 2357 5253; x_wconf 85' lang='lat' dir='ltr'>itaque</span> <span class='ocrx_word' id='word_1_835' title='bbox 2378 5181 2583 5254; x_wconf 90' lang='lat' dir='ltr'>agit,et</span> <span class='ocrx_word' id='word_1_836' title='bbox 2602 5181 2921 5240; x_wconf 76' lang='lat' dir='ltr'>orthodoxa</span> <span class='ocrx_word' id='word_1_837' title='bbox 2941 5187 3031 5241; x_wconf 89' lang='lat' dir='ltr'>est</span> <span class='ocrx_word' id='word_1_838' title='bbox 3049 5184 3403 5256; x_wconf 86' lang='lat' dir='ltr'>baptismate</span> <span class='ocrx_word' id='word_1_839' title='bbox 3423 5184 3602 5253; x_wconf 87' lang='lat' dir='ltr'>lotus,</span> 
     </span>
    </p>
   </div>
   <div class='ocr_carea' id='block_1_114' title="bbox 2020 5324 3607 5400">
    <p class='ocr_par' dir='ltr' id='par_1_114' title="bbox 2020 5324 3607 5400">
     <span class='ocr_line' id='line_1_115' title="bbox 2020 5324 3607 5400; baseline 0.003 -22"><span class='ocrx_word' id='word_1_840' title='bbox 2020 5324 2205 5400; x_wconf 71' lang='grc'><strong>(1536)</strong></span> <span class='ocrx_word' id='word_1_841' title='bbox 2232 5324 2297 5400; x_wconf 90' lang='lat' dir='ltr'>_In_</span> <span class='ocrx_word' id='word_1_842' title='bbox 2345 5325 2559 5400; x_wconf 82' lang='lat' dir='ltr'>iisdem</span> <span class='ocrx_word' id='word_1_843' title='bbox 2586 5324 2784 5400; x_wconf 86' lang='lat' dir='ltr'>vulg.,_</span> <span class='ocrx_word' id='word_1_844' title='bbox 2817 5325 2879 5382; x_wconf 91' lang='lat' dir='ltr'>Si</span> <span class='ocrx_word' id='word_1_845' title='bbox 2918 5344 3031 5400; x_wconf 85' lang='lat' dir='ltr'>non</span> <span class='ocrx_word' id='word_1_846' title='bbox 3072 5330 3337 5400; x_wconf 84' lang='lat' dir='ltr'>peccavit.</span> <span class='ocrx_word' id='word_1_847' title='bbox 3373 5326 3607 5384; x_wconf 87' lang='lat' dir='ltr'>Manus-</span> 
     </span>
    </p>
   </div>
   <div class='ocr_carea' id='block_1_115' title="bbox 1948 5395 3154 5469">
    <p class='ocr_par' dir='ltr' id='par_1_115' title="bbox 1948 5395 3154 5469">
     <span class='ocr_line' id='line_1_116' title="bbox 1948 5395 3154 5469; baseline 0.005 -20"><span class='ocrx_word' id='word_1_848' title='bbox 1948 5395 2135 5469; x_wconf 80' lang='lat' dir='ltr'>cripti</span> <span class='ocrx_word' id='word_1_849' title='bbox 2154 5396 2402 5469; x_wconf 88' lang='lat' dir='ltr'>Frising.</span> <span class='ocrx_word' id='word_1_850' title='bbox 2431 5395 2739 5469; x_wconf 81' lang='lat' dir='ltr'>lectionem</span> <span class='ocrx_word' id='word_1_851' title='bbox 2770 5395 3154 5455; x_wconf 81' lang='lat' dir='ltr'>inseruimus.</span> 
     </span>
    </p>
   </div>
   <div class='ocr_carea' id='block_1_116' title="bbox 2022 5467 3607 5549">
    <p class='ocr_par' dir='ltr' id='par_1_116' title="bbox 2022 5467 3607 5549">
     <span class='ocr_line' id='line_1_117' title="bbox 2022 5467 3607 5549; baseline 0 -28"><span class='ocrx_word' id='word_1_852' title='bbox 2022 5467 2425 5549; x_wconf 38' lang='lat' dir='ltr'>(1537.).Codex</span> <span class='ocrx_word' id='word_1_853' title='bbox 2480 5468 2755 5526; x_wconf 87' lang='lat' dir='ltr'>laudatus</span> <span class='ocrx_word' id='word_1_854' title='bbox 2812 5469 3044 5543; x_wconf 85' lang='lat' dir='ltr'>ignorat</span> <span class='ocrx_word' id='word_1_855' title='bbox 3097 5470 3207 5527; x_wconf 90' lang='lat' dir='ltr'>has</span> <span class='ocrx_word' id='word_1_856' title='bbox 3263 5480 3432 5527; x_wconf 83' lang='lat' dir='ltr'>voces</span> <span class='ocrx_word' id='word_1_857' title='bbox 3484 5467 3607 5522; x_wconf 82' lang='lat' dir='ltr'>sine</span> 
     </span>
    </p>
   </div>
   <div class='ocr_carea' id='block_1_117' title="bbox 1941 5540 3069 5611">
    <p class='ocr_par' dir='ltr' id='par_1_117' title="bbox 1941 5540 3069 5611">
     <span class='ocr_line' id='line_1_118' title="bbox 1941 5540 3069 5611; baseline -0.002 0"><span class='ocrx_word' id='word_1_858' title='bbox 1941 5540 2353 5611; x_wconf 62' lang='grc' dir='ltr'>Ρνετροειίίοηε-</span> <span class='ocrx_word' id='word_1_859' title='bbox 2840 5540 2879 5611; x_wconf 65' lang='grc' dir='ltr'>ἶ</span> <span class='ocrx_word' id='word_1_860' title='bbox 3064 5604 3069 5609; x_wconf 84' lang='grc'><strong><em>,</em></strong></span> 
     </span>
    </p>
   </div>
   <div class='ocr_carea' id='block_1_118' title="bbox 1949 5604 3604 5742">
    <p class='ocr_par' dir='ltr' id='par_1_118' title="bbox 1949 5604 3604 5742">
     <span class='ocr_line' id='line_1_119' title="bbox 1949 5604 3604 5742; baseline 0.002 -77"><span class='ocrx_word' id='word_1_861' title='bbox 1949 5604 2199 5742; x_wconf 40' lang='grc' dir='ltr'>ὲιέιέξὲ)</span> <span class='ocrx_word' id='word_1_862' title='bbox 2229 5610 2323 5670; x_wconf 75' lang='lat' dir='ltr'>sic</span> <span class='ocrx_word' id='word_1_863' title='bbox 2353 5610 2509 5671; x_wconf 83' lang='lat' dir='ltr'>idem</span> <span class='ocrx_word' id='word_1_864' title='bbox 2540 5612 2741 5684; x_wconf 84' lang='lat' dir='ltr'>codex,</span> <span class='ocrx_word' id='word_1_865' title='bbox 2774 5610 2987 5672; x_wconf 82' lang='lat' dir='ltr'>melius</span> <span class='ocrx_word' id='word_1_866' title='bbox 3033 5604 3214 5691; x_wconf 79' lang='lat' dir='ltr'>quam</span> <span class='ocrx_word' id='word_1_867' title='bbox 3259 5610 3322 5670; x_wconf 85' lang='lat' dir='ltr'>in</span> <span class='ocrx_word' id='word_1_868' title='bbox 3349 5604 3604 5688; x_wconf 79' lang='lat' dir='ltr'>vulgatis</span> 
     </span>
    </p>
   </div>
   <div class='ocr_carea' id='block_1_119' title="bbox 2054 5697 3491 5761">
    <p class='ocr_par' dir='ltr' id='par_1_119' title="bbox 2054 5697 3491 5761">
     <span class='ocr_line' id='line_1_120' title="bbox 2054 5697 3491 5761; baseline 0 -21"><span class='ocrx_word' id='word_1_869' title='bbox 2054 5697 2190 5761; x_wconf 77' lang='lat' dir='ltr'>agn.</span> <span class='ocrx_word' id='word_1_870' title='bbox 2706 5752 2709 5755; x_wconf 96' lang='lat'><em>_</em></span> <span class='ocrx_word' id='word_1_871' title='bbox 3142 5750 3145 5755; x_wconf 30' lang='grc' dir='ltr'><strong>η</strong></span> <span class='ocrx_word' id='word_1_872' title='bbox 3320 5738 3323 5743; x_wconf 74' lang='grc'>,</span> <span class='ocrx_word' id='word_1_873' title='bbox 3476 5724 3491 5749; x_wconf 74' lang='lat'>,</span> 
     </span>
    </p>
   </div>
  </div>
