3962 6366
131 375 264 440 ⁷145.

1623 377 1946 444 SERMON
1955 379 2067 440 ES.

3451 378 3578 458 745-

129 505 420 578 adjutorio
451 505 573 563 nixi
602 503 880 580 festinare
910 507 1242 566 contendite
1268 526 1282 577 ;
1316 509 1537 566 instare
1575 510 1778 566 horam
1809 510 1869 580 Α
1897 511 2326 583 praestolamur,
2359 515 2520 568 Dona
2552 511 3195 581 nimirum,divisiones
3219 509 3572 585 gratiarum,

125 595 287 652 vobis
318 599 423 652 aut
444 595 586 652 illuc
607 598 1165 667 conscendendi,aut
1185 598 1796 668 deorsumruendi,hic

123 702 252 742 vero
283 703 400 742 non
423 685 650 742 diutius
683 687 954 743 morandi
985 687 1192 744 sedulo
1217 687 1568 762 cogitate,ne
1598 689 1795 744 exim-

125 774 541 848 proviso,quod
576 774 862 846 absit,vos
893 776 1020 851 rapi
1051 779 1380 850 contingat,
1415 783 1472 833 et
1499 775 1638 834 illuc
1665 794 1794 849 per-

123 863 412 935 trahi,ubi
443 880 616 920 nemo
647 865 817 922 vobis
847 865 1039 922 valeat
1070 865 1532 930 auxiliari.Quod
1559 883 1593 920 a
1623 866 1792 922 nobis

125 953 403 1011 omnibus
419 953 697 1027 dignetur
709 955 1092 1028 avertere,qui
1109 956 1166 1012 in
1184 955 1344 1012 hunc
1360 955 1646 1010 mundum
1663 971 1792 1028 pec-

120 1047 342 1102 catores
376 1044 534 1101 venit
558 1042 753 1100 salvos
785 1043 994 1114 facere,
1011 1044 1184 1102 Jesus
1213 1045 1481 1102 Christus
1506 1044 1788 1101 Dominus

119 1138 337 1201 noster,
375 1133 475 1206 qui
509 1149 646 1189 cum
675 1133 844 1190 Patre
873 1137 931 1190 et
962 1133 1184 1208 Spiritu
1215 1138 1416 1192 sancto
1447 1133 1586 1190 vivit
1617 1137 1674 1190 et
1695 1151 1783 1190 re-

116 1226 252 1296 gnat
275 1223 436 1280 Deus
469 1222 530 1280 in
561 1223 778 1280 saecula
803 1223 1176 1282 saeculorum.
1207 1226 1413 1281 Amen.

774 1331 1018 1388 SERMO
1057 1331 1122 1388 Χ.

486 1418 559 1458 ns
595 1417 770 1458 πετο
810 1419 1195 1460 psurecos'rss
1235 1402 1422 1476 (1553)

182 1492 234 1546 1.
268 1491 374 1548 Eia
401 1490 545 1564 quid
571 1489 742 1559 facio,
780 1490 1040 1548 fratres?
1071 1491 1131 1548 Si
1179 1495 1364 1560 taceo,
1406 1491 1618 1563 reipsa,
1651 1507 1779 1564 quae

115 1596 215 1652 per
233 1595 331 1636 me
363 1580 597 1638 fuerant
617 1579 1345 1653 dispensanda,defraudo;
1368 1580 1534 1636 vobis
1554 1581 1780 1635 fraudis

111 1669 378 1741 ejusdem
407 1686 546 1726 reus
572 1668 852 1737 existo,et
881 1686 1010 1740 qua:
1034 1668 1112 1724 sit
1131 1667 1257 1724 dies
1279 1667 1508 1733 ista,vel
1535 1671 1777 1739 quanta,

109 1756 256 1814 mihi
289 1757 407 1830 ipsi
441 1762 680 1830 quoque
701 1755 1210 1828 abscondo.Loqui
1241 1755 1291 1811 si
1322 1754 1528 1828 gestio,
1550 1755 1777 1828 magni-

1905 598 2265 657 charismata
2297 600 2734 658 beatitudinum
2767 602 3054 659 omnium.
3091 601 3226 666 Qua
3263 601 3404 658 sunt
3433 614 3570 656 vero

1903 687 2049 744 illa?
2077 689 2392 761 Depromat
2441 689 2826 764 Apostolus.:
2881 692 3152 760 Charitas,
3203 688 3425 762 inquit,
3473 688 3574 744 Dei

1901 777 2102 850 diﬁusa
2131 783 2208 836 est
2235 779 2295 834 in
2325 780 2578 837 cordibus
2609 781 2810 838 nostris
2840 797 2941 853 per
2973 779 3245 849 Spiritum
3291 781 3572 844 sanctum,

1900 870 2000 940 qui
2027 868 2189 924 datus
2218 859 2299 924 est
2332 871 2492 926 nobis
2525 872 2698 942 (Rom.
2731 888 2787 936 v,
2817 871 2896 943 5).
2931 869 3044 926 Sed
3091 868 3164 926 ad
3209 867 3351 940 quid
3398 867 3574 924 datus

1899 959 1989 1013 est
2009 957 2037 1012 ?
2068 956 2339 1030 Pignoris
2368 959 2595 1032 absque
2624 959 2803 1016 dubio
2833 959 2980 1016 loco.
3031 956 3196 1014 Sicut
3243 957 3402 1014 enim
3453 972 3572 1012 non

1898 1044 2190 1102 habemus
2220 1045 2316 1103 hic
2339 1053 2674 1106 manentem
2697 1048 3026 1116 civitatem;
3059 1047 3145 1102 ita
3164 1061 3271 1102 nec
3299 1061 3568 1102 securam

1895 1133 2348 1192 beatitudinem.
2382 1136 2545 1193 Unde
2578 1141 2776 1194 autem
2810 1136 3107 1202 novimus,
3121 1133 3278 1208 quod
3303 1134 3566 1209 pignoris

1894 1222 2022 1280 loco
2052 1223 2340 1298 Spiritum
2373 1229 2642 1284 sanctum
2679 1225 3124 1300 acceperimus?
3143 1223 3383 1280 Dicente
3413 1223 3573 1280 vide.

1892 1311 2030 1370 licet
2057 1314 2334 1386 Apostolo
2367 1333 2380 1372 :
2417 1316 2524 1384 Qui
2561 1315 2709 1372 dedit
2755 1317 2913 1372 nobis
2956 1317 3160 1388 pignus
3211 1315 3445 1386 spiritus
3493 1315 3569 1385 (II

1894 1403 2014 1458 Cor.
2047 1419 2102 1471 v,
2127 1404 2205 1472 5),
2227 1419 2358 1459 ecce
2378 1403 2731 1460 habebimus
2753 1405 2824 1462 de
2846 1404 3090 1478 pignore
3111 1405 3368 1476 accepto.
3397 1403 3563 1466 Quod

1893 1489 2071 1546 hodie
2102 1490 2256 1547 illud
2289 1493 2711 1564 acceperimus,
2742 1493 3037 1566 quomodo
3071 1491 3339 1548 scimus?
3369 1490 3562 1546 Histo-

1895 1579 2245 1650 riographus
2291 1581 2468 1650 dicat,
2528 1581 2716 1638 Lucas
2771 1581 3039 1636 medicus
3089 1581 3394 1636 fateatur:
3427 1577 3564 1636 Cum

1889 1667 2314 1738 complerentur,
2343 1668 2560 1739 inquit,
2602 1669 2717 1724 dies
2759 1671 3118 1737 Pentecostes,
3167 1671 3327 1724 erant
3372 1658 3562 1725 omnes

1887 1756 2151 1826 discipuli
2199 1759 2416 1828 pariter
2467 1759 2527 1811 in
2577 1757 2762 1814 eodem
2791 1759 2904 1814 loco
2935 1759 3070 1828 (Act.
3106 1774 3169 1828 II,
3201 1757 3280 1830 1).
3311 1757 3376 1814 In
3442 1774 3558 1830 quo

107 1845 306 1902 tudini
335 1845 420 1902 rei
446 1845 660 1918 ipsius,
680 1845 751 1900 de
774 1860 891 1916 qua
917 1843 1082 1916 loqui
1111 1842 1262 1911 volo,
1286 1859 1358 1900 ne
1389 1844 1774 1900 succumbam
1808 1873 1858 1940 Β
1886 1843 2013 1900 loco
2034 1844 2062 1900 ?
2091 1846 2331 1918 Cumque
2362 1847 2717 1902 intuerentur
2761 1849 2822 1902 in
2865 1837 3064 1902 caelum
3118 1853 3341 1902 euntem
3395 1846 3562 1903 illum

106 1933 391 1990 formido.
421 1933 532 1988 Sed
566 1932 714 1989 facio
747 1932 904 2006 quod
935 1949 1182 2005 possum
1219 1949 1231 1987 :
1263 1932 1582 1988 debitorem
1621 1931 1779 1988 enim

105 2021 372 2096 amplius
405 2022 715 2078 considero
765 2019 1019 2077 nullum.
1057 2021 1418 2093 Pentecostes
1462 2020 1789 2094 completur

109 2111 312 2178 hodie,
329 2111 484 2168 688
507 2111 736 2167 fratres.
763 2110 912 2176 Quid
945 2109 1095 2166 dixi?
1116 2110 1614 2183 Quinquagesima
1639 2111 1782 2166 Pas-

114 2201 228 2258 chze
260 2199 438 2256 hodie
470 2199 843 2256 terminatur.
877 2197 1026 2265 Quid
1057 2198 1194 2254 inde
1213 2198 1241 2254 ?
1270 2199 1435 2254 Dicat
1461 2199 1561 2270 qui
1590 2199 1778 2254 novit:

119 2293 302 2348 Melior
327 2293 426 2357 est,
451 2289 553 2359 ait,
576 2291 708 2360 ﬁnis
729 2289 1000 2346 orationis
1029 2305 1194 2361 quam
1213 2289 1554 2361 principium
1585 2289 1777 2360 (Eccle.

120 2398 214 2452 v11,
244 2380 324 2453 9).
360 2377 632 2436 Intendat
661 2377 762 2451 qui
791 2375 944 2434 valet
979 2394 990 2433 :
1021 2377 1127 2447 Qui
1153 2379 1302 2433 enim
1330 2379 1776 2448 perseveraverit,

130 2469 204 2526 ait
232 2468 547 2537 Dominus,
579 2483 751 2540 usque
775 2467 832 2523 in
859 2465 1047 2537 ﬁnem,
1081 2466 1170 2522 hic
1197 2467 1379 2522 salvus
1401 2468 1507 2522 erit
1557 2467 1776 2538 (Matth.

122 2557 530 2632 x,22).Fe1ices
553 2556 652 2630 qui
675 2556 783 2613 hos
806 2555 1238 2629 quinquaginta
1258 2555 1406 2623 dies,
1449 2558 1515 2610 ut
1553 2555 1782 2612 colendi

124 2653 270 2716 sunt,
306 2645 719 2712 coluerunt,ab
747 2643 983 2702 alleluia
1004 2645 1208 2702 morali
1233 2643 1570 2701 nullatenus
1593 2661 1782 2700 cessa-

126 2735 710 2804 verunt,dormientes
735 2751 971 2808 quoque
989 2750 1118 2790 eam
1138 2734 1382 2790 minime
1403 2733 1778 2790 dimiserunt.

129 2825 270 2883 Salvi
291 2831 492 2883 tamen
515 2823 662 2880 tales
683 2823 734 2880 si
754 2823 1002 2897 cupiunt
1022 2839 1170 2891 esse,
1198 2822 1373 2878 hodie
1414 2823 1781 2879 devotionem

133 2914 563 2989 perseverantiae
586 2915 1014 2981 demonstrent,
1033 2928 1305 2986 suggero,
1321 2929 1462 2968 suae.
1481 2911 1780 2985 Quinqua-

133 3005 341 3079 gesima
369 3009 466 3062 est
495 3002 670 3060 hodie
701 3002 824 3058 dies
867 3019 902 3058 a
933 3001 1375 3058 Resurrectione
1418 2999 1675 3072 Domini,
1707 3000 1780 3057 ab

135 3095 478 3152 Ascensione
507 3093 754 3150 decima.
779 3091 1061 3164 Magnum
1092 3089 1522 3164 mysterium,et
1546 3089 1780 3146 inenar-

137 3183 301 3240 rabile
321 3181 580 3240 donum!
605 3181 738 3238 Dies
759 3184 850 3236 est
865 3179 1038 3236 hodie
1059 3179 1643 3253 quinquagesima,ex
1663 3195 1781 3253 quo

138 3269 190 3329 in
215 3273 438 3332 Christo
473 3271 940 3338 resurreximus;
975 3269 1220 3337 decima,
1253 3286 1323 3326 ex
1353 3286 1468 3341 quo
1499 3285 1633 3324 cum
1679 3268 1779 3324 illo
1811 3245 1854 3314 Ο

140 3360 294 3420 caelos
324 3361 775 3419 concendimus.
799 3359 879 3416 De
905 3358 1122 3432 quibus
1153 3357 1327 3416 dico?
1359 3359 1438 3415 De
1461 3357 1580 3414 illis
1611 3359 1782 3416 nimi-

141 3452 506 3526 rum,quibus
541 3450 821 3507 audacter
849 3449 991 3506 dicit
1017 3447 1333 3520 Apostolus
1367 3464 1380 3503 :
1412 3450 1481 3505 Si
1501 3464 1783 3505 consurre-

141 3543 283 3598 xistis
334 3559 467 3599 cum
527 3539 762 3607 Christo,
795 3554 923 3612 quae
977 3555 1196 3594 sursum
1245 3546 1374 3594 sunt
1403 3541 1656 3610 quaerite,
1685 3538 1783 3593 ubi

145 3630 373 3688 Christus
399 3639 489 3688 est
519 3632 586 3687 in
611 3629 836 3686 dextera
866 3629 984 3695 Dei,
1018 3627 1073 3683 id
1103 3633 1196 3684 est
1224 3627 1576 3700 aequalitate,
1594 3629 1782 3682 Patris

143 3721 346 3790 sedens,-
371 3736 504 3795 qua:
531 3736 750 3776 sursum
778 3727 907 3774 sunt
932 3719 1128 3790 sapite,
1159 3733 1268 3772 non
1301 3733 1420 3788 qua:
1465 3732 1630 3788 super
1677 3723 1782 3771 ter-

146 3824 267 3865 ram.
291 3811 495 3868 Mortui
521 3811 674 3866 enim
703 3810 852 3874 estis,
890 3804 1110 3880 peccati
1151 3803 1420 3860 videlicet
1463 3804 1780 3872 immunes,

149 3902 190 3952 et
215 3899 314 3956 vita
343 3908 524 3958 vestra
553 3898 868 3954 abscondita
892 3904 970 3952 est
995 3912 1120 3951 eum
1153 3893 1363 3950 Christo
1393 3895 1452 3948 in
1490 3895 1615 3949 Deo.
1649 3897 1786 3951 Cum

149 3990 278 4045 enim
307 3989 560 4046 Christus
585 3988 905 4061 apparuerit
934 3987 1051 4042 vita
1080 3992 1278 4051 vestra,
1311 3987 1442 4038 tunc
1469 3991 1521 4039 et
1559 3999 1650 4039 vos
1693 4000 1786 4056 ap-

149 4080 388 4147 parebitis
417 4097 549 4136 cum
580 4080 696 4150 ipso
727 4080 788 4133 in
815 4077 996 4148 gloria
1027 4075 1247 4147 (Coloss.
1291 4089 1375 4140 iu,
1424 4073 1496 4144 1).
1547 4071 1783 4140 Felices,

154 4167 242 4238 qui
267 4167 556 4242 ejusmodi
591 4171 769 4236 sunt;
804 4163 1216 4232 infelicissimi,
1263 4162 1364 4234 qui
1415 4163 1488 4218 ab
1537 4163 1786 4219 istorum

158 4255 374 4332 collegio
407 4256 834 4333 perpetualiter
863 4255 1173 4310 decidunt:
1199 4252 1279 4307 illi
1312 4251 1468 4308 enim
1510 4269 1623 4309 non
1651 4267 1786 4308 cum

157 4345 358 4404 Christo
388 4349 448 4407 in
477 4347 692 4422 gloria,
723 4345 824 4402 sed
857 4361 994 4402 cum
1033 4342 1266 4400 diabolo
1315 4343 1682 4415 apparebunt
1727 4341 1788 4398 in

159 4434 507 4494 damnatione
537 4438 842 4509 perpetua.

215 4527 263 4580 2.
295 4526 719 4584 Praesumentes
747 4528 944 4580 tamen
975 4539 1084 4578 nos
1117 4520 1308 4578 adhuc
1339 4522 1410 4578 de
1435 4520 1671 4582 illorum
1703 4537 1792 4577 so-

1895 1933 2251 2007 (przetulerat
2277 1935 2454 2008 idem)
2483 1953 2603 1992 ecce
2635 1935 2738 1993 duo
2770 1937 2886 1992 viri
2913 1937 3211 1992 astiterunt
3229 1936 3388 2008 justa
3433 1937 3560 1992 illos

1896 2024 1956 2078 in
1986 2025 2220 2080 vestibus
2249 2024 2414 2090 albis,
2444 2027 2541 2096 qui
2571 2029 2622 2080 et
2653 2025 2917 2081 dixerunt
2949 2042 2962 2081 :
2999 2025 3117 2080 Viri
3147 2023 3390 2094 Galilazi,
3425 2023 3558 2098 quid

1883 2108 2049 2168 'statis
2079 2113 2401 2184 aspicientes
2431 2114 2490 2167 in
2520 2113 2764 2169 emtum?
2790 2114 2888 2168 llic
2913 2115 3087 2182 Iesus,
3121 2115 3220 2186 qui
3245 2122 3557 2186 assumptus

1891 2205 1969 2255 est
1998 2216 2032 2254 a
2063 2201 2210 2256 vobis
2237 2201 2298 2254 in
2322 2201 2538 2267 coelum,
2591 2204 2672 2257 sic
2719 2204 2924 2270 veniet,
2973 2201 3431 2274 quemadmodum
3470 2205 3555 2259 vi-

1890 2287 2048 2344 distis
2075 2305 2202 2344 eum
2230 2297 2450 2346 euntem
2480 2293 2539 2346 in
2569 2291 2789 2346 ctutum.
2836 2293 2980 2347 Tunc
3034 2293 3242 2349 reversi
3293 2299 3422 2348 sunt
3475 2294 3556 2349 Ie-

1890 2379 2317 2450 rosolymamad
2345 2387 2602 2450 montem,
2636 2384 2732 2454 qui
2773 2390 2994 2438 vocatur
3052 2382 3274 2448 Oliveti,
3325 2383 3420 2454 qui
3475 2391 3554 2438 est

1881 2467 2053 2538 juxta
2081 2469 2384 2524 Jerusalem
2412 2469 2642 2552 Sabbati
2670 2469 2876 2526 habens
2906 2472 3014 2524 iter
3031 2487 3052 2532 ,·
3074 2465 3228 2527 634
3249 2477 3302 2526 et
3326 2485 3451 2526 cum
3469 2472 3555 2524 in-

1891 2557 2145 2612 troissent
2174 2557 2235 2609 in
2263 2557 2630 2626 ccenaculum,
2650 2557 3012 2613 ascenderunt
3040 2558 3098 2612 in
3128 2559 3434 2628 superiora,
3455 2557 3556 2612 ubi

1891 2645 2189 2700 manebant
2229 2645 2421 2700 Petrus
2475 2649 2528 2701 et
2582 2647 2838 2714 Joannes,
2892 2646 3120 2702 Iacobus
3173 2653 3226 2703 et
3281 2645 3550 2714 Andreas,

1890 2733 2182 2806 Philippus
2241 2743 2290 2790 et
2351 2734 2597 2802 Thomas,
2656 2735 3096 2794 Bartholomaeus
3141 2739 3193 2791 et
3242 2735 3552 2806 Matthaeus,

1889 2823 2113 2879 Iacobus
2141 2823 2360 2895 Alphtei
2384 2831 2435 2880 et
2490 2823 2677 2880 Simon
2737 2825 2964 2896 Zelotes,
3023 2831 3074 2880 et
3125 2823 3297 2882 Iudas
3343 2824 3551 2882 Jacobi.

1891 2913 1961 2968 Hi
1991 2928 2175 2968 omnes
2203 2917 2361 2969 erant
2387 2918 2798 2986 perseverantes
2843 2916 3188 2971 unanimiter
3216 2915 3278 2969 in
3307 2916 3555 2971 oratione

1889 3018 2012 3058 eum
2044 3001 2390 3070 mulieribus,
2435 3006 2486 3058 et
2543 3003 2719 3058 Maria
2768 3011 2948 3059 matre
3003 3005 3150 3073 Iesu,
3184 3011 3236 3060 et
3280 3004 3554 3074 fratribus

1890 3093 2008 3164 ejus
2039 3091 2172 3160 (Act.
2207 3107 2246 3158 ι,
2281 3091 2392 3163 10).
2426 3091 2572 3148 Cum
2605 3091 2786 3164 igitur
2813 3092 2872 3148 in
2906 3093 3110 3149 eodem
3155 3092 3282 3150 loco
3331 3097 3550 3162 essent,

1890 3182 2070 3252 factus
2097 3189 2174 3236 est
2203 3189 2425 3252 repente
2453 3181 2516 3238 de
2543 3182 2676 3236 caelo
2707 3199 2874 3238 sonus
2901 3185 3170 3254 tanquam
3209 3179 3553 3238 advenientis

1891 3272 2118 3342 spiritus
2151 3269 2498 3336 vehementis,
2543 3278 2596 3327 et
2650 3271 2879 3342 replevit
2933 3279 3096 3326 totum
3155 3269 3395 3338 domum,
3455 3270 3554 3325 ubi

1889 3363 2050 3416 erant
2078 3357 2342 3424 sedentes,
2373 3367 2424 3414 et
2453 3361 2833 3430 apparuerunt
2864 3358 2980 3413 illis
3005 3358 3310 3430 dispertita:
3339 3358 3552 3429 linguae

1891 3452 2158 3519 tanquam
2190 3449 2355 3516 ignis,
2384 3447 2628 3516 seditque
2650 3461 2814 3518 super
2840 3447 3083 3516 singulos
3113 3461 3302 3502 eorum
3319 3461 3340 3508 ;
3371 3455 3423 3502 et
3460 3461 3547 3500 re-

1888 3537 2026 3608 pleti
2051 3539 2180 3590 sunt
2228 3551 2414 3590 omnes
2440 3535 2656 3606 Spiritu
2683 3537 2956 3602 sancto,et
2982 3537 3242 3606 ceperunt
3271 3535 3424 3608 loqui
3450 3551 3548 3591 va-

1891 3627 1994 3681 riis
2025 3625 2256 3693 linguis,
2285 3632 2450 3695 prout
2479 3625 2721 3694 Spiritus
2751 3631 2968 3679 sanctus
2999 3623 3164 3679 dabat
3208 3624 3392 3697 eloqui
3436 3625 3552 3681 illis

1892 3718 2041 3786 (Λσι.
2075 3730 2136 3780 u,
2168 3716 2204 3767 2
2231 3711 2389 3784 seq.).

1964 3803 2018 3858 3.
2052 3802 2096 3858 Ο
2125 3818 2302 3874 quam
2330 3801 2425 3856 hic
2457 3801 2708 3874 abyssus
2737 3801 2965 3859 Veteris
2996 3803 3355 3860 Testamenti
3389 3803 3558 3878 abys-

1895 3907 2028 3947 sum
2059 3890 2288 3945 invocat
2309 3889 2443 3944 novi
2466 3889 2478 3944 l
2503 3890 2546 3944 Ο
2573 3906 2749 3962 quam
2774 3890 3113 3964 antiquiora
3133 3892 3556 3950 recentioribus

1895 3977 2232 4036 concinuntl
2249 3977 2745 4050 Quinquagcsimo
2763 3979 2856 4036 die
2874 3983 3008 4054 post
3028 3979 3380 4038 occisionem
3397 3981 3558 4056 agni,

1895 4072 1952 4125 et
1981 4067 2162 4124 maris
2183 4067 2499 4122 transitum
2525 4066 2794 4133 Rubri,in
2809 4069 2950 4124 Sina
2968 4073 3164 4126 monte
3186 4070 3374 4142 Moysi
3397 4072 3563 4126 deca-

1899 4157 2070 4232 logus
2101 4157 2295 4213 datur.
2329 4155 2834 4228 Quinquagesimo
2867 4161 3000 4230 post
3046 4157 3560 4214 Resurrectionem

1897 4246 2110 4302 Christi
2135 4245 2228 4302 die
2255 4244 2509 4318 Spiritus
2532 4250 2772 4301 sanctus
2793 4245 3078 4318 apostolis
3103 4245 3563 4311 mittitur.Quin-

1897 4334 2284 4409 quagesimus
2305 4333 2674 4390 remissionis
2695 4338 2786 4390 est
2806 4335 3156 4404 annus;dies
3176 4337 3376 4391 noster
3391 4334 3562 4408 quin-

1899 4423 2280 4498 quagesimus
2329 4423 2528 4495 gratiae
2555 4426 2646 4478 est
2673 4427 3070 4480 consecratus.
3122 4422 3228 4480 Illo
3278 4423 3374 4480 die
3403 4422 3559 4480 Deus

1898 4514 2000 4571 Dei
2025 4511 2206 4570 Filius
2231 4512 2290 4566 in
2319 4516 2516 4580 monte
2539 4511 2842 4568 descendit
2867 4531 2880 4581 ;
2904 4513 3016 4570 isto
3041 4514 3142 4570 sed
3167 4516 3369 4570 nostro
3405 4511 3561 4569 Deus

163 4611 341 4671 cietate
389 4615 638 4673 existere
677 4615 879 4684 (Nescit
933 4612 1091 4669 enim
1151 4611 1329 4680 homo,
1389 4611 1472 4666 ait
1527 4611 1791 4683 quidam,
1824 4615 1872 4680 1)
1903 4601 2091 4660 Patris
2115 4599 2583 4673 etFiliiSpiritus
2601 4605 2841 4658 sanctus
2865 4601 3055 4676 igneis
3073 4603 3297 4676 linquis
3319 4603 3565 4659 demon-

169 4705 330 4759 ulrum
357 4706 478 4762 adio
511 4722 587 4760 an
616 4719 802 4760 amore
829 4703 1033 4773 dignus
1089 4703 1178 4768 sit,
1239 4700 1331 4756 sed
1389 4700 1535 4756 omia
1592 4702 1650 4754 in
1703 4702 1795 4771 fu-

169 4797 329 4848 turum
356 4803 648 4852 servantur
671 4795 884 4849 incerta
915 4792 1106 4864 [Eccle.
1143 4807 1220 4856 1x,
1259 4790 1354 4861 1]),
1388 4790 1655 4846 dicamus
1679 4806 1794 4845 non

169 4876 516 4952 desperantes
548 4883 621 4940 de
650 4881 988 4954 nobis,quia
1015 4879 1188 4937 hodie
1201 4879 1798 4952 estquinquagesima

175 4964 298 5037 dies,
329 4988 394 5042 ex
421 4991 540 5046 quo
571 4973 632 5028 in
664 4971 896 5028 Christo
953 4968 1416 5036 resurreximus;
1450 4968 1696 5036 decima,
1731 4985 1799 5025 ex

175 5067 271 5124 (1υο
297 5076 422 5118 cum
451 5063 684 5121 Christo
729 5061 906 5119 ccelos
959 5060 1353 5116 ascendimus.
1415 5059 1597 5114 Ilodic
1655 5057 1798 5130 quid

235 5270 404 5348 (1553)
434 5277 589 5335 Inter
617 5275 875 5335 Ratherii
909 5289 1210 5348 sermones
1243 5272 1666 5348 Fulcuinus__c.
1723 5273 1799 5348 24

179 5343 438 5404 memorat
463 5352 522 5405 in
571 5350 660 5406 die
703 5351 1059 5405 Pentecostes.
1109 5344 1395 5402 Acherius
1445 5345 1504 5400 in
1549 5343 1799 5400 Elencho

180 5412 299 5469 tomi
319 5417 364 5473 II
379 5419 667 5494 Spicilegii
689 5418 991 5494 opusculis
1005 5416 1260 5474 Ratherii
1276 5416 1512 5472 ineditis
1534 5421 1802 5494 accenset

179 5487 438 5561 Sermqnes'
472 5487 622 5550 duos“
667 5487 745 5549 (ιε’
759 5494 1084 5557 Pentecoste,
1119 5505 1324 5561 eorum
1357 5487 1710 5561 exemplum
1731 5503 1800 5543 ex

183 5559 656 5636 {pathobiensiise
703 5563 998 5636 accepisse
1029 5560 1227 5636 tradit
1253 5560 1314 5615 in
1346 5559 1568 5636 monito
1591 5560 1662 5616 ad
1684 5559 1800 5614 Ra-

179 5619 325 5714 therii
353 5619 542 5714 opera,
566 5619 726 5714 Licet
743 5619 1020 5714 vei-bees
1053 5649 1115 5714 s_e
1153 5631 1298 5714 alias
1335 5631 1632 5714 editurum
1665 5647 1801 5714 app;

183 5700 438 5774 ponderit,
469 5723 586 5763 non
615 5713 813 5765 tamen
841 5706 1048 5764 edidit.
1070 5703 1387 5764 Lobienses
1417 5703 1646 5764 codices
1675 5700 1805 5762 dili-

467 5833 734 5904 PATROL.
777 5832 1099 5902 CXXXVI.

1905 4695 2126 4748 stratus
2157 4689 2675 4762 advenit.Utraque
2705 4705 2840 4747 vero
2870 4691 2986 4748 ista
3006 4691 3263 4749 Trinitas
3284 4691 3567 4765 adimple-

1903 4781 2004 4847 vit,
2039 4780 2208 4834 Pater
2255 4778 2372 4834 illic
2423 4779 2634 4835 Filium
2687 4779 2872 4853 Moysi
2919 4767 3275 4850 destinavit;
3307 4780 3563 4854 Spiritus

1907 4875 2147 4926 sanctus
2179 4884 2212 4923 a
2243 4869 2408 4924 Patre
2439 4873 2496 4923 et
2539 4868 2682 4924 Filio
2731 4869 2954 4926 missus
3001 4874 3178 4942 atque
3224 4870 3566 4943 precedens,

1908 4957 2189 5033 apostolis
2212 4956 2386 5014 isthic
2417 4961 2702 5029 potestate
2725 4963 3050 5030 spontanee.
3077 4976 3207 5016 sese
3235 4959 3571 5016 infudit.lbi

1907 5049 2169 5104 tonitrua
2198 5051 2265 5103 et
2284 5063 2652 5114 voces,mons
2673 5065 2906 5121 quoque
2929 5049 3197 5118 fumans;
3221 5047 3318 5106 hic
3339 5048 3572 5105 inﬂam-

1909 5269 2111 5339 genter
2129 5263 2998 5340 expendendoscuravimusmt
3014 5265 3075 5322 hi
3099 5282 3330 5340 quoque
3343 5281 3565 5340 sermo-

1909 5333 2012 5394 nes
2037 5351 2170 5391 cum
2204 5333 2332 5421 aliis
2357 5334 2598 5421 ineditis
2625 5336 2699 5421 in
2740 5333 3044 5421 publicum
3065 5333 3387 5421 prodirent.
3410 5338 3562 5421 Qua:

1907 5424 2144 5496 cunque
2171 5406 2702 5496 aptequliligentia
2727 5406 2990 5466 adhibita
3021 5406 3166 5493 nihil
3209 5408 3353 5496 tale.
3373 5407 3568 5496 [intuit

1907 5476 2170 5553 reperiri.
2203 5476 2398 5532 Unum
2434 5476 2665 5536 tantum
2717 5497 3049 5537 sermonem
3095 5481 3156 5536 in
3211 5476 3571 5550 Frisingensi

1908 5552 2104 5608 codice
2135 5549 2394 5622 invenire
2417 5549 2602 5616 licuit,
2636 5567 2810 5622 quem
2862 5570 3021 5610 nunc
3068 5551 3562 5622 edituri_sumus.

1909 5624 2010 5682 Hic
2045 5621 2282 5678 habitus
2313 5624 2400 5676 est
2431 5637 2585 5678 anno
2616 5619 2744 5681 963.
2767 5623 2912 5682 Vide
2945 5628 3064 5682 not.
3103 5624 3263 5689 1438,
3293 5619 3354 5676 in
3385 5632 3566 5674 serm.

1921 5697 1946 5758 l
1985 5695 2076 5768 ,de
2105 5691 2585 5768 Quadragesima.

3180 5816 3264 5888 84
