3962 6372
373 416 507 492 ³147
1290 422 1668 485 RATHERII
1711 420 1955 482 EPISC.
2001 418 2069 482 Vl

2206 417 2291 479 ιΝ.
2336 417 2509 480 ΟΡΡ.
2555 419 2754 479 PARS
2798 416 2903 479 III.
3683 408 3807 473 ’148

391 559 536 616 mati
566 558 786 633 linguis
815 558 993 616 variis
1023 557 1314 627 homines,
1348 555 1597 629 apostoli
1627 562 1851 628 utique,
1884 556 2040 626 ignis
2069 554 2125 619 Α
2151 556 2272 607 tam
2306 550 2459 624 pius,
2494 556 2615 607 tam
2641 548 2994 618 misericors,
3025 552 3147 605 tam
3178 550 3267 604 est
3292 543 3482 602 facilis
3520 544 3594 601 ad
3638 543 3803 617 igno-

393 649 574 705 divini
590 650 900 706 ardoribus
916 647 1342 705 aestuantesAd
1361 641 2044 719 postremumDominicae
2154 641 2438 697 scendum
2461 640 2848 708 conversis,ut
2869 637 3202 695 noverimus
3223 653 3359 693 eum
3395 639 3658 691 nostram
3691 651 3804 690 non

393 738 839 795 resurrectionis
869 738 979 794 istc
1010 740 1098 793 est
1129 734 1657 808 quinquagesimus
1690 734 1836 799 dies,
1869 748 2044 804 quem

389 827 731 900 patriarchae
763 843 965 883 omnes
998 830 1173 898 atque
1204 824 1521 898 prophetae,
1555 840 1691 879 cum
1742 840 1775 878 a
1824 820 2047 877 Pascha

390 932 578 988 usque
608 917 678 972 ad
713 916 895 972 istum
930 920 1165 971 caeteros
1197 930 1402 971 omnes
1430 912 1788 969 venerationi
1838 910 2046 966 debita:

391 1005 760 1077 deputarent,
792 1004 973 1059 istum
1025 1021 1141 1076 prae
1193 1002 1469 1058 omnibus
1519 1001 1831 1057 celebrant.
1883 1000 2048 1054 Mon-

395 1097 544 1149 strat
564 1093 673 1151 hoc
686 1092 904 1150 Tobias
928 1092 1376 1149 videntissimus
1400 1108 1585 1147 caecus
1602 1109 1615 1147 :
1632 1093 1921 1146 monstrat
1941 1089 2050 1144 hoc

396 1182 711 1254 Apostolus
734 1182 803 1238 ad
823 1181 951 1238 οωΙὶ
974 1181 1132 1238 tertii
1149 1180 1495 1237 sublimiora
1506 1180 1830 1236 conductus
1844 1177 2047 1249 (I554):

400 1261 574 1342 ibam,
606 1270 799 1343 inquit
823 1270 921 1327 ille
952 1272 1182 1343 [supple
1218 1270 1307 1337 ad]
1336 1272 1670 1326 Pentecostes
1688 1269 1833 1324 diem
1853 1272 2056 1339 festum

404 1368 672 1428 nostrum,
702 1362 798 1430 qui
826 1369 902 1416 est
934 1368 1154 1416 sanctus
1184 1377 1219 1414 a
1246 1361 1567 1430 septimanis
1609 1360 1743 1431 (Act.
1795 1376 1890 1424 xx,
1942 1358 2052 1426 46).

406 1451 621 1505 Beatus
651 1464 783 1504 vero
812 1447 1030 1504 Paulus
1060 1448 1369 1504 festinasse
1409 1446 1623 1520 legitur
1669 1448 1824 1503 diem
1875 1446 2055 1502 istum

406 1536 790 1608 Jerosolymis
812 1536 1293 1606 celebrare,quod
1318 1536 1493 1592 sciret
1520 1535 1687 1591 illum
1721 1553 1834 1608 pra:
1868 1536 2056 1591 omni-

407 1627 521 1683 bus
551 1624 829 1681 eminere.
864 1625 1116 1690 Sanclus,
1157 1624 1373 1696 inquit,
1430 1641 1463 1679 α
1514 1626 1834 1696 septimanis
1861 1642 1884 1686 ;
1943 1640 2059 1680 non

408 1714 822 1788 perfunctorie,
858 1714 1123 1785 inquam,
1170 1717 1491 1785 computa:
1555 1729 1691 1768 nam
1749 1731 1783 1768 a
1838 1712 2063 1768 Pascha

411 1819 598 1876 usque
632 1802 703 1858 ad
734 1803 1081 1859 Pentecoten
1113 1801 1289 1858 istam
1324 1806 1582 1857 nostram
1625 1801 2061 1857 sanctissimam

410 1893 566 1949 diem
588 1908 705 1948 non
729 1891 843 1948 nisi
865 1896 1111 1963 septem,
1132 1890 1246 1947 nisi
1271 1889 1458 1959 fallor,
1483 1890 1882 1947 hebdomadas
1904 1890 2061 1946 inve-

411 1981 559 2038 nies.
595 1986 740 2054 Lege
787 1980 1154 2053 prophetam,
1213 1984 1269 2036 et
1323 1979 1726 2051 septiformem
1780 1980 2066 2052 Spiritum

413 2086 593 2143 super
623 2070 827 2125 ﬂorem
859 2069 930 2124 de
963 2069 1157 2124 radice
1184 2069 1349 2125 Jesse
1395 2070 1808 2125 ascendentem
1840 2068 2065 2140 requie-

413 2158 570 2216 visse
600 2156 922 2230 comperies
947 2159 1071 2227 (Isa.
1106 2174 1145 2225 ι,
1178 2157 1253 2229 4).

488 2249 542 2303 4.
576 2246 717 2313 Quis
748 2250 837 2302 est
867 2250 1064 2302 autem
1112 2244 1209 2301 ille
1256 2245 1530 2319 Spiritus,
1580 2245 1693 2302 nisi
1741 2246 1841 2318 qui
1892 2264 2070 2320 super

398 2334 736 2391 “Dominum
766 2334 826 2390 in
883 2332 1177 2403 columba,
1238 2351 1415 2406 super
1469 2334 1762 2408 apostolos
1818 2334 1877 2391 in
1937 2335 2069 2408 igne

400 2424 770 2481 descendit?
789 2425 978 2490 Quare
997 2439 1130 2480 vero
1158 2440 1335 2496 super
1354 2423 1671 2479 Dominum
1695 2424 1753 2479 in
1776 2424 2066 2492 columba,

420 2530 598 2586 super
628 2511 924 2586 apostolos
953 2528 1087 2568 vero
1118 2511 1179 2567 in
1210 2511 1344 2585 igne
1392 2513 1709 2585 apparuit?
1766 2514 1879 2569 nisi
1932 2513 2071 2585 quia

420 2606 767 2658 mansuetus
800 2601 1040 2657 veniens
1070 2601 1375 2669 Dominus,
1427 2606 1731 2658 mansueto
1789 2603 1955 2675 signo
2008 2619 2071 2660 se

419 2688 811 2748 demonstrari
841 2690 1028 2746 voluit
1057 2689 1735 2763 hominibus;apostolos
1758 2709 1891 2749 vero
1903 2694 2071 2764 judi-

419 2778 576 2835 cium
610 2794 783 2835 suum
815 2778 1267 2834 annuntiaturos
1294 2778 1586 2836 missurus
1614 2782 2074 2852 [subauditurvo—

418 2867 528 2923 luit
559 2866 1004 2937 demonstrare],
1047 2883 1181 2922 cum
1204 2883 1318 2938 quo
1340 2870 1557 2925 terrore
1578 2870 1955 2941 judicaturus
1977 2871 2074 2928 ad-

416 2955 744 3023 veniet.Qui
765 2972 838 3012 ne
851 2956 1219 3027 judicaretur
1237 2963 1602 3026 mansuetus,
1616 2960 1852 3016 advenit
1873 2961 2071 3017 sonitu

419 3046 570 3104 685
609 3045 1045 3102 vehementiore
1102 3046 1560 3103 demonstratus.
1620 3048 1879 3123 Linguas
1937 3067 2070 3107 vero

419 3152 599 3209 quare
626 3136 827 3207 igneas
855 3135 1321 3191 demonstravit?
1347 3136 1460 3192 nisi
1492 3140 1557 3192 ut
1586 3154 1783 3195 servos
1833 3157 1971 3195 suos
2014 3143 2073 3195 et

419 3224 700 3283 charitate
731 3223 1034 3291 ferventes,
1068 3227 1123 3280 et
1154 3241 1422 3281 sermone
1444 3227 1920 3298 promptissimos
1941 3229 2062 3285 fore

2155 730 2287 787 odio
2319 730 2738 802 habere,quam
2767 728 3049 794 condidit,
3078 724 3603 792 substantiam,sed
3636 722 3807 781 mali-

2158 821 2439 893 gnitatem
2470 818 2757 876 exsecrari
2788 817 2985 891 potius
3019 820 3302 873 nostram.
3335 814 3498 881 Quod
3529 813 3578 870 si
3623 812 3809 886 ipsius

2158 909 2373 965 auxilio
2406 907 2707 964 immutari
2740 907 3064 981 gestimus;
3088 906 3406 979 probemus
3437 908 3496 960 et
3523 920 3654 972 nos,
3676 918 3809 958 eum

2160 999 2329 1055 nobis
2359 998 2608 1054 invicem
2639 1012 3079 1064 succensemus,
3113 1012 3227 1051 non
3260 1010 3366 1049 nos
3388 996 3697 1065 propterea
3723 991 3808 1047 in-

2160 1087 2345 1144 vicem
2377 1087 2701 1155 odisse,sed
2734 1084 3144 1158 malum,quod
3174 1083 3235 1139 in
3266 1081 3435 1139 nobis
3461 1080 3810 1138 alterutrum

2163 1174 2657 1248 recognoscimus,
2690 1190 2931 1231 exosum
2964 1174 3199 1229 habere.
3234 1170 3660 1228 Convertibiles
3708 1172 3810 1227 ita-

2165 1282 2278 1338 que
2308 1266 2380 1321 ad
2412 1264 2660 1320 invicem
2693 1281 2827 1320 cum
2864 1262 3048 1319 nostri
3078 1261 3199 1319 sint
3227 1278 3479 1331 amores,
3531 1264 3597 1317 ut
3643 1260 3811 1329 odia;

2166 1355 2352 1410 Deum
2384 1357 2543 1409 tanto
2572 1350 3075 1409 inconvertibilius
3105 1355 3162 1406 et
3191 1350 3664 1424 perseverantius
3695 1348 3817 1405 dili-

2166 1444 2383 1517 gimus,
2418 1447 2637 1515 quanto
2666 1441 3027 1499 voluntatem
3061 1440 3249 1513 ipsius
3279 1440 3435 1497 idem
3478 1456 3631 1513 esse,
3664 1438 3817 1513 quod

2168 1535 2363 1605 ipsum
2390 1534 2478 1604 [[2,
2511 1532 2656 1604 ipse,
2688 1536 2739 1588 et
2767 1530 3003 1587 subaudi
3027 1531 3158 1602 est],
3194 1530 3626 1603 cognoscimus.
3660 1529 3821 1587 Unde

2169 1623 2229 1678 in
2262 1622 2450 1694 ipsius
2479 1638 2677 1677 amare
2708 1619 2870 1676 nulla
2900 1619 3069 1675 nobis
3096 1619 3416 1692 imponitur
3445 1636 3745 1687 mensura;
3765 1618 3822 1674 in

2172 1716 2371 1767 nostro
2400 1726 2534 1765 vero
2561 1727 2629 1766 ea
2654 1708 2892 1782 ponitur
2931 1707 3209 1774 conditio,
3260 1711 3323 1764 ut
3372 1708 3457 1764 sic
3507 1707 3824 1782 diligamus

2173 1800 2489 1872 proximos,
2523 1799 2674 1853 sicut
2704 1796 3120 1870 nosmetipsos,
3154 1796 3212 1853 id
3255 1801 3345 1853 est
3382 1801 3446 1852 ut
3471 1801 3686 1870 praeter
3717 1795 3827 1852 alia

2174 1888 2379 1961 quales
2404 1904 2512 1943 nos
2538 1886 2783 1942 existere
2808 1885 3393 1955 debuissemus,tales
3423 1890 3481 1942 et
3509 1885 3643 1942 illos
3675 1884 3827 1943 desi-

2177 1979 2450 2034 deremus
2480 1976 2745 2033 existere.
2770 1974 2900 2031 Hazc
2931 1975 3002 2030 de
3032 1974 3277 2031 lectione
3307 1977 3536 2031 tantum
3566 1974 3830 2049 tetigisse

2175 2066 2431 2125 sufﬁciat
2464 2065 2825 2138 Evangelica.

2244 2157 2299 2211 5.
2325 2155 2411 2211 Ad
2444 2153 2834 2211 solemnitatis
2864 2152 3156 2209 hodierna:
3186 2150 3475 2225 praconia
3520 2158 3831 2210 converta-

2177 2261 2329 2301 mur.
2359 2245 2542 2312 Sicut,
2576 2243 2804 2313 fratres,
2846 2240 3151 2297 Canticum
3201 2241 3581 2308 canticorum,
3617 2246 3680 2296 et
3723 2243 3832 2298 Rex

2176 2334 2391 2390 dicitur
2421 2349 2622 2406 regum
2642 2349 2655 2399 ;
2709 2330 2791 2387 sic
2815 2331 2927 2385 ista
2944 2329 3069 2385 dies
3088 2328 3430 2385 solemnitas
3449 2332 3539 2385 est
3559 2328 3833 2386 solemni-

2176 2423 2479 2481 tatum.Ad
2509 2422 2618 2477 hoc
2635 2418 2791 2475 enim
2814 2416 3079 2474 Christus
3102 2421 3277 2474 natus
3298 2421 3480 2488 est,ut
3509 2421 3828 2490 pateretur;

2177 2513 2249 2569 ad
2281 2511 2390 2569 hoc
2420 2514 2709 2574 mortuus,
2745 2510 2810 2562 ut
2851 2509 3218 2578 resurgeret;
3253 2507 3325 2562 ad
3358 2505 3468 2562 hoc
3490 2508 3830 2574 resurrexit,

2181 2606 2245 2658 ut
2274 2616 2529 2666 carnem,
2563 2613 2741 2669 quam
2773 2595 2844 2651 de
2871 2594 3042 2652 nobis
3072 2612 3175 2667 pro
3207 2593 3376 2651 nobis
3408 2596 3829 2668 sumpserat,in

2180 2690 2392 2747 cmlum
2423 2687 2675 2753 levaret;
2707 2685 2779 2741 ad
2812 2684 2920 2741 hoc
2953 2700 3081 2743 eam
3114 2683 3252 2741 illuc
3282 2683 3607 2752 transtulit,
3631 2689 3702 2741 ut
3731 2685 3831 2740 im-

2181 2776 2487 2836 mortalem
2519 2791 2867 2848 semperque
2900 2773 3129 2831 felicem
3161 2773 3434 2830 efficeret.
3482 2774 3646 2839 Quod
3702 2773 3833 2847 quia

2180 2868 2292 2925 nisi
2324 2867 2477 2923 dono
2506 2864 2757 2938 Spiritus
2802 2863 2957 2921 636
3017 2861 3204 2918 sancti
3258 2879 3374 2918 non
3425 2865 3659 2935 poterat
3716 2861 3833 2919 fieri

2180 2956 2319 3032 (nisi
2348 2955 2506 3012 enim
2527 2953 2821 3026 baptismo
2852 2951 3175 3022 regenerati
3198 2950 3333 3008 novi
3354 2950 3628 3008 homines
3650 2951 3833 3008 efﬁce-

2181 3063 2399 3113 remur,
2431 3044 2490 3099 in
2521 3046 2809 3100 vetustate
2857 3044 3163 3097 manentes
3222 3039 3435 3096 salvari
3494 3038 3828 3097 nullatenus

2182 3134 2579 3209 potuissemus
2612 3150 2626 3188 :
2659 3128 2941 3205 baptizari
2966 3147 3100 3187 vero
3157 3128 3320 3187 nullo
3377 3129 3552 3185 modo
3608 3129 3728 3187 nisi
3777 3129 3831 3184 in

2184 3224 2406 3297 Spiritu
2438 3225 2640 3279 sancto
2673 3222 2890 3284 (Matth.
2924 3237 3008 3288 ιιι,
3044 3219 3131 3291 11)
3175 3222 3230 3275 et
3278 3218 3411 3292 igne
3457 3221 3835 3304 poteramus;

418 3316 628 3374 debere
660 3317 1060 3370 monstraret:
1109 3312 1207 3385 qui
1267 3293 1472 3387 utique
1529 3293 1710 3387 (quod
1770 3318 1944 3374 modo
1995 3335 2064 3374 ex
2094 3293 2138 3362 (λ
2183 3293 3835 3387 spiritumsanctumnobishodieinlinguisigneismisit,

419 3403 729 3476 Evangelio
761 3402 1028 3458 auditum
1078 3403 1188 3473 est)
1238 3420 1306 3459 ea
1352 3403 1594 3459 veritate
1643 3405 2073 3477 depromerent,

422 3512 540 3569 qua
567 3494 790 3550 dictum
822 3496 1241 3566 cognoscerent
1272 3493 1435 3565 (quid
1467 3493 1577 3549 hoc
1620 3511 1753 3551 vero
1801 3499 1908 3564 est,
1959 3497 2075 3552 fra-

424 3588 545 3641 tres
565 3584 659 3652 ?):
709 3584 882 3649 Dixit,
931 3581 1127 3653 inquit
1171 3581 1547 3655 evangelista,
1595 3585 1745 3640 Iesus
1790 3585 2077 3658 discipulis

423 3673 653 3729 suis:Si
681 3673 800 3744 quis
830 3670 1014 3742 diligit
1043 3688 1459 3739 me,sermouem
1487 3689 1665 3728 meum
1694 3675 1949 3743 servabit,
1964 3679 2072 3730 etc.

427 3766 618 3834 (Joan.
652 3777 766 3827 xxv,
788 3760 905 3826 23).
933 3759 1073 3822 Quis
1105 3758 1368 3832 linquam
1400 3759 1624 3817 habens
1655 3762 1886 3835 igneam
1917 3764 2075 3820 istud

425 3848 750 3922 sophistica
771 3848 1248 3920 tergiversatione
1269 3850 1624 3906 confundere
1645 3853 1884 3908 audeat?
1898 3854 2077 3925 Aper-

423 3943 551 3997 tum
585 3942 695 4003 est,
718 3940 915 4009 aperte
946 3936 1288 3993 disseratur.
1314 3938 1468 3993 Nihil
1502 3940 1918 3996 medium.Aut
1943 3941 2078 3997 dili-

422 4027 620 4101 gimus
651 4023 989 4093 Dominum,
1023 4030 1126 4081 aut
1172 4043 1285 4082 non
1317 4026 1640 4101 diligimus.
1663 4029 1719 4084 Si
1750 4029 2078 4100 diligimus,

424 4116 580 4190 quod
607 4114 866 4188 praecipit
898 4114 1165 4171 facimus.
1195 4115 1252 4170 Si
1288 4134 1401 4172 non
1433 4116 1758 4189 diligimus,
1786 4119 1941 4190 quod
1978 4120 2075 4191 ju-

422 4207 519 4262 bet
549 4204 791 4260 minime
823 4203 1209 4260 custodimus.
1245 4205 1304 4261 Si
1335 4204 1638 4277 diligimus
1680 4224 1836 4274 eum,
1887 4208 1961 4264 ab
2011 4225 2077 4264 eo

420 4294 726 4368 diligimur
759 4311 771 4349 :
806 4294 854 4350 si
905 4311 1041 4363 non,
1093 4295 1366 4367 quamvis
1416 4311 1550 4349 eum
1601 4295 2079 4353 irrationabiliter

422 4384 602 4455 (4555)
637 4389 990 4452 metuamus,
1042 4383 1208 4457 diligi
1240 4387 1437 4439 tamen
1470 4401 1584 4439 non
1613 4391 2079 4457 praesumptuose

422 4477 718 4545 putemus.
753 4474 913 4539 Quod
943 4472 1129 4545 possit
1156 4490 1291 4529 vero
1322 4473 1468 4540 ﬁeri,
1516 4472 1758 4530 minime
1805 4475 2076 4548 despere-

424 4578 558 4617 mus
583 4561 789 4632 (4556(.
824 4562 1066 4617 Canitur
1096 4563 1251 4618 enim
1284 4564 1354 4618 de
1386 4580 1450 4619 eo
1487 4579 1499 4616 :
1550 4564 1758 4620 Miseris
1806 4567 2073 4634 omnium,

2185 3410 2250 3461 ut
2282 3402 2559 3477 baptizati
2589 3399 2831 3469 scilicet,
2864 3403 2921 3455 et
2949 3398 3255 3470 loquentes
3286 3398 3356 3454 de
3385 3397 3522 3466 Deo,
3553 3400 3615 3454 et
3645 3413 3840 3454 amore

2185 3492 2346 3549 illius
2370 3496 2428 3548 et
2456 3488 2704 3563 proximi
2730 3486 3143 3556 ferventes,illo
3176 3488 3528 3559 quandoque
3556 3488 3838 3544 transfer-

2187 3599 2404 3647 remur,
2439 3597 2553 3652 quo
2586 3579 2712 3634 sine
2755 3576 3039 3634 charitate
3086 3576 3390 3633 transferri
3444 3575 3610 3632 nullo
3670 3576 3838 3633 modo

2187 3671 2613 3744 poteramus.5i
2640 3670 2761 3739 quis
2790 3667 2969 3732 enim,
3004 3670 3069 3721 ut
3093 3666 3174 3722 ait
3202 3664 3533 3738 Apostolus,
3567 3666 3838 3740 Spiritum

2187 3762 2392 3818 Christi
2444 3776 2555 3815 non
2612 3758 2790 3823 habet,
2850 3756 2940 3811 hic
2978 3772 3087 3812 non
3117 3759 3197 3810 est
3227 3756 3362 3827 ejus.
3395 3757 3570 3824 (Rom.
3608 3773 3733 3826 vm,
3762 3756 3834 3824 9).

2186 3851 2292 3915 Qui
2323 3854 2521 3906 autem
2551 3864 2666 3903 non
2698 3851 2787 3903 est
2815 3846 2963 3916 ejus,
2984 3861 3351 3916 consequens
3380 3848 3489 3910 est,
3524 3849 3593 3900 ut
3621 3862 3739 3901 non
3768 3843 3838 3900 sit

2186 3938 2478 4012 particeps
2521 3936 2685 4009 regni
2743 3933 2923 3991 illius.
2983 3933 3233 4006 Spiritus
3285 3938 3483 3989 autem
3542 3933 3836 4006 possessio

2187 4030 2522 4100 conjectura
2551 4042 2684 4081 cum
2715 4024 2793 4081 sit
2823 4023 3125 4080 charitatis
3157 4023 3329 4095 ipsa,(
3339 4023 3496 4085 1557)
3519 4023 3729 4080 eodem
3759 4022 3836 4077 di-

2187 4123 2351 4173 cente
2381 4115 2679 4188 Apostolo,
2712 4113 2852 4186 quia
2888 4113 3129 4168 charitas
3170 4113 3263 4168 Dei
3290 4111 3492 4184 diﬂ'usa
3519 4116 3604 4168 est
3637 4114 3698 4168 in
3722 4127 3835 4167 cor-

2186 4207 2344 4262 dibus
2400 4206 2600 4261 nostris
2653 4219 2755 4276 pcr
2811 4203 3080 4275 Spiritum
3108 4205 3381 4269 sanctum,
3407 4202 3505 4272 qui
3547 4200 3717 4257 datus
3765 4205 3834 4256 est

2187 4297 2345 4352 nobis
2367 4296 2541 4367 (Rom.
2573 4311 2626 4363 v,
2659 4293 2750 4363 5);
2784 4296 2946 4348 tanto
2979 4290 3196 4347 certius
3216 4291 3288 4346 de
3311 4288 3833 4362 quodlibet,utrnm

2185 4384 2466 4456 Spiritum
2490 4385 2761 4440 sanctum
2783 4379 3282 4448 haheat,valemus
3294 4395 3613 4453 agnoscere
3626 4380 3833 4452 quanto

2188 4474 2592 4531 ferventiorem
2624 4488 2752 4528 esse
2783 4470 3077 4527 cernimus
3107 4468 3165 4524 in
3198 4469 3500 4525 charitate.
3536 4468 3650 4537 Qui
3689 4483 3831 4532 vero,

2188 4564 2268 4619 ait
2297 4560 2632 4634 Apostolus,
2667 4561 2920 4616 habuerit
2945 4560 3311 4615 substantiam
3340 4558 3615 4627 mundi,et
3647 4555 3833 4614 viderit

423 4649 669 4714 Domine,
701 4650 755 4704 ei
778 4650 903 4704 uihi
929 4651 1094 4706 odisti
1124 4667 1310 4707 eorum
1340 4669 1458 4724 qua:
1512 4655 1712 4724 fecisti.
1767 4653 1923 4709 Nihil
1983 4671 2077 4710 ve-
2112 4665 2156 4731 ι)
2185 4656 2417 4725 fratrem
2446 4668 2611 4707 suum
2639 4666 2848 4705 necesse
2875 4648 3092 4713 habere,
3120 4652 3169 4704 et
3199 4648 3460 4704 clauserit
3496 4649 3711 4703 viscera
3738 4660 3831 4701 sua

424 4738 567 4795 rius.
602 4738 727 4793 Non
762 4738 885 4793 odit
913 4739 1203 4795 Dominus
1230 4741 1385 4811 quod
1414 4741 1471 4795 in
1504 4746 1559 4796 te
1591 4742 1746 4810 fecit,
1799 4743 1900 4799 sed
1956 4743 2081 4799 odit

425 4828 579 4901 quod
604 4831 663 4883 tu
692 4827 816 4899 ipse
838 4826 894 4882 in
920 4828 1006 4883 tui
1034 4828 1222 4899 ipsius
1245 4829 1651 4901 praeiudicium
1677 4831 1846 4900 facis;
1872 4837 1929 4887 et
1950 4833 2077 4889 ideo

495 4961 676 5032 (4554)
704 4965 836 5033 Haec
879 4961 1050 5033 lectio
1081 4962 1387 5033 antiquam
1419 4963 1744 5019 versionem
1797 4965 1933 5019 libri
1967 4968 2077 5020 To-

420 5030 531 5084 biae
584 5030 666 5087 ex
709 5032 931 5103 Grazcor
961 5030 1369 5103 exhibet,‘quae
1399 5052 1432 5088 a
1460 5034 1522 5087 P.
1557 5034 1821 5094 Sabatier
1837 5052 1908 5094 ex
1927 5038 2083 5095 codi-

425 5103 593 5173 cibus
626 5103 801 5171 Regio
832 5108 889 5156 et
917 5102 1405 5173 Sangermanensi
1439 5104 1595 5158 edita
1624 5114 1733 5160 est.
1767 5113 1838 5163 At
1872 5126 1936 5163 ex
1971 5112 2077 5165 du-

424 5172 561 5243 plici
594 5177 752 5243 textu
788 5188 969 5225 unum
1000 5172 1309 5227 Ratherius
1330 5176 1902 5243 compegit.Verbum
1930 5182 2081 5235 ibam

425 5242 683 5318 sumpsit
711 5258 780 5295 ex
808 5258 935 5318 cap.
970 5243 1022 5308 4,
1056 5259 1205 5318 vers.
1238 5245 1424 5318 6,A_ubi
1460 5242 1725 5318 legitur:
1760 5249 1865 5318 Ego
1894 5257 2079 5307 autem

424 5315 569 5390 solus
630 5312 780 5366 ibam
838 5313 1127 5383 aliquoties
1174 5316 1235 5390 in
1280 5312 1851 5390 Ilierusalem‘diebiis
1879 5323 2074 5390 festis;

426 5383 651 5454 reliqua
709 5397 861 5455 vero»
903 5398 970 5436 ex
1026 5400 1151 5455 cap.
1204 5388 1256 5452 2,
1294 5402 1439 5441 vers.
1477 5388 1526 5450 1,
1560 5386 1659 5440 ubi
1690 5383 1937 5444 habetur
1969 5408 1980 5446 :
2016 5383 2079 5447 In.

424 5452 775 5533 Pent‘ecosten
803 5452 891 5533 die
915 5456 1052 5533 [esto
1082 5452 1286 5533 uostro,
1320 5457 1418 5528 qui
1448 5461 1526 5533 est
1570 5463 1785 5533 sanctus
1816 5477 1867 5533 _a
1913 5465 2075 5533 septi-

424 5527 610 5603 manis
688 5540 816 5603 quae
850 5526 1095 5603 totidem
1119 5528 1306 5583 verbis
1328 5526 1668 5603 recitantur
1724 5548 1793 5603 a7
1815 5526 2076 5590 Lucifero

425 5591 757 5653 Calaritano
788 5594 848 5647 in
881 5591 1028 5651 libro
1059 5598 1131 5653 De
1160 5615 1269 5655 non
1322 5598 1590 5660 parcendo
1647 5601 1704 5654 in
1761 5602 1933 5657 Deum
1990 5604 2076 5660 de-

427 5667 818 5741 linquentibus.
857 5663 997 5741 \fide
1047 5673 1268 5741 tomum
1312 5663 1334 5727 Ῐ
1393 5669 1710 5726 Bibliorum
1771 5690 2074 5732 sacrorum

422 5733 613 5802 latina:
643 5733 933 5798 versionis
962 5740 1212 5821 antiqua:
1242 5742 1507 5820 ejusdem
1538 5742 1599 5802 P.
1631 5744 1895 5803 Sabatier
1924 5753 2070 5820 part.

2188 4743 2254 4798 ab
2284 4759 2363 4811 eo,
2396 4741 2658 4813 quomodo
2701 4739 2942 4794 charitas
2987 4738 3085 4793 Dei
3111 4746 3298 4793 manet
3329 4738 3387 4792 in
3408 4753 3468 4793 eo
3488 4739 3513 4791 .9
3543 4736 3720 4808 (Joan.
3752 4749 3830 4803 ιιι,

2189 4830 2300 4902 47.)
2331 4830 2495 4895 Quod
2526 4846 2660 4885 cum
2693 4828 2774 4884 ita
2805 4828 2902 4896 sit,
2932 4826 3201 4900 probatio
3232 4827 3453 4897 absque
3490 4825 3671 4882 dubio
3701 4823 3832 4881 cha-

2188 4963 2818 5116 Ij,(i§5{€3:).7zigverbium
2855 5034 3314 5116 irrationabiliter
3360 5049 3475 5116 quo
3515 5012 3715 5116 .sensu
3769 5045 3831 5116 ex

2191 5102 2449 5162 Rallierii
2476 5112 2668 5177 mente
2698 5106 2770 5160 sit
2797 5105 3222 5176 accipiendum,
3251 5102 3672 5177 explicavimus
3716 5106 3825 5158 not.

2185 5181 2293 5233 723
2322 5179 2378 5232 in
2412 5176 2760 5248 opusculum
2795 5177 2867 5231 De
2891 5178 3114 5248 proprio
3145 5177 3321 5248 lapsu.

2261 5246 2713 5319 (4556)'Canitur
2732 5248 2791 5303 in
2816 5246 3056 5319 introitu
3080 5246 3274 5302 missas
3296 5246 3447 5302 ferite
3479 5247 3515 5302 4
3541 5247 3823 5319 Cinerum,

2189 5325 2245 5377 et
2268 5314 2577 5393 sumptum
2602 5324 2692 5374 est
2725 5335 2794 5374 ex
2823 5318 2972 5375 libro
3005 5319 3314 5390 Sapientiae
3346 5335 3472 5391 cap.
3505 5336 3584 5388 x1,
3613 5314 3827 5374 vers.24

2186 5398 2244 5448 et
2273 5396 2361 5447 25.

2259 5464 2438 5534 (l557)
2471 5462 2755 5517 Construe
2781 5478 2795 5518 :
2835 5461 2969 5516 Cum
2998 5470 3181 5534 autem
3204 5462 3466 5534 possessio
3500 5464 3625 5534 ipsa
3653 5456 3825 5534 chari-

2185 5527 2313 5590 tatis
2339 5527 2753 5606 sit'conjectura
2782 5534 3022 5605 Spiritus
3060 5527 3347 5606 (videlicet
3375 5527 3826 5606 cum-possessio

2185 5606 2489 5677 charitatis
2519 5606 2595 5660 sit
2625 5605 2883 5677 signum,
2904 5606 3060 5677 quod
3094 5605 3226 5676 quis
3248 5605 3532 5677 Spiritum
3564 5606 3826 5660 sanctum

2184 5676 2415 5746 habeat)
2446 5678 2631 5735 eodem
2654 5676 2901 5750 Apostolo
2925 5676 3154 5747 dicente,
3188 5681 3296 5733 etc.
