3962 6388
160 426 275 495 749

1645 426 2091 497 SERMONES.

3460 425 3583 491 750

162 560 348 620 ritatis
375 555 657 617 exhibitio
687 561 777 617 est
809 563 874 617 ut
906 559 985 618 ait
1016 561 1352 637 Gregorius,
1404 563 1617 637 operis;
1652 565 1813 622 exhi-
1840 566 1898 634 Α
1924 572 2003 622 est
2028 566 2380 639 dilectione],
2412 568 2511 623 sed
2544 566 2676 623 odio
2709 564 2966 635 illorum,
3002 579 3130 637 quae
3164 560 3347 619 nollet
3373 562 3580 620 audire

162 651 299 707 bitio
328 666 463 705 vero
490 648 685 722 operis
723 654 813 706 est
870 651 1124 725 Spiritus
1174 653 1359 709 sancti
1411 654 1812 724 monstratrix,

160 757 330 813 quem
362 738 537 795 hodie
566 737 625 793 in
639 739 920 811 apostolis
946 741 1304 815 accepimus,
1325 743 1561 798 utestin
1585 743 1814 816 psalmo

160 830 234 886 ita
264 833 601 885 cantatum:
649 828 949 885 Ascendens
996 833 1057 886 in
1089 832 1268 887 altum
1323 833 1597 904 captivam
1655 832 1815 888 duxit

157 919 526 990 captivitatem
579 917 753 989 (Psal.
813 935 985 988 van,
1058 920 1164 991 19),
1226 920 1285 975 id
1315 923 1405 976 est
1460 921 1812 993 captivatam

155 1009 451 1081 quondam
485 1024 518 1062 a
546 1005 779 1063 diabolo
811 1012 1074 1064 nostram
1107 1025 1243 1066 cum
1298 1009 1498 1065 anima
1528 1027 1766 1066 carnem
1795 1027 1809 1078 ;

155 1097 297 1153 dedit
324 1097 468 1153 dona
516 1095 832 1152 hominibus
879 1098 1207 1169 (Ephcs.1v,
1259 1098 1314 1170 8)
1371 1098 1430 1154 id
1458 1103 1545 1154 est
1600 1100 1808 1170 (1558),

155 1185 511 1243 charismata
540 1185 730 1242 sancti
763 1186 1043 1258 apostolis
1075 1187 1247 1244 hodie
1264 1188 1810 1260 Spiritus,quicum

156 1272 320 1329 Patre
348 1276 405 1329 et
434 1274 639 1330 eodem
671 1272 893 1345 Spiritu
924 1278 1014 1331 est
1041 1291 1145 1348 per
1185 1274 1401 1332 saecula
1442 1276 1807 1332 benedictus.

154 1362 356 1419 Amen.

783 1452 1033 1510 SERMO
1073 1454 1169 1509 XI.

512 1542 597 1597 De
634 1556 819 1597 manu
856 1558 923 1597 ET
962 1558 1199 1599 amaras
1239 1543 1448 1614 (1559).

223 1633 270 1686 ι.
305 1630 623 1687 Reminisci
640 1630 868 1685 utinam
885 1630 1302 1702 dignaremini,
1324 1631 1559 1699 fratres,
1580 1634 1810 1702 praeter-

146 1719 226 1775 ita
253 1725 470 1776 sancta:
502 1719 605 1775 Dei
636 1718 940 1791 genitricis
971 1719 1169 1774 Maria:
1201 1717 1571 1774 solemnitate
1609 1718 1668 1774 in
1690 1718 1809 1774 oris

144 1809 336 1864 nostri
366 1807 722 1878 obsequium
749 1811 942 1861 vestro
994 1805 1346 1878 pcrsolvisse
1395 1806 1659 1879 collegio,
1693 1823 1807 1881 quo

138 1912 210 1953 ex
242 1895 583 1968 evangelica
610 1893 857 1950 lectione
892 1899 1385 1962 monstraremus,
1440 1911 1557 1950 non
1609 1895 1808 1951 minus

137 1987 333 2041 beatae
362 1984 465 2040 Dei
496 1982 773 2040 Genitrici
801 1982 949 2040 illud
982 1984 1311 2051 convenire,
1348 1984 1503 2057 quod
1536 1984 1586 2040 ei
1610 1984 1691 2040 ita
1719 1990 1809 2042 est

135 2071 442 2147 prolatum
473 2072 531 2126 in
563 2073 710 2127 line:
747 2072 923 2128 Maria
952 2074 1219 2144 optimam
1245 2076 1459 2144 partem
1485 2075 1596 2129 sibi
1641 2075 1809 2143 elegit

138 2179 259 2236 quae
288 2177 403 2217 non
432 2163 723 2232 auferetur
750 2161 817 2217 ab
847 2177 914 2217 ea
934 2178 956 2223 ,ο
987 2178 1167 2233 quam
1184 2161 1256 2230 ei,
1291 2162 1385 2217 cui
1419 2162 1527 2217 hoc
1548 2179 1656 2218 vox
1676 2162 1806 2235 ipsa

139 2249 511 2325 deprompsit
543 2249 862 2306 Dominica.
897 2250 1165 2323 Cumque
1206 2267 1274 2306 ex
1305 2251 1507 2306 eadem
1558 2267 1801 2324 evange-

140 2341 260 2397 licm
282 2339 435 2397 serie
449 2338 934 2395 lectionisvestraa
954 2338 1476 2395 ﬁliationisnostrae
1494 2340 1798 2409 facundiae,

144 2429 297 2503 quod
331 2428 481 2485 637
520 2427 729 2499 potuit,
763 2426 1343 2500 protulissetinopia;
1380 2428 1547 2499 quasi
1573 2428 1653 2483 nil
1674 2446 1802 2500 pro-

144 2519 326 2575 latum
360 2518 571 2574 fuisset
589 2516 832 2585 austeri,
860 2517 940 2572 ita
962 2516 1352 2572 incommotos
1382 2534 1503 2588 vos,
1535 2518 1678 2590 proh
1699 2534 1797 2573 ne-

144 2608 264 2663 fas!
326 2622 557 2673 omnes,
614 2604 1002 2661 consideratis
1070 2606 1462 2677 quorumdam
1538 2606 1800 2663 vultibus

140 2696 272 2754 vidi.
305 2694 467 2752 Nihil
497 2695 620 2751 illic
637 2694 1034 2769 lacrymarum
1059 2698 1148 2750 est
1175 2695 1392 2761 visum,
1417 2694 1581 2751 nulla
1602 2696 1797 2769 suspi-

143 2787 240 2855 ria,
273 2790 581 2859 pectorum
617 2783 883 2839 contusio
916 2783 1116 2839 sonuit
1146 2783 1331 2839 nulla.
1364 2783 1686 2841 Verissime
1707 2802 1798 2842 ve-

140 2893 264 2931 rum
295 2879 440 2931 tunc
474 2872 746 2929 consistit
775 2872 919 2940 fore,
953 2873 1109 2945 quod
1127 2872 1794 2946 Augustinumlegimus

138 2982 245 3020 non
277 2962 463 3021 semel
491 2961 743 3018 dixisse:
782 2961 921 3034 quia
973 2961 1244 3017 videlicet
1302 2964 1424 3018 Nisi
1482 2963 1674 3021 ardeat
1700 2966 1796 3036 qui

140 3054 307 3122 docet,
337 3052 640 3109 accendere
669 3050 978 3107 auditorem
1009 3052 1226 3106 uimine
1273 3052 1450 3107 valet:
1494 3052 1794 3124 simulque

139 3143 269 3200 illuc
297 3144 447 3199 dum
479 3141 1003 3202 consideravimus.
1038 3157 1144 3196 nos
1166 3158 1282 3196 non
1303 3141 1558 3199 multum
1583 3142 1789 3209 amari,

141 3238 191 3289 et
212 3234 282 3290 ob
314 3234 429 3289 hoc
458 3229 762 3304 vilipendi,
796 3229 944 3285 illud
967 3229 1344 3286 verissimum
1369 3232 1789 3305 perpendimus

1925 655 2046 711 ullo
2078 657 2272 712 modo.
2308 656 2352 712 Ο
2384 660 2581 712 autem
2642 655 2743 728 qui
2800 654 2947 711 tales
2979 656 3039 709 in
3077 652 3244 709 vobis
3297 651 3579 720 existunt,

1923 743 2148 799 utinam
2181 749 2302 801 tam
2329 745 2589 818 captiose
2617 744 2992 800 intenderent
3023 742 3179 799 seria
3206 758 3385 814 quam
3419 740 3585 796 avide

1923 850 1958 888 a
1988 832 2159 889 nobis
2191 832 2418 906 prolata
2442 834 2777 902 intendunt,
2831 850 2945 888 non
2989 832 3164 887 modo
3220 828 3453 885 inutilia
3479 829 3582 885 sed

1922 920 2097 977 etiam
2130 922 2322 991 noxia;
2359 927 2415 979 et
2446 928 2565 978 tam
2598 924 2935 978 animarum
2964 937 3207 977 suarum
3228 920 3580 993 profectum,

1922 1025 2100 1080 quam
2126 1008 2368 1081 illarum
2400 1010 2736 1078 intendunt,
2771 1011 2913 1066 dum
2956 1009 3334 1066 conniventes
3376 1007 3581 1080 utique

1920 1097 2041 1154 illis
2067 1097 2389 1172 loquimur,
2422 1100 2738 1155 damnum!

1992 1193 2046 1244 2.
2076 1189 2186 1244 Sed
2209 1190 2338 1260 jam
2396 1206 2553 1245 nunc
2608 1188 2948 1257 dicendum,
3002 1188 3144 1261 quid
3177 1204 3211 1243 a
3241 1185 3411 1242 nobis
3439 1183 3576 1256 .illio

1920 1276 2098 1333 fuerit
2127 1278 2372 1334 dictum.
2406 1277 2480 1334 Ut
2510 1283 2645 1335 ante
2677 1296 2784 1334 nos
2833 1277 3049 1351 sazpius
3096 1276 3209 1332 fuit
3257 1273 3575 1348 prolatum,

1919 1365 2036 1423 duo
2067 1367 2125 1421 in
2158 1366 2254 1423 his
2280 1367 2510 1424 duabus
2532 1367 2818 1423 matronis
2843 1366 3101 1422 diximus
3119 1363 3348 1422 vivendi
3362 1379 3579 1437 genera

1919 1455 2244 1528 designata.
2279 1456 2496 1523 Unum,
2545 1457 2701 1529 quod
2742 1457 2815 1512 ab
2860 1460 2994 1512 actu
3040 1454 3256 1510 dicitur
3276 1462 3575 1526 πρακτικὴν,

1920 1542 2030 1599 hoc
2051 1547 2139 1599 est
2198 1544 2465 1612 actuale;
2528 1544 2801 1612 alterum,
2867 1542 3274 1615 quodavisu,
3331 1539 3419 1596 vel
3460 1539 3576 1595 otio

1919 1639 2156 1703 θεωρικὴν
2187 1632 2327 1703 [otio
2357 1634 2584 1699 scilicet,
2609 1649 2712 1703 quo
2743 1633 2863 1704 quis
2893 1630 3186 1704 spectando
3216 1628 3465 1699 otiatur],
3514 1627 3575 1684 id

1919 1725 2010 1775 est
2040 1720 2555 1792 contemplativum
2582 1725 2842 1777 vocatur.
2876 1719 3169 1775 Nimirum
3200 1718 3359 1774 enim
3401 1732 3575 1773 nemo

1919 1807 2176 1881 amplius
2209 1809 2461 1864 videnda
2492 1809 2742 1865 interius
2771 1811 3103 1881 exaggerat,
3138 1821 3317 1880 quam
3368 1806 3469 1878 qui
3500 1805 3575 1862 ab

1920 1914 2093 1971 opere
2124 1896 2382 1971 amplius
2412 1901 2622 1954 cessat.
2656 1898 2841 1970 (1560)
2871 1897 2988 1953 Hos
3020 1900 3217 1952 autem
3249 1896 3398 1952 duos
3421 1894 3574 1951 ritus

1917 1981 2149 2044 vivendi
2180 2002 2315 2042 cum
2344 1990 2567 2043 veteres
2598 1991 2837 2043 secutus
2868 1987 3018 2042 duas
3039 1985 3148 2041 has
3172 1984 3373 2042 beatas
3393 1982 3574 2058 signi-

1916 2078 2089 2132 ficare
2121 2075 2401 2132 dixissem
2434 2093 2682 2145 sorores;
2716 2075 2909 2131 innuit
2940 2074 3173 2131 illarum
3203 2073 3429 2130 devotio
3474 2090 3571 2130 ve-

1914 2165 2218 2221 rissimum
2242 2165 2383 2231 fore,
2416 2182 2552 2221 cum
2582 2181 2701 2221 una
2718 2168 2991 2236 satagere,
3022 2163 3081 2219 id
3104 2166 3194 2219 est
3222 2163 3459 2219 studere
3478 2161 3568 2219 vel

1912 2253 2176 2310 laborare
2198 2253 2354 2308 dicta
2385 2253 2461 2308 sit
2488 2254 2635 2309 circa
2664 2258 2923 2326 frequens
2952 2253 3350 2320 ministerium,
3383 2251 3443 2307 id
3476 2254 3568 2309 est

1912 2360 2027 2399 non
2058 2342 2213 2414 quod
2238 2345 2379 2398 tunc
2413 2342 2688 2415 primitus
2708 2342 3035 2414 incceperit,
3053 2342 3153 2397 sed
3168 2340 3570 2398 actuandifre-

1911 2432 2154 2505 quentia
2176 2432 2236 2487 in
2268 2447 2492 2487 morem
2524 2432 2891 2497 converterit;
2945 2429 3172 2486 scilicet
3201 2432 3267 2485 ut
3294 2428 3567 2501 Domino,

1909 2522 1994 2577 uti
2027 2520 2376 2577 multimode
2408 2522 2640 2585 1ecerat,
2674 2520 2744 2575 de
2776 2536 2885 2575 sua
2906 2516 3251 2574 facultatula
3273 2516 3571 2574 ministra-

1910 2615 2018 2666 ret:
2055 2610 2237 2666 altera
2269 2608 2515 2681 pedibus
2530 2608 2789 2665 assidere
2810 2606 3039 2663 Domini
3068 2605 3347 2662 maluisse
3369 2621 3568 2662 narre-

1908 2706 2023 2765 tur,
2056 2716 2172 2755 non
2207 2697 2307 2753 illa
2337 2697 2632 2754 otiositate
2660 2701 2879 2765 tamen,
2907 2712 3034 2769 quae
3065 2694 3308 2751 inimica
3330 2699 3420 2751 est
3443 2694 3569 2751 ani-

1907 2806 2037 2858 mas,
2072 2788 2174 2844 sed
2207 2786 2326 2858 illa,
2361 2787 2431 2842 de
2463 2803 2580 2858 qua
2609 2785 2825 2842 clamat
2842 2801 2947 2858 per
2968 2783 3340 2841 Psalmistam
3363 2781 3565 2839 Domi-

1905 2895 2019 2934 nus
2052 2877 2214 2951 ipse:
2256 2878 2443 2933 Vacate
2472 2884 2521 2931 et
2570 2876 2760 2941 videte,
2808 2876 3071 2947 quoniam
3116 2889 3211 2945 ego
3254 2889 3373 2928 sum
3422 2876 3563 2928 Deus

1904 2969 2013 3035 (Ps.
2041 2984 2169 3032 xcv,
2209 2968 2313 3034 11);
2349 2963 2553 3020 sedula
2606 2980 2741 3021 vero
2768 2968 2824 3019 et
2853 2964 2997 3033 haec,
3044 2966 3109 3018 ut
3138 2961 3241 3019 illa
3288 2963 3348 3018 in
3380 2962 3559 3018 mini-

1903 3057 2165 3119 strando,
2193 3054 2347 3110 638
2374 3053 2455 3109 ita
2481 3053 2542 3108 in
2567 3052 3041 3125 audiendis,quze
3071 3051 3142 3108 de
3155 3067 3252 3108 ore
3284 3052 3558 3125 procede-

1902 3147 2044 3201 bant
2075 3142 2401 3200 Dominico.
2440 3142 2506 3197 Et
2564 3158 2762 3198 revera
2818 3157 2990 3198 nemo
3020 3140 3082 3197 in
3136 3140 3395 3198 Ecclesia
3445 3140 3563 3198 nisi

1906 3235 2028 3290 haec
2059 3234 2175 3289 duo
2206 3232 2345 3305 agit,
2377 3249 2510 3288 cum
2534 3232 2689 3303 quod
2720 3231 2893 3287 debet
2922 3231 3110 3287 facere
3161 3228 3317 3285 facit.
3345 3228 3560 3287 Nullus

143 3324 252 3379 fore
280 3301 586 3395 Gregorii;
614 3320 978 3392 Difﬁcileest,
1004 3328 1066 3375 ut
1094 3321 1344 3391 quamvis
1358 3301 1506 3377 recta
1530 3320 1796 3393 prwdicet
1825 3301 1869 3369 (ἶ
1908 3323 2003 3379 hic
2035 3301 2434 3378 fornicationis
2462 3301 2626 3375 locus
2658 3319 3016 3375 adulterium
3061 3315 3265 3390 procul
3312 3317 3565 3373 ebriosi-

141 3412 328 3479 doctor,
359 3413 465 3485 qui
492 3425 604 3466 non
624 3417 869 3478 amatur,
903 3408 1137 3464 libenter
1164 3408 1432 3465 audiatur
1459 3427 1473 3477 ;
1497 3410 1793 3481 itemque:

144 3502 299 3573 Cujus
344 3503 470 3558 vita
522 3499 842 3571 despicitur,
903 3502 1072 3553 restat
1114 3506 1174 3553 ut
1202 3506 1254 3553 et
1294 3498 1617 3570 praedicatio
1667 3515 1798 3555 con-

143 3595 438 3648 temnatur.
473 3589 577 3645 Isti
612 3591 869 3646 attamen
902 3591 1111 3643 nostra:
1139 3587 1389 3660 querela:
1410 3588 1553 3643 illud
1575 3587 1645 3642 ad
1671 3604 1800 3659 pro-

146 3680 368 3752 phetam
400 3680 582 3752 longe
613 3677 883 3750 quamvis
913 3676 1433 3748 incompatibiliter
1462 3676 1684 3731 dictum
1714 3676 1798 3731 vi-

146 3770 331 3827 dimus
389 3768 732 3826 convenire:
794 3768 997 3821 Domus
1048 3766 1216 3821 Israel
1257 3766 1454 3821 nolunt
1501 3764 1696 3820 audire
1726 3769 1795 3833 te,

144 3862 272 3931 quia
296 3860 501 3917 nolunt
531 3854 733 3913 audire
756 3872 844 3911 me
888 3854 1103 3929 (Ezech.
1158 3871 1243 3920 m,
1275 3855 1366 3925 7):
1420 3858 1477 3910 et
1509 3852 1655 3909 illud
1688 3853 1799 3909 Do-

147 3949 315 4005 mini:
343 3950 406 4004 Si
453 3962 764 4004 sermonem
815 3961 998 4001 meum
1054 3950 1429 4008 servaverunt,
1484 3949 1536 3997 et
1562 3946 1802 3998 vestrum

144 4038 425 4094 servabunt
484 4037 666 4105 (Joan.
726 4052 820 4102 xv,
854 4034 966 4102 20),
1024 4038 1154 4099 Nos,
1214 4031 1389 4087 etiam
1450 4031 1531 4086 ait
1576 4030 1694 4097 ille,
1727 4031 1799 4087 ad

147 4128 302 4199 cujus
332 4122 788 4183 aestimationem
832 4139 948 4178 non
981 4135 1299 4194 possumus
1354 4120 1631 4193 aspirare,
1679 4137 1797 4190 nos,

149 4216 400 4288 inquam,
434 4216 545 4280 ait,
578 4212 711 4286 quid
740 4218 957 4268 sumus?
992 4228 1089 4267 nec
1116 4218 1307 4267 contra
1332 4227 1428 4266 nos
1448 4218 1527 4266 est
1546 4228 1803 4267 murmur

150 4310 396 4378 vestrum,
456 4303 555 4360 sed
613 4307 804 4359 contra
862 4302 1162 4357 Dominum
1215 4299 1412 4371 (Exod.
1474 4317 1588 4368 xv1,
1635 4302 1689 4368 7,
1722 4302 1798 4370 8).

150 4393 283 4452 Cum
314 4395 473 4452 enim
512 4393 573 4449 in
598 4391 951 4459 innumeris,
986 4389 1131 4462 proh
1166 4388 1358 4444 dolor!
1396 4388 1584 4445 simus
1608 4405 1801 4461 repre-

151 4481 483 4552 hensibiles;
520 4482 665 4537 dum
697 4497 814 4537 non
844 4480 1142 4552 vituperat
1190 4476 1323 4550 quis
1352 4481 1631 4546 vestrum,
1675 4496 1802 4551 quas

153 4571 370 4629 fuerant
393 4574 537 4645 jure
569 4570 630 4625 in
663 4569 833 4626 nobis
863 4569 1178 4640 carpenda,
1204 4567 1307 4622 sed
1330 4566 1663 4640 carpitjure
1684 4568 1804 4624 lau-

1904 3417 1995 3467 tas
2026 3411 2217 3483 longe,
2253 3408 2479 3465 falsitas
2514 3423 2832 3478 nusquam,
2858 3410 2936 3473 et,
2970 3422 3041 3461 ne
3072 3405 3133 3459 in
3154 3404 3452 3460 infinitum
3469 3421 3569 3461 no-

1907 3506 2029 3557 stra
2056 3498 2331 3572 procedat
2361 3495 2596 3565 locutio,
2621 3494 2815 3551 omnis
2845 3511 2879 3549 a
2899 3492 3116 3549 talibus
3138 3493 3303 3549 abest
3324 3508 3566 3566 prorsus

1907 3587 2182 3660 nequitiae
2202 3584 2525 3657 plenitudo.
2544 3583 2655 3639 Sed
2681 3598 2866 3637 unum
2896 3580 3297 3650 saecularibus,
3315 3580 3566 3638 alterum

1908 3675 2178 3748 congruit
2203 3670 2589 3745 spiritalibus:
2623 3687 2805 3725 unum
2841 3669 2980 3738 illis,
3005 3669 3262 3742 quisuut
3280 3669 3562 3728 audituri:

1910 3790 1937 3817 ‹‹
1972 3765 2196 3829 Venite,
2230 3760 2520 3819 benedicti
2553 3758 2741 3816 Patris
2775 3760 2910 3828 mei,
2954 3759 3234 3833 percipite
3291 3775 3563 3832 regnum,

1909 3854 2062 3927 quod
2096 3851 2258 3909 vobis
2289 3854 2558 3924 paratum
2591 3852 2682 3905 est
2715 3849 2785 3905 ab
2819 3848 3044 3921 origine
3094 3849 3300 3905 mundi
3350 3850 3561 3922 (Matth.

1907 3961 2036 4010 xxv,
2068 3942 2217 4013 36),»
2252 3937 2800 4012 quiesurivi,sitivi,
2826 3936 3038 4009 hospes
3059 3937 3565 4007 fuit,inﬁrmus,et

1906 4033 1965 4089 in
2001 4047 2232 4088 carcere
2263 4029 2344 4101 (in
2374 4027 2658 4084 membris
2689 4030 2887 4083 tamen
2920 4026 3044 4082 haec
3071 4027 3271 4083 omnia
3302 4028 3563 4096 meis),et

1909 4121 2128 4179 similia
2158 4118 2347 4175 multa
2376 4132 2709 4189 perpessus,
2744 4120 2801 4172 et
2830 4133 2863 4172 a
2892 4115 3056 4171 vobis
3080 4133 3225 4172 sum
3249 4115 3559 4174 relevatus:

1910 4212 2159 4269 alterum
2191 4208 2295 4277 eis,
2331 4206 2429 4279 qui
2442 4208 2569 4277 jam
2595 4205 2654 4260 in
2674 4204 2819 4277 ipsis
2851 4208 3056 4260 etcum
3084 4204 3230 4277 ipsis
3252 4202 3566 4261 audierunt

1910 4300 2217 4375 apostolis:
2259 4318 2287 4351 σι
2315 4299 2497 4352 Amen
2529 4295 2658 4350 dico
2690 4292 2876 4363 vobis,
2910 4292 3066 4365 quod
3112 4308 3237 4360 vos,
3273 4292 3374 4364 qui
3424 4291 3566 4348 reli-

1911 4390 2124 4465 quistis
2154 4386 2371 4454 omnia,
2406 4389 2462 4440 et
2492 4383 2677 4440 secuti
2701 4382 2847 4438 estis
2878 4398 2991 4450 me,
3012 4381 3071 4436 in
3106 4380 3566 4454 regeneratione,

1911 4497 2045 4537 cum
2078 4476 2293 4533 sederit
2317 4473 2499 4530 Filius
2530 4469 2789 4528 hominis
2818 4470 2877 4525 in
2903 4470 3038 4526 sede
3062 4469 3389 4542 majestatis
3421 4486 3568 4540 suae,

1912 4567 2192 4626 sedebitis
2223 4570 2281 4621 et
2310 4581 2410 4620 vos
2460 4578 2639 4635 super
2669 4561 2838 4617 sedes
2872 4559 3185 4616 duodecim
3228 4559 3565 4631 judicantes

153 4660 352 4732 danda;
387 4661 605 4736 probat
637 4676 699 4716 se
727 4658 838 4715 hoc
869 4675 1039 4732 agere
1071 4674 1187 4713 non
1212 4656 1460 4728 justitiae
1485 4657 1697 4715 dilecto
1730 4657 1809 4731 [id
1836 4674 1884 4740 D
1919 4656 2228 4716 duodecim
2260 4653 2451 4710 tribus
2483 4649 2659 4707 Israel
2692 4648 2911 4723 (Matth.
2938 4666 3053 4718 XIX,
3083 4649 3195 4721 28).
3229 4671 3258 4699 »

219 4830 394 4901 (I558)
426 4831 487 4886 Id
521 4836 601 4885 est
648 4828 919 4901 Christus
961 4828 1289 4883 ascendens
1340 4826 1399 4901 in
1428 4825 1801 4901 altumdedzt

160 4899 302 4957 hodie
328 4899 672 4957 charismata
703 4900 942 4972 Spiritus
971 4901 1153 4955 sancti
1181 4900 1462 4970 apostolis,
1496 4901 1592 4970 qui
1618 4900 1801 4971 (Chri-

160 4977 292 5040 stus)
321 4991 443 5029 cum
471 4976 641 5029 Patre
668 4976 720 5027 et
749 4972 933 5028 eodem
963 4972 1193 5043 Spiritu,
1229 4976 1339 5043 etc,

225 5046 397 5117 (1559)
431 5046 603 5117 Hunc
635 5059 866 5117 quoque
884 5040 1281 5117 sermonem}
1304 5040 1584 5117 Fulcuino
1609 5041 1807 5117 lauda-

166 5115 279 5170 tum
310 5113 418 5172 sub
450 5114 628 5171 titulo
655 5113 733 5171 De
771 5113 1081 5186 Testivztatc
1112 5114 1165 5168 S.
1217 5113 1427 5186 Mariae,
1477 5113 1577 5186 qui
1622 5114 1804 5169 Evan-

167 5186 368 5268 gelium
394 5185 999 5268 festi-Assumptionis
1030 5186 1293 5268 ejusdem
1326 5185 1585 5266 \firginis
1634 5200 1807 5268 expo-

168 5257 262 5328 nit,
292 5276 356 5314 ex
382 5275 497 5314 ms.
532 5255 803 5314 Lobiensi
839 5255 1138 5328 acceperat
1166 5255 1613 5328 Acberius’cum
1637 5255 1809 5328 titulo

152 5326 231 5400 -De
257 5328 424 5385 Maria
452 5339 505 5386 et
534 5329 765 5399 Martha,
792 5329 877 5384 uti
910 5326 1363 5400 in'Frisingensi
1395 5327 1571 5400 etiam
1612 5327 1810 5400 codice

167 5396 515 5474 inscribitur,
548 5396 760 5474 exque
792 5400 961 5455 illum
1010 5416 1164 5474 nunc
1203 5396 1473 5474 primum
1524 5397 1809 5474 in_l_uccm

169 5469 527 5542 proferimus.
562 5469 679 5529 Hic‘
694 5476 891 5529 autem
916 5488 1106 5527 sermo
1126 5469 1333 5527 Ott’one
1353 5469 1374 5525 Ι
1396 5471 1523 5540 jam
1538 5470 1609 5524 ad
1632 5469 1813 5542 impe-

171 5540 309 5599 rium
342 5548 610 5616 provecto
642 5543 823 5615 (hunc
854 5543 1009 5599 enim
1029 5542 1273 5598 C(BSﬂPlS
1289 5542 1525 5616 nomine
1544 5540 1814 5613 designat

171 5629 319 5686 num.
342 5614 399 5686 ’4)
434 5614 701 5671 habitum
719 5616 900 5670 fuisse
914 5631 1067 5669 anno
1083 5616 1190 5669 966
1207 5618 1336 5686 post
1350 5614 1563 5686 festum
1578 5616 1814 5686 Assum-

205 5684 467 5742 tionis'B.
503 5688 579 5743 Μ.
614 5691 736 5744 not.
777 5688 913 5744 1017
943 5686 1000 5742 in
1033 5684 1408 5743 Itinerarium
1431 5684 1811 5756 conjecimus.

173 5700 282 5828 Suo
310 5757 553 5828 quidem
581 5764 841 5828 tempore
862 5774 999 5817 cum
1024 5757 1341 5828 tumultus,
1376 5756 1477 5828 qui
1508 5755 1569 5815 in
1599 5755 1811 5817 Rathe-

216 5773 282 5819 uo
310 5757 553 5839 quidem
581 5764 841 5837 tempore
862 5774 999 5817 cum
1024 5757 1341 5829 tumultus,
1376 5756 1477 5835 qui
1508 5755 1569 5815 in
1599 5755 1816 5817 Rathe-

1911 4830 2066 4886 rium
2095 4826 2406 4897 eruperant
2439 4836 2591 4897 anno
2624 4818 3567 4897 praecedenti,adhucserperent:

1915 4900 2129 4956 idcirco
2162 4890 2328 4951 num.
2387 4897 2406 4947 1
2441 4911 2454 4949 :
2501 4890 3009 4959 Consideravimus,‘
3058 4890 3272 4963 inquit,
3312 4890 3429 4963 nos
3456 4907 3572 4947 non

1914 4973 2150 5027 multum
2180 4968 2361 5023 amari
2391 4972 2439 5020 et
2469 4965 2531 5017 ob
2565 4964 2663 5018 hoc
2704 4963 3008 5035 vilipcndi:
3043 4967 3100 5035 et
3133 4961 3249 5035 alia
3291 4962 3569 5035 deinceps

1916 5043 2181 5113 ejusdem
2208 5036 2485 5113 temporis
2500 5034 3033 5113 indiciainspergit.
3049 5034 3259 5089 Confer
3271 5034 3568 5113 n_ot.1029.

1916 5101 1979 5172 Id
2013 5117 2205 5168 autem
2239 5101 2625 5179 conﬁrmatur
2655 5101 3063 5179 multomagis
3095 5122 3163 5179 ex
3191 5105 3395 5179 ordine
3426 5123 3572 5179 opu-

1920 5187 2241 5250 sculorum,
2293 5178 2524 5252 quzein
2562 5177 2793 5252 seriem
2824 5176 3299 5252 chronologicam
3352 5176 3569 5234 descri-

1918 5260 2141 5314 buntur
2172 5248 2235 5308 in
2265 5248 2377 5307 nis.
2440 5248 2828 5319 Frisingensi:
2892 5248 3168 5304 lbienifn
3223 5248 3321 5305 hic
3377 5266 3573 5305 sermo

1921 5329 2228 5385 exhibetur
2260 5328 2390 5397 post
2422 5321 2794 5397 Synodicam,
2828 5337 2954 5392 quce
2978 5322 3137 5397 edita
3156 5321 3278 5397 fuit
3307 5319 3368 5376 in
3421 5322 3574 5385 Qua-

1921 5392 2279 5473 dragesima‘
2312 5392 2625 5473 ann_i’966.
2660 5392 2805 5447 Vide
2835 5398 2955 5449 not.
2991 5393 3124 5448 1429
3153 5392 3213 5449 in
3246 5406 3579 5449 sermonem

1921 5478 1943 5527 Ι
1978 5465 2061 5528 (Ιᾶ
2080 5465 2557 5539 Quadragcsima.

1996 5534 2181 5611 (1560)
2242 5534 2563 5611 Construe:
2628 5534 2763 5589 Cum
2824 5542 3009 5611 autem
3064 5538 3278 5611 secutus
3327 5536 3576 5611 peteres,

1924 5601 2188 5672 dimisscn't
2217 5613 2315 5665 has
2338 5610 2473 5682 (tutis
2500 5609 2684 5682 beatas
2711 5622 2923 5682 sorores
2953 5610 3276 5682 signiﬁcare
3318 5603 3426 5682 lius.
3451 5601 3587 5656 duos

1924 5689 2064 5746 ritus
2098 5682 2351 5745 vivendi;
2382 5680 2590 5737 devotio
2621 5679 2851 5734 illarum
2894 5678 3082 5735 innuit
3112 5677 3168 5732 id
3226 5676 3583 5745 verissimum

1923 5762 2045 5835 fore
2074 5757 2162 5837 (id
2193 5759 2286 5813 est
2315 5754 2471 5825 esse),
2502 5766 2626 5809 cum
2654 5765 2790 5821 una,
2812 5750 2921 5808 etc.
