3962 6420
151 490 255 556 753

1627 490 2073 563 SERMONES.

3446 490 3566 558 ’754

149 643 264 686 cum
296 624 533 701 penitus
582 640 755 685 cerno
799 641 1068 700 aversos;
1102 643 1209 687 nec
1258 628 1579 689 monachos
1630 648 1796 692 meos
1825 639 1877 703 Α
1899 634 2003 707 jus
2030 630 2237 690 mundi
2269 629 2448 690 habet
2476 627 2535 687 in
2558 627 2729 689 nobis
2751 628 2972 703 multa;
3007 625 3108 689 sed
3129 631 3328 689 tamen
3360 629 3568 687 mortis

147 716 566 791 contemplandi
598 718 912 776 Dominum
943 734 1143 776 amore
1173 736 1207 777 a
1235 719 1429 778 saeculi
1464 721 1620 779 040
1652 722 1792 777 aeti-

145 806 243 864 bus
272 821 334 864 se
364 807 552 863 facere
582 806 803 864 alienos
826 807 973 865 velle
1003 808 1122 865 ullo
1156 809 1331 866 modo
1362 810 1443 867 ita
1472 815 1646 869 tenus
1677 829 1798 868 cer-

144 912 224 963 no,
258 899 326 952 ut
373 896 616 968 insuper
662 896 865 966 istum,
894 897 988 953 cui
1040 903 1329 967 astamus,
1378 900 1792 957 anachoretam

141 985 464 1043 transitoria
493 985 861 1042 considerem
894 1004 1008 1042 non
1038 988 1273 1059 penitus
1304 988 1607 1045 abdicasse
1642 1004 1654 1044 :
1690 989 1790 1044 ubi

141 1075 440 1141 Martham,
468 1074 569 1130 ubi
601 1091 862 1131 sororem
887 1078 1015 1148 ejus
1049 1076 1317 1143 Mariam,
1342 1078 1442 1133 ubi
1478 1078 1664 1149 Liam,
1688 1078 1791 1134 ubi

141 1164 310 1219 miser
338 1162 526 1219 habeo
564 1162 899 1233 Rachelem,
925 1181 1060 1221 cum
1090 1183 1125 1220 a
1152 1181 1247 1221 me
1280 1165 1686 1223 infelicissimo
1717 1168 1791 1224 de

136 1253 288 1309 vobis
318 1252 594 1309 omnibus
625 1252 1022 1325 requisiturus
1050 1254 1111 1310 in
1143 1255 1236 1311 die
1252 1255 1464 1329 judicgi
1493 1257 1570 1312 sit
1591 1256 1787 1312 Domi-

138 1358 257 1411 nus,
285 1344 483 1415 utpote
504 1342 575 1398 de
595 1342 931 1399 commissis
954 1344 1183 1411 ovibus,
1205 1345 1533 1401 rationem?
1558 1346 1667 1402 Ubi
1691 1345 1788 1402 ille

135 1434 422 1503 postremo
452 1430 514 1487 in
558 1430 652 1487 his
682 1431 907 1488 aedibus
953 1432 1169 1489 diaboli
1215 1438 1306 1490 est
1354 1434 1784 1507 supplantator,

133 1520 223 1591 qui
252 1520 397 1575 dum
446 1536 650 1586 unam,
684 1520 743 1575 id
775 1525 865 1577 est
912 1521 1448 1594 contemplativam,
1470 1524 1783 1592 desiderat,

129 1612 406 1682 utrasque
427 1609 691 1678 sortitur,
713 1610 799 1666 sic
818 1609 1050 1667 Christo
1076 1611 1467 1667 ministrando
1490 1612 1787 1669 transiens

126 1713 224 1769 per
254 1699 412 1755 bona
440 1698 812 1771 temporalia,
837 1702 903 1755 ut
933 1715 1050 1755 non
1082 1700 1314 1755 amittat
1344 1701 1600 1756 interna?

184 1787 240 1843 5.
275 1788 530 1843 Austera
578 1787 832 1842 nimium
880 1786 1025 1856 haec,
1059 1790 1233 1860 atque
1263 1803 1298 1842 a
1335 1788 1505 1845 nobis
1550 1789 1789 1845 inventa

119 1875 563 1932 cavillatoribus
609 1875 799 1943 (1569)
849 1878 1115 1947 possent,
1143 1876 1246 1947 qui
1293 1875 1544 1932 nimium
1594 1878 1786 1933 abun-

115 1964 286 2033 dant,
337 1962 557 2020 nostris
598 1960 804 2031 videri,
851 1962 967 2019 nisi
1000 1963 1325 2020 austeriora
1359 1981 1429 2022 ex
1476 1964 1647 2023 dictis
1679 1966 1782 2023 ho-
1815 1998 1869 2066 Β

115 2052 204 2109 die
246 2050 590 2108 hausissem
635 2048 920 2123 Gregorii.
955 2051 1161 2119 Qualia
1206 2068 1341 2110 vero
1374 2054 1493 2111 sint
1539 2061 1597 2112 et
1650 2056 1789 2125 ista,

116 2145 168 2198 et
198 2139 309 2196 illa
358 2139 587 2196 utinam
619 2156 834 2196 sensus
863 2140 1049 2197 nostri
1090 2157 1294 2213 capere
1343 2148 1517 2215 atque
1566 2145 1783 2201 discer-

116 2242 250 2283 nere
304 2224 532 2282 utiliter
572 2224 861 2282 valuisset
890 2226 1125 2285 duritia.
1161 2228 1268 2284 Ubi
1309 2230 1466 2286 enim
1525 2231 1622 2288 ille
1678 2249 1781 2289 no-

117 2320 298 2373 stram
330 2316 621 2371 denotans
662 2315 745 2370 ait
787 2316 1107 2388 cohortem,
1141 2334 1275 2374 cum
1326 2324 1562 2393 repente
1591 2321 1783 2377 conati

115 2407 440 2463 fuissemus
488 2404 696 2461 docere
740 2421 872 2478 quas
922 2405 1111 2479 magis
1158 2407 1559 2479 meditatione,
1601 2427 1780 2483 quam

117 2511 282 2568 opere
314 2493 756 2564 didicissemus,
789 2499 847 2550 et
894 2495 1003 2551 hoc
1048 2511 1218 2570 agere
1266 2498 1650 2569 opitulatione
1698 2498 1781 2557 al-

117 2584 297 2640 terius
330 2581 1083 2657 cujuslibet.gcstiremus;
1132 2585 1451 2644 incidimus
1502 2589 1562 2643 in
1614 2588 1783 2645 illum

117 2672 181 2727 de
222 2670 543 2745 Evangelio
587 2670 779 2746 ipsius
830 2687 1185 2739 sermonem,
1225 2673 1327 2729 ubi
1376 2675 1503 2731 visa
1551 2674 1784 2731 civitate

116 2760 468 2829 Jerusalem,
502 2759 751 2816 refertur
796 2759 1083 2817 Dominus
1136 2760 1362 2818 ﬂevisse
1410 2768 1585 2835 atque
1633 2763 1783 2819 exci-

119 2849 277 2905 dium
310 2848 480 2905 illius
522 2849 904 2905 denuntiasse
936 2865 951 2905 :
983 2865 1159 2921 quem
1193 2851 1278 2906 sic
1328 2868 1445 2907 non
1493 2852 1651 2925 piget
1696 2858 1783 2908 to-

118 2942 241 2994 tum
300 2953 668 3013 percurrere,
724 2943 789 2993 ut
843 2937 1046 2995 valens
1105 2940 1344 2996 omnino
1404 2942 1782 3014 perpendere,

119 3032 315 3083 utrum
347 3026 439 3083 illi
487 3027 813 3104 lugendum
845 3027 922 3084 sit
947 3043 1148 3096 necne,
1177 3029 1347 3086 nobis
1375 3030 1606 3086 desinat
1652 3047 1784 3087 suc-

112 3131 368 3177 censere.
388 3116 770 3173 Considerata
791 3131 1003 3190 nempe
1034 3134 1139 3191 ego
1168 3122 1290 3175 tota
1322 3120 1611 3176 sermonis
1632 3121 1784 3191 ejus-

117 3204 242 3263 dem
276 3205 459 3273 serie,
483 3206 628 3261 dum
677 3204 810 3277 plus
841 3223 968 3261 eam
1002 3206 1365 3281 contemplor
1394 3207 1570 3277 aloes,
1605 3226 1784 3282 quam

116 3294 303 3352 mellis
337 3295 586 3361 habere,
610 3294 756 3366 cmpi
806 3299 1092 3368 satagere,
1116 3313 1189 3352 an
1222 3297 1302 3353 ibi
1334 3297 1531 3371 aliqua
1579 3315 1783 3355 conso-

1907 727 2120 779 nostrze
2151 726 2414 796 tempore
2437 722 2565 794 jam
2588 738 2695 779 nos
2724 737 2929 796 rapere
2951 738 3068 779 non
3090 720 3262 787 valet,
3278 718 3417 793 quia
3438 719 3568 791 ejus

1904 813 2171 867 membra
2192 811 2379 868 effecti
2397 828 2625 879 sumus,
2640 811 2701 866 in
2721 827 2836 884 quo
2854 829 2970 867 non
2987 811 3163 867 habet
3179 810 3564 883 quidquam.»

1903 901 2067 956 Istud
2079 902 2096 959 (
2110 902 2121 955 Ι
2134 901 2407 970 570)dum
2424 899 2584 956 Pauli
2601 905 2942 973 putaveram
2956 899 3406 972 deceptissimus
3419 897 3567 954 mihi

1902 1007 2019 1046 non
2052 990 2281 1046 modice
2324 990 2653 1062 suffragari,
2689 1006 2824 1045 cum
2858 990 3049 1063 magis
3100 988 3198 1044 ille
3246 989 3357 1044 hoc
3403 988 3474 1043 de
3506 1005 3568 1044 se

1901 1074 2144 1151 suisque
2168 1080 2385 1135 diceret
2404 1078 2700 1134 similibus
2721 1097 2734 1147 ;
2759 1080 2861 1134 sed
2882 1079 3024 1134 dum
3053 1064 3361 1151 sequentia
3380 1077 3428 1147 (4
3440 1076 3570 1149 571)

1900 1167 2034 1242 legi,
2056 1169 2211 1223 idem
2235 1168 2382 1223 mihi
2404 1167 2667 1240 contigit,
2684 1168 2842 1240 quod
2864 1166 3010 1223 solet
3033 1183 3186 1238 sepe
3208 1167 3565 1237 contingere.

1898 1257 2047 1314 Nam
2081 1274 2216 1313 cum
2251 1257 2424 1313 audio
2444 1257 2710 1326 gaudium
2737 1272 2848 1312 esse
2878 1258 2935 1312 in
2963 1257 3096 1312 oculo
3115 1272 3280 1329 super
3304 1271 3413 1311 uno
3438 1270 3565 1327 pec-

1896 1352 2273 1418 catore,quam
2291 1363 2458 1418 supra
2482 1348 2787 1417 nonaginta
2806 1362 3000 1402 novem
3010 1346 3181 1416 justis
3196 1347 3349 1414 (Luc.
3368 1361 3462 1419 xv,
3485 1346 3562 1412 7);

1897 1437 1946 1493 si
1974 1436 2238 1492 absolute
2267 1436 2399 1506 hoc,
2432 1438 2498 1490 ut
2525 1434 2621 1489 hic
2652 1439 2741 1490 est
2774 1435 3057 1506 positum,
3092 1434 3329 1500 diceret,
3364 1433 3437 1488 ad
3469 1447 3562 1487 me

1896 1529 2166 1596 putarem
2199 1522 2419 1595 aliquid
2454 1522 2746 1594 pertinere
2774 1538 2787 1576 :
2813 1522 2915 1577 sed
2939 1522 3081 1579 dum
3106 1520 3269 1576 addit
3294 1520 3562 1590 paeniten-

1896 1614 2036 1668 tiam
2065 1615 2259 1680 agente
2290 1614 2579 1683 quantum
2602 1610 2838 1682 nigrum
2862 1610 2932 1664 ad
2961 1609 3303 1673 candidum,
3326 1610 3561 1664 tantum

1897 1700 2006 1756 hoc
2038 1702 2284 1756 attinere
2324 1699 2396 1755 ad
2444 1714 2537 1755 me
2583 1714 2758 1753 cerno
2803 1696 3204 1770 pmnitentiam
3254 1712 3559 1768 nunquam

1898 1793 2190 1862 agentem,
2218 1801 2566 1860 semperque
2595 1786 2934 1859 paenitenda
2976 1790 3412 1841 coacervantem
3446 1783 3558 1840 mi-

1896 1878 2129 1935 sellum.
2156 1878 2242 1934 Ita
2261 1880 2319 1933 et
2338 1875 2434 1931 hic
2455 1875 2595 1931 dum
2618 1874 2774 1932 idem
2796 1874 2974 1932 infert
2995 1873 3408 1931 sanctissimus
3431 1873 3561 1929 doc-

1897 1970 2011 2033 tor,
2033 1970 2090 2023 et
2118 1964 2263 2021 dicit
2294 1981 2308 2020 :
2342 1963 2443 2021 Sed
2480 1963 2612 2036 quid
2645 1962 2883 2035 prodest,
2912 1965 2963 2018 si
2991 1962 3097 2033 ﬁde
3129 1962 3221 2017 illi
3239 1962 3556 2033 jungimur,

1895 2061 1946 2112 et
1978 2058 2045 2112 ab
2068 2072 2128 2112 eo
2146 2054 2392 2111 moribus
2413 2053 2827 2126 disjungimur?
2845 2054 3046 2122 (Gneo.
3068 2052 3167 2106 ubi
3185 2067 3373 2122 supra,
3398 2068 3454 2104 η.
3478 2051 3561 2120 9.)

1894 2144 2025 2217 Ipse
2056 2144 2213 2199 enim
2246 2141 2389 2198 dicit
2415 2157 2427 2197 :
2453 2141 2571 2201 Non
2601 2143 2781 2197 omnis
2810 2142 2909 2213 qui
2935 2140 3070 2196 dicit
3098 2138 3278 2195 mihi:
3309 2140 3556 2206 Domine,

1892 2233 2138 2290 Domine.
2172 2232 2405 2288 intrabit
2451 2232 2509 2286 in
2560 2240 2792 2303 regnum
2820 2229 3113 2292 caelorum;
3142 2228 3233 2285 sed
3281 2229 3378 2301 qui
3425 2228 3561 2299 facit

1890 2324 2230 2378 voluntatem
2275 2320 2459 2377 Patris
2486 2320 2617 2388 mei,
2644 2320 2742 2393 qui
2784 2321 2849 2375 in
2878 2320 3027 2374 oculis
3055 2322 3157 2386 est,
3186 2319 3300 2389 ipse
3328 2316 3559 2371 intrabit

1892 2413 1955 2467 in
1984 2427 2215 2484 regnum
2258 2411 2515 2483 calorum
2544 2407 2755 2479 (Matth.
2779 2424 2876 2476 vn,
2898 2408 3025 2480 2i);
3059 2423 3093 2462 a
3122 2422 3239 2463 non
3279 2405 3418 2476 jure
3448 2420 3558 2477 pa-

1891 2500 2079 2556 vendo
2109 2515 2203 2556 me
2235 2514 2478 2571 prorsus
2507 2502 2851 2553 extraneum
2883 2511 3057 2552 cerno
3086 2495 3293 2565 (4572).

1964 2591 2018 2644 6.
2043 2589 2177 2653 Quae
2209 2593 2298 2643 est
2328 2592 2525 2643 autem
2568 2583 2843 2640 voluntas
2871 2582 3083 2649 Patris,
3109 2582 3223 2641 nisi
3273 2580 3429 2653 quod
3459 2582 3560 2636 aut

1895 2677 2144 2741 Martha,
2161 2680 2262 2732 aut
2292 2674 2542 2731 faciebat
2564 2689 2729 2730 soror
2751 2672 2940 2745 ipsius
2972 2672 3193 2728 Maria?
3218 2670 3307 2725 Nil
3341 2670 3558 2742 quippe

1896 2765 2066 2823 nobis
2083 2764 2241 2821 aliud
2262 2762 2618 2836 prmoipitur,
2636 2761 2749 2817 nisi
2770 2764 2834 2816 ut
2849 2764 2951 2815 aut
2972 2758 3380 2814 ministremus
3399 2756 3559 2813 Chri-

1895 2860 1985 2912 sto
2002 2855 2060 2910 in
2084 2853 2366 2909 membris
2384 2852 2593 2925 ipsius,
2611 2855 2712 2907 aut
2729 2850 3096 2906 assideamus
3109 2847 3337 2915 Christo
3356 2846 3413 2902 in
3427 2862 3561 2903 con-

1895 2942 2236 3017 templanda
2264 2940 2563 2997 voluntate
2596 2940 2800 3012 ipsius.
2825 2938 2965 2994 Inde
2994 2936 3213 3009 aliquid
3239 2936 3288 2992 si
3310 2935 3559 3009 neglexi-

1895 3052 2051 3102 mus,
2071 3031 2460 3105 suspiremus,
2480 3028 2857 3103 plangamus,
2876 3032 3111 3101 pectora
3128 3029 3330 3082 nostra
3352 3025 3559 3081 tunda-

1896 3138 2050 3190 mus,
2081 3120 2485 3194 pmnitentiam
2529 3134 2797 3192 agamus,
2832 3118 3109 3190 frequens
3158 3114 3556 3172 ministerium

1896 3210 2129 3267 Domini
2160 3213 2262 3264 aut
2291 3212 2645 3280 repetamus,
2675 3210 2776 3262 aut
2804 3209 3079 3261 vacantes
3108 3202 3472 3260 orationibus
3501 3204 3559 3257 et

1896 3298 2205 3359 desideriis
2221 3297 2576 3364 coelestibus,
2594 3312 2628 3351 a
2647 3295 2897 3368 pedibus
2917 3291 3157 3365 benigni
3178 3292 3210 3347 J
3216 3307 3353 3347 esus
3376 3289 3561 3345 nulla-

116 3381 250 3440 latio
303 3382 567 3441 inveniri
617 3384 855 3454 valeret,
899 3402 1027 3457 qua:
1075 3368 1449 3443 titubantem‘
1473 3388 1784 3443 formidine
1815 3368 1861 3439 C
1897 3393 2069 3451 tonus
2092 3385 2659 3452 divellamur,donec
2682 3384 2750 3440 ad
2776 3383 2922 3437 illud
2951 3396 3158 3446 unum,
3184 3379 3340 3450 quod
3365 3377 3556 3434 solum

117 3474 387 3545 quamvis
420 3472 642 3540 inutili,
674 3473 816 3546 quia
842 3472 1367 3545 inconvertibilem,
1399 3476 1663 3532 animum
1697 3494 1783 3532 re-

119 3563 353 3621 foveret.
378 3561 613 3636 Quippe
644 3579 778 3618 cum
810 3564 1206 3635 pervenissem
1233 3566 1305 3621 ad
1331 3565 1498 3621 illum
1529 3571 1785 3622 tremen-

118 3651 438 3710 dissimum
462 3651 680 3719 locum,
696 3652 795 3708 ubi
819 3652 1070 3709 habetur
1091 3653 1175 3709 ita
1195 3653 1558 3726 descriptum
1583 3655 1786 3727 (Gnno.

120 3740 218 3797 lib.
251 3759 295 3799 ιι
329 3745 395 3799 in
426 3743 643 3812 Evang.
674 3742 837 3800 hom.
868 3741 959 3813 39,
991 3759 1051 3798 n.
1083 3745 1141 3813 8)
1168 3761 1181 3799 :
1212 3767 1233 3797 ι
1266 3743 1429 3799 Unde
1463 3743 1790 3799 curandum

120 3831 283 3890 nobis
314 3835 436 3899 est,
451 3834 516 3888 et
540 3848 676 3887 cum
713 3830 944 3904 magnis
971 3831 1233 3904 quotidie
1264 3831 1500 3888 ﬂetibus
1531 3832 1792 3904 cogitan-

120 3920 281 3989 dum,
298 3936 495 3995 quam
517 3936 776 3988 severus,
792 3937 970 3992 quam
993 3919 1161 3984 liber.
1186 3937 1364 3994 quam
1384 3920 1666 3977 terribilis
1689 3938 1799 3977 sua

122 4008 176 4064 in
207 4011 388 4067 nobis
418 4026 607 4082 opera
635 4010 940 4085 requirens
968 4010 1031 4065 in
1077 4010 1170 4066 die
1199 4010 1385 4066 nostri
1417 4011 1607 4067 exitus
1636 4011 1797 4083 prin-

122 4113 253 4179 ceps
274 4098 503 4155 mundi
531 4098 715 4170 hujus
745 4094 939 4155 veniet
956 4100 1135 4167 (Joan.
1157 4116 1274 4170 xw,
1296 4100 1409 4169 30),
1436 4098 1485 4155 si
1517 4099 1694 4155 etiam
1725 4099 1799 4155 ad

123 4186 451 4245 Dominum
487 4204 664 4244 carne
705 4187 1053 4244 morientem
1085 4188 1263 4257 venit,
1296 4192 1353 4244 et
1382 4188 1442 4244 in
1475 4187 1573 4245 illo
1622 4205 1799 4246 suum

123 4276 345 4349 aliquid
379 4276 687 4352 quasivit,
719 4275 779 4331 in
815 4292 933 4350 quo
977 4276 1238 4333 invenire
1281 4276 1365 4332 nil
1410 4277 1617 4350 potuit.
1652 4278 1802 4343 Quid

123 4364 319 4440 itaque
361 4382 486 4423 nos
534 4365 737 4421 miseri
769 4364 1005 4432 dicturi,
1029 4365 1171 4438 quid
1221 4366 1407 4421 acturi
1440 4383 1669 4433 sumus,
1703 4366 1803 4437 qui

124 4453 445 4513 innumera
489 4453 649 4511 mala
676 4453 1129 4511 commisimus?
1159 4454 1307 4521 Quid
1352 4453 1669 4529 requirenti
1701 4455 1805 4511 ad-

125 4546 404 4616 versario,
441 4548 506 4602 et
537 4543 729 4599 multa
774 4560 885 4599 sua
929 4543 990 4597 in
1043 4542 1214 4599 nobis
1265 4543 1581 4599 invenienti
1632 4559 1809 4617 opera

126 4633 418 4702 dicemus,
436 4633 557 4690 nisi
578 4631 772 4689 solum
790 4632 947 4703 quod
970 4631 1142 4688 nobis
1158 4634 1249 4687 est
1268 4634 1491 4687 certum
1515 4630 1807 4707 refugium

135 4726 189 4776 et
213 4723 418 4779 solida
451 4736 617 4795 spes,
650 4720 791 4793 quia
820 4736 1005 4776 unum
1031 4736 1166 4776 cum
1199 4718 1298 4776 illo
1329 4720 1463 4776 facti
1497 4736 1727 4789 sumus,
1751 4720 1811 4777 in
1841 4738 1891 4808 Β

130 4827 241 4884 quo
262 4809 748 4885 pnincepshujus
766 4810 973 4865 mundi
986 4813 1043 4865 et
1059 4825 1233 4866 suum
1252 4807 1473 4882 aliquid
1488 4809 1812 4882 requisivit,

131 4906 185 4956 et
211 4898 489 4957 invenire
513 4898 761 4955 minime
790 4898 1020 4970 potuit?
1043 4898 1324 4970 quoniam
1351 4898 1512 4955 solus
1543 4904 1633 4955 est
1660 4900 1813 4955 inter

133 4995 401 5050 mrtuos
436 4989 611 5046 liber
640 4988 811 5060 (Psal.
839 5005 1084 5054 LXXXVII,
1104 4989 1182 5056 5).
1210 4988 1280 5043 Et
1327 5004 1361 5043 a
1403 4988 1624 5063 peccati
1659 4989 1807 5045 041

130 5078 252 5149 jam
282 5070 542 5137 servitio
574 5077 765 5133 veraci
808 5076 1078 5133 libertate
1109 5075 1413 5143 solvimur,
1439 5076 1580 5150 quia
1607 5077 1680 5147 ei,
1715 5077 1816 5149 qui

133 5178 260 5227 vere
306 5174 405 5227 est
462 5167 639 5235 liber,
680 5167 943 5223 unimur.
970 5169 1209 5223 Constat
1253 5164 1433 5233 enim,
1456 5182 1562 5222 nec
1607 5182 1820 5241 negare

138 5258 607 5329 possumus,sed
628 5257 911 5314 veraciter
940 5255 1241 5313 fatendum
1264 5254 1404 5328 quia
1424 5255 1695 5328 princeps
1716 5255 1825 5313 hu-

206 5364 404 5439 (1569)
430 5366 555 5439 Eos
583 5362 948 5439 cavillatores
980 5362 1244 5439 respicit,
1263 5378 1515 5439 quorum
1547 5362 1827 5439 morosio-

142 5432 232 5515 ιςθέ
261 5442 325 5515 et
354 5432 774 5515 calumniosas
802 5437 864 5491 in
894 5451 958 5515 se
990 5432 1393 5515 accusationes
1424 5432 1735 5515 descripsit
1765 5433 1823 5488 in

137 5510 449 5577 Qualitd-tis
480 5511 800 5581 conjectura
825 5507 1000 5581 paulo
1020 5510 1157 5563 ante
1186 5503 1512 5574 lucubrata,
1541 5503 1824 5562 nimirum

136 5581 377 5638 ineunte
418 5580 589 5638 anno
618 5580 750 5641 966,

199 5654 395 5725 (1570)
429 5650 590 5709 Istud
616 5652 806 5725 Pauli,
842 5650 1069 5725 scilicet
1116 5648 1342 5725 dictum
1388 5664 1422 5703 a
1453 5645 1643 5725 Ppulo
1682 5663 1826 5719 apo-

134 5716 280 5782 stolo
311 5716 501 5783 Rom.
538 5739 640 5791 xu,
671 5724 728 5790 4,
753 5716 817 5779 5V:
849 5726 907 5779 et
936 5724 960 5779 Ι
989 5727 1116 5779 Cor.
1146 5738 1247 5785 xu,
1281 5721 1378 5787 13;
1413 5722 1470 5775 et
1500 5716 1823 5791 Ephcsflv,

133 5797 218 5879 46,
252 5797 360 5855 ubi
417 5810 540 5888 nos
592 5790 797 5852 omnes
824 5794 1041 5853 Christi
1098 5792 1305 5866 capitis
1366 5790 1631 5847 membra
1689 5805 1821 5846 esse

1894 3482 1984 3536 est
2013 3475 2431 3539 necessarium,
2457 3471 2886 3544 perveniamus,
2906 3470 3016 3525 hoc
3036 3472 3127 3524 est
3147 3468 3441 3533 enmdem,
3459 3463 3559 3538 qui

1898 3566 2067 3622 nobis
2121 3563 2284 3619 solus
2331 3560 2567 3625 sufficit,
2614 3558 2949 3617 Dominum.
2986 3557 3138 3613 Dicis
3190 3560 3426 3611 econtra
3455 3555 3557 3626 (sic

1899 3642 2057 3712 enim
2090 3657 2178 3707 est
2208 3648 2570 3706 consuetudo
2596 3646 2889 3704 dicta......
2914 3645 3197 3718 humana)
3222 3660 3236 3699 :
3262 3644 3421 3699 Licet
3441 3660 3557 3698 non

1902 3746 2066 3800 tanta
2091 3743 2311 3814 quanta
2340 3738 2521 3794 debeo
2571 3736 2782 3793 faciam
2825 3737 3001 3804 bona,
3041 3734 3189 3792 facio
3244 3730 3475 3805 aliqua;
3507 3732 3566 3787 et

1903 3831 2154 3906 perfecte
2179 3829 2238 3883 in
2267 3828 2453 3883 Deum
2481 3826 2747 3892 credens,
2772 3836 2941 3898 Spero
2968 3841 3096 3899 qua:
3122 3823 3411 3880 Dominus
3441 3819 3567 3878 suis

1906 3919 2180 3976 fidelibus
2211 3915 2483 3990 praecepit
2514 3914 2825 3987 speranda.
2860 3914 2903 3971 Ο
2936 3914 3164 3970 utinam
3200 3912 3323 3969 haec
3352 3913 3468 3967 duo
3503 3912 3569 3965 ti-

1907 4009 2103 4064 derem
2131 4022 2213 4075 re,
2239 4004 2448 4059 fratres
2473 4005 2560 4075 [f.,
2584 4006 2660 4070 te,
2688 4002 2904 4073 frater],
2928 4000 3175 4057 habere!
3207 4003 3412 4057 Certus
3438 4015 3575 4072 pro-

1910 4098 2055 4154 fecto
2087 4095 2157 4151 de
2180 4099 2283 4150 tua
2302 4106 2494 4148 essem
2525 4090 2735 4157 salute,
2758 4089 3029 4145 videlicet
3056 4093 3122 4144 ut
3146 4088 3206 4144 in
3230 4089 3416 4145 Deum
3448 4100 3575 4159 per-

1911 4186 2057 4242 fecte
2115 4183 2401 4249 crederes,
2425 4185 2484 4236 et
2524 4179 2625 4235 illa
2665 4179 3101 4247 tantummodo,
3126 4193 3253 4249 quae
3301 4166 3579 4248 praecepit

1912 4274 2222 4348 speranda,
2242 4281 2539 4343 sperares.
2570 4268 2719 4324 Dicit
2765 4284 2898 4324 vero
2931 4265 3286 4322 Psalmista:
3317 4263 3488 4335 Spera
3517 4278 3575 4317 ιη

1914 4364 2142 4421 Domino
2174 4360 2344 4432 (Psat.
2368 4375 2559 4425 xxxvx,
2584 4358 2661 4429 3).
2688 4356 3048 4429 Respondes,
3074 4369 3265 4425 spero.
3290 4352 3395 4407 Fac
3425 4351 3579 4406 boni-

1916 4457 2083 4509 tatem
2110 4448 2317 4522 (Ibid.),
2343 4449 2441 4504 sed
2472 4446 2614 4502 dicit
2645 4444 2761 4500 ille.
2791 4444 2852 4499 Si
2885 4459 3022 4515 ergo
3055 4457 3259 4516 speras
3290 4440 3349 4495 in
3380 4437 3579 4496 Domi-

1918 4558 2017 4607 no,
2040 4554 2290 4611 suggero
2318 4537 2457 4592 :Fae
2498 4535 2814 4600 bonitatem,
2838 4537 2895 4587 et
2926 4548 3040 4587 non
3075 4529 3326 4585 inaniter
3353 4543 3576 4601 speras,

1917 4627 2213 4703 promitto.
2248 4626 2484 4681 Dicente
2532 4622 2688 4679 enim
2727 4621 2942 4677 Jacobo
2977 4637 2990 4675 :
3022 4619 3166 4689 Quid
3191 4618 3428 4692 prodest,
3460 4620 3578 4688 fra-

1923 4722 2051 4787 tre's,
2074 4719 2123 4773 si
2148 4716 2314 4788 ﬁdem
2334 4715 2457 4786 quis
2478 4713 2695 4778 habeat,
2718 4726 2881 4783 opera
2903 4726 3025 4766 vero
3044 4726 3155 4765 non
3185 4708 3413 4765 habeat?
3428 4708 3579 4763 Nun-

1925 4808 2056 4882 quid
2082 4806 2279 4879 poterit
2311 4805 2427 4860 sola
2464 4802 2595 4874 fides
2634 4800 2848 4857 salvare
2888 4802 3048 4855 eum?
3074 4800 3209 4867 (Jac.
3233 4813 3297 4864 ιι,
3322 4796 3435 4867 lli.)
3458 4794 3585 4851 Una

1921 4897 2047 4956 sola
2072 4894 2267 4952 audiri
2299 4894 2380 4949 ita
2410 4894 2602 4965 potest
2650 4888 2959 4945 sententia.
2993 4888 3051 4943 Si
3096 4887 3347 4959 perfecte
3397 4882 3585 4939 credis

1924 4990 1985 5044 in
2015 4986 2221 5048 Deum,
2244 4985 2300 5039 et
2331 4981 2489 5038 aliud
2516 4997 2629 5035 non
2652 4994 2877 5051 speras,
2893 4993 3071 5050 quam
3095 4975 3251 5048 quod
3271 4971 3369 5028 ille
3386 4976 3442 5029 te
3464 4989 3590 5044 spc-

1928 5094 2056 5134 rare
2087 5072 2379 5147 praecepit,
2401 5068 2670 5125 videlicet
2689 5067 2738 5124 si
2760 5084 2937 5141 opera
2964 5065 3146 5121 habes
3168 5065 3350 5132 bona;
3385 5078 3589 5118 conse-

1929 5169 2175 5240 quenter
2201 5164 2271 5218 de
2317 5159 2811 5227 remuneratione,
2835 5157 2887 5214 si
2918 5157 3001 5213 ita
3030 5160 3228 5212 tamen
3258 5168 3592 5226 persevera-

1928 5256 2103 5321 veris,
2133 5269 2252 5309 non
2284 5250 2439 5307 042
2469 5252 2558 5305 est
2606 5247 2715 5303 tibi
2768 5263 2918 5320 opus
2968 5245 3239 5302 dubitare
3292 5243 3592 5315 perpetua.

1933 5364 2160 5505 deﬁgi
2203 5429 2517 5505 Sequentia,
2546 5426 2606 5505 id
2632 5429 2723 5483 est
2750 5425 2871 5493 illa,
2896 5422 3114 5505 quaa__S.
3140 5416 3457 5505 Cregorius
3478 5421 3600 5505 sta:

1934 5492 2041 5561 tim
2073 5508 2206 5577 post
2236 5492 2566 5577 recitatum
2592 5497 2785 5577 locum
2819 5492 3098 5577 .subjicit,
3127 5496 3185 5577 et
3227 5492 3308 5577 ab
3328 5564 3337 5577 I
3361 5492 3599 5546 auctore

1933 5564 2280 5649 post‘pauca
2311 5570 2650 5649 subduntur
2681 5586 2694 5625 :
2729 5567 2833 5626 Sed
2862 5564 2997 5641 quid
3019 5565 3258 5649 prodest,
3290 5564 3398 5649 etc.

2007 5639 2194 5720 “572)
2227 5647 2509 5720 construe
2543 5659 2563 5720 ε.
2586 5642 2757 5720 Cerno
2779 5639 2891 5720 _mé
2938 5652 3166 5720 prorsus
3214 5639 3601 5720 epifaiieum_q

1936 5699 2053 5776 non
2073 5699 2319 5790 parendo
2337 5699 2471 5788 jure
2497 5732 2517 5768 :
2552 5713 2608 5769 id
2641 5716 2731 5769 est
2766 5711 2901 5782 jure
2932 5699 3075 5765 inihi
3108 5699 3437 5762 timendum
3470 5710 3599 5751 esse

1936 5789 2251 5862 perspicio.
