3962 6378
383 430 508 488 ⁸7⁸79
721 428 1282 491 LIUTPRANDUS
1328 428 1883 491 CREMONENSIS
1928 426 2385 490 EPISCOPUS.
2418 459 2495 472 --
2522 426 2845 490 NOTITIA
2886 425 3093 491 HIST.
3140 426 3242 491 ET
3284 426 3487 492 BIBL.
3694 424 3833 493 780

383 560 542 628 folio,
574 560 730 634 typis
757 561 1151 632 Ascensianis,
1187 562 1463 619 omnibus
1492 561 1720 623 lacunis
1751 565 1807 617 et
1837 562 2040 633 depra-
2066 561 2122 629 Α
2152 559 2418 616 Ramirez
2447 560 2520 616 de
2546 561 2731 616 Prado
2771 559 2831 615 in
2862 559 3117 618 editione
3147 561 3407 635 Operum
3440 560 3826 637 Liudprandi

381 650 531 707 vatis
563 651 782 708 codicis
828 652 1264 708 Gcmblaeensis
1313 650 1659 707 lectionibus
1690 650 2029 722 conspicua,
2139 647 2569 721 Antvierpiensi
2588 666 2683 704 an.
2704 649 3164 718 16/10,Chesnius
3188 655 3333 708 tom.
3354 652 3431 708 III
3454 652 3557 709 SS.
3584 653 3830 709 Franci-

385 740 1147 813 quibuseditorcoojectura
1163 741 1591 798 suasubvenire
1605 755 2031 812 nonnunquam
2145 755 2347 793 corum
2380 756 2475 794 an.
2521 739 2681 804 1641,
2709 739 2969 796 Joannes
2998 741 3057 795 in
3090 758 3239 797 nova
3272 740 3528 798 editione
3558 742 3828 815 Scripto-

383 827 543 884 haud
575 828 898 898 infeliciter,
917 830 1131 902 saepius
1152 846 1307 897 vero,
1328 833 1393 886 ut
1423 847 1526 903 pro
1557 828 1838 901 singulari
1864 828 2036 884 Liud-
2152 842 2285 882 rum
2310 826 2560 883 Reuberi
2587 844 2682 883 an.
2709 826 2873 895 1726,
2913 832 2972 884 et
3001 829 3362 887 mutariorus
3390 831 3560 887 annis
3591 832 3738 887 1723
3767 849 3831 904 ει

384 917 595 989 prandi
655 916 948 973 scribendi
1014 917 1237 975 ratione
1293 918 1451 974 haud
1501 918 1672 975 aliter
1707 916 2033 990 exspectari
2145 915 2288 970 4726
2313 915 2416 972 SS.
2450 914 2603 983 Ital.,
2636 920 2878 985 tom.II,
2909 923 3351 990 expresserunt,
3375 919 3490 974 nisi
3511 920 3668 992 quod
3694 921 3831 977 Mu-

385 1008 611 1077 poterat
661 1006 903 1062 adversa
934 1007 1171 1063 fortuna
1198 1008 1459 1064 tentavit.
1674 1040 1675 1043 η
2146 1004 2652 1073 ratorium,allatis
2673 1008 2815 1060 tom.
2831 1005 2880 1061 ΙΙ
2898 1006 2961 1061 Β.
2979 1006 3207 1079 aliquot
3227 1007 3497 1064 codicum
3514 1008 3827 1065 Vindobo-

455 1094 511 1165 6)
542 1097 599 1149 C.
629 1094 824 1167 regius
850 1096 1202 1153 Parisiensis
1227 1115 1285 1152 n.
1313 1097 1477 1167 5922,
1501 1096 1773 1162 membr.,
1806 1113 1937 1151 saec.
1957 1113 2035 1152 xu
2147 1093 2421 1149 nensium
2441 1094 2510 1148 3a
2542 1097 2599 1148 et
2613 1094 2703 1149 36‘
2735 1093 3106 1164 lectionibus,
3135 1097 3340 1154 tertias
3370 1098 3826 1169 quodammodo

384 1182 445 1236 in
478 1181 791 1239 Germania
808 1187 1102 1252 exaratus,
1126 1184 1334 1241 saeculo
1354 1202 1447 1251 xv,
1481 1185 1621 1240 liber
1650 1188 1834 1240 sancte
1870 1185 2038 1239 Mario
2149 1181 2341 1253 operis
2371 1198 2543 1238 curas
2574 1182 2903 1238 admovisse
2934 1183 3127 1239 dicere
3160 1185 3384 1258 possis.

385 1272 620 1342 virginis
668 1274 728 1327 in
779 1274 1065 1345 Otterburg
1128 1275 1441 1343 Maguntine
1496 1274 1724 1329 diocesis
1780 1274 2037 1344 Gregorii
2221 1270 2354 1325 Jam
2384 1270 2499 1326 tria
2527 1274 2659 1343 post
2685 1270 2902 1327 saecula
2922 1289 3072 1328 nova
3101 1273 3279 1329 editio
3309 1274 3382 1330 ad
3408 1292 3678 1331 normam
3713 1293 3823 1332 au-

388 1361 750 1418 Turonensis
789 1362 1046 1419 historia:
1077 1363 1216 1419 eccl.
1260 1363 1441 1419 libros
1486 1367 1606 1420 tres
1650 1362 1874 1436 priores
1903 1380 2038 1420 cum
2150 1358 2423 1433 tographi
2490 1358 2780 1427 instituta,
2847 1365 3135 1433 quantum
3188 1380 3222 1418 a
3271 1362 3514 1436 reliquis
3560 1364 3825 1432 differat,

385 1448 554 1504 initio
586 1451 931 1522 quarti,tum
956 1451 1275 1525 Reginonis
1297 1452 1625 1509 Chronicon
1649 1453 1875 1524 absque
1904 1469 2039 1509 con-
2155 1452 2378 1520 quanto
2398 1447 2656 1504 historia:
2682 1450 3131 1522 commodojam
3153 1452 3415 1524 prodeat,
3439 1469 3620 1526 penes
3643 1453 3812 1510 lecto

386 1536 816 1595 tinuationibus
836 1540 1073 1610 praebet,
1106 1540 1201 1596 cui
1232 1541 1671 1612 Antapodoseos
1710 1540 1812 1595 lib.
1841 1558 1882 1609 ι,
1909 1558 1960 1597 c.
1984 1541 2044 1596 5-
2152 1554 2245 1594 res
2266 1536 2564 1609 judicium
2595 1542 2740 1595 esto.
2786 1538 3170 1612 Amplissima
3214 1540 3539 1597 lectionum
3589 1546 3817 1614 segete,

391 1627 451 1680 11
482 1641 601 1695 ;v1,
631 1626 686 1694 5,
741 1644 927 1699 usque
970 1628 1192 1685 arbores
1242 1629 1635 1699 subvehuntur,
1686 1646 1764 1695 vr,
1799 1631 1852 1698 8,
1901 1630 1957 1697 9,
1987 1632 2045 1684 et
2153 1643 2354 1699 quam,
2390 1631 2707 1700 antequam
2730 1628 3163 1701 autographum
3184 1629 3256 1685 ad
3287 1646 3504 1687 manus
3532 1630 3821 1699 venisset,

389 1713 654 1769 Historiae
685 1714 913 1771 Ottonis
954 1733 1082 1788 cap.
1127 1716 1216 1783 15,
1249 1717 1385 1772 inde
1415 1718 1487 1772 ab
1518 1719 1613 1773 His
1663 1717 1825 1773 dictis
1857 1733 2043 1791 usque
2154 1733 2224 1772 ex
2253 1715 2554 1772 codicibus
2584 1715 3083 1787 Bruxellensibus,
3109 1718 3585 1776 Londinensibus
3615 1723 3674 1776 et
3693 1721 3821 1775 Au-

390 1819 517 1875 cap.
547 1804 637 1872 20,
672 1805 736 1858 ob
783 1804 1139 1861 elemosinam
1178 1806 1404 1862 adnexa
1443 1811 1602 1863 sunt.
1637 1807 1773 1872 Qua:
1805 1807 2044 1880 quidem
2154 1805 2385 1862 striaeis
2421 1805 2788 1878 collegeram,
2819 1806 3022 1877 recisa,
3053 1824 3153 1865 eas
3178 1811 3410 1864 tantum
3443 1809 3649 1865 afferre
3685 1807 3821 1880 pla-

390 1908 552 1964 aeque
578 1908 665 1948 ac.
2072 1933 2121 1998 Β
2155 1893 2460 1960 cuit,unde
2485 1894 2747 1952 diversas
2758 1895 3022 1952 codicum
3038 1896 3256 1953 classes
3277 1912 3593 1970 agnoscere
3614 1896 3818 1953 datur.

457 1983 517 2049 7)
547 1981 609 2037 C.
659 1981 1050 2039 Bruxeliensis
1097 1984 1283 2039 chart.
1316 1985 1378 2041 in
1429 1984 1526 2041 fol.
1562 2002 1693 2041 saec.
1736 2003 1852 2052 xvr,
1903 1985 2043 2041 olim
2074 1981 2121 1998 ”
2154 1983 2313 2038 Idem
2331 1983 2392 2038 in
2410 1984 2874 2056 corruptissimis
2894 1984 3221 2041 editionum
3244 1984 3597 2043 lectionibus
3615 1986 3823 2042 obser-

390 2069 625 2124 Antonii
649 2070 824 2126 Cauci
855 2070 1276 2145 archiepiscopi
1306 2072 1702 2145 Coriphensis,
1736 2078 1812 2129 et.
2153 2072 2300 2127 vavi.
2331 2073 2486 2129 Auro
2519 2072 2677 2130 enim
2707 2073 3027 2146 purissimo
3058 2074 3317 2144 decocto,
3354 2074 3607 2132 scoriam
3638 2073 3819 2130 relin-

465 2159 521 2226 8)
542 2158 613 2213 ‘C.
664 2159 1088 2216 Ambrosianus
1136 2160 1319 2218 chart.
1376 2178 1507 2218 saec.
1538 2180 1651 2230 xVI,
1702 2163 1803 2235 qui
1834 2163 2043 2220 iisdem
2155 2177 2333 2233 quere
2360 2160 2633 2217 delectat.

393 2246 591 2304 verbis
626 2264 692 2304 ac
722 2248 987 2305 edtiones
1016 2250 1252 2320 desinit,
1290 2250 1372 2306 ita
1400 2256 1738 2323 comparata
1759 2258 1945 2321 erant,
1978 2257 2047 2308 ut
2227 2249 2560 2323 Legationis
2589 2248 2855 2307 libellum
2889 2266 2924 2305 a
2946 2249 3177 2306 Canisio
3210 2268 3330 2307 una
3357 2266 3491 2307 eum
3522 2248 3819 2309 chronicis

394 2334 469 2392 iis
499 2336 559 2392 in
592 2353 741 2394 nova
764 2337 1018 2395 editione
1047 2339 1287 2396 omnino
1320 2356 1425 2397 nos
1456 2356 1652 2397 carere
1681 2357 1852 2412 posse
1882 2341 2047 2398 intel-
2153 2339 2406 2397 Victoris
2436 2340 2858 2396 Tunnunensis
2880 2343 2937 2395 et
2965 2340 3211 2396 Joannis
3232 2338 3605 2397 Biclariensis
3627 2342 3821 2416 Ingol-

395 2422 657 2497 ligerem.
2156 2429 2331 2485 stadii
2362 2447 2415 2486 a.
2450 2430 2588 2485 1600
2618 2430 2771 2485 in-li0
2813 2428 3073 2500 primum
3100 2428 3459 2501 evulgatum,
3492 2429 3754 2503 indeque
3784 2448 3819 2487 a

467 2512 1097 2585 Liudprandihistoriaa
1112 2517 1421 2573 undecimo
1434 2518 1847 2574 etduodecimo
1863 2535 2041 2575 smcu-
2156 2518 2402 2575 Baronio
2432 2518 2504 2574 ad
2536 2535 2631 2574 an.
2654 2519 2782 2586 968,
2799 2517 3120 2573 Muratorio
3151 2518 3253 2574 SS.
3281 2518 3377 2585 11.,
3400 2522 3458 2574 et
3485 2518 3810 2576 Niebuhrio

391 2601 447 2657 lo
461 2602 532 2658 ab
545 2602 841 2659 historicis
859 2605 914 2660 in
937 2622 1080 2661 usus
1098 2622 1237 2662 suos
1249 2622 1537 2662 conversae
1556 2608 1792 2674 sunt,ab
1810 2612 2046 2665 auctore
2156 2624 2287 2664 meo
2312 2610 2454 2663 tom.
2478 2607 2554 2662 ΧΙ
2579 2607 2676 2663 SS.
2705 2606 2943 2679 Byzant,
2969 2607 3302 2678 repetitum,
3319 2607 3447 2678 jam
3465 2607 3621 2663 edita
3639 2609 3819 2664 Anta-

391 2690 537 2746 Vitae
568 2692 754 2747 sancti
804 2693 1046 2749 Gerardi
1084 2694 1439 2761 Broniensis,
1484 2695 1828 2753 Ekkehardo
1860 2697 2044 2753 Urau-
2157 2696 2360 2769 podosi
2392 2698 2451 2751 et
2478 2694 2734 2751 Historia
2758 2694 2987 2751 Ottonis
3020 2694 3379 2768 Liudprandi
3402 2696 3695 2753 scribendi
3719 2715 3816 2754 ra-

395 2779 603 2853 giensi,
627 2780 979 2854 chronologo
1012 2783 1294 2848 Farfensi,
1327 2787 1383 2839 et
1431 2784 1730 2856 Sigeberto
1770 2786 2047 2843 Gembla-
2156 2785 2375 2840 tionem
2404 2787 2463 2839 et
2491 2786 2755 2839 textuum
2786 2782 3220 2856 corruptionem
3243 2785 3485 2856 experti,
3523 2785 3814 2842 intactum

397 2868 593 2937 censi;
628 2869 840 2926 saeculo
870 2887 970 2926 xm
1002 2871 1074 2926 ab
1104 2870 1367 2928 Alberico
1399 2873 1607 2929 Trium
1631 2874 1905 2930 Fontium
1929 2891 2049 2931 mo—
2158 2872 2506 2945 relinquere,
2538 2871 2673 2929 licet
2701 2872 2900 2928 codice
2928 2872 3101 2929 unico
3127 2873 3456 2930 Trevirensi
3485 2874 3812 2947 deperdito,

398 2957 625 3027 nacho,;
647 2958 856 3015 saeculo
887 2976 984 3015 XIV
1009 2959 1082 3016 ab
1114 2960 1359 3016 Henrico
1382 2962 1453 3017 de
1482 2961 1805 3032 Hervodia;
1838 2963 2047 3019 saeculo
2158 2961 2321 3017 nefas
2350 2960 2647 3030 duximus,
2681 2965 2856 3034 atque
2887 2977 3061 3034 opere
3099 2966 3371 3034 suscepto
3401 2966 3608 3035 praeter
3646 2980 3813 3036 spem

398 3064 473 3101 xv
521 3063 556 3101 a
602 3046 922 3104 Trithemio
952 3048 1163 3104 abbate
1200 3050 1671 3122 Spanheimensi.
1719 3052 2046 3108 Editionem
2157 3051 2375 3106 factum
2399 3054 2511 3119 est,
2547 3049 2770 3106 utlocis
2794 3049 3098 3107 nonnullis
3118 3049 3314 3123 magni
3338 3051 3620 3107 momenti
3648 3068 3817 3108 sana-

399 3135 745 3209 prineipem,
779 3140 846 3192 ut
870 3154 1049 3209 supra
1072 3140 1548 3206 memoravimus,
1581 3157 1735 3197 anno
1758 3141 1894 3195 1514
1925 3139 2050 3195 vul-
2156 3138 3158 3212 tumlectoribusproponerejliceat.
3180 3138 3555 3212 Legationem
3579 3139 3813 3196 «livore

399 3229 617 3297 gatam,
669 3225 986 3298 Hervagius
1033 3226 1093 3281 in
1120 3227 1373 3284 editione
1422 3227 1742 3285 Basileensi
1776 3246 1870 3283 an.
1907 3229 2049 3283 1532
2085 3297 2115 3302 _
2155 3231 2211 3284 et
2239 3227 2371 3283 odio
2402 3227 2634 3301 plenam
2664 3245 2867 3284 verum
2899 3228 2988 3284 sic
3022 3244 3257 3302 quoque
3289 3229 3359 3284 ad
3393 3245 3588 3285 rerum
3619 3228 3815 3302 cogni-

402 3314 654 3385 repetiit,
685 3297 943 3370 adhibito
972 3319 1166 3372 tamen
1189 3317 1391 3390 paucis
1419 3317 1479 3373 in
1501 3317 1645 3374 locis
1675 3317 1857 3373 codici
1878 3317 2041 3372 bonae
2074 3297 2117 3364 (ἶ
2155 3316 2374 3372 tionem
2398 3297 2775 3373 utilissimam
2802 3339 2830 3367 »
2857 3297 3213 3375 Niebuhrius
3245 3317 3552 3390 praedicat;
3578 3297 3817 3374 etLiud-

401 3407 571 3470 notae,
604 3404 777 3474 cujus
806 3404 1157 3461 lectionesin
1176 3406 1596 3463 textuabinde
1614 3411 2042 3463 remanserunt.
2156 3406 2366 3479 prandi
2417 3407 2476 3461 in
2527 3423 2596 3462 ea
2642 3407 2904 3463 animum
2938 3407 3155 3480 vigoris
3201 3411 3260 3463 et
3310 3406 3653 3480 eloquentiae
3703 3404 3819 3468 sib!

401 3492 546 3547 Nam
578 3492 790 3548 librum
824 3494 1215 3553 Basileensem
1248 3495 1505 3551 universi
1538 3498 1740 3567 postea
1768 3494 2044 3566 editores,
2157 3501 2371 3569 parata:
2397 3496 2621 3569 apicem
2654 3496 2940 3569 attigisse,
2974 3514 3169 3553 rerum
3202 3513 3405 3554 earum
3438 3495 3691 3554 studiosi
3714 3497 3816 3570 ju-

400 3582 609 3642 Justus
636 3583 937 3641 Reuberus
962 3584 1020 3640 in
1047 3585 1150 3644 SS.
1173 3603 1247 3643 an
1277 3586 1415 3642 1584
1434 3588 1491 3642 et
1520 3583 1681 3653 l519,
1700 3583 2047 3642 Laurentius
2159 3586 2459 3643 dicabunt.
