3962 6374
494 395 610 463 ’783

3760 399 3882 479 ’ἔβλ

1201 728 1274 814 Ν
1280 729 1671 817 ΟΤΙΤΙΑ
1730 725 2154 815 BIBLIO(

2280 724 2677 814 APHICA
2735 724 3191 814 ALTERA

1885 904 1957 960 IN
1999 902 2524 960 LIUTPRANDUM

957 1058 1143 1130 (Apud
1176 1057 1506 1113 Fabricium
1538 1055 1868 1112 Bibliotheca
1910 1054 2110 1112 media:
2139 1062 2189 1111 et
2218 1056 2430 1125 inﬁmae
2457 1056 2800 1123 Latinitatis,
2832 1058 2975 1110 tom.
3011 1054 3103 1123 IV,
3136 1069 3269 1128 pag.
3300 1054 3453 1123 291.)

570 1345 998 1411 Lunrrmsnus,
1024 1344 1155 1401 aliis
1186 1344 1571 1416 Liutpramlus,
1624 1342 2007 1407 Litobramlus,
2039 1344 2148 1396 Eu-
2180 1342 2232 1408 Α
2261 1342 2387 1408 417,
2420 1341 2518 1397 ubi
2550 1340 2725 1396 etiam
2755 1340 2947 1397 varias
2996 1340 3274 1397 lectiones
3313 1357 3383 1397 ex
3424 1340 3621 1397 tribus
3648 1354 3781 1396 mss.
3809 1355 3881 1395 co-

496 1435 744 1497 tramlus,
778 1438 909 1500 etc.,
944 1433 1268 1488 Trithemio
1299 1450 1418 1504 cap.
1456 1434 1579 1500 362,
1615 1450 1683 1487 ex
1714 1431 1889 1504 Papia
1920 1430 2150 1486 civitate

498 1531 823 1599 oriundus;
858 1530 988 1587 aliis
1019 1531 1216 1586 minus
1249 1530 1629 1603 probabiliter
1658 1530 2148 1602 Hispanus,ccrte

498 1645 532 1683 a
546 1628 1214 1700 LuitprandoTolctano,
1235 1627 1430 1699 siquis
1447 1628 1576 1696 fuit,
1604 1626 1846 1683 diacono
1860 1626 2147 1694 diversus,

499 1722 674 1789 atque
705 1734 773 1772 ex
803 1717 1047 1771 diacono
1083 1717 1377 1773 Ticinensi
1399 1718 1517 1772 sive
1538 1716 1806 1789 Papiensi
1841 1718 2153 1788 cpiscopus

500 1805 908 1862 Cremonensis
932 1811 987 1862 et
1008 1806 1238 1862 duabus
1257 1805 1647 1879 legationibus
1670 1805 2148 1877 Constantinopo.

501 1894 605 1950 lim
640 1896 1001 1969 perfunctus,
1035 1913 1154 1952 una
1184 1913 1217 1951 a
1246 1894 1593 1968 Berengario
1625 1895 1675 1951 ΙΙ
1710 1894 2048 1951 marchionc
2080 1893 2151 1948 ad

503 1984 952 2041 Constantinum
1001 1984 1563 2057 Porphyrogenitum
1612 1984 1754 2056 imp.
1796 2001 1891 2040 an.
1938 1984 2065 2051 946,
2099 1986 2156 2038 et

507 2079 689 2135 altera
717 2080 789 2134 ab
809 2078 1032 2134 Othone
1055 2079 1238 2150 Iimp,
1257 2081 1501 2150 ejusque
1532 2078 1653 2134 ﬁlio
1674 2079 1747 2134 ad
1764 2079 2154 2151 Nicephorum

506 2176 761 2232 Phocam
794 2193 946 2231 anno
976 2176 1100 2230 968.
1134 2175 1215 2230 De
1246 2191 1313 2230 eo
1345 2176 1490 2231 satis
1533 2174 1840 2248 diligenter
1887 2177 2157 2233 Labbeus

508 2272 651 2322 tom.
687 2265 756 2332 II,
779 2266 951 2337 p.33,
984 2265 1054 2320 de
1094 2264 1153 2320 S.
1186 2265 1250 2319 E.
1278 2281 1293 2333 ;
1334 2263 1555 2320 Caveus
1588 2265 1658 2319 ad
1677 2282 1771 2319 an.
1803 2266 1942 2332 940;
1982 2266 2157 2320 Fran-

510 2366 699 2420 ciscus
728 2362 955 2418 Arisius
978 2362 1035 2416 in
1061 2378 1333 2417 cremona
1362 2360 1637 2430 litterata,
1670 2367 1812 2418 tom.
1847 2362 1890 2428 Ι,
1924 2380 2056 2434 pag.
2089 2366 2160 2418 58

508 2472 629 2527 seq.
650 2472 663 2523 ;
696 2458 871 2524 atque
898 2454 955 2507 in
979 2451 1187 2523 primis
1209 2450 2157 2522 NicolausAntonius,VI,16,Bibl.

506 2541 716 2599 veteris
750 2541 1038 2611 Hispanas.
1060 2537 1307 2610 Scripsit
1336 2538 1674 2607 Sigebertus
1705 2554 1830 2609 cap.
1868 2540 2006 2593 1260
2034 2538 2159 2594 lau-

508 2642 706 2696 datam
741 2641 1038 2694 Historiam
1062 2637 1125 2692 de
1154 2637 1316 2707 gestis
1348 2651 1535 2705 regum
1563 2643 1615 2690 et
1640 2637 2032 2707 imperatorum
2073 2638 2164 2691 sui

511 2732 787 2800 temporis,
841 2745 1007 2799 quam
1063 2726 1367 2781 attitulavit
1398 2725 1783 2796 Antapodosin,
1810 2725 1865 2779 id
1900 2730 1987 2780 est
2004 2727 2163 2780 retri-
2192 2712 2239 2777 B

512 2820 792 2874 butionem
822 2817 983 2887 (48⁸),
1028 2812 1325 2870 luculento
1368 2817 1425 2868 et
1473 2813 1695 2868 alterno
1726 2814 1840 2884 (49)
1879 2813 2050 2885 style,
2084 2815 2155 2869 ad
2194 2812 2201 2821 '

514 2914 949 2988 Regimundum
990 2912 1111 2982 [al.,
1162 2911 1597 2983 Roymundum,
1643 2911 1743 2977 aL,
1777 2912 2159 2967 Tractemun-

514 3005 675 3070 dum]
720 3002 1060 3074 episcopum
1110 2998 1475 3055 Eliberitanaa
1536 2998 1802 3055 Ecclesia:
1870 3000 2161 3072 Hispano-

512 3109 665 3149 rum.
697 3092 857 3147 Idem
888 3106 1038 3161 opus
1086 3087 1446 3143 Trithemius
1496 3104 1831 3144 memorans
1858 3096 2058 3158 septem
2091 3090 2160 3143 li-

514 3183 625 3238 bris
656 3180 738 3236 ait
785 3178 1143 3245 constitisse,
1179 3176 1280 3231 sed
1326 3192 1423 3231 sea:
1451 3180 1683 3231 tantum
1722 3177 1853 3231 libri
1900 3177 1957 3232 in
1989 3177 2161 3233 editis

512 3277 977 3351 conspiciuntur,
1010 3290 1115 3330 nec
1148 3273 1292 3329 sexti
1325 3272 1459 3329 libri
1498 3272 1689 3345 capita
1719 3290 1818 3329 sex
1840 3275 2163 3345 posteriora

509 3372 649 3425 sunt
673 3368 746 3423 ab
776 3366 903 3438 ipso
938 3363 1318 3435 Luitprando,
1350 3363 1451 3418 sed
1474 3363 1546 3418 ab
1568 3362 1682 3419 alio
1709 3362 1919 3419 deinde
1939 3364 2161 3433 addita,

509 3462 575 3514 ut
602 3455 872 3523 Vossius,
905 3469 1035 3526 pag.
1080 3453 1224 3520 345;
1253 3451 1533 3507 Baronius
1564 3452 1641 3507 ud
1692 3470 1786 3509 an.
1817 3456 1946 3524 963,
1993 3473 2158 3515 num.

504 3548 572 3615 3;
608 3546 861 3613 Miracus,
896 3559 1022 3614 cap.
1055 3542 1163 3596 270
1204 3540 1486 3611 Auctarii,
1533 3540 1750 3613 aliique
1783 3558 2161 3603 monuerunt.

508 3646 773 3700 Fortasse
804 3639 1112 3696 historiam
1143 3637 1450 3711 legationis
1473 3638 1829 3710 posterioris,
1851 3642 1921 3696 de
1938 3658 2056 3713 qua
2071 3642 2161 3698 in-

508 3733 614 3800 fra,
648 3729 1009 3786 Trithemius
1039 3744 1143 3799 pro
1175 3726 1424 3800 septimo
1456 3727 1604 3784 libro
1632 3727 1858 3785 habuit.
1884 3730 2039 3786 Libri
2076 3730 2161 3787 illi

509 3836 610 3875 sex
640 3816 842 3889 scripti
872 3816 1025 3871 inter
1066 3832 1161 3871 an.
1210 3816 1315 3869 957
1346 3821 1402 3871 et
1437 3817 1545 3870 960
1577 3817 1758 3887 (PAGI,
1791 3818 1860 3873 ad
1906 3836 1998 3875 an.
2030 3822 2160 3889 963,

511 3926 569 3963 n.
603 3907 677 3979 3),
712 3911 767 3962 et
800 3921 891 3959 res
937 3904 1257 3975 utriusque
1300 3905 1530 3977 imperii
1572 3907 1645 3961 ab
1676 3922 1771 3961 an.
1818 3908 1918 3963 891
1954 3910 2023 3964 ad
2053 3911 2162 3966 946

504 4004 967 4078 perstringentes
981 4001 1243 4075 prodiere
1259 4002 1408 4058 inter
1419 4003 1530 4059 scri
1538 4003 1775 4076 ptoresJ
1783 4005 1893 4060 usti
1911 4006 2160 4063 Reuberi

2259 1428 2489 1484 dicibus
2520 1428 2660 1485 bibl.
2694 1429 2966 1485 Caesarea:
3002 1430 3255 1502 reperies
3289 1446 3345 1501 p.
3378 1430 3537 1484 1078.

2329 1519 2639 1589 Legationis
2709 1519 2778 1573 ait
2841 1518 3204 1589 Nicephorum
3261 1519 3519 1587 Phocum,
3579 1535 3732 1574 anno
3791 1518 3877 1572 968

2261 1611 2564 1678 susceptas,
2592 1607 2880 1678 descriptio
2903 1607 3172 1663 dedicata
3200 1607 3529 1667 Othonibus
3554 1608 3823 1681 Augustis
3842 1611 3884 1661 et

2259 1694 2589 1750 Adclhcidas
2620 1694 3000 1768 imperatrici,
3051 1696 3207 1751 edita
3259 1696 3517 1769 primum
3552 1697 3627 1752 ab
3673 1696 3881 1752 Henrico

2262 1782 2493 1838 Canisio
2507 1800 2641 1838 cum
2660 1783 2961 1839 Chronicis
2974 1784 3223 1840 Victoris
3235 1785 3656 1842 Tunnunensis
3670 1802 3733 1841 ac
3746 1785 3882 1840 Joan-

2262 1872 2355 1947 nis
2402 1871 2794 1940 Biclariensis,
2847 1876 2905 1929 et
2935 1875 3156 1946 synodo
3208 1874 3482 1930 Bavarica
3513 1892 3609 1931 an.
3665 1876 3770 1928 772
3794 1873 3875 1929 sub

2264 1959 2569 2017 Tassilone
2587 1962 2753 2033 duce,
2778 1961 3096 2035 Ingolstad.
3116 1963 3421 2030 1600,4°,et
3431 1964 3585 2036 apud
3607 1962 3881 2018 Baronium

2264 2050 2337 2105 ad
2370 2067 2464 2104 an.
2497 2051 2622 2116 968,
2657 2068 2715 2104 η.
2751 2050 2813 2105 41
2850 2067 2997 2121 seq.,
3031 2050 3167 2105 etin
3202 2051 3560 2123 Luitprando
3584 2048 3879 2116 Ramiserii,

2263 2138 2544 2209 Antuerp.
2581 2138 2719 2192 1640
2741 2136 2862 2203 fol.,
2888 2142 2946 2193 et
2981 2142 3139 2192 tomo
3171 2140 3428 2194 secundo
3458 2139 3744 2197 Thesauri
3776 2138 3881 2195 scri-

2272 2229 2503 2296 ptorum
2549 2224 2725 2279 Italiae
2785 2224 3187 2280 Muratoriani.
3249 2227 3310 2281 In
3363 2226 3473 2282 hac
3530 2228 3881 2301 descriptione

2269 2311 2481 2385 prioris
2515 2329 2635 2367 suae
2660 2312 2969 2385 legationis
3001 2312 3270 2369 meminit
3292 2314 3697 2387 Luitprandus
3719 2335 3769 2391 p.
3791 2316 3877 2379 115,

2268 2400 2405 2456 edit.
2440 2401 2639 2472 prima:
2673 2400 2765 2456 his
2794 2400 2986 2457 verbis
3019 2402 3363 2472 Temporibus
3413 2405 3587 2459 beata:
3640 2406 3879 2461 θηθφηθηζφ

2272 2489 2622 2545 Constantini
2647 2492 2993 2562 imperatoris
3010 2491 3114 2546 huc
3144 2491 3754 2566 (Constantinopolim)
3770 2508 3878 2549 vene-

2269 2595 2411 2647 ram,
2444 2595 2553 2634 non
2596 2581 2896 2650 episcopus,
2929 2580 3020 2635 sed
3043 2581 3344 2636 diaconus:
3375 2596 3473 2635 nec
3501 2581 3571 2637 ab
3602 2584 3880 2655 imperatore

2269 2674 2366 2721 aut
2394 2683 2537 2737 rege,
2570 2668 2663 2722 sed
2694 2685 2727 2722 a
2758 2669 3093 2739 Barengario
3122 2669 3441 2725 marchione
3467 2672 3690 2740 missus,
3724 2676 3814 2728 etc.

2342 2756 2477 2811 Sola
2508 2755 2627 2811 hare
2660 2757 2774 2811 duo
2804 2757 3060 2828 genuina
3090 2761 3147 2813 et
3178 2757 3329 2813 lectu
3360 2758 3540 2832 digna
3582 2758 3879 2834 Luitprandi

2269 2844 2571 2917 opuscula.
2603 2845 2819 2901 Czetera
2867 2847 3261 2918 supposititia,
3299 2849 3633 2921 Chronicon,
3667 2851 3735 2907 ab
3763 2863 3878 2905 anno

2271 2932 2481 2989 Christi
2513 2936 2619 2987 606
2640 2935 2709 2989 ad
2733 2936 2859 3001 960,
2892 2938 2948 2991 et
2976 2935 3305 2993 Adversaria
3334 2937 3495 3008 (119'),
3529 2938 3591 2994 in
3623 2940 3815 3012 quibus
3836 2953 3877 3008 p.

2271 3023 2375 3077 464
2407 3022 2625 3078 mentio
2647 3022 2917 3079 Chronici
2941 3024 3011 3080 ad
3037 3026 3336 3081 Ileronium
3362 3031 3771 3085 Bracarencem
3790 3026 3877 3098 epi-

2271 3111 2857 3183 scopum,subjuncta
2886 3112 3062 3168 etiam
3100 3114 3172 3169 ad
3219 3115 3494 3171 eumdem
3527 3116 3879 3189 Epistolaliac

2272 3217 2407 3256 cum
2438 3200 2731 3273 prioribus
2763 3201 2821 3256 in
2855 3200 3044 3258 lucem
3077 3203 3215 3259 data
3245 3208 3418 3276 atque
3447 3203 3741 3262 illustrata
3767 3202 3881 3261 notis

2272 3290 2343 3345 ab
2367 3289 2716 3363 Hieronymo
2743 3290 2813 3346 de
2843 3288 2900 3346 la
2922 3290 3173 3365 Higuera
3194 3293 3252 3348 S.
3286 3294 3363 3362 J.,
3398 3298 3454 3350 et
3481 3295 3783 3352 Laurentio
3806 3294 3880 3348 Ra-

2272 3377 2506 3434 miresio
2536 3380 2608 3434 de
2630 3379 2815 3434 Prado
2835 3381 3114 3453 Antuerp.
3139 3382 3298 3447 1640,
3328 3382 3449 3451 fol.,
3476 3383 3748 3440 falsitatis
3774 3399 3878 3439 con-

2268 3467 2585 3523 vincuntur
2616 3484 2648 3523 a
2680 3468 2931 3535 Labbeo,
2963 3470 3143 3526 Caveo
3175 3470 3443 3545 aliisque,
3478 3474 3583 3529 sed
3619 3473 3878 3529 maximen

2270 3556 2503 3612 Nicolao
2550 3556 2799 3612 Antonio
2831 3561 2972 3615 tom.
3028 3558 3229 3615 IBibl.
3280 3561 3495 3617 veteris
3546 3562 3878 3635 Hispanam).

2269 3646 2377 3701 585
2406 3662 2531 3717 seq.

2343 3734 2531 3790 Etiam
2589 3738 2730 3792 Vitas
2773 3737 3098 3807 ponti/tcum
3141 3739 3518 3797 Romanorum
3565 3759 3600 3798 a
3646 3742 3702 3797 S.
3751 3741 3878 3794 Petro

2271 3840 2460 3896 usque
2489 3825 2560 3879 ad
2597 3826 2941 3881 Formosum
2966 3843 3199 3898 papam,
3225 3844 3377 3883 anno
3409 3830 3527 3886 895
3558 3831 3877 3889 defunctum,

2272 3930 2419 3985 quas
2433 3917 2558 3967 tum
2573 3930 2705 3968 cum
2724 3915 3028 3970 Anastasio
3052 3932 3153 3987 per
3171 3916 3475 3974 Abboncm
3500 3918 3875 3975 Floriacensem

2271 4005 2539 4074 excerpta
2573 4001 2757 4057 edidit
2779 4003 3037 4059 Joannes
3062 4005 3322 4075 Busazus,
3342 4006 3654 4079 Moguntim
3677 4006 3872 4072 1602A“.

507 4115 566 4171 p.
600 4097 687 4163 86,
722 4098 779 4149 et
808 4098 851 4149 t.
882 4092 957 4147 III
987 4092 1228 4148 Andreae
1262 4092 1340 4147 du
1367 4092 1613 4159 CheSne,
1646 4095 1865 4164 p.562,
1907 4100 1964 4150 et
2006 4096 2156 4154 inter
2174 4082 2229 4147 Β
2268 4089 2449 4145 alium
2481 4104 2661 4162 quam
2681 4091 3106 4163 Luitprandum
3138 4099 3194 4150 et
3224 4096 3420 4167 potius
3444 4098 3785 4154 Germanum
3803 4094 3873 4149 ha-

507 4182 851 4258 Luitprandi
883 4182 1070 4254 Opera
1112 4185 1391 4253 Antuerp.
1444 4183 1605 4250 1640,
1654 4181 1774 4250 τοι,
1808 4189 1864 4237 et
1909 4183 1967 4239 in
2004 4186 2153 4241 The-

502 4292 678 4333 sauro
725 4274 1075 4346 scriptorum
1102 4270 1279 4327 Italiae
1330 4270 1745 4337 Muratoriano,
1792 4275 1932 4328 tom.
1987 4276 2059 4344 Il,
2095 4294 2151 4349 p.

574 4439 714 4510 με.)
742 4434 977 4510 Ριῖορνίφ
1017 4433 1233 4510 librum
1277 4430 1516 4510 tertium
1546 4440 1806 4510 ’Awtaogw
1855 4436 2154 4510 inscripsit

504 4501 921 4569 Luitbrandus,
956 4505 1012 4557 in
1048 4501 1460 4575 Berengarium
1487 4520 1520 4575 a
1542 4520 1657 4575 quo
1679 4508 1934 4563 otl‘ensus
1967 4501 2155 4566 fuerat

498 4579 744 4647 ejusque
762 4577 1071 4647 conjugem
1090 4573 1330 4647 Willam
1356 4573 1635 4631 invehens
1653 4592 1717 4632 ac
1735 4578 1991 4636 vicissim
2011 4581 2154 4637 cele-

499 4645 680 4706 brans
710 4646 854 4703 bene
887 4645 957 4701 de
987 4661 1048 4700 se
1081 4645 1339 4701 meritos.

2267 4179 2401 4234 bere
2433 4183 2751 4249 auctorem,
2783 4183 2840 4234 et
2869 4181 3028 4252 ipsas
3060 4198 3293 4255 quoque
3316 4200 3384 4240 ex
3408 4186 3708 4244 Anastasio
3726 4198 3871 4241 excer-

2266 4272 2395 4339 ptas
2428 4271 2706 4325 notarunt
2732 4268 2980 4327 Vossius
3010 4270 3244 4345 aliique.

2336 4447 2691 4523 (t9)P_art_im
2724 4448 2936 4523 soluta,
2970 4452 3181 4523 partim
3216 4453 3421 4511 stricta
3452 4458 3724 4513 oratione.

2337 4520 2475 4590 (49‘)
2509 4520 2572 4574 In
2599 4519 2690 4575 his
2711 4519 3074 4578 Adversariis
3101 4524 3295 4580 Fuldaa
3314 4543 3375 4583 se
3401 4524 3861 4585 Bibliothecarium

2263 4588 2557 4647 fuisse'ait
2586 4607 2760 4664 pagg.
2795 4594 2919 4662 475,
2955 4596 3057 4649 483
3089 4596 3216 4651 490.
