3962 6384
127 381 235 446 789
1098 391 1716 460 ANTAPODOSEOS
1759 397 1968 463 LIBRI
2014 401 2189 465 SEX.
2220 437 2300 452 -—
2327 406 2476 468 LIB.
2522 407 2569 470 Ι.
3418 409 3540 476 ’790

124 534 251 602 locta
275 535 427 590 αὑτοῦ
459 544 530 587 en
559 528 602 586 ti
635 521 992 587 echmalosia
1020 529 1181 599 antu,
1211 529 1268 586 id
1301 533 1387 588 est
1419 530 1479 586 in
1511 532 1767 608 peregri-
1795 531 1851 601 Α
1880 541 1969 596 21.
2004 539 2264 606 Qualiter
2292 541 2352 598 in
2385 541 2580 600 duello
2613 541 3032 617 Langobardus
3063 545 3412 619 Bagoarium
3439 564 3536 606 oc-

124 618 342 676 natione
373 621 502 692 ejus
531 620 575 689 ³,
598 620 680 699 _ad
713 620 1177 691 Recemundum,
1206 619 1499 693 Hispania:
1530 624 1763 694 provin-
1948 630 2172 688 ciderit.

122 708 204 763 tiae
235 709 609 766 Liberritanae
641 709 899 766 ecclesia:
931 709 1295 781 episcopum,
1329 711 1542 767 editus.
1873 722 1964 774 22.
1995 720 2072 775 Dc
2103 721 2348 778 Arnulfo
2389 737 2543 796 rege,
2581 725 2705 796 qui,
2741 724 3022 781 invitante
3068 727 3438 799 Berengario,
3473 728 3533 783 in

125 799 164 851 ι.
195 797 215 831 ³
242 797 664 854 Prohoemium.
1946 809 2173 866 Italiam
2202 813 2380 869 venit.

117 885 164 940 2.
193 886 268 942 De
297 887 537 944 castello
571 887 891 943 Fraxineto
922 890 944 923 ⁴
972 892 1030 944 et
1063 889 1180 944 situ
1214 890 1363 960 ejus.
1873 899 1960 954 23.
1998 902 2162 966 Quod
2188 901 2374 958 isdem
2403 902 2688 959 Arnulfus
2718 905 3072 977 Pergamum
3105 905 3406 977 ceperit,et
3437 922 3530 961 co-

114 975 160 1029 3.
192 975 450 1039 Qualiter
468 977 736 1032 Saraceni
772 977 1145 1032 Fraxinetum
1178 979 1343 1050 prius
1374 979 1567 1051 adepti
1619 981 1756 1036 sint.
1944 990 2145 1064 mitem
2174 991 2552 1048 Ambrosium
2587 975 2980 1066 suspenderit.

117 1065 162 1129 4,
192 1065 444 1129 Qualiter
470 1066 693 1122 invidia
724 1066 1173 1123 Provincialium
1197 1071 1252 1124 et
1281 1067 1427 1141 ipsis
1461 1069 1757 1126 invitanti-
1869 1079 1959 1133 24.
1995 1079 2075 1133 De
2105 1079 2645 1138 Mediolanensibus
2677 1065 2735 1138 et
2763 1083 3168 1154 Papiensibus,
3197 1082 3297 1155 qui
3331 1084 3402 1138 ad
3434 1085 3533 1138 Ar-

177 1153 283 1210 bus
311 1156 586 1212 Saraceni
618 1155 982 1212 Provinciam
1013 1158 1464 1215 devastaverint.
1941 1167 2173 1223 null‘um
2205 1174 2509 1226 venerunt.

112 1243 158 1306 5,
188 1245 322 1307 Quis
354 1245 674 1318 imperator
704 1249 830 1301 tum
872 1247 1073 1302 Grecis
1122 1253 1364 1318 praeerat
1413 1249 1511 1320 qui
1543 1248 1754 1320 Bulga-
1866 1259 1953 1311 25.
1992 1263 2067 1312 De
2100 1259 2238 1331 fuga
2267 1259 2540 1315 Widonis
2572 1261 2644 1315 ob
2676 1261 3008 1316 Arnulfum.

173 1331 290 1401 riis,
325 1335 644 1406 Bagoariis,
681 1336 943 1403 Francis,
975 1337 1328 1404 Saxonibus,
1363 1338 1751 1405 Suevis,ltali-
1865 1350 1952 1401 26,
1989 1347 2396 1404 Exhortatoria
2426 1349 2642 1405 locutio
2673 1349 2901 1424 Amulli
2936 1351 3005 1405 ad
3042 1368 3326 1424 pugnam.

168 1421 268 1489 cis,
303 1440 471 1496 reges
504 1431 811 1497 praeerant,
840 1425 931 1481 vel
959 1426 1094 1498 quis
1113 1427 1294 1481 Rome
1319 1443 1471 1498 papa
1499 1426 1753 1483 habeba-
1861 1438 1952 1490 27.
1989 1436 2248 1499 Qualiter
2279 1438 2464 1492 Roma
2494 1439 2789 1494 Leoniana
2811 1421 2888 1495 sit
2919 1421 3108 1510 capta.

169 1514 281 1565 tur.
1862 1525 1951 1579 28.
1986 1526 2148 1590 Quod
2179 1525 2462 1581 Arnuli'us
2492 1531 2730 1599 propter
2759 1529 3104 1583 Formosum
3131 1546 3342 1601 papam
3379 1529 3526 1583 mul-

161 1600 213 1653 6.
248 1599 364 1656 Cur
398 1603 508 1659 Leo
530 1602 855 1675 imperator
884 1604 962 1659 sit
991 1603 1750 1676 Porphyrogenitusdictus.
1935 1617 2027 1668 tos
2060 1614 2456 1669 Romanorum
2492 1615 2778 1670 decollare
2811 1617 3103 1688 praecepit.

100 1688 146 1740 7.
178 1687 258 1744 De
288 1690 466 1747 domo
498 1692 818 1764 Porphyra,
854 1692 988 1764 quis
1017 1708 1148 1748 eam
1178 1691 1553 1758 ediﬁcaverit,
1861 1703 1951 1756 29.
1986 1703 2103 1758 Cur
2127 1705 2281 1757 esset
2312 1701 2624 1758 inimicitia
2652 1703 2805 1759 inter
2836 1687 3180 1760 Formosum
3222 1710 3278 1761 et
3306 1708 3517 1763 Roma-

95 1777 142 1830 8.
169 1777 246 1832 De
277 1780 624 1852 genealogia
663 1780 885 1849 Basilii,
919 1784 975 1836 et
1006 1779 1263 1852 qualiter
1295 1780 1620 1852 imperator
1647 1782 1749 1836 Mi-
1935 1808 2062 1846 nos.

154 1865 331 1965 chael
362 1868 424 1972 in
459 1867 688 1972 palatio.
704 1868 1175 1972 eu‘m‘rec-eperit.
1412 1958 1424 1970 .
1552 1963 1561 1972 ι
1783 1907 1828 1972 Β
1861 1880 1949 1935 30.
1983 1881 2064 1936 De
2095 1881 2292 1954 Sergio
2344 1898 2516 1954 papa,
2563 1881 2663 1954 qui
2711 1883 3058 1939 Formosum
3116 1886 3186 1940 de
3245 1885 3514 1958 sepulcro

90 1953 132 2008 9.
172 1959 256 2009 De
291 1955 638 2012 infirmitate
666 1957 1011 2014 Michahelis
1039 1959 1061 1993 ⁵
1091 1957 1483 2030 imperatoris,
1514 1963 1570 2015 et
1600 1976 1750 2031 qua-
1783 1953 1828 1972 υ
1925 1969 2109 2040 jussit
2135 1953 2438 2026 extrahere
2469 1953 2888 2043 mortuumque
2918 1973 3225 2045 deponere.

150 2040 297 2097 liter
329 2059 364 2097 a
397 2044 610 2100 Basilio
641 2045 720 2102 sit
750 2046 1113 2113 interfectus,
1143 2051 1200 2102 et
1259 2047 1384 2120 ipse
1434 2047 1754 2120 imperator
1859 2057 1948 2114 3l.
1982 2058 2064 2114 De
2095 2076 2335 2131 corpore
2367 2060 2628 2115 Formosi
2683 2078 2718 2115 a
2767 2040 2968 2134 Sergio
2991 2040 3074 2116 —in
3129 2063 3347 2118 ﬂumen
3380 2081 3514 2135 pro-

152 2129 424 2186 effectus.
917 2222 924 2224 Α
1921 2147 2098 2218 jecto,
2133 2129 2309 2219 atque
2338 2165 2372 2203 a
2400 2147 2794 2220 piscatoribus
2832 2129 3086 2217 invento,
3120 2155 3178 2206 et
3207 2151 3280 2206 ab
3309 2129 3515 2224 imagi-

99 2220 170 2273 10.
205 2218 289 2274 De
321 2235 390 2274 eo
424 2221 581 2290 quod
616 2222 870 2278 Basilius
911 2222 970 2278 in
1017 2224 1240 2278 somnis
1292 2223 1599 2279 dominum
1640 2241 1741 2280 no-
1929 2235 2106 2291 nibus
2138 2218 2478 2292 sanctorum
2510 2236 2780 2293 salutato.

153 2311 351 2363 stram
391 2308 597 2364 Jesum
646 2311 947 2367 Christum
1009 2329 1072 2368 se
1128 2311 1599 2384 interpellantem
1641 2330 1745 2385 PFO
1854 2325 1941 2379 32.
1978 2325 2238 2390 Qualiter
2277 2325 2558 2381 Arnulf‘us
2610 2331 2871 2383 castrum
2921 2329 3203 2386 vocabulo
3249 2331 3511 2386 Firmum

157 2400 341 2453 morte
361 2397 705 2455 Michahelis
731 2399 896 2464 vidit,
931 2405 986 2456 et
1017 2402 1089 2456 de
1119 2400 1431 2457 elimosiua
1461 2418 1640 2471 quam
1672 2402 1747 2458 is-
1927 2413 2238 2481 obsederit,
2272 2418 2330 2470 et
2377 2431 2411 2470 θ,
2454 2415 2724 2472 Widonis
2775 2433 2953 2473 uxore
3006 2418 3376 2474 mortiferum
3407 2436 3510 2490 po-

157 2485 289 2541 dem
323 2485 581 2543 Basitius
611 2489 764 2544 fecit.
1925 2507 2052 2557 tum
2083 2503 2391 2575 acceperit.

99 2571 174 2627 11.
207 2573 468 2637 Qualiter
501 2577 613 2632 Leo
645 2577 962 2650 imperator
992 2597 1026 2635 a
1057 2580 1181 2634 suis
1200 2579 1277 2635 sit
1305 2584 1479 2634 noctu
1512 2583 1742 2651 captus,
1850 2592 1938 2645 33.
1975 2591 2054 2646 De
2085 2571 2319 2646 malieia
2350 2607 2526 2663 quam
2558 2592 2785 2647 Arnulfi
2817 2592 3086 2649 homines
3121 2595 3395 2650 fecerant.

157 2665 217 2717 et
243 2679 360 2718 non
393 2664 632 2737 agnitus
662 2667 928 2723 custodia
957 2669 978 2702 ⁸
1007 2667 1258 2723 traditus
1286 2672 1461 2739 atque
1494 2667 1744 2739 ﬂagella-
1853 2681 1940 2734 34.
1975 2680 2055 2734 De
2077 2680 2269 2735 reditu
2299 2680 2523 2735 Arnulfi
2557 2685 2614 2736 et
2643 2682 3053 2753 prosecutione
3082 2683 3374 2739 Widonis.

161 2753 272 2816 tus,
306 2757 364 2807 et
387 2753 643 2824 qualiter
671 2761 870 2812 custos
898 2756 1149 2813 carceris
1179 2773 1312 2812 eum
1344 2756 1657 2823 dimiserit,
1689 2761 1744 2812 et
1855 2769 1942 2823 35,
1976 2768 2137 2832 Quod
2171 2767 2356 2823 Italici
2390 2769 2459 2824 de
2501 2769 2744 2826 Arnulfo
2801 2787 2919 2826 non
2979 2772 3282 2841 curabant,
3348 2778 3405 2829 et
3437 2774 3508 2828 de

160 2841 309 2911 quod
341 2841 473 2914 ipse
506 2843 826 2917 imperator
857 2863 918 2901 se
950 2863 1066 2901 non
1101 2845 1461 2918 ﬂagellanles
1495 2845 1741 2918 7,ﬂagel-
1923 2858 2202 2913 Anscario
2234 2857 2571 2914 marchione
2605 2859 2705 2931 qui
2738 2860 2794 2914 in
2825 2860 3110 2933 Eporegia
3136 2860 3406 2917 latitavit.

163 2926 378 2998 laverit,
417 2934 476 2986 et
507 2932 869 3005 ﬂagellantes
902 2935 1292 2991 honoraverit.
1851 2947 1939 3002 36.
1978 2950 2056 3000 De
2086 2946 2241 3018 turpi
2275 2951 2460 3002 morte
2491 2926 2711 3002 Arnulﬁ
2745 2926 2919 3019 regis.
3014 2926 3046 2933 ν
3328 2937 3333 2941 ’

103 3015 176 3070 12.
210 3017 282 3074 De
310 3021 538 3092 optimo
569 3021 708 3078 ludo
740 3040 916 3094 quem
952 3025 1138 3079 isdem
1174 3025 1283 3079 Leo
1315 3023 1634 3096 imperator
1658 3024 1741 3078 ἴε·
1850 3034 1938 3090 37.
1974 3034 2055 3090 De
2087 3015 2271 3090 morte
2301 3035 2571 3092 Widonis
2603 3037 2775 3110 regis,
2810 3015 2867 3092 et
2896 3037 3177 3095 electione
3210 3041 3506 3097 Lamberti

157 3107 248 3174 cit,
280 3109 352 3164 de
382 3110 820 3168 dormientibus
849 3118 906 3169 et
938 3113 1200 3170 nummis
1237 3113 1450 3169 aureis.
1921 3125 2050 3194 ejus
2084 3123 2209 3191 filii,
2247 3124 2345 3196 qui
2379 3129 2468 3180 est
2500 3142 2598 3181 rex
2619 3107 3000 3183 cenatitutus.

101 3193 170 3248 l3.
199 3195 311 3252 Cur
336 3199 627 3256 Arnulfus
653 3218 752 3257 rex
783 3201 978 3259 clusas
1011 3202 1265 3274 fregerit,
1293 3207 1348 3258 et
1383 3201 1738 3275 llungarios8
1779 3276 1812 3285 Α
1851 3193 2045 3268 38ξυθ
2072 3193 2409 3285 expulsione
2452 3215 2743 3271 Lamberti
2776 3220 2834 3272 et
2890 3217 3251 3274 revocatione
3303 3220 3509 3275 Beren-

159 3285 304 3342 exire
335 3289 697 3361 permiserit.
1771 3276 1813 3342 C
1923 3303 2092 3373 garii.

104 3372 174 3426 14.
203 3374 277 3432 De
306 3379 561 3436 Widone
592 3385 648 3436 et
678 3381 1047 3455 Berengario,
1083 3381 1183 3453 qui
1226 3382 1564 3452 juramento
1597 3380 1741 3436 ami-
1851 3372 1946 3445 39.
1977 3395 2054 3445 De
2105 3377 2466 3462 Maginl‘redo
2524 3392 2756 3460 comite,
2791 3392 2892 3462 qui
2951 3393 3275 3450 decollatus
3335 3400 3426 3450 est
3476 3413 3510 3450 a

152 3466 336 3528 citium
362 3475 752 3529 firmaverunt
795 3487 973 3542 quam
1008 3488 1123 3526 non
1179 3470 1652 3539 observaverunt,
1686 3472 1745 3524 et
1925 3479 2228 3534 Lamberto
2256 3479 2328 3533 ob
2362 3478 2762 3535 rebellionem.

159 3571 304 3641 quod
334 3562 690 3638 hujusmodi
719 3560 978 3617 amicitia
1009 3558 1225 3614 servari
1261 3575 1374 3613 non
1409 3557 1612 3629 possit.
1853 3569 1942 3622 40.
1978 3569 2020 3602 ³ο
2049 3567 2129 3622 De
2159 3567 2468 3623 Adelberto
2529 3567 2865 3624 marchione
2923 3573 3100 3640 atque
3159 3569 3510 3642 Ildeprando

107 3662 176 3715 15.
212 3663 280 3716 De
310 3653 670 3728 Berengario
701 3650 761 3706 in
794 3648 961 3705 Italia
990 3651 1121 3720 post
1153 3651 1400 3702 mortem
1427 3646 1619 3701 Karoli
1656 3663 1741 3700 Pe-
1926 3656 2157 3722 comite,
2192 3655 2291 3726 qui
2324 3660 2526 3711 contra
2556 3656 2934 3712 Lambertum
2967 3663 3245 3715 venerant
3274 3665 3339 3715 ut
3370 3678 3510 3734 pug-

163 3745 603 3821 gcconstituto.
773 3828 786 3833 _
915 3827 930 3833 _
1021 3825 1142 3833 ___
1271 3823 1282 3833 .
1400 3825 1437 3833 _
1590 3823 1598 3833 .
1704 3823 1735 3833 ’Δ
1926 3747 2152 3833 narent,

106 3839 175 3893 16.
205 3837 468 3904 Qualiter
497 3831 670 3887 Wido
701 3828 872 3900 culpa
898 3825 1145 3898 dapiferi
1196 3823 1285 3879 sui
1332 3841 1365 3877 a
1400 3823 1635 3878 Francis
1667 3823 1746 3878 sit
1856 3833 1943 3889 41,
1978 3832 2057 3888 De
2088 3849 2154 3888 eo
2188 3834 2344 3904 quod
2378 3834 2726 3890 Lamberlus
2759 3851 2857 3891 rex
2905 3839 3079 3892 noctu
3127 3855 3303 3911 super
3331 3841 3509 3895 Ade]-

165 3927 526 4000 repudiatus.
1929 3923 2158 3977 bertum
2183 3925 2358 3993 atque
2387 3922 2801 3994 Ildeprandum
2835 3925 3005 3981 irruit
3036 3927 3098 3994 “,
3130 3926 3365 3984 illorum
3399 3930 3506 3984 mi—

106 4016 179 4071 17.
209 4022 284 4073 De
312 4015 512 4072 reditu
542 4009 814 4066 Widonis
846 4007 904 4061 in
936 4005 1121 4062 Italia.
1927 4010 2060 4067 lites
2088 4011 2320 4078 occidit,
2355 4028 2571 4083 eosque
2599 4013 2759 4069 vivos
2790 4013 2962 4086 cepit.

107 4105 180 4159 l8.
210 4105 286 4161 De
314 4113 522 4177 pugnla
554 4101 705 4154 inter
737 4096 1044 4151 Widonem
1079 4097 1254 4164 atque
1307 4089 1743 4161 Berengarium.
1857 4101 1946 4154 42.
1981 4099 2239 4164 Qualiter
2269 4100 2616 4155 Lambertus
2668 4100 2727 4156 in
2779 4103 3039 4158 Marinco
3072 4105 3114 4138 ¹²
3163 4106 3236 4160 ab
3268 4106 3512 4179 Hugonc

112 4193 181 4249 19·
211 4195 287 4250 De
312 4194 428 4250 alia
458 4191 676 4246 iterum
721 4187 873 4242 inter
903 4202 1002 4241 305
1051 4200 1250 4257 Pugna
1306 4183 1365 4236 et
1412 4179 1745 4251 Berengarii
1929 4189 2276 4261 Maginiredi
2308 4188 2426 4244 filio
2459 4188 2536 4244 sit
2565 4189 2639 4243 ob
2673 4190 2991 4246 vindictam
3044 4193 3228 4264 patris
3259 4195 3508 4250 occisus.

169 4283 316 4355 fuga.
1859 4279 1944 4333 43.
1980 4279 2142 4342 Quod
2168 4279 2552 4350 Berengarius
2583 4282 2717 4350 post
2746 4279 3038 4335 Lamberti
3088 4285 3334 4337 mortem
3368 4284 3514 4339 bene

105 4369 185 4426 20.
211 4372 286 4429 De
316 4371 438 4428 ﬁlio
470 4367 699 4426 Arnulli
747 4364 1120 4432 chtebaldo,
1181 4382 1356 4437 quem
1400 4365 1459 4420 in
1518 4365 1747 4421 Italiam
1931 4383 2178 4438 regnum
2212 4367 2484 4423 obtinuit.

170 4477 264 4532 pro
287 4456 628 4532 Berengarii
659 4459 680 4492 9
708 4454 926 4512 auxilio
958 4453 1138 4510 misit.
1859 4456 1949 4510 44.
1987 4457 2138 4512 Laus
2169 4455 2464 4512 Lamberti
2497 4457 2538 4490 ‘3
2570 4455 2743 4529 regis.

1141 4670 1548 4757 INCIPIT
1610 4673 1938 4757 LIBER
1995 4672 2463 4761 PRIMUS.

175 4881 220 4934 1.
252 4880 586 4937 Reverendo
612 4877 922 4948 tociusque
952 4874 1284 4931 sanctitatis
1315 4873 1509 4946 pleno,
1539 4877 1754 4931 domno
1785 4880 1833 4942 D
1865 4880 2048 4941 tuam,
2079 4879 2252 4946 pater»
2272 4875 2603 4942 karissime,
2638 4876 2863 4944 distuli,
2899 4897 3015 4951 qua
3054 4880 3232 4938 totius
3280 4883 3520 4956 Europa:

115 4967 468 5026 Recemundo
503 4969 567 5036 ¹⁴,
594 4965 971 5022 Liberritanae
1002 4963 1257 5020 ecclesia:
1289 4964 1756 5036 epis00po,Liut-
1867 4981 1961 5020 me
1991 4964 2412 5036 imperatorum
2445 4969 2767 5038 regumque
2799 4969 2971 5035 facta,
3005 4970 3157 5025 sicut
3188 4971 3258 5037 is,
3280 4974 3378 5043 qui
3408 4991 3519 5029 non

116 5059 356 5126 prandus
371 5055 775 5126 '5,Ticinensis
795 5051 1206 5121 ecclesim,suis
1229 5069 1342 5108 non
1366 5052 1756 5119 meritis,lcvi-
1869 5054 2072 5110 auditu
2087 5054 2304 5111 dubius
2319 5055 3096 5132 sedvisionecertus,ponere
3109 5061 3521 5134 compellebas.

122 5150 215 5213 tes,
245 5147 515 5205 salutem.
551 5145 794 5202 Biennio
827 5141 1044 5215 ingenii
1106 5142 1389 5215 parvitate
1416 5142 1757 5214 petitionem
1871 5143 1967 5197 Hae
2000 5143 2293 5215 siquidem
2326 5161 2417 5200 res
2449 5144 2738 5216 animum,
2775 5165 2846 5204 nc
2880 5148 2937 5203 id
2966 5148 3305 5221 inciperem,
3339 5153 3527 5210 deter-

1488 5284 1728 5341 VARLE
1768 5285 2163 5342 LECTIONES

246 5407 416 5490 cujus
450 5407 499 5461 1.
531 5406 554 5439 3
585 5410 978 5490 argiinwritain
1007 5400 1153 5484 deest
1183 5394 1236 5456 3.
1316 5402 1338 5434 ⁴
1369 5400 1839 5490 Γνεξχωιθιορονη.
1875 5401 2156 5490 Γῐιεμξίηθιι)
2185 5410 2497 5490 constanter
2527 5404 2578 5460 -l.
2637 5407 2657 5439 ⁵
2690 5406 3002 5490 mihahelis
3033 5411 3054 5463 1
3149 5411 3169 5443 δ
3201 5411 3448 5490 custidie
3479 5411 3531 5465 1.

120 5473 138 5504 ⁷
160 5491 254 5531 v0.1:
278 5473 355 5533 bis
386 5480 591 5552 scripta
619 5473 682 5531 iii
712 5476 763 5531 1.
843 5475 863 5507 ⁸
895 5473 1419 5552 hungarius_corr._
1447 5473 1769 5552 hungarios
1801 5474 1876 5552 l._
1933 5476 1954 5508 ⁹
1983 5475 2367 5552 berengarii.
2449 5477 2491 5510 ¹⁰
2538 5494 2801 5534 numerus
2848 5483 3096 5548 omissus,
3129 5490 3180 5536 et
3213 5483 3271 5535 in
3301 5486 3536 5552 quatuor

123 5550 452 5622 gequentibus
485 5545 672 5605 littera
699 5551 752 5622 Χ
783 5545 1068 5622 omissai.
1142 5546 1200 5622 ξ’-
1224 5545 1366 5622 iruit
1396 5545 1449 5600 1.
1529 5546 1820 5622 ‘_’_marico
1853 5546 1904 5602 1.
1942 5620 1950 5622 _
1985 5547 2028 5581 ³³
2059 5545 2329 5622 lantberti
2353 5553 2662 5622 constanter
2683 5553 2881 5622 ,scribit
2907 5553 2942 5622 5
2972 5569 3024 5607 a.
3083 5545 3148 5585 ’ίδ
3177 5545 3534 5622 regeinuudo

121 5615 230 5676 555
263 5637 313 5675 a.
397 5623 439 5656 ³⁸
470 5620 819 5694 liuprandus
848 5619 903 5694 _3_.
936 5619 1074 5694 Hinc
1103 5615 1154 5673 et
1183 5618 1408 5673 lectione
1429 5616 1642 5690 oppido
1672 5635 1791 5689 cap.
1819 5620 2001 5684 tertio,
2035 5618 2269 5673 codicem
2299 5619 2333 5673 3
2362 5635 2432 5673 ea:
2461 5620 2642 5678 codice
2669 5619 2721 5677 1.
2775 5621 3016 5678 nondum
3058 5624 3210 5678 omni
3235 5615 3390 5692 parte
3417 5636 3534 5674 eor-

125 5696 246 5751 recto
262 5694 511 5764 ﬂuxisse,
541 5689 780 5749 indicari
807 5689 1042 5748 videtur.
1474 5689 1480 5690 ’
1521 5689 1524 5690 '
3235 5689 3246 5692 '
3444 5725 3446 5728 ,
