3962 6374
182 401 293 473 793

1150 407 1768 474 ANTAPODOSEOS
1812 407 2022 472 LIBRI
2069 407 2240 471 SEX.
2274 405 2530 470 —'-LIB.
2575 407 2627 470 Ῑ.

3483 404 3604 468 794

181 542 356 617 hujus
403 545 572 617 pater
601 542 701 617 qui
747 529 903 603 nunc
955 561 1146 619 usque
1176 549 1447 619 superest
1491 548 1548 602 et
1591 544 1833 601 feliciter
1861 546 1916 614 Α
1945 543 2135 601 forma
2159 546 2366 616 praeter
2394 546 2618 599 ceteros
2646 539 2904 616 egregia,
2936 539 3307 614 accitumque
3337 546 3422 600 τόν
3449 552 3602 615 mou-

181 637 380 707 regnat
427 633 542 706 (53)
587 634 1228 708 Constantinopolitane
1291 635 1545 692 civitatis
1596 636 1834 707 regebat

180 723 512 796 imperium.
532 724 767 781 Simeon
783 725 948 780 fortis
966 725 1214 780 bellator
1255 723 1546 798 Bulgariis
1566 727 1829 796 praeerat,

178 813 553 884 Christianus,
585 814 684 868 sed
715 814 923 870 vicinis
951 814 1149 870 Grecis
1197 813 1364 869 valde
1395 813 1672 868 inimicus
1706 814 1828 884 (An.

175 901 449 973 883-927).
483 901 873 974 Ungariorum
905 920 1068 975 gens,
1094 905 1265 975 cujus
1297 919 1504 958 omnes
1536 919 1704 974 pmne
1729 919 1830 958 na-

179 990 363 1046 tiones
395 995 629 1062 experte
680 997 822 1048 sunt
853 991 1140 1059 sevitiam,
1194 1009 1321 1064 qum
1366 991 1683 1047 miserante
1715 991 1833 1046 Deo

181 1079 595 1136 sanctissimi”
643 1084 820 1153 atque
871 1079 1242 1137 invictissimi
1304 1081 1459 1153 regis
1521 1079 1832 1136 OTTONIS

181 1169 451 1241 petentia,
475 1174 541 1223 ut
560 1168 739 1224 latius
760 1169 971 1225 dicturi
998 1187 1206 1226 sumus
1227 1170 1441 1225 mutire
1459 1171 1503 1203 ’3
1527 1186 1638 1225 non
1660 1170 1836 1224 audet

183 1258 468 1326 exterrita,
485 1259 655 1315 nobis
677 1260 953 1316 omnibus
974 1265 1113 1316 tunc
1141 1259 1424 1333 temporis
1446 1259 1772 1316 habebatur
1790 1261 1837 1294 ³⁸

182 1347 397 1421 ignota.
432 1347 801 1413 Quibusdam
834 1367 1089 1422 namque
1111 1349 1480 1405 difficillimis
1511 1353 1782 1420 separata
1803 1367 1838 1404 a

179 1437 346 1493 nobis
363 1442 490 1494 erat
519 1438 1085 1511 interpositionibus,
1119 1455 1268 1510 quas
1294 1437 1491 1494 clusas
1505 1439 1549 1473 ³⁵
1570 1438 1839 1494 nominat

178 1524 405 1597 vulgus,
438 1530 505 1582 ut
526 1543 716 1598 neque
749 1528 820 1582 ad
843 1528 1229 1583 meridianam
1252 1544 1440 1599 neque
1465 1528 1535 1582 ad
1568 1527 1836 1583 occiden-

175 1613 347 1670 talem
370 1615 606 1688 plagam
633 1615 882 1671 exeundi
904 1615 1177 1672 habuerit
1205 1615 1567 1671 facultatem.
1595 1618 1717 1687 (An.
1735 1617 1842 1670 887

180 1704 300 1759 Dec.
333 1703 440 1758 900
464 1706 624 1776 Aug.)
673 1705 779 1759 Per
809 1704 965 1759 idem
1008 1709 1242 1776 tempus
1273 1704 1555 1759 Arnulfus
1604 1721 1701 1759 rex
1734 1721 1841 1774 po-

174 1793 579 1857 tentissimus,
603 1793 879 1847 defuncto
905 1793 1114 1848 Karolo
1131 1793 1488 1864 praenomine
1509 1791 1681 1848 Calvo
1705 1795 1760 1865 (5
1774 1794 1840 1860 4),

173 1879 502 1952 Bagoariis,
541 1880 766 1946 Suevis,
802 1880 1040 1935 Francis
1088 1880 1504 1947 Teutonicis“,
1539 1881 1841 1936 Lotharin-

171 1968 292 2039 gis,
343 1966 784 2038 audacibusque
829 1967 1272 2039 principabatur
1295 1970 1339 2002 ³⁷
1384 1969 1841 2025 Saxonibus.Cui

169 2054 596 2120 Centebaldus,
633 2057 1079 2111 Maranavorum
1111 2058 1248 2124 dux,
1282 2057 1529 2114 viriliter
1560 2075 1844 2130 repugna-

171 2145 275 2200 bat
305 2145 432 2211 (An.
456 2144 741 2214 892-893).
774 2147 1162 2218 Borengarius
1195 2152 1250 2202 et
1272 2147 1440 2202 Wido
1462 2146 1844 2218 imperatores

175 2234 256 2290 ob
280 2247 532 2304 regnum
564 2233 830 2289 Italicum
862 2235 1354 2291 conflictabantur
1383 2236 1512 2308 (An.
1558 2237 1841 2304 888-894);

177 2323 496 2378 Formosus
528 2323 872 2379 Portuensis
920 2323 1170 2379 civitatis
1202 2325 1537 2396 episcopus,
1584 2325 1845 2380 Romane

180 2411 336 2468 sedis
368 2427 642 2467 summus
687 2417 744 2466 et
784 2411 1132 2469 universalis
1165 2430 1316 2485 papa
1359 2413 1687 2468 habebatur
1718 2416 1842 2485 (An.

180 2501 277 2555 891
316 2501 463 2571 Sept.
497 2501 585 2568 19,
635 2501 763 2567 896,
797 2502 972 2573 Apr.).
1027 2503 1138 2558 Sed
1185 2519 1365 2570 nunc,
1414 2503 1513 2574 qui
1547 2503 1658 2558 sub
1699 2520 1844 2558 uno-

184 2605 417 2662 quoque
449 2589 662 2645 horum
687 2594 918 2661 gestum
949 2591 1042 2659 sit,
1068 2596 1240 2664 prout
1270 2591 1506 2647 brevius
1527 2607 1847 2664 possumus

187 2677 571 2750 explicemus.

252 2766 306 2820 6.
344 2766 469 2838 (An.
502 2768 793 2840 886-912.)
821 2769 932 2824 Leo
965 2768 1164 2841 igitur,
1191 2769 1510 2824 Grecorum
1545 2768 1851 2840 piissimus

189 2853 527 2926 imperator,
577 2857 748 2928 cujus
777 2874 957 2930 supra
1008 2858 1252 2913 fecimus
1287 2859 1669 2928 mentionem,
1703 2857 1850 2913 Con-

189 2944 433 2999 stantini
481 2945 705 3001 scilicet
750 2946 930 3018 hujus
976 2945 1464 3018 Porphyrogeniti
1511 2951 1695 3017 pater,
1743 2963 1851 3000 un-

1942 643 2108 706 μένον,
2142 638 2242 689 ton
2275 633 2616 706 igumcnon,
2646 631 2702 688 id
2736 636 2824 689 est
2853 632 3148 698 abbatem,
3183 633 3428 706 rogavit,
3452 637 3518 690 ut
3539 651 3601 690 se

1942 725 2187 779 donaret
2225 723 2333 778 hoc
2379 739 2599 794 puero;
2651 739 2827 794 quem
2877 721 3207 802 suscipiens
3252 721 3312 778 in
3363 723 3598 796 palatio,

1943 812 2290 868 cubicularii
2323 812 2561 868 donavit
2587 813 2798 867 officio.
2831 813 3013 867 Tante
3037 811 3288 883 denique
3309 815 3443 884 post
3463 831 3602 886 pau-

1943 901 2133 956 lulum
2183 901 2489 974 potestatis
2542 906 2630 957 est
2682 902 2892 969 factus,
2927 905 2993 957 ut
3043 900 3188 956 alter
3216 902 3288 957 ab
3323 901 3599 960 omnibus

1945 992 2264 1063 imperator
2292 991 2370 1047 sit
2398 990 2706 1063 apellatus.

2015 1081 2068 1134 9.
2088 1081 2307 1135 Verum
2333 1079 2470 1152 quia
2493 1079 2863 1153 omnipotens
2885 1081 3042 1136 Deus
3064 1096 3259 1138 servos
3284 1083 3606 1154 suesjusta

1942 1169 2141 1226 visitat
2172 1169 2264 1223 vul
2300 1187 2672 1241 quacumque
2703 1186 2972 1238 censura,
2999 1169 3154 1226 hunc
3189 1170 3605 1243 imperatorem

1947 1257 2336 1315 Michahelem
2357 1275 2512 1313 sana:
2537 1257 2750 1314 mentis
2783 1259 2855 1314 ad
2889 1263 3122 1331 tempus
3163 1277 3280 1315 non
3312 1277 3442 1316 esse
3472 1278 3606 1333 per-

1946 1347 2211 1416 miserat,
2247 1350 2313 1402 ut
2345 1364 2459 1419 quo
2492 1347 2649 1403 hunc
2675 1347 2912 1421 gravius
2953 1353 3243 1421 premeret
3273 1349 3331 1405 in
3364 1349 3607 1417 inlimis,

1946 1454 2012 1492 eo
2045 1436 2484 1492 misericordius
2518 1441 2925 1493 remuneraret
2953 1437 3014 1492 in
3049 1437 3322 1493 summis.
3351 1431 3521 1506 Nam,
3547 1443 3613 1495 ut

1948 1525 2350 1594 fertur,hujus
2375 1529 2637 1597 tempore
2662 1525 2958 1596 passionis
2981 1525 3301 1581 familiares
3323 1527 3499 1582 etiam
3525 1544 3615 1584 ca-

1949 1614 2380 1686 pitisjusserat
2430 1614 2710 1668 damnare
2755 1612 3068 1669 sententia.
3102 1613 3258 1679 Quos
3289 1617 3486 1671 tamen
3537 1617 3611 1672 ail

1953 1719 2079 1759 sese
2110 1701 2340 1756 rediens
2373 1701 2481 1756 hoc
2513 1705 2680 1773 pacto
2712 1702 3070 1773 requirebat,
3101 1707 3166 1758 ut
3198 1703 3310 1760 nisi
3338 1721 3487 1777 quos
3510 1706 3614 1777 ju-

1953 1791 2153 1864 gulare
2178 1791 2440 1862 jusserat
2462 1791 2863 1856 redderentur,
2889 1791 3015 1863 pari
3037 1791 3148 1864 ipsi
3173 1793 3272 1864 qui
3293 1793 3402 1850 hoc
3421 1795 3618 1851 effece-

1953 1885 2088 1935 rant
2110 1879 2397 1934 sententia
2423 1879 2866 1935 damnarentur.
2893 1880 3009 1936 Hoc
3029 1881 3207 1954 igitur
3229 1887 3446 1939 terrore
3468 1901 3617 1956 quos

1955 1962 2530 2038 damnarejusserat,
2561 1969 2963 2024 servabantur.
2995 1970 3104 2024 Sed
3127 1971 3395 2027 cum'hoc'
3419 1972 3617 2044 sepius

1955 2064 2012 2115 et
2034 2059 2245 2114 iterum
2260 2057 2473 2112 Basilio
2495 2057 2726 2125 faceret,
2745 2057 3086 2128 hujusmodi
3104 2075 3136 2112 a
3155 2057 3269 2114 sibi
3289 2060 3614 2131 obSequen?

1956 2147 2135 2211 tibus,
2168 2164 2268 2217 pro
2301 2146 2485 2211 nefas,
2521 2145 2744 2218 accepit
2785 2145 3134 2201 consilium:
3173 2168 3200 2196 «
3233 2137 3314 2204 Ne
3345 2149 3489 2205 forte
3523 2150 3617 2204 in-

1957 2252 2101 2291 sana
2127 2233 2280 2306 regis
2318 2234 2511 2305 jussio
2544 2234 2860 2306 aliquando
2894 2251 2962 2291 ex
3009 2235 3301 2293 industria
3347 2255 3382 2294 a
3412 2242 3468 2294 te
3499 2243 3627 2294 non

1955 2323 2358 2396 diligentibus,
2383 2325 2564 2379 immo
2584 2323 2716 2379 odio
2733 2323 3108 2394 habentibus,
3129 2325 3464 2398 impleatur,
3481 2344 3618 2383 eum

1956 2418 2020 2469 tu
2055 2413 2249 2486 potius
2283 2413 2554 2481 occidito,
2610 2418 2786 2485 atque
2816 2413 3144 2486 imperialia
3172 2420 3403 2488 sceptra
3422 2401 3616 2471 suseiL-

1959 2503 2099 2575 pito.
2125 2526 2151 2552 »
2185 2503 2346 2567 Quod
2371 2503 2497 2557 sine
2523 2502 2824 2570 dilatione,
2850 2519 2984 2557 cum
3013 2506 3231 2559 terrore
3251 2503 3614 2577 compulsus,

1959 2595 2085 2645 tum
2117 2595 2174 2645 et
2211 2590 2495 2662 regnandi
2544 2591 2868 2663 cupiditate
2921 2591 3220 2663 deceptus,
3283 2591 3616 2666 complevit.

1961 2680 2080 2735 Hoc
2126 2680 2323 2752 itaque
2371 2679 2695 2747 interfecto,
2729 2681 2918 2736 factus
2965 2684 3056 2736 est
3087 2679 3408 2754 imperator
3453 2683 3618 2739 Basi-

1959 2768 2097 2824 lius.

2038 2860 2123 2914 10.
2157 2859 2280 2931 (Αη.
2314 2860 2598 2928 886-912).
2633 2859 2897 2932 Denique
2929 2875 3107 2931 parvo
3139 2863 3434 2918 transacto
3464 2864 3617 2919 tem-

1966 2963 2123 3019 pore,
2147 2947 2283 3003 huic
2315 2947 2592 3005 dominus
2617 2952 2814 3004 noster
2835 2949 3006 3004 Jesus
3038 2947 3304 3006 Christus
3334 2967 3436 3022 per
3454 2951 3622 3008 visio-

199 3030 370 3104 dique
401 3050 549 3106 pace
579 3035 779 3090 habita
796 3040 996 3091 sancte
1029 3037 1258 3108 etjuste
1277 3037 1592 3092 Grecorum
1619 3037 1857 3108 regebat
1967 3053 2100 3092 nem
2127 3037 2644 3110 apparuit,domini
2679 3037 2858 3110 hujus
2888 3037 3280 3111 imperatoris,
3324 3041 3495 3112 cujus
3525 3041 3620 3098 hic

193 3118 536 3196 imperium.
552 3123 1116 3197 Porphyrogenitum
1136 3129 1329 3180 autem
1351 3142 1464 3180 non
1492 3125 1550 3180 in
1573 3141 1854 3197 purpura,

1966 3124 2126 3182 necis
2156 3131 2358 3182 auctor
2389 3127 2678 3197 extiterat,
2729 3127 3024 3184 dexteram
3074 3132 3326 3197 tamens,
3367 3144 3621 3203 eumque

194 3213 290 3266 sed
320 3213 380 3268 in
416 3214 598 3269 domo
631 3230 744 3286 que
765 3215 1062 3287 Porphyra
1082 3215 1316 3282 dicitur,
1339 3219 1547 3270 natum
1571 3215 1818 3287 apello.l£

2028 3232 2049 3269 1
2101 3216 2487 3272 conveniens:
2551 3224 2627 3272 ἶνα
2697 3224 2745 3272 τί
2791 3224 2990 3289 ἔσφαζες
3035 3227 3120 3274 τὸν
3177 3225 3420 3286 δεσπότην
3450 3213 3495 3254 ad
3532 3213 3640 3277 σοῦ¹

192 3301 478 3372 quoniam
508 3319 603 3359 res
647 3304 932 3375 processit
964 3304 1024 3359 in
1056 3305 1338 3374 medium,
1391 3305 1532 3376 quid
1572 3305 1642 3359 de
1674 3304 1854 3376 hujus
1887 3291 1930 3358 C
1970 3303 2212 3376 βαᾰιλέαὶ)
2244 3328 2272 3354 ‹‹
2307 3306 2405 3359 ina‘
2433 3305 2474 3360 ti
2524 3305 2744 3360 esfases
2775 3308 2874 3359 ton
2906 3305 3175 3378 despotin
3222 3321 3290 3358 su
3336 3304 3617 3362 basilea‘»

189 3390 677 3465 Porphyrogeniti
709 3392 907 3466 genesi
939 3393 1293 3465 audivimus,
1329 3394 1716 3467 proferamus.

253 3483 307 3536 7.
339 3481 773 3538 Constantinus
794 3483 1108 3555 imperator
1138 3488 1532 3556 augustus,ex
1554 3484 1723 3555 cujus
1746 3500 1852 3538 no-

193 3571 342 3626 mine
357 3570 907 3643 Constantinopolis
924 3576 1014 3628 est
1036 3573 1242 3628 sortita
1260 3572 1608 3628 vocabulum
1627 3572 1850 3639 civitas,

191 3667 270 3714 τόυ
299 3669 434 3718 οἶκον
462 3669 665 3728 τούτον,
727 3666 827 3716 ton
877 3661 1006 3716 icon
1056 3666 1284 3728 touton,
1347 3662 1402 3715 id
1464 3667 1553 3715 est
1610 3663 1852 3716 domum

194 3747 380 3822 istam,
413 3750 693 3806 edificare
717 3750 923 3822 jussit,
955 3750 1049 3806 cui
1085 3751 1382 3824 Porphyra
1423 3767 1636 3805 nomen
1686 3750 1853 3822 inpo-

193 3837 330 3907 suit;
353 3840 678 3911 voluitque
692 3857 1100 3896 successuram
1117 3839 1446 3895 nobilitatis
1457 3857 1575 3895 sua:
1590 3838 1851 3895 sobolem

190 3924 388 3984 istiein
419 3929 621 3985 lucem
651 3929 1344 4002 prodire,quatinus,qui
1380 3945 1486 3984 suo
1509 3945 1578 3983 ex
1608 3931 1852 3983 stemate

189 4023 594 4090 nascerentur,
617 4017 914 4074 luculenta
944 4019 1051 4073 hac
1085 4017 1431 4090 apellatione
1463 4016 1854 4089 Porphyroge-

191 4105 290 4160 niti
315 4108 682 4165 dicerentur.
708 4107 870 4163 Unde
891 4108 1126 4164 ethunc
1150 4107 1618 4174 Constantinum,
1645 4105 1852 4162 Leonis

188 4192 565 4268 imperatoris
595 4195 882 4264 ﬁlium,ex
903 4199 1030 4269 ejus
1060 4197 1345 4270 sanguine
1360 4195 1626 4252 nonnulli
1650 4195 1854 4251 dicunt

190 4284 471 4358 originem
534 4287 767 4343 ducere.
825 4287 1056 4343 Veritas
1107 4290 1301 4343 autem
1349 4287 1429 4342 rei
1464 4286 1644 4357 hujus
1679 4286 1760 4340 ita
1790 4302 1852 4342 se

190 4371 376 4431 habet.
476 4449 480 4452 ί

251 4465 300 4518 8.
322 4465 588 4522 Basilius
607 4464 927 4538 imperator
947 4471 1257 4539 angustus,
1283 4482 1426 4520 avus
1445 4465 1646 4537 hujus,
1672 4465 1854 4520 Mace-

186 4550 350 4610 donia
363 4553 584 4612 humili
612 4557 802 4610 fuerat
823 4557 1098 4629 prosapia
1114 4555 1420 4626 oriundus,
1437 4555 1852 4627 descenditque

1965 3394 2118 3465 quod
2154 3397 2279 3448 est:
2315 3397 2380 3447 ut
2409 3392 2550 3464 quid
2583 3390 2924 3448 interfecisti
2967 3392 3270 3447 dominum
3305 3393 3475 3449 tu'u'm
3509 3395 3620 3450 im-

1965 3482 2332 3554 peratorem?
2367 3504 2394 3531 »
2446 3479 3146 3553 Expergefactus’itaque,
3179 3477 3328 3536 tanti
3357 3499 3418 3537 se
3453 3499 3618 3539 reum

1966 3571 2124 3626 novit
2156 3585 2285 3625 esse
2336 3575 2571 3635 reatus;
2607 3579 2856 3641 moxque
2905 3569 2977 3624 ad
3009 3585 3137 3624 sese
3187 3561 3442 3639 rediens,
3475 3572 3618 3643 quid

1965 3675 2142 3731 super
2173 3659 2280 3714 hoc
2313 3661 2524 3714 faceret
2552 3659 2865 3731 cogitabat.
2889 3657 3258 3715 Confertatns
3290 3659 3487 3733 itaque
3508 3660 3620 3717 hac

1964 3747 2194 3820 Domini
2226 3748 2414 3803 nosrri
2448 3764 2550 3819 per
2582 3746 2927 3821 prophetam
2961 3746 3271 3803 salubri’et
3297 3749 3428 3805 vere
3457 3755 3619 3807 acee~

1965 3837 2172 3909 ptabili
2205 3836 2618 3910 promissione,
2653 3835 2792 3910 quia
2815 3859 2842 3885 ‹‹
2877 3836 2932 3891 in
2967 3853 3341 3910 quacumque
3371 3837 3464 3895 die
3495 3857 3622 3914 pec-

1964 3930 2124 3981 cator
2174 3924 2548 3998 ingemuerit,
2581 3925 2777 3981 salvus
2810 3925 2919 3981 erit
2957 3927 3170 3999 (Ezech.
3218 3942 3417 3995 xxxnx,
3453 3928 3562 4000 12),
3587 3949 3616 3978 ››

1963 4029 2097 4070 cum
2121 4013 2380 4070 lacrimis
2406 4018 2462 4069 et
2493 4013 2810 4086 gemitibus
2837 4031 2898 4070 se
2927 4019 3310 4086 peccatorem,
3332 4032 3395 4071 se
3428 4021 3618 4083 reum,

1965 4121 2025 4160 se
2047 4104 2355 4177 sanguinis
2382 4103 3040 4158 innocentis‘eﬂ‘usorem
3061 4120 3190 4159 esse
3207 4099 3618 4161 confitebatur.

1963 4193 2120 4249 Bono
2136 4197 2328 4248 autem
2345 4192 2588 4248 consilio
2604 4196 2861 4264 accepto,
2875 4191 3097 4246 amicos
3117 4190 3226 4246 sibi
3251 4192 3621 4248 de'mamona

1961 4280 2292 4353 iniquitatis
2310 4281 2596 4346 effecerat,
2614 4283 2836 4351 utquos
2863 4277 2956 4333 hic
2979 4277 3405 4350 temporalibus
3424 4278 3617 4334 subsi-

1962 4372 2018 4425 di
2031 4371 2076 4425 is
2091 4369 2510 4435 censolaretur,
2526 4384 2727 4423 eorum
2746 4367 3018 4439 precibus
3034 4367 3106 4421 ab
3125 4370 3339 4421 aeterno
3354 4365 3618 4439 gehenne

1963 4457 2230 4515 incendio
2262 4457 2630 4512 liberaretur.
2659 4454 3012 4510 Frabricavit
3038 4458 3233 4510 autem
3255 4454 3535 4527 praeciose
3562 4459 3620 4512 et

1963 4546 2218 4604 mirabili
2271 4549 2442 4618 opere
2483 4547 2650 4617 jUsta
2700 4543 3008 4617 palatium,
3061 4545 3343 4600 orientem
3390 4549 3616 4618 Versus,

187 4641 757 4717 Constantinopolim
800 4655 888 4713 τῆς
919 4653 1172 4719 πτοχεὶαξ,
1234 4643 1310 4700 tis
1361 4645 1646 4718 ptochias,
1695 4645 1850 4716 quod
1961 4636 2282 4694 recclesiam
2316 4652 2491 4708 quam
2542 4633 2723 4701 Nean,
2767 4634 2878 4690 hoc
2908 4637 3261 4700 estnovum,
3294 4636 3522 4702 vocant,
3557 4652 3616 4690 1n

188 4735 267 4786 est
290 4733 682 4806 paupertatis,
708 4734 877 4806 jugo,
912 4737 976 4790 ut
1006 4735 1241 4791 cuidam
1273 4733 1518 4791 serviret
1549 4734 1848 4806 igumcno,

188 4817 239 4872 id
267 4825 354 4878 est
386 4824 616 4880 abbati.
652 4823 840 4896 Igitur
891 4824 1208 4897 imperator
1237 4823 1528 4879 Michahel
1565 4822 1665 4895 qui
1708 4827 1848 4878 tunc

188 4911 457 4983 temporis
472 4917 625 4979 erat,
647 4929 781 4968 cum
802 4914 1084 4970 orationis
1103 4914 1319 4987 gratias
1334 4913 1404 4968 ad
1421 4911 1846 4968 monasterium

188 4997 568 5075 istud,in"quo
587 5001 682 5059 hic
707 5002 1106 5073 ministrabat,
1123 5001 1673 5072 descenderet,vidit
1689 5001 1847 5058 hunc

1959 4730 2178 4785 honore
2198 4728 2242 4761 ²⁹
2292 4725 2512 4782 summi
2566 4727 2622 4778 et
2653 4723 2882 4780 celestis
2937 4723 3147 4779 militie
3179 4722 3485 4796 principis,
3521 4741 3613 4780 ar-

1959 4817 2225 4891 changeli
2261 4814 2624 4883 Michahelis,
2659 4813 2757 4886 qui
2790 4814 2966 4870 Grece
2993 4811 3434 4886 archistratigos
3464 4812 3618 4885 apel~

1915 4918 1917 4920 '
1956 4907 2130 4964 latur.

2032 4999 2117 5054 11.
2139 4997 2304 5052 Nunc
2329 4997 2524 5050 autem
2541 5009 2655 5049 non
2678 4991 2877 5066 pigeat
2899 4989 3160 5049 libellulo
3175 4989 3423 5047 huic'res
3443 4990 3615 5075 duas,

1544 5152 1784 5208 VARIIE
1836 5148 2251 5208 LECTIONES.

246 5291 289 5325 ²²
311 5295 650 5352 sanctisimi
684 5296 738 5353 4.
815 5298 859 5330 ³³
892 5297 1136 5352 mutriee
1170 5298 1220 5351 1.
1258 5295 1485 5351 mittere
1516 5297 1550 5350 3
1581 5295 1819 5351 muttire
1849 5295 1902 5350 5.
1937 5292 2178 5349 muttire
2207 5307 2348 5366 corr.
2387 5288 2668 5366 mutireb
2694 5304 2751 5366 a.
2827 5288 2872 5321 ²⁴
2901 5286 3240 5366 habebatur
3258 5284 3611 5366 corr:_habe-

181 5358 345 5440 batur
375 5369 448 5440 1.7
509 5367 856 5440 “elusuras
885 5369 908 5426 4
943 5388 955 5435 ;
983 5369 1072 5424 sed
1103 5371 1254 5440 infra
1287 5385 1412 5440 cap.
1439 5369 1526 5424 43.
1561 5367 1777 5424 clusas.
1854 5369 1898 5401 ²⁶
1930 5366 1968 5440 _f.
1996 5370 2036 5421 t.
2063 5380 2210 5440 vpch
2239 5363 2578 5440 cuha’rcgtes
2598 5361 2658 5440 in
2685 5361 2734 5414 1.
2757 5358 3308 5440 necﬂistinguendae.
3387 5358 3428 5391 ³⁷
3451 5358 3610 5428 prin.-

185 5431 403 5506 cipatur
425 5439 470 5494 Ῑ.
555 5439 600 5474 ³⁸
633 5464 708 5495 ινα
737 5463 783 5496 τι
814 5431 1012 5514 estP-1:3;
1042 5463 1126 5497 τον
1157 5431 1232 5504 ἔὀες
1264 5431 1460 5496 desunt
1514 5441 1550 5495 5
1578 5441 1649 5494 5ο.
1681 5447 1878 5514 εσφαζες
1907 5438 2049 5494 deest
2079 5437 2113 5491 3
2138 5436 2227 5506 3a,
2262 5440 2371 5489 etc.
2449 5431 2494 5466 ²⁹
2524 5431 2822 5487 hon‘onore
2855 5431 2934 5486 4(
3465 5441 3468 5444 ’

1766 5575 2001 5650 more.

245 5701 352 5776 (53)
387 5705 556 5765 Obiit
589 5722 682 5765 an.
715 5707 842 5766 959.

2026 5705 2142 5778 (54)
2170 5687 2402 5762 CraSso.
