3962 6366
261 368 378 435 ’295

1221 360 1696 430 LIUTPRANDI
1738 358 2289 425 CREMONENSIS
2332 361 2705 428 EPISCOPI.

3557 364 3684 429 796

263 521 413 582 quas
436 501 704 578 ejusdem
724 496 924 559 Basilii
944 497 1125 567 filius,
1147 499 1509 556 memoratus
1530 497 1642 555 Leo
1664 495 1911 569 impera-
1936 491 1994 560 Α
2022 494 2182 554 Iesus
2203 513 2580 573 exeas,quam
2601 499 2660 557 id
2680 496 3027 573 percontari,
3046 498 3151 573 tibi
3172 498 3540 558 commodius
3560 503 3678 571 est,

263 600 358 653 tor
386 597 700 668 angustus,
732 589 1017 648 memoria
1065 588 1309 661 risuque
1339 589 1551 661 dignas
1581 586 1719 661 egit,
1753 586 1911 642 inse-

263 677 1055 753 rere.Constantinopolitana
1067 679 1364 752 urbs,quae
1384 677 1548 751 prius
1562 676 1883 731 Bizantium
1896 718 1908 741 ,

263 793 411 831 nova
441 788 598 829 nunc
629 771 842 827 dicitur
864 771 1070 833 Roma,
1102 768 1254 824 inter
1284 767 1675 823 ferocissimas
1708 769 1911 837 gentes

263 869 354 920 est
387 862 723 919 constituta.
748 858 1157 930 Habetquippe
1174 858 1245 913 ab
1260 856 1534 930 aquilone
1556 854 1907 927 Hungarios,

262 954 592 1017 Pizenacos,
632 950 941 1015 Chazaros,
967 947 1179 1003 Rusios
1210 963 1359 1018 quos
1390 945 1503 1001 alio
1535 962 1641 999 nos
1673 944 1911 998 nomine

261 1042 670 1099 Nordmannos
691 1036 1081 1110 appellamus,
1105 1039 1279 1107 atque
1322 1032 1625 1105 Bulgarios
1658 1031 1906 1086 nimium

263 1131 375 1188 sibi
406 1128 629 1185 vicinos
655 1146 668 1195 ;
702 1127 774 1182 ab
806 1125 1027 1181 oriente
1057 1125 1281 1196 Bagdas
1310 1141 1323 1189 ;
1359 1124 1509 1177 inter
1542 1121 1826 1177 orientem
1855 1123 1913 1173 et

265 1219 569 1275 meridiem
591 1215 797 1289 Egypti
820 1214 1249 1285 Babiloniaeque
1268 1214 1313 1247 ³ο
1339 1211 1590 1275 incolas;
1615 1228 1648 1264 a
1670 1208 1911 1263 meridie

258 1325 393 1364 vero
442 1306 696 1362 Africam
726 1304 903 1359 habet
951 1306 1007 1357 et
1055 1302 1416 1356 nominatam
1463 1297 1624 1353 illam
1659 1296 1907 1352 nimium

256 1398 509 1453 vicinam
543 1395 773 1466 sibique
806 1391 1156 1447 contrariam
1189 1388 1443 1444 insulam
1477 1390 1656 1442 Crete.
1701 1387 1911 1441 Callere

256 1502 391 1541 vero
423 1501 550 1555 quae
581 1487 721 1538 sunt
742 1483 853 1537 sub
874 1482 1077 1536 eodem
1102 1479 1333 1534 climate
1366 1478 1651 1539 nationes,
1672 1474 1906 1529 Armeni

257 1570 499 1640 scilicet,
534 1572 758 1639 Perses,
791 1568 1049 1635 Chaldei,
1081 1567 1317 1638 Avasgi,
1367 1566 1504 1620 huic
1548 1563 1905 1619 deserviunt.

258 1662 467 1720 Incolae
500 1660 751 1732 denique
797 1656 1048 1713 civitatis
1097 1656 1297 1726 hujus,
1331 1654 1502 1709 sicut
1550 1654 1906 1707 memoratas

255 1755 458 1824 gentes
472 1747 782 1805 divitiisita
793 1746 968 1801 etiam
992 1741 1280 1815 sapientia
1301 1759 1368 1797 su
1378 1739 1756 1813 perexellunt.
1779 1739 1899 1793 Mo-

255 1840 336 1897 ris
361 1837 577 1912 quippe
590 1852 791 1893 eorum
814 1839 922 1902 est,
938 1831 1273 1891 neavicinis
1286 1828 1907 1927 gentibusobpriman-
1936 1863 1984 1927 Β

251 1927 622 2002 tur;singulis
632 1925 966 1999 quibusque
977 1921 1249 1978 noctibus
1261 1937 1363 1993 per
1373 1918 1552 1975 totius
1564 1917 1810 1973 civitatis
1827 1915 1914 1970 bi-

251 2011 1218 2087 vium,trivium,quadruviumque
1230 2012 1486 2066 armatos
1501 2006 1718 2062 milites
1732 2024 1910 2062 causa

254 2106 647 2168 custodiendae
665 2099 1045 2173 civitatis,qui
1063 2116 1192 2155 eam
1207 2098 1323 2153 invi
1332 2097 1534 2170 gilent,
1551 2095 1907 2168 ponere.Fit-

255 2217 389 2274 que,
409 2201 474 2253 ut
488 2195 538 2254 si
551 2198 684 2269 post
703 2189 1118 2264 crepusculum
1136 2203 1494 2260 quemquam
1525 2183 1907 2240 deambulan-

254 2294 373 2348 tem
387 2287 582 2360 aliquo
600 2283 874 2340 custodes
888 2278 1255 2345 offenderint,
1274 2280 1480 2348 captus
1494 2277 1762 2347 protinus
1782 2290 1905 2328 ver-

253 2378 610 2448 beribusque
624 2389 794 2429 cesus
825 2368 1093 2426 custodia
1118 2365 1405 2439 pervigili,
1438 2362 1821 2436 compedibus
1850 2362 1906 2416 in

253 2483 481 2525 carcere
492 2458 1017 2533 strictus,usquein
1030 2456 1352 2514 crastinum
1366 2455 1435 2511 ad
1460 2452 1761 2526 publicum
1775 2468 1906 2524 pro-

254 2555 559 2614 ducendus
582 2554 862 2608 servetur.
882 2548 999 2603 Hoc
1020 2546 1274 2618 denique
1291 2548 1457 2617 pacto
1482 2560 1594 2599 non
1622 2541 1812 2597 solum
1835 2542 1906 2595 ab

254 2645 549 2710 hostibus,
578 2656 782 2698 verum
828 2638 1072 2694 etiam‘a
1101 2635 1430 2692 latronibus
1478 2632 1664 2688 inlesa
1702 2630 1908 2687 civitas

254 2733 604 2793 custoditur.
633 2731 748 2786 Leo
781 2729 979 2800 itaque
1009 2726 1329 2798 imperator
1347 2725 1635 2796 angustus
1662 2720 1904 2792 vigilum

254 2825 432 2881 fidem
480 2817 987 2889 constantiamque
1015 2814 1262 2886 probare
1291 2811 1514 2875 volens,
1564 2809 1727 2866 solus
1776 2811 1908 2880 post

253 2907 667 2985 crepusculum
690 2923 721 2962 e
743 2904 960 2978 palatio
981 2902 1364 2967 descendens,
1398 2900 1469 2955 ad
1503 2898 1751 2971 primam
1780 2914 1904 2985 perf

255 2984 411 3059 venit
438 2995 785 3055 custodiam.
802 2993 985 3058 Quem
1004 2995 1070 3046 ut
1096 2989 1303 3062 vigiles
1320 2987 1643 3060 fugientem
1660 2989 1717 3041 et
1739 2984 1907 3057 quasi

256 3094 415 3149 metu
437 3076 499 3144 se
530 3084 923 3142 declinantem
936 3079 1228 3146 .viderunt,
1247 3075 1759 3148 comprehensum,
1776 3072 1909 3144 quis

256 3181 413 3238 esset
441 3192 628 3250 quove
677 3173 963 3247 pergeret,
991 3167 1445 3239 interrogarunt.
1481 3163 1610 3231 Qui,
1645 3179 1675 3218 e
1706 3160 1909 3217 multis

2025 586 2152 645 Non
2220 604 2382 660 aeque
2437 606 2564 658 V08,
2596 601 2649 647 σὲ
2681 598 2743 654 εἰς
2774 590 2814 625 ³¹
2874 601 2967 658 τὴν
2996 596 3211 663 φιλάκην
3240 600 3324 646 καὶ
3349 597 3499 648 αὐτὸν
3529 598 3591 655 εἰς
3620 602 3683 649 τὸ

2020 686 2445 752 χρυσοτρίιλινον,
2490 696 2551 735 se
2578 680 2628 735 is
2658 680 2741 734 tin
2787 678 2986 735 ﬁlakin
3018 680 3090 734 ιω
3135 682 3314 734 auten
3345 678 3395 736 is
3425 683 3485 736 to
3519 681 3681 737 chri-

2022 766 2382 834 sotriclinon,
2417 772 2473 824 te
2504 768 2562 823 in
2592 785 2841 832 carcere,
2874 772 2932 823 et
2980 767 3151 823 illum
3178 769 3238 824 in
3287 786 3533 826 aureum
3563 770 3679 825 tri-

2021 855 2285 923 clinium,
2320 857 2554 913 fortuna
2604 858 2771 912 fovet.
2827 857 3010 912 Parva
3041 862 3183 912 sunt
3216 857 3360 925 hac,
3407 858 3680 931 graviora

2021 945 2311 999 addantur
2325 944 2577 1009 vincula,
2612 963 2683 1001 ne
2706 945 2782 1002 sit
2807 947 3067 1017 spatium
3091 946 3162 1001 de
3188 946 3535 1018 imperatore
3555 966 3686 1017 m_e-

2021 1033 2266 1088 ditandi.
2305 1058 2331 1083 »
2363 1034 2466 1089 Cui
2499 1057 2527 1083 «
2562 1034 2790 1099 Desine,
2826 1034 3039 1105 inquit,
3066 1036 3269 1091 desine
3293 1054 3307 1104 ;
3330 1036 3455 1108 ipse
3510 1038 3673 1093 enim

2021 1140 2153 1177 sum
2167 1124 2279 1179 Leo
2302 1124 2618 1195 imperator
2639 1123 3058 1195 augustus,qui
3076 1125 3147 1179 de
3169 1123 3365 1196 palatii
3382 1126 3675 1199 dignitate

2020 1229 2134 1266 non
2169 1211 2318 1267 bono
2349 1214 2543 1268 omine
2575 1213 2785 1284 prodii.
2822 1236 2849 1261 ››
2897 1212 3157 1269 Carceris
3206 1218 3401 1270 autem
3444 1219 3672 1285 custos,

2019 1318 2263 1372 sperans
2296 1319 2408 1355 non
2458 1318 2591 1357 vera
2620 1318 2748 1356 esse
2797 1318 2924 1373 qua:
2973 1302 3235 1356 dixerat:
3286 1325 3314 1352 «
3347 1304 3529 1376 Egon,
3579 1306 3673 1360 in-

2019 1390 2167 1460 quit,
2200 1389 2497 1444 hominem
2520 1389 2830 1461 inpurum,
2863 1390 3018 1446 bona
3048 1408 3155 1446 sua
3186 1408 3319 1446 cum
3350 1393 3674 1449 meretrici-

2015 1478 2127 1533 bus
2149 1478 2627 1551 abligurrientem
2655 1480 3064 1551 imperatorem
3088 1481 3318 1535 credam
3333 1480 3362 1536 ?
3382 1482 3674 1546 Quoniam

2016 1571 2194 1622 temet
2224 1572 2289 1622 tu
2322 1567 2622 1639 neglexisti
2656 1585 2759 1640 pro
2790 1572 2846 1623 te
2877 1585 2981 1641 ego
3016 1569 3317 1642 dispitiam
3355 1556 3667 1627 mathesin.

2016 1656 2171 1712 Mars
2194 1657 2480 1728 trigonus,
2506 1658 2795 1713 Saturnus
2820 1657 3103 1713 Venerem
3126 1658 3385 1730 respicit,
3405 1658 3679 1732 Juppiter

2015 1745 2357 1815 quadratus,
2411 1745 2735 1802 Mercurius
2788 1745 2894 1802 tibi
2945 1746 3151 1815 iratus,
3204 1747 3302 1803 Sol
3356 1749 3672 1817 rotundus,

2016 1836 2178 1890 Luna
2209 1834 2266 1889 in
2300 1833 2453 1891 saltu
2485 1839 2593 1902 est,
2628 1835 2782 1891 mala
2810 1838 3069 1891 Fortuna
3089 1839 3145 1891 te
3174 1837 3408 1909 premit.
3435 1859 3462 1887 »
3489 1838 3677 1911 Impe-

2020 1926 2178 1979 rator
2206 1940 2340 1978 vero
2366 1941 2425 1979 :«
2458 1924 2549 1993 Ut,
2579 1924 2793 1997 inquit,
2824 1940 2963 1981 vera
2985 1925 3197 1998 probes
3218 1942 3349 1982 esse
3367 1942 3495 1997 quae
3516 1926 3668 1996 dico,

2018 2011 2161 2066 dum
2192 2012 2538 2067 matutinale
2582 2012 2848 2069 dederint
2878 2013 3138 2085 signum,
3190 2017 3325 2070 ante
3355 2014 3511 2070 enim
3551 2032 3672 2072 non

2019 2100 2148 2155 ausi
2179 2118 2410 2169 sumus,
2444 2117 2673 2157 mecum
2704 2102 2776 2157 ad
2807 2101 3094 2174 palatium
3118 2102 3327 2174 potiori
3358 2120 3537 2176 quam
3562 2120 3673 2178 ego

2018 2189 2421 2244 descenderim
2462 2189 2657 2245 omine
2687 2190 2899 2245 venito.
2934 2190 2993 2245 Si
3026 2207 3118 2246 me
3160 2195 3225 2245 ut
3256 2191 3673 2265 imperatorem

2019 2295 2134 2333 non
2158 2278 2288 2333 istic
2311 2278 2484 2349 recipi
2507 2278 2740 2345 videris,
2766 2279 3167 2335 occidito.Non
3182 2280 3429 2336 minoris
3452 2282 3675 2355 quippe

2018 2366 2281 2423 criminis
2311 2367 2440 2422 erit.
2474 2383 2567 2422 me
2597 2367 3008 2439 imperatorem
3032 2367 3249 2423 dixisse
3279 2367 3330 2423 si
3362 2386 3477 2424 non
3509 2387 3671 2439 sum,

2018 2473 2195 2528 quam
2229 2455 2480 2528 aliquem
2505 2455 2805 2511 occidisse.
2840 2456 2900 2511 Si
2921 2472 3054 2512 vero
3088 2460 3143 2511 te
3173 2456 3245 2512 ob
3269 2456 3327 2512 id
3350 2457 3488 2513 mali
3508 2458 3675 2530 quic-

2018 2562 2195 2617 quam
2229 2545 2347 2617 pati
2379 2545 2681 2612 formidas,
2730 2544 2852 2599 haec
2891 2545 3056 2600 fatiat
3086 2544 3230 2600 mihi
3278 2550 3432 2602 Deus
3460 2551 3519 2602 et
3548 2547 3672 2603 haec

2017 2635 2211 2702 addat,
2246 2634 2294 2689 si
2329 2651 2444 2689 non
2467 2635 2660 2706 potius
2687 2633 2995 2706 praemium
3018 2650 3194 2705 quam
3228 2651 3331 2705 pro
3361 2635 3473 2691 hac
3495 2653 3555 2691 re
3576 2653 3674 2692 su-

2018 2740 2142 2778 mes
2168 2721 2539 2795 supplitium.
2574 2746 2602 2773 ››
2651 2723 2835 2794 Igitur
2863 2720 3141 2778 credulus
3171 2723 3422 2779 carceris
3469 2730 3670 2781 custos

2017 2813 2276 2878 effectus,
2306 2812 2464 2877 dato,
2496 2815 2562 2867 ut
2593 2811 2911 2883 imperator
2949 2810 3190 2877 dixerat,
3224 2812 3559 2868 matutinali
3590 2814 3670 2868 si-

2016 2916 2151 2972 gno,
2185 2916 2319 2955 eum
2351 2900 2420 2955 ad
2459 2898 2742 2972 palatium
2792 2914 2980 2970 usque
3030 2898 3359 2955 comitatur.
3408 2901 3673 2975 Cumque

2018 2989 2222 3044 eodem
2251 2988 2526 3053 venisset,
2577 2986 2927 3043 mirabiliter
2954 2986 3106 3042 sicut
3136 3004 3171 3041 a
3200 3004 3263 3043 se
3294 2990 3672 3046 noscentibus

2018 3080 2349 3145 susceptus,
2375 3077 2647 3131 comitem
2667 3091 2841 3131 suum
2864 3075 3261 3131 exanimatum
3285 3077 3671 3135 admiratione

2020 3164 2203 3220 nimia
2223 3164 2498 3220 reddidit.
2523 3164 2673 3221 Sane
2696 3164 2837 3219 dum
2862 3164 3177 3236 dignitaies
3198 3181 3402 3222 omnes
3425 3166 3561 3223 huic
3583 3185 3671 3224 oc-

256 3226 539 3325 unumjse
570 3226 707 3321 esse:
750 3226 818 3317 et)
846 3258 1096 3331 lupanar
1123 3259 1341 3330 petere,
1374 3253 1539 3309 dixit.
1591 3252 1696 3307 Cui
1728 3268 1900 3307 mox:
1938 3226 1981 3294 α
2019 3253 2323 3322 currere”,
2359 3252 2561 3308 laudes
2594 3251 2854 3320 reddere,
2908 3252 3172 3319 adorare,
3225 3271 3426 3311 soccos
3476 3255 3670 3311 detra-

256 3382 285 3411 «
318 3361 526 3413 Cesum
556 3358 613 3410 te
644 3350 874 3415 acriter,
905 3346 1202 3418 inquiunt,
1235 3342 1732 3416 compedibusque
1772 3339 1905 3397 stri-

255 3451 415 3503 ctum
448 3458 639 3516 usque
670 3440 729 3495 in
779 3434 1103 3494 crastinum
1134 3432 1586 3489 reservabimus.
1623 3452 1651 3480 »
1683 3430 1905 3496 Quibus

251 3533 587 3607 respondit:
625 3552 654 3580 «
682 3540 781 3596 Μὴ,
810 3532 1035 3597 ἀδελφοῖ,
1068 3534 1156 3594 μὴ,
1190 3521 1269 3576 mi
1297 3520 1489 3589 adelti,
1524 3521 1601 3575 mi
1634 3520 1790 3592 quod
1824 3519 1907 3574 in-

248 3625 631 3697 terpretatur;
667 3628 1066 3688 nequaquam,
1100 3612 1333 3675 fratres,
1366 3625 1777 3697 nequaquam:
1812 3626 1905 3697 ac-

248 3695 422 3782 cipite
452 3707 609 3781 quod
658 3708 843 3776 porto,
889 3698 1208 3773 permittite
1237 3698 1318 3753 ire
1376 3715 1491 3769 quo
1531 3695 1679 3752 volo.
1738 3719 1766 3745 »
1798 3696 1907 3760 Qui

252 3796 557 3855 duodecim
594 3791 850 3863 acceptis
870 3789 1224 3855 aureis,eum
1245 3787 1515 3859 protinus
1535 3785 1904 3841 dimiserunt.

253 3878 395 3942 Inde
421 3899 563 3951 vero,
579 3880 894 3946 transiens,
926 3878 996 3933 ad
1030 3876 1348 3933 secundam
1379 3874 1535 3930 venit
1557 3874 1906 3930 custodiam.

257 3975 382 4039 Quo
405 3968 904 4045 quemadmodum
926 3970 983 4022 et
1011 3966 1071 4021 in
1094 3963 1286 4038 prima
1303 3967 1528 4035 captus,
1548 3963 1820 4035 datisque
1848 3965 1912 4018 10

254 4060 452 4120 aureis
482 4063 571 4117 est
592 4055 986 4114 dimissus.Ad
1000 4053 1232 4110 tertiam
1247 4051 1456 4108 deinde
1469 4052 1610 4106 dum
1631 4052 1907 4120 venisset,

252 4154 345 4208 est
373 4153 622 4223 captus:
657 4161 861 4202 verum
892 4160 1009 4199 non
1054 4146 1121 4198 ut
1150 4142 1340 4214 primo
1372 4158 1437 4196 ac
1470 4141 1727 4196 secundo
1759 4139 1911 4197 datis

254 4239 450 4298 aureis
475 4242 566 4294 est
594 4233 908 4302 dimissus;
942 4233 1043 4289 sed
1066 4230 1276 4288 ablatis
1298 4230 1593 4301 omnibus,
1614 4230 1911 4302 compedi-

253 4332 483 4401 busque
514 4323 769 4399 graviter
800 4321 1063 4391 strictus,
1088 4319 1297 4392 pugois
1323 4317 1644 4391 ﬂagrisque
1668 4318 1769 4374 diu
1794 4334 1916 4374 ver-

254 4420 520 4485 beratus,
552 4412 825 4471 custodia
853 4427 1042 4483 usque
1063 4410 1121 4465 in
1145 4407 1470 4465 crastinum
1501 4408 1913 4479 producendus

255 4509 543 4564 aervatur.
565 4503 669 4559 His
690 4501 889 4573 itaque
911 4497 1369 4564 discedentibus,
1398 4497 1701 4553 custodem
1734 4496 1918 4570 impe-

2015 3343 2173 3411 here,
2207 3340 2322 3397 alia
2350 3344 2524 3412 atque
2555 3339 2668 3396 alia
2698 3357 2802 3411 pro
2837 3358 2899 3395 se
2919 3357 3279 3414 quemquam
3312 3343 3498 3399 facere
3526 3360 3672 3400 con-

2015 3430 2416 3503 templaretur,
2444 3430 2627 3485 emori
2646 3430 2696 3485 ei
2720 3433 2859 3484 tunc
2880 3433 3056 3501 atque
3075 3430 3265 3487 vivere
3286 3433 3474 3489 satius
3490 3438 3663 3490 esset.

2016 3519 2122 3575 Cui
2153 3518 2469 3590 imperator
2492 3535 2504 3573 :
2532 3541 2560 3567 ‹‹
2582 3517 3007 3590 Contemplare,
3034 3519 3245 3591 inquit,
3268 3538 3425 3576 nunc
3447 3522 3667 3579 mathe-

2017 3609 2107 3663 sin
2121 3612 2177 3662 et
2194 3607 2240 3662 si
2257 3623 2388 3663 vere
2410 3624 2525 3679 quo
2547 3607 2662 3661 huc
2683 3607 2985 3663 adveneris
3008 3608 3203 3664 omine
3224 3609 3665 3678 dixeris,vcram

2017 3701 2071 3751 te
2087 3714 2156 3751 an
2165 3696 2412 3769 gurandi
2432 3695 2735 3751 scientiam
2750 3696 2964 3751 habere
2978 3696 3272 3775 probabis.
3289 3698 3457 3755 Prius
3471 3703 3665 3756 tamen
3752 3745 3770 3757 .

2019 3802 2239 3857 quaeso,
2274 3784 2415 3857 quid
2447 3785 2635 3839 morbi
2670 3784 2766 3853 sit,
2801 3785 3083 3856 proferas,
3116 3787 3271 3857 quod
3302 3790 3359 3842 te
3392 3791 3512 3843 tam
3544 3788 3666 3861 pal-

2019 3875 2206 3929 lidum
2249 3872 2525 3940 reddidit,
2560 3896 2587 3923 »
2620 3873 2760 3929 Cui:
2811 3874 3125 3929 Parcarum
3148 3876 3213 3942 33,
3264 3875 3415 3944 infit,
3449 3878 3671 3934 obtima

2021 3962 2183 4018 Cloto
2205 3963 2332 4035 jam
2356 3979 2489 4017 nere
2513 3961 2757 4031 desinit;
2785 3962 3059 4019 Lachesis
3087 3980 3221 4020 vero
3251 3965 3310 4020 in
3343 3966 3670 4038 torquendo

2020 4051 2286 4107 laborare
2316 4050 2571 4123 amplius
2622 4068 2739 4107 non
2792 4051 2973 4124 cupit,
3006 4052 3315 4110 sevissima
3340 4059 3537 4111 autem
3568 4055 3671 4111 ha-

2023 4156 2154 4195 rum
2184 4141 2430 4210 Atropos
2453 4137 2729 4196 articulos
2746 4140 2874 4211 jam
2896 4139 2957 4195 in
2980 4140 3277 4198 condilum
3296 4144 3409 4215 (55)
3432 4143 3615 4201 solam
3629 4146 3673 4180 3‘

2023 4227 2252 4301 imperii
2284 4229 2368 4283 tui
2400 4228 2752 4285 sententiam
2784 4233 3070 4301 expectat,
3102 4235 3167 4285 ut
3195 4231 3295 4288 ﬁla
3324 4233 3672 4290 contrahcns

2022 4320 2277 4389 rumpat.
2336 4316 2682 4374 Palliditatis
2725 4322 2921 4374 autem
2970 4318 3167 4376 vultus
3198 4320 3314 4377 mei
3355 4338 3535 4379 causa
3562 4327 3669 4391 est,

2024 4406 2284 4462 animam
2311 4423 2345 4462 a
2374 4406 2561 4479 capite
2585 4407 2979 4477 descendisse,
3003 4425 3321 4482 secumque
3355 4411 3413 4467 in
3444 4411 3674 4469 inferio-

2024 4512 2147 4551 rem
2178 4495 2436 4568 corporis
2456 4499 2678 4568 partem
2702 4497 3049 4570 sanguinem
3071 4499 3436 4570 perduxisse.
3470 4523 3498 4552 ››
3526 4501 3672 4557 Sub-

255 4600 414 4653 rator
444 4594 516 4650 ad
549 4608 676 4649 sese
706 4589 952 4646 carceris
982 4603 1227 4643 vocans:
1259 4608 1287 4635 »
1344 4593 1465 4642 Φίλε
1499 4611 1614 4656 μου,
1668 4585 1763 4641 {ile
1790 4605 1914 4657 mu,
1947 4596 1994 4662 D
2025 4586 2223 4641 ridens
2256 4584 2434 4658 igitur
2462 4584 2813 4658 imperator:
2840 4608 2869 4636 «
2904 4586 3135 4658 Recipe,
3156 4588 3368 4659 inquit,
3391 4590 3673 4659 animam,

257 4686 414 4759 quod
444 4687 534 4740 est
584 4681 774 4738 amice
804 4678 905 4747 mi,
940 4676 1151 4749 inquit,
1202 4676 1453 4731 Leonem
1501 4674 1911 4746 imperatorem

257 4772 493 4831 nostin?
521 4803 587 4814 —
620 4769 752 4838 Qui,
777 4769 927 4835 infit,
962 4782 1201 4822 noscere
1233 4764 1481 4836 possim,
1503 4780 1676 4836 quem
1701 4765 1915 4823 vidisse

259 4881 352 4919 me
370 4879 486 4919 non
504 4858 873 4917 meminerim
887 4857 916 4912 ‘I
939 4856 1023 4911 Ad
1051 4853 1352 4927 publicum
1372 4854 1682 4921 sane,'raro
1706 4872 1913 4927 quam-

259 4968 462 5024 quam,
493 4951 638 5005 dum
671 4944 951 5021 procedit,
976 4943 1220 5015 alonge,
1245 4942 1649 5014 quia,propter
1667 4960 1912 5016 nequeo,

260 5055 397 5095 cum
428 5039 687 5105 intueor,
726 5032 994 5091 mirabile
1039 5032 1323 5104 quiddam
1378 5034 1436 5085 et
1467 5047 1581 5086 non
1614 5031 1914 5089 hominem

261 5128 456 5184 videre
483 5126 701 5182 videor.
734 5125 884 5180 Dare
915 5126 1111 5178 autem
1143 5125 1201 5177 te
1225 5135 1483 5193 operam,
1519 5136 1634 5192 quo
1668 5120 1803 5177 hinc
1833 5121 1918 5177 in-

2025 4675 2136 4731 reci
2145 4691 2234 4746 pe,
2251 4678 2307 4729 et
2327 4691 2460 4729 cum
2485 4674 2593 4730 hac
2616 4672 2879 4729 bisbinas
2891 4690 3200 4730 aureorum
3215 4675 3677 4748 librasadsume;

2025 4763 2171 4820 nulli
2202 4780 2334 4819 vero
2357 4763 2428 4819 de
2458 4780 2572 4829 me,
2606 4761 2718 4817 nisi
2749 4762 3071 4834 aufugisse,
3103 4765 3481 4834 respondeas.
3509 4788 3538 4815 ››
3584 4768 3679 4823 His

2026 4854 2110 4909 ita
2137 4853 2339 4926 gestis,
2373 4852 2689 4923 imperator
2715 4849 2943 4922 vigiles,
2965 4851 3065 4922 qui
3088 4868 3149 4907 se
3170 4857 3407 4925 captum
3437 4854 3679 4912 dimise-

2026 4947 2178 5013 rant,
2207 4942 2425 5014 quique
2456 4956 2669 4995 caesum
2701 4938 2979 4995 custodia:
3027 4941 3453 5014 manciparent,
3486 4944 3682 5003 venire

2025 5030 2302 5105 precepit.
2336 5029 2559 5093 Quibus
2583 5031 2641 5083 et
2663 5028 2745 5083 ait
2768 5045 2781 5084 ε
2806 5051 2834 5078 ‹‹
2867 5029 3266 5103 Vigilantibus
3296 5033 3463 5090 vobis
3494 5039 3681 5091 custo—

2026 5120 2304 5191 diamque
2356 5117 2573 5175 civitati
2608 5117 3025 5192 praebentibus,
3056 5122 3346 5193 numquid
3380 5123 3537 5181 fures
3570 5124 3678 5179 ali-

1627 5262 1870 5319 VARl/E
1909 5261 2317 5319 LECTIONES.

335 5385 381 5420 ³ο
408 5381 854 5456 babilioniaeque
883 5384 911 5456 _1_
943 5380 1037 5436 55.
1112 5379 1154 5413 ³ί
1185 5382 1243 5434 et
1273 5379 1323 5433 1.
1400 5378 1445 5412 ³³
1474 5393 1712 5433 occurre
1746 5379 1769 5432 1
1848 5379 1893 5413 ⁸³
1925 5395 2131 5451 parcar
2177 5393 2379 5433 earum
2413 5378 2439 5431 1
2494 5376 2557 5431 in
2584 5376 2793 5433 duabus
2825 5377 3006 5435 lineis.
3082 5381 3128 5415 3‘
3156 5380 3419 5438 articulis
3441 5382 3568 5456 jam
3600 5382 3680 5439 in-

267 5458 569 5514 conditum
600 5454 787 5513 solam
818 5455 855 5508 5
879 5454 972 5507 5a.

1861 5543 2095 5601 NOTAE.

344 5651 456 5723 (55)
486 5650 551 5709 Id
581 5654 672 5709 est
703 5645 981 5706 articulos
1014 5644 1230 5702 forﬁcis
1252 5644 1381 5715 jam
1411 5643 1473 5699 in
1501 5658 1681 5735 manu
1712 5614 2254 5715 οιιιδνειῐὰᾒόνδυλος)
2283 5646 2509 5700 tenens.
