3962 6396
277 436 398 498 797

1259 435 1882 500 ANTAPODOSEOS
1929 435 2138 499 LIBRI
2181 435 2352 498 SEX.
2384 470 2462 481 —
2491 437 2638 500 LIB.
2685 439 2733 501 ῐ.

3587 439 3707 503 798

276 569 516 646 quando
547 567 962 643 adulterosque
994 569 1334 628 Oﬂenditis?
1363 593 1392 622 >)
1426 570 1534 639 Olli
1566 587 1700 628 eum
1731 570 1931 645 Ρτωῐίο
1961 570 2018 638 Α
2048 584 2154 648 ret,
2188 592 2498 634 aureorum
2525 576 3249 636 numismatorumlibram
3266 578 3485 650 pectori
3501 579 3704 634 unius-

281 666 515 734 accepto
549 660 1005 728 dimiserant,nil
1029 678 1092 718 se
1113 661 1330 718 vidisse
1362 662 1783 735 responderant
1797 662 1843 696 ³⁸
1865 664 1889 687 ί
1924 681 1936 731 ;

279 752 380 825 qui
429 768 564 808 vero
614 768 830 807 caasum
882 751 1051 806 illum
1092 752 1374 808 custodiae
1405 753 1832 824 manciparant,
1860 753 1942 808 ita

279 843 702 914 responderant
744 842 830 898 3t‘:
884 863 912 890 ‹‹
962 842 1239 913 Praecepit
1305 850 1533 898 δεσποτία
1577 853 1663 898 σοῦ
1719 851 1753 909 ἡ
1808 852 1936 912 ἅγια,

279 931 545 1003 despotia
575 929 667 985 sui
699 931 850 1001 agia,
887 931 940 986 id
977 935 1068 986 cst
1116 930 1440 986 dominatio
1471 935 1572 986 tua
1615 936 1840 998 sancta,
1874 936 1941 988 ut

282 1021 333 1076 si
347 1020 550 1092 vigiles
564 1024 695 1092 post
717 1020 1133 1092 crepusculum
1153 1037 1510 1092 quemquam
1527 1020 1726 1092 aliquo
1745 1022 1939 1076 deam-

282 1109 582 1164 bulantem
604 1109 985 1175 offenderent,
1001 1115 1237 1181 captum
1254 1110 1522 1182 protinus
1563 1110 1936 1165 verberibus-

283 1216 620 1269 queeaasum
645 1199 921 1254 custodiae
939 1201 1252 1254 traderent.
1289 1199 1651 1269 [‘uisitaque,
1677 1199 1939 1253 domina-

283 1292 374 1343 tor
394 1288 832 1356 sanctissime”,
859 1290 1232 1360 jussionibus
1254 1307 1360 1344 nos
1375 1287 1936 1360 parentes,l‘1ac,quze

283 1382 624 1449 praesentem
652 1379 1136 1450 praecessitdiem,
1172 1384 1338 1434 nocte
1370 1380 1665 1450 quendam
1690 1377 1936 1449 lupana-

283 1468 370 1522 ria
392 1485 701 1540 percurren
713 1474 829 1524 tem
853 1468 1937 1540 cepimus,tlagellavimus,carcerique

282 1557 626 1630 impositum
662 1559 906 1630 imperio
937 1564 1033 1614 tuo
1056 1563 1257 1614 sancto
1281 1559 1723 1629 producendum
1748 1574 1939 1613 serva-

278 1647 493 1704 vimus.
530 1671 557 1696 »
589 1648 814 1712 Quibus
862 1648 1214 1719 imperator:
1253 1670 1280 1698 «
1314 1647 1458 1714 Cito,
1507 1647 1722 1718 inquit,
1775 1651 1839 1701 ut
1877 1646 1936 1701 in

282 1737 545 1792 medium
570 1738 946 1809 producatur,
982 1740 1240 1808 potest-as
1262 1735 1623 1807 imperiimei
1649 1735 1823 1790 etiam
1857 1739 1939 1798 at-_

281 1842 394 1898 que
425 1827 604 1882 etiam
626 1826 895 1896 imperat.
925 1849 950 1874 ››
974 1827 1088 1880 Nec
1108 1843 1292 1890 mora,
1325 1825 1556 1880 vinctus
1577 1828 1641 1880 ut
1663 1825 1935 1891 ducatur,

280 1927 658 1995 percurrunt.
686 1925 868 1989 Quem
897 1923 1038 1978 dum
1053 1923 1353 1994 aufugisse
1375 1922 1936 1990 audirent,semivivi

283 2013 357 2069 ad
408 2011 693 2084 palatium
738 2017 878 2068 sunt
923 2012 1156 2067 reversi.
1191 2012 1353 2076 Quod
1402 2029 1536 2067 cum
1568 2013 1945 2068 nuntiassent

280 2101 648 2172 imperatori,
678 2117 810 2156 mox
841 2101 1160 2173 imperator
1189 2117 1249 2155 se
1281 2106 1521 2156 exutum
1547 2101 1840 2172 nimisque
1870 2101 1943 2156 iis

281 2207 486 2245 cesum
538 2191 855 2245 ostendens
894 2208 906 2244 :
962 2213 986 2237 ››
1032 2199 1197 2257 Δεύτε,
1246 2191 1440 2259 deute,
1487 2189 1543 2244 id
1595 2196 1684 2245 est
1729 2189 1940 2258 venite,

283 2278 498 2348 inquit,
532 2290 601 2349 μὴ
630 2286 938 2347 διληασέταιι,
968 2279 1047 2332 mi
1081 2277 1552 2346 diliasete,nolite
1581 2279 1899 2334 formidare
1925 2297 1938 2344 ;

283 2369 406 2440 ipse
438 2385 544 2440 ego
576 2385 710 2422 sum
743 2385 918 2440 quem
953 2367 1619 2440 llagellastis,quemque
1650 2385 1680 2424 e
1712 2385 1941 2424 carcere

285 2474 442 2513 nunc
473 2457 775 2529 aufugisse
805 2456 1119 2512 conﬁditis.
1146 2456 1276 2511 Scio
1309 2458 1464 2512 enim
1497 2461 1554 2512 et
1583 2474 1715 2512 vere
1747 2459 1940 2522 credo,

283 2547 438 2618 quod
471 2563 590 2602 non
622 2547 1034 2619 imperatorem
1077 2547 1178 2601 scd
1231 2547 1603 2618 imperatoris
1635 2546 1942 2602 inimicum

282 2637 526 2691 tundere
569 2636 893 2707 cogitastis.
933 2635 1271 2706 Hosquime
1296 2653 1408 2690 non
1429 2635 1941 2706 utimperatorem,

283 2725 384 2779 sed
403 2724 771 2780 utlatronem
803 2725 1037 2796 viteque
1058 2741 1198 2779 meae
1216 2725 1618 2780 insidiatorem
1644 2724 1942 2795 dimisere,

284 2818 651 2869 mortetenus
682 2814 1014 2869 verberatos
1047 2814 1190 2868 urbe
1215 2813 1444 2885 expelli,
1493 2813 1783 2886 bonisque
1815 2832 1943 2870 om-

287 2903 465 2957 nibus
499 2902 734 2974 privari,
766 2919 898 2958 mea
928 2919 1042 2958 non
1077 2902 1268 2957 solum
1317 2902 1496 2974 cupit,
1532 2919 1732 2958 verum
1766 2905 1942 2959 etiam

279 2991 456 3062 jubet
486 2991 824 3047 auctoritas.
859 2992 974 3046 Vos
1023 2995 1216 3046 autem
1251 2993 1399 3047 meis
1425 3010 1539 3047 non
1593 2991 1806 3058 solum,
1842 2995 1942 3049 sed

291 3079 506 3136 horum
557 3081 734 3136 etiam
785 3098 1191 3152 perversorum
1239 3080 1458 3136 divitiis
1507 3083 1678 3138 dono.
1710 3104 1736 3132 »
1782 3085 1945 3148 Quod

293 3187 473 3242 quam
523 3171 840 3242 prudenter
870 3171 1069 3242 egerit,
1101 3171 1422 3242 paternitas
1461 3175 1563 3226 tua
1593 3170 1653 3226 in
1687 3171 1796 3228 hoc
1829 3173 1948 3228 ani-

292 3259 652 3315 madvertere
683 3260 912 3332 poterit,
966 3260 1243 3332 quoniam
1279 3259 1467 3315 caeteri
1498 3264 1709 3316 extunc
1741 3263 1941 3317 civita-

290 3352 409 3404 tem
442 3348 895 3422 diligentissime
928 3349 1241 3416 custodire,
1269 3349 1427 3405 hunc
1444 3349 1621 3406 etiam
1638 3351 1941 3406 absentem

290 3437 460 3509 quasi
493 3443 838 3510 praasentem
870 3456 1123 3510 sperare.
1174 3439 1387 3510 Sicque
1420 3439 1641 3494 factum
1673 3444 1762 3495 est
1794 3444 1858 3495 ut
1887 3445 1946 3496 et

286 3527 870 3599 imperatoramplius
885 3529 956 3582 de
981 3527 1192 3599 palatio
1212 3531 1389 3583 noctu
1414 3543 1528 3582 non
1543 3527 1942 3595 descenderet,

286 3621 346 3672 et
373 3617 464 3672 sui
497 3617 696 3671 omnia
725 3616 972 3672 fideliter
1003 3615 1387 3670 custodirent.

361 3707 446 3760 12.
498 3704 693 3760 Alium
738 3721 912 3777 quem
963 3703 1089 3775 ipse
1138 3704 1256 3774 egit
1293 3703 1523 3770 ludum,
1561 3703 1792 3759 silentio
1825 3705 1942 3778 tegi

287 3795 614 3850 absurdum
646 3810 775 3850 esse
805 3793 1083 3864 dijudico.
1109 3791 1824 3863 Constantinopolitanum
1851 3811 1946 3864 pa-

283 3883 493 3940 latium
524 3885 596 3940 ob
628 3881 1001 3955 imperatoris
1019 3880 1271 3936 salutem
1301 3880 1623 3936 multorum
1657 3882 1943 3954 praesidiis

285 3973 544 4028 militum
567 3970 916 4028 custoditur.
949 3969 1425 4025 Custodientibus
1440 3987 1575 4025 vero
1596 3970 1785 4026 victus
1806 3989 1939 4028 cen-

283 4079 507 4134 susque
519 4059 876 4116 cottidianus
896 4075 1010 4114 non
1030 4058 1672 4130 parvusinpenditur”.
1688 4061 1942 4133 Contigit

282 4151 505 4223 itaque,
562 4153 626 4204 12
654 4153 787 4221 post
833 4148 1093 4221 corporis
1142 4147 1516 4203 refectionem
1563 4149 1622 4203 in
1665 4149 1791 4222 ipso
1824 4151 1938 4207 diei

280 4241 508 4297 fervore
536 4254 655 4294 una
683 4237 742 4293 in
775 4237 949 4293 domo
983 4235 1444 4309 quiescere.Mos
1468 4237 1720 4310 denique
1751 4239 1937 4312 impe-

279 4327 496 4385 ratoris
515 4331 657 4394 erat,
675 4326 901 4382 cunctis
915 4325 1357 4398 quiescentibus
1388 4329 1577 4382 totum
1600 4332 1936 4400 perreptare

277 4416 702 4492 palatium.Qui
733 4433 868 4472 cum
900 4415 1124 4481 eodem,
1159 4415 1253 4470 die
1285 4416 1543 4487 quadam
1579 4433 1694 4488 quo
1735 4421 1796 4472 12
1820 4435 1936 4473 me-

277 4507 491 4564 morati
520 4507 753 4564 lmthoeo
777 4507 890 4577 (56)
923 4520 1052 4560 sese
1074 4505 1934 4580 dederant,pervcnisset,ligno

277 4598 528 4665 modico,
564 4601 628 4652 ut
675 4613 791 4651 non
841 4594 1178 4662 incallidus,
1229 4595 1364 4650 ostii
1397 4595 1635 4666 pessulo
1677 4598 1933 4668 projecto

2053 671 2339 743 cujusque
2369 668 2642 741 apposuit
2659 670 2741 738 38;
2777 686 3026 742 moxque
3071 669 3220 725 clam
3252 687 3576 742 regressus,
3609 691 3704 729 os-

2050 761 2220 828 tium,
2272 764 2337 815 ut
2366 761 2532 833 prius
2575 761 2783 827 fuerat,
2819 759 3048 816 clausit.
3083 761 3160 817 Eo
3194 766 3390 818 autem
3422 762 3531 818 hoc
3564 765 3700 837 egit,

2051 850 2331 922 quatinus
2361 850 2556 906 exitati
2591 851 2702 922 (37)
2749 854 2806 905 et
2837 851 2908 906 de
2955 850 3118 906 lucro
3151 851 3607 923 gratularentur,
3638 871 3705 909 ac

2051 939 2300 1012 qualiter
2322 939 2430 994 hoc
2460 941 2749 995 accideret
2780 957 2894 994 non
2928 940 3302 997 mediocriter
3323 941 3703 999 mirarentur.

2050 1029 2310 1100 Denique
2343 1030 2678 1087 discedente
2709 1029 3078 1101 imperatore,
3114 1031 3212 1102 qui
3242 1031 3382 1104 vigil
3416 1031 3581 1089 solus
3607 1051 3703 1089 ex-

2049 1120 2248 1174 titerat
2296 1119 2573 1187 surrexit,
2618 1119 3157 1192 dormientiumque
3185 1138 3464 1178 nummos
3494 1140 3702 1179 aureos

2051 1209 2159 1262 sibi
2194 1209 2529 1280 adsumpsit
2583 1213 2755 1280 atque
2791 1209 3086 1280 reposuit;
3123 1215 3325 1280 postea
3355 1229 3488 1266 vero
3518 1213 3702 1283 quieti

2047 1314 2174 1352 sese
2197 1299 2390 1353 dedit.
2415 1298 2922 1368 lmperatorigitur
2955 1316 3056 1370 pro
3073 1299 3180 1354 hoc
3204 1300 3342 1354 ludo
3379 1301 3668 1356 sollicitus
3695 1347 3706 1368 ,

2049 1389 2183 1457 post
2212 1403 2426 1440 nonam
2461 1385 2666 1440 horam
2704 1387 2768 1439 12
2784 1385 2894 1442 hos
2914 1403 3062 1458 quos
3086 1387 3522 1446 nominavimus
3537 1391 3609 1444 ad
3642 1407 3704 1444 se

2046 1473 2243 1528 venire
2286 1474 2576 1545 praecepit,
2635 1491 2851 1546 eosque
2909 1476 2992 1530 ita
3035 1477 3304 1532 convenit
3343 1494 3412 1530 :«
3450 1478 3509 1533 Si
3557 1479 3704 1532 forte

2046 1567 2307 1618 vestrum
2341 1563 2678 1634 quempiam
2709 1563 2924 1618 somnii
2957 1564 3102 1620 visio
3134 1565 3415 1620 deterruit
3433 1570 3538 1621 aut
3562 1567 3706 1622 hila-

2049 1669 2172 1708 rem
2207 1651 2476 1720 reddidit,
2510 1657 2577 1706 ut
2608 1653 2665 1707 in
2699 1653 2960 1708 medium
2985 1655 3240 1724 proferat
3264 1671 3396 1710 mea
3407 1655 3576 1725 jubet
3601 1675 3703 1712 au-

2049 1741 2324 1807 ctoritas;
2360 1756 2465 1796 nec
2498 1741 2696 1796 minus
2729 1741 2907 1796 etiam
2935 1741 2984 1797 si
3019 1743 3160 1814 quid
3193 1743 3468 1800 novitatis
3498 1762 3700 1817 exper-

2048 1830 2311 1901 gefactus
2343 1829 2658 1901 quisquam
2689 1831 2856 1898 vidit,
2893 1836 2957 1886 ut
2987 1831 3238 1904 detegat,
3267 1833 3535 1905 imperat.
3575 1857 3602 1884 ››
3634 1835 3703 1890 Hi

1973 1947 2016 2012 Β
2050 1919 2269 1991 itaque,
2295 1920 2797 1991 quemadmodum
2815 1919 3260 1988 nihilviderant,
3287 1921 3368 1977 nil
3400 1940 3463 1979 se
3487 1924 3707 1981 vidisse

2053 2009 2477 2080 responderant
2505 2010 2570 2063 39.
2607 2009 2794 2082 Magis
2827 2014 3024 2066 autem
3057 2026 3236 2083 super
3264 2011 3373 2068 hoc
3407 2014 3703 2081 admirati,

2235 2144 2627 2192 Conticuere...
2661 2144 2956 2208 intentique
2986 2158 3083 2194 ora
3110 2146 3367 2196 tenebant
3397 2148 3517 2209 (58).

2055 2279 2310 2349 Sperans
2327 2276 2507 2348 igitur
2520 2277 2596 2331 im
2605 2278 2970 2349 perator,bos
2987 2296 3102 2334 non
3127 2280 3208 2335 rei
3232 2280 3465 2337 inscitia
3477 2283 3578 2338 sed
3595 2284 3709 2339 cal-

2053 2366 2277 2422 liditate
2310 2366 2509 2438 aliqua
2540 2367 2799 2437 reticere,
2824 2384 3144 2428 suscensus
3167 2370 3212 2404 ⁴⁰
3241 2375 3331 2425 est
3359 2374 3424 2425 ut
3453 2372 3553 2444 qui
3588 2390 3708 2430 ma-

2053 2456 2163 2528 gis,
2193 2455 2758 2527 cepitquenonnulla
2779 2456 3064 2512 terribilia
3082 2457 3458 2516 reticentibus
3471 2463 3708 2516 commi-

2055 2544 2203 2600 nari.
2257 2545 2420 2608 Quod
2463 2544 2564 2615 qui
2617 2545 2883 2599 omnium
2933 2546 3204 2602 conscius
3237 2553 3362 2602 erat
3388 2553 3452 2603 ut
3487 2550 3709 2605 audivit

2055 2633 2397 2705 hujusmodi
2431 2633 2764 2689 humillima
2784 2638 2841 2689 et
2871 2634 3121 2706 supplici
3143 2636 3705 2710 voceimperatorem

2055 2723 2361 2779 convenit:
2412 2746 2440 2773 »
2470 2731 2754 2795 ψιλάοροπε
2783 2732 2998 2796 βανιλεῡ,
3067 2725 3418 2799 ﬁlantbrope
3463 2729 3706 2798 vasileu,

2057 2814 2114 2868 id
2146 2819 2234 2869 est
2283 2811 2713 2868 humanissime
2762 2812 3099 2885 imperator,
3151 2814 3211 2869 hi
3257 2816 3400 2887 quid
3434 2818 3704 2887 viderint,

2056 2902 2252 2958 nescio
2279 2921 2290 2970 ;
2319 2918 2424 2974 ego
2462 2907 2655 2958 tamen
2689 2901 3051 2969 delectabile,
3087 2908 3262 2975 atque
3293 2904 3522 2962 utinam
3549 2910 3706 2980 quod

2055 3009 2313 3064 persmpe
2344 2990 2489 3046 mihi
2522 2990 2904 3064 contingeret,
2931 2992 3228 3048 somnium
3258 2993 3400 3049 vidi.
3428 2994 3706 3052 Undecim

2057 3081 2148 3137 his
2180 3081 2475 3138 conservis
2507 3081 2655 3136 meis
2687 3081 2860 3137 hodie
2889 3098 3021 3138 vere
3053 3082 3154 3137 sed
3194 3083 3232 3117 ⁴¹
3270 3100 3385 3140 non
3420 3090 3706 3158 oportune

2056 3171 2508 3239 dormientibus,
2541 3171 2704 3226 visus
2735 3187 2892 3238 sum,
2926 3171 3094 3244 quasi
3131 3189 3246 3228 non
3277 3173 3596 3242 dormiens,
3618 3176 3709 3230 vi-

2059 3260 2413 3333 gilare.Ecce
2436 3263 2631 3315 autem
2660 3261 3005 3330 magnitudo
3036 3261 3264 3332 imperii
3297 3262 3383 3317 tui
3415 3264 3584 3335 quasi
3615 3281 3709 3322 oc-

2058 3348 2211 3404 culte
2255 3349 2473 3404 ostium
2505 3365 2796 3417 reserans,
2830 3347 3282 3420 clanculumque
3312 3349 3600 3422 ingressa,
3635 3353 3709 3408 li-

2055 3439 2224 3493 bram
2249 3436 2376 3492 auri
2397 3437 2672 3507 adposuit
2702 3453 2884 3507 supra
2905 3440 3108 3508 pectus
3133 3437 3397 3493 omnium
3414 3445 3706 3498 nostrum.

2054 3527 2320 3596 Cumque
2348 3525 2662 3596 imperium
2694 3528 2863 3578 tuum
2897 3525 3066 3595 quasi
3099 3527 3712 3602 repedare,sotiosque

2055 3615 2164 3669 hac
2195 3615 2255 3668 in
2304 3612 2527 3668 visione
2577 3629 2878 3668 cernerem
2922 3612 3258 3679 dormitare,
3294 3617 3572 3672 continuo
3603 3635 3709 3675 ceu

2054 3701 2206 3757 letus
2255 3717 2563 3773 exurgens,
2616 3701 2888 3756 undecim
2935 3701 3354 3758 dormientium
3394 3722 3707 3764 aureorum

2054 3791 2554 3848 numismatorum
2582 3790 2764 3846 libras
2799 3789 2925 3856 tuli,
2952 3807 3199 3862 meoque
3232 3793 3290 3847 in
3309 3795 3706 3868 marsupio,in

2053 3899 2168 3954 quo
2201 3898 2318 3936 una
2338 3884 2481 3947 erat,
2497 3881 2764 3952 apposui,
2787 3880 3067 3952 quatinus
3084 3881 3156 3936 ob
3179 3885 3704 3956 transgressionem

2052 3970 2334 4042 decalogi,
2367 3987 2439 4025 ne
2470 3968 2662 4026 solum
2689 3974 2886 4025 essent
2924 3973 3005 4036 11,
3038 3987 3240 4026 verum
3271 3973 3343 4028 ad
3359 3975 3704 4031 memoriam

2051 4059 2451 4131 apostolorum
2502 4075 2633 4114 mea
2677 4076 2796 4113 una
2841 4058 3109 4114 adhibita
3147 4065 3347 4117 essent
3375 4068 3432 4118 et
3462 4063 3588 4135 ipse
3620 4069 3701 4120 12.

2047 4148 2208 4204 Visio
2238 4148 2381 4216 haec,
2430 4147 2747 4219 imperator
2791 4152 3062 4219 auguste,
3112 4148 3335 4204 bonum
3386 4151 3482 4220 sit,
3515 4169 3705 4226 usque

2050 4237 2221 4293 modo
2255 4253 2348 4292 me
2406 4253 2521 4291 non
2573 4236 2875 4305 deterruit,
2925 4237 3024 4292 sed
3069 4237 3316 4294 hilarem
3352 4240 3623 4297 reddidit.
3657 4245 3702 4298 0

2048 4325 2276 4382 utinam
2301 4324 2707 4397 interpretatio
2737 4323 2852 4380 alia
2884 4325 3130 4398 imperio
3170 4331 3271 4382 tuo
3303 4345 3419 4384 non
3451 4328 3698 4400 placeat.

2046 4416 2193 4471 Nam
2243 4419 2302 4472 et
2349 4431 2442 4471 me
2476 4423 2669 4485 μάντην
2698 4424 2782 4470 καὶ
2809 4421 3098 4487 ὁνιρόπολον
3131 4416 3358 4472 mantin
3404 4418 3475 4473 ke
3504 4419 3699 4476 oniro-

2045 4505 2243 4578 polon,
2296 4505 2354 4560 id
2405 4507 2496 4560 est
2525 4501 2790 4558 divinum
2815 4508 2874 4559 et
2903 4503 3117 4560 somnii
3148 4506 3534 4575 venditorem,
3568 4525 3697 4565 esse

2046 4595 2272 4668 liqnido
2322 4596 2500 4665 patet.
2535 4613 2564 4640 »
2610 4591 2713 4648 His
2743 4592 2984 4660 auditis,
3014 4611 3228 4668 magno
3260 4600 3350 4651 est
3379 4596 3699 4669 imperator

276 4687 643 4759 ingrediendi
693 4685 805 4742 sibi
856 4685 1083 4740 aditum
1133 4683 1402 4757 prmbuit.
1465 4685 1745 4741 Undecim
1796 4704 1929 4743 vero
1959 4689 2006 4752 D
2037 4683 2324 4740 cachinno
2357 4683 2633 4747 inﬂatus;
2665 4698 2868 4736 verum
2900 4683 3275 4754 prudentiam
3308 4685 3488 4756 hujus
3520 4691 3697 4760 atque

273 4776 723 4842 dormientibus,
775 4778 843 4830 ut
889 4791 984 4830 ars
1027 4778 1213 4830 artem
1272 4773 1496 4830 falleret
1543 4775 1929 4832 duodecimus

271 4865 514 4938 pervigil
563 4869 806 4922 stertere
871 4881 977 4921 ceu
1025 4863 1324 4919 dormiens
1372 4869 1624 4936 ceperat,
1695 4868 1924 4922 contra-

269 4955 496 5028 ctisque
564 4955 625 5011 in
695 4954 904 5011 faciem
955 4953 1233 5020 brachiis,
1287 4956 1476 5010 totum
1525 4955 1679 5025 quod
1734 4955 1924 5028 impc-

268 5048 425 5100 rator
454 5045 669 5101 faceret
697 5041 1150 5116 diligentissime
1173 5041 1598 5099 considerabat.
1617 5045 1922 5116 Ingressus

265 5133 448 5207 igitur
475 5133 818 5206 imperator,
851 5133 994 5188 dum
1027 5130 1359 5188 obdormire
1374 5136 1618 5188 cunctos
1634 5133 1924 5205 perspice-

2039 4771 2498 4831 sollicitudinem
2529 4770 2662 4842 plus
2693 4771 3042 4839 admiratus,
3076 4773 3510 4845 protinusinfit.
3530 4799 3558 4826 »
3580 4779 3696 4832 An-

2037 4863 2206 4920 tehac
2234 4873 2287 4918 σὲ
2344 4869 2455 4918 οὐτὲ
2487 4869 2679 4930 μάντην
2709 4873 2828 4918 οὼτε
2858 4869 3167 4934 όνιρότιεολον²
3200 4880 3263 4919 se
3313 4865 3356 4899 ⁴²
3387 4869 3484 4920 ute
3523 4881 3695 4921 man-

2033 4954 2120 5008 tin
2154 4956 2251 5007 ute
2281 4949 2644 5022 oniropolon,
2678 4949 2737 5006 id
2765 4955 2855 5006 est
2884 4955 2938 5007 te
2969 4967 3160 5023 neque
3191 4952 3456 5008 divinum
3505 4971 3694 5027 neque

2035 5040 2250 5099 somnii
2275 5040 2637 5096 venditorem
2669 5041 3210 5108 esse,audivi.Hanc
3240 5059 3374 5098 vero
3398 5059 3522 5098 rem
3537 5060 3694 5100 nunc

2031 5133 2113 5187 ita
2135 5135 2332 5204 aperte
2363 5127 2527 5198 dixti,
2564 5133 2630 5185 ut
2659 5129 2801 5185 nihil
2835 5129 3688 5190 circuitionisususesses.Sed

1687 5275 1928 5331 VARI/E
1965 5274 2376 5332 LECTIONES.

1036 5383 1080 5417 ³⁸
1112 5382 1456 5438 sanctisime
1495 5386 1538 5437 1.

1253 5454 1298 5489 39
1327 5455 1408 5510 ita
1440 5459 1485 5509 1.

337 5385 383 5417 ³⁸
412 5383 432 5405 ¹’
475 5384 557 5436 ita
596 5384 647 5436 1.
723 5382 768 5415 ³⁸
799 5384 875 5436 ita
911 5385 960 5436 1.

264 5456 309 5490 ³⁸
341 5453 617 5527 adposuit
645 5469 786 5508 corr.
821 5454 1096 5525 apposuit
1129 5456 1176 5508 1.

1614 5383 1659 5416 ³⁷
1705 5383 1766 5438 C.
1816 5399 1868 5436 v.
1919 5399 1971 5438 v.
2021 5400 2072 5437 c.
2128 5399 2178 5437 c.
2213 5399 2270 5436 n.
2300 5398 2356 5452 p.
2390 5379 2431 5434 i.
2461 5379 2662 5454 desunt
2681 5381 2717 5454 5
2743 5381 2816 5435 5a
2844 5380 2940 5435 5a'
2968 5379 3169 5454 (uisant
3197 5382 3258 5436 in
3289 5383 3417 5438 edit.
3451 5384 3687 5454 Hcrvag.

1565 5454 1609 5488 ‘°
1639 5469 1958 5511 succensus
1990 5471 2131 5510 corr.
2167 5469 2488 5510 suscensus
2525 5455 2571 5506 1.

2650 5452 2690 5486 “
2725 5455 2814 5508 set
2839 5468 2982 5509 corr.
3019 5453 3120 5508 sed
3154 5455 3204 5508 1.
3237 5453 3282 5488 ⁴²
3316 5454 3462 5509 deest
3497 5458 3542 5508 1.

1899 5577 2131 5638 NOT/E.

335 5680 448 5752 (56)
483 5678 547 5752 Id_
575 5679 665 5734 est
693 5690 944 5752 sommo.

338 5681 428 5752 (56
483 5680 544 5734 Id
575 5680 665 5734 est
693 5690 944 5732 sommo.

338 5680 554 5828 (57lild
587 5752 676 5810 est
704 5746 957 5808 excitati.

2068 5677 2218 5750 .(58)
2251 5675 2412 5748 Virg.
2442 5675 2570 5732 En.
2604 5690 2666 5744 ιι,
2707 5678 2754 5732 1.
