3962 6366
275 419 398 480 803

276 557 541 624 ventum,
570 567 774 608 verum
807 552 1111 626 praemissa
1126 552 1436 625 legatione,
1461 552 1848 624 jussionisuae
1863 568 1923 608 se
1951 553 2007 618 Α

276 643 781 714 obtemperaturos
812 642 1180 714 promittunt.
1216 643 1338 704 (An.
1363 641 1514 712 894.)
1535 643 1803 698 Ottoncm
1823 641 1926 696 ita-

277 733 709 802 que,Saxonum
725 732 1199 802 potentissimum
1217 732 1446 798 ducem,
1464 764 1529 772 —
1556 731 1737 802 hujus
1752 733 1791 766 ⁶¹
1807 730 1925 802 glo-

276 819 586 876 riosissimi
619 824 791 892 atque
823 819 1194 875 invictissimi
1214 819 1366 891 regis
1384 820 1746 890 Ottonis,qui
1767 836 1922 873 nunc

274 912 542 979 superest
569 912 625 963 et
646 907 890 963 feliciter
917 912 1141 980 regnat,
1162 909 1381 974 avus”,
1401 939 1469 948 —-
1501 906 1921 963 Mediolanium

273 995 630 1051 defensionis
651 996 840 1067 gratia
862 996 1078 1069 dirigit;
1106 996 1397 1068 rectaipse
1419 997 1690 1051 Ticinum
1715 995 1915 1051 tendit.

341 1086 430 1138 25.
463 1083 637 1139 Wido
669 1085 923 1156 denique
956 1085 1437 1158 hujusimpetum
1463 1085 1609 1140 ferre
1625 1086 1796 1140 63non
1823 1101 1920 1139 va-

272 1173 418 1240 lens,
447 1173 820 1228 Camerinum
835 1173 1252 1246 Spoletumque
1266 1191 1467 1229 versus
1483 1175 1678 1246 fugere
1690 1175 1918 1245 6‘cepit.

271 1265 451 1325 Quem
485 1261 610 1317 sine
642 1262 920 1318 dilatione
950 1263 1162 1318 acriter
1183 1263 1646 1334 rexinsequitur,
1669 1263 1844 1317 urbes
1866 1265 1922 1317 et

270 1349 508 1405 castella
538 1351 738 1406 omnia
767 1351 880 1406 sibi
903 1352 1237 1407 resistentia
1257 1353 1312 1407 vi
1333 1351 1655 1407 debellans.
1681 1351 1920 1406 Nullum

269 1438 558 1510 siquidem
575 1440 762 1495 fuerat
775 1445 1034 1496 castrum
1050 1445 1260 1496 natura
1271 1441 1448 1496 etiam
1461 1440 1590 1512 ipsa
1604 1438 1918 1507 munitum,

267 1529 421 1600 quod
452 1527 648 1585 virtuti
678 1529 855 1601 hujus
886 1529 1095 1586 saltem
1127 1530 1398 1586 resistere
1425 1529 1747 1584 moliretur.
1773 1528 1921 1596 Quid

267 1621 462 1673 autem
494 1618 733 1686 mirum,
768 1634 899 1674 cum
933 1619 1062 1690 ipsa
1082 1618 1381 1674 civitatum
1407 1618 1673 1674 omnium
1697 1617 1919 1690 regina,

267 1721 482 1778 magna
513 1707 734 1764 scilicet
766 1708 967 1775 Roma,
992 1707 1172 1778 hujus
1204 1707 1492 1778 impetum
1523 1706 1672 1761 ferre
1713 1705 1920 1776 nequi-

263 1795 438 1850 verit?
469 1796 591 1865 (Αη.
625 1796 780 1859 896.)
811 1795 1116 1852 Enimvero
1145 1796 1286 1850 dum
1321 1812 1355 1850 a
1397 1794 1678 1851 Romanis
1727 1793 1920 1866 ingre-

1243 417 1722 484 LIUTPRANDI
1766 416 2314 482 CREMONENSIS
2361 413 2737 479 EPISCOPI.

3570 406 3705 472 804

2105 553 2194 607 29.
2230 553 2421 606 Causa
2451 554 2646 605 autem
2679 546 2998 605 simultatis
3030 544 3183 602 inter
3204 545 3549 602 Formosum
3583 563 3699 618 pa-

2035 659 2167 714 pam
2204 645 2260 697 et
2291 641 2585 696 Romanos
2617 639 2738 694 hanc
2766 638 2902 693 fuit:
2938 635 3198 692 Formosi
3241 636 3548 692 decessore
3581 634 3698 690 de-

2034 733 2252 798 functo,
2285 729 2523 801 Sergius
2554 729 2795 800 quidam
2821 728 3092 782 Romana:
3119 723 3378 781 ecclesias
3400 724 3698 780 diaconus

2032 825 2176 886 erat,
2203 837 2376 891 quem
2413 820 2806 873 Romanorum
2842 833 2978 888 pars
3009 815 3277 888 quwdam
3317 830 3531 886 papam
3572 811 3696 868 sibi

2031 909 2301 980 elegerat.
2331 907 2608 972 Quaedam
2626 921 2764 961 veao
2797 903 3283 976 parsnoninflma
3314 901 3695 958 nominatum

2034 998 2402 1064 Formosum,
2425 995 2762 1051 Portuensis
2784 992 3030 1049 civitatis
3045 992 3408 1064 episcopum,
3426 1007 3529 1062 pro
3551 1006 3698 1046 vera

2032 1087 2309 1157 religione
2322 1085 2772 1155 divinarumque
2785 1082 3184 1138 doctrinarum
3215 1079 3455 1136 scientia
3467 1096 3695 1152 papam

2031 1176 2139 1230 sibi
2179 1175 2297 1228 lieri
2333 1174 2664 1229 anhelabat.
2699 1173 2844 1226 Nam
2876 1173 3017 1226 dum
3050 1170 3108 1224 in
3141 1187 3206 1224 eo
3238 1173 3408 1236 esset,
3443 1173 3508 1223 ut
3547 1170 3691 1223 Ser-

2031 1265 2163 1336 gius
2177 1263 2575 1335 apostolorum
2587 1261 2839 1316 vicarius
2852 1259 3110 1314 ordinari
3123 1258 3534 1324 debuisset,ea,
3550 1273 3690 1328 qua:

2031 1352 2292 1408 Formosi
2325 1353 2552 1408 favebat
2582 1350 2867 1423 partibus,
2893 1366 3028 1421 pars
3043 1347 3311 1420 Sergium
3335 1364 3450 1402 non
3467 1345 3698 1400 medio-

2031 1442 2112 1497 cri
2147 1459 2280 1497 cum
2313 1441 2570 1496 tumultu
2602 1444 2660 1494 et
2689 1439 2906 1510 injuria
2938 1438 3008 1492 ab
3023 1436 3191 1492 altari
3211 1435 3452 1509 expulit,
3477 1439 3533 1489 et
3556 1435 3693 1490 For-

2031 1547 2265 1587 mosum
2297 1546 2506 1602 papam
2535 1527 2856 1583 constituit.

2102 1620 2190 1674 30.
2224 1618 2646 1689 Descendilque
2678 1616 2917 1689 Sergius
2949 1616 3008 1669 in
3043 1614 3342 1685 Tusciam,
3389 1612 3676 1685 quatinus

2030 1707 2344 1775 Adelberti,
2380 1704 2769 1779 potentissimi
2796 1703 3173 1772 marchionis,
3209 1701 3423 1758 auxilio
3449 1702 3690 1772 juvare-

2029 1801 2147 1865 tur;
2181 1797 2336 1868 quod
2369 1801 2423 1851 et
2447 1797 2663 1852 factum
2682 1798 2790 1850 est.
2816 1794 2963 1850 Nam
2986 1794 3263 1850 Formoso
3282 1792 3578 1857 defuncto,
3604 1794 3692 1847 at-

265 1884 462 1940 diendi
492 1885 697 1941 urbem
730 1884 866 1940 huic
893 1884 1100 1941 ﬁdutia
1117 1889 1452 1956 negaretur,
1481 1886 1824 1939 convocatos
1847 1883 1917 1939 ad
1951 1921 2000 1987 B
2032 1901 2144 1958 que
2174 1885 2414 1941 Arnulfo
2447 1885 2505 1939 in
2529 1883 3045 1956 propriaextincto,
3067 1882 3118 1938 is
3140 1881 3242 1954 qui
3270 1884 3403 1954 post
3417 1879 3688 1937 Formosi

265 1988 392 2030 sese
421 1972 637 2030 milites
663 1974 743 2030 ita
774 1973 1042 2030 convenit
1069 1973 1291 2045 (Αρνὶι.)
1317 1990 1328 2028 :

985 2063 1196 2119 Versus.

262 2152 352 2206 26.
387 2151 746 2223 Magnamini
779 2167 1047 2223 proceres
1077 2155 1134 2206 et
1162 2150 1301 2206 clari
1337 2151 1519 2205 Marte
1551 2148 1831 2214 secundo,

262 2242 442 2296 Arma
471 2240 690 2311 quibus
721 2240 984 2295 studium
1016 2239 1172 2294 fulvo
1205 2239 1431 2294 radiare
1458 2237 1716 2305 metallo,

265 2328 588 2384 Romulida:
619 2329 771 2385 sueti
804 2329 1004 2385 vacuis
1035 2329 1190 2401 quod
1224 2329 1474 2385 condere
1499 2327 1768 2399 scriptis;

264 2415 489 2472 Sumite
515 2433 671 2472 nunc
703 2416 952 2484 animos,
985 2415 1150 2472 vobis
1180 2416 1343 2472 furor
1368 2432 1532 2471 arma
1579 2413 1910 2471 ministretl

262 2504 387 2559 Non
417 2504 729 2578 Pompeius
761 2506 947 2570 adest,
983 2522 1097 2561 non
1127 2504 1320 2561 Julius
1350 2504 1450 2560 ille
1480 2504 1709 2571 beatus,

261 2591 369 2654 Qui
403 2596 633 2648 nostros
663 2593 893 2648 domuit
921 2609 1168 2665 proavos
1199 2607 1476 2649 mucrone
1506 2593 1724 2648 feroces
1750 2610 1762 2658 ;

262 2679 480 2736 Indolis
510 2681 691 2752 hujus
707 2681 865 2737 enim
883 2698 1150 2738 summos
1163 2682 1208 2716 ⁸⁵
1225 2681 1464 2737 deduxit
1480 2682 1550 2736 ad
1573 2685 1757 2753 Argos
1780 2681 1912 2753 (63),

262 2766 508 2823 Protulit
537 2769 598 2824 in
628 2768 818 2824 lucem
851 2785 1025 2838 quem
1045 2769 1160 2841 (64)
1184 2769 1689 2825 sanctaBritanica
1706 2774 1911 2826 mater.

263 2855 366 2910 His
395 2859 551 2911 torta
579 2857 842 2911 studium
878 2857 1127 2928 pingues
1154 2861 1389 2928 captare
1416 2856 1630 2913 siluros

263 2943 538 2999 Cannabe
553 2945 619 3011 ⁸⁸,
649 2961 764 3000 non
794 2944 1013 3016 clipeos
1045 2945 1322 3000 manibus
1346 2950 1574 3017 gestare
1605 2945 1910 3001 micantes!

337 3034 424 3087 27.
455 3032 558 3088 His
586 3049 750 3089 eroes
780 3032 952 3088 dictis
986 3033 1215 3088 animos
1239 3034 1489 3101 accensi,
1518 3033 1698 3088 vitam
1720 3032 1912 3089 laudis

266 3121 542 3178 aviditate
573 3124 1018 3194 contempnunt.
1039 3120 1256 3192 Clipeis
1271 3120 1520 3192 denique
1540 3120 1914 3193 cratibusque

264 3210 602 3267 catervatim
621 3209 828 3282 operti,
852 3226 1052 3265 muros
1066 3211 1226 3265 adire
1247 3211 1623 3278 contendunt;
1661 3210 1914 3282 plurima

2031 1989 2234 2030 necem
2266 1973 2620 2030 constitutus
2649 1976 2736 2028 est
2765 1969 3096 2044 expellitur,
3130 1969 3485 2043 Sergiusque
3532 1984 3691 2041 papa

2031 2081 2133 2136 per
2159 2063 2536 2119 Adelbertum
2569 2061 2966 2117 constituitur.
2983 2062 3105 2126 Quo
3138 2057 3690 2126 constituto,utim-

2026 2154 2159 2224 pius
2173 2151 2692 2221 doctrinarumque
2705 2153 3041 2205 sanctarum
3056 2148 3318 2220 ignarus,
3337 2148 3688 2203 Formosum

2026 2256 2056 2296 e
2087 2238 2355 2312 sepulcro
2384 2238 2685 2294 extrahere
2712 2241 2889 2308 atque
2911 2237 2972 2292 in
2995 2237 3194 2292 sedem
3227 2233 3688 2308 Romaniponti-

2029 2328 2238 2382 ﬁcatus
2253 2325 2715 2382 sacerdotalibus
2728 2323 3093 2380 vestimentis
3107 2323 3380 2378 indutum
3395 2322 3687 2379 collocare

2024 2415 2318 2489 praecepit.
2353 2414 2458 2470 Cui
2485 2419 2541 2470 et
2561 2415 2668 2470 ait:
2707 2413 2905 2469 «Cum
2932 2411 3273 2469 Portuensis
3289 2411 3690 2483 essesepisco-

2024 2522 2156 2577 pus,
2191 2521 2294 2560 cur
2321 2502 2662 2558 ambitionis
2693 2501 2905 2574 spiritu
2925 2502 3251 2557 Romanam
3281 2498 3684 2556 universalem

2026 2592 2325 2665 usurpasti
2339 2590 2569 2649 sedem?
2583 2613 2610 2642 »
2624 2591 2726 2647 His
2738 2589 3003 2662 expletis,
3025 2589 3268 2646 sacratis
3292 2605 3427 2644 mox
3440 2592 3687 2644 exutum

2024 2681 2391 2738 vestimentis
2422 2681 2740 2753 digitisque
2771 2680 2964 2734 tribus
3006 2678 3276 2747 abscisis,
3328 2677 3388 2733 in
3420 2676 3684 2734 Tiberim

2018 2773 2243 2843 jactare
2275 2769 2567 2843 praecepit,
2595 2773 2954 2840 cunctosque
2968 2766 3253 2840 quosipse
3284 2765 3682 2836 ordinaverat,

2027 2861 2214 2933 gradu
2245 2859 2478 2932 proprio
2529 2857 2846 2931 depositos,
2889 2857 3102 2912 iterum
3152 2854 3461 2911 ordinavit.
3515 2854 3682 2922 Quod

2027 2964 2206 3020 quam
2235 2947 2386 3004 male
2418 2947 2621 3019 egerit,
2657 2951 2820 3018 pater
2868 2945 3262 3012 sanctissime,
3295 2943 3355 2999 in
3405 2943 3516 2999 hoc
3547 2943 3679 3000 ani-

2025 3037 2387 3091 madvertere
2414 3033 3207 3107 poteris,quoniamethi,qui
3231 3051 3266 3090 a
3292 3032 3681 3089 Judadomini

2024 3125 2207 3181 nostri
2239 3125 2379 3180 Jesu
2410 3123 2627 3179 Christi
2655 3124 2969 3195 proditore,
3002 3127 3134 3178 ante
3164 3121 3554 3194 proditionem
3585 3138 3685 3178 sa-

2029 3213 2212 3270 lutem
2245 3229 2347 3268 seu
2381 3212 2846 3268 benedictionem
2869 3211 3250 3284 apostolicam
3270 3213 3675 3284 perceperunt,

263 3299 441 3354 etiam
472 3297 762 3355 bellorum
794 3303 1143 3372 paraverant
1164 3299 1578 3366 instrumenta,
1613 3315 1746 3353 cum
1770 3298 1921 3354 inter
1950 3287 1994 3353 C
2029 3318 2097 3358 ea
2126 3306 2258 3373 post
2289 3301 2674 3373 proditionem
2699 3301 3040 3373 propriique
3067 3300 3328 3372 corporis
3351 3299 3681 3372 suspensio-

263 3388 578 3459 agendum,
586 3387 798 3460 populo
814 3387 1536 3459 censiderante,contingit
1548 3387 1916 3460 lepusculum

261 3475 515 3532 clamore
546 3478 675 3548 ejus
687 3477 1030 3533 exterritum
1048 3477 1256 3532 urbem
1275 3492 1480 3532 versus
1499 3477 1718 3548 fugere.
1733 3477 1915 3542 Quem

266 3566 405 3621 dum
438 3566 744 3635 exercitus,
777 3570 843 3622 ut
871 3564 1918 3638 adsolet,vehementiimpetuseque-

264 3659 444 3722 retur,
478 3655 725 3712 Romani
756 3659 1029 3728 putantes
1059 3653 1496 3726 seimpugnari,
1515 3657 1585 3710 de
1604 3672 1772 3712 muro
1790 3673 1917 3712 sese

264 3743 767 3815 projiciunt.Quod
790 3743 1044 3816 populus
1055 3759 1324 3812 cernens,
1344 3744 1712 3816 sagmatibus
1728 3744 1918 3801 sellis-

265 3847 380 3903 que
410 3831 626 3903 quibus
642 3831 810 3903 equis
826 3833 1344 3904 insederantjuxta
1360 3849 1596 3889 murum
1617 3835 1916 3905 projectis,

264 3937 369 3993 per
396 3936 599 3977 eorum
631 3935 902 3976 acervum
933 3937 1172 3976 murum
1204 3922 1549 3978 ascendunt.
1595 3922 1735 3978 Pars
1785 3939 1918 3979 vero

265 4008 464 4080 populi
495 4009 770 4080 quedam,
794 4013 1031 4082 accepta
1047 4026 1180 4066 mox
1194 4011 1356 4067 trabe
1375 4010 1802 4083 quinquaginta
1818 4027 1916 4083 pe-

265 4097 408 4153 dum
447 4114 689 4170 procera
731 4096 1119 4170 longitudine,
1155 4104 1385 4171 portam
1412 4100 1770 4171 quatiunt,et
1808 4101 1919 4156 Ro-

265 4203 423 4242 mam
436 4202 615 4259 quam
631 4187 984 4244 Leonianam
1000 4187 1288 4257 dicunt,in
1303 4205 1420 4261 qua
1430 4189 1740 4246 beatiPetri
1754 4206 1920 4262 apos-

263 4275 518 4333 tolorum
549 4277 830 4349 principis
861 4277 1198 4350 pratiosum
1232 4294 1441 4350 corpus
1473 4277 1808 4350 quiescit,vi
1830 4296 1922 4335 ea-

263 4365 451 4437 piunt.
485 4365 672 4422 Ceteri
701 4383 835 4422 vero
867 4367 968 4438 qui
1000 4371 1166 4423 trans
1197 4367 1455 4424 Tiberim
1488 4371 1678 4433 erant,
1710 4368 1817 4423 hoc
1845 4369 1916 4424 ti-

266 4469 426 4510 more
456 4454 762 4526 compulsi,
798 4455 979 4526 hujus
1008 4457 1338 4512 dominatui
1370 4455 1520 4512 colla
1540 4457 1916 4514 submittunt.

334 4544 424 4596 28.
458 4542 575 4597 Hoc
604 4542 715 4614 (65)
748 4543 807 4598 in
838 4547 1096 4616 tempore
1110 4545 1422 4602 Formosus
1441 4562 1592 4618 papa
1608 4545 1921 4618 religiosis-

267 4629 456 4685 simus
486 4647 520 4684 a
547 4631 824 4688 Romanis
848 4631 1222 4689 vehementer
1252 4634 1643 4703 aﬂictabatur,
1667 4635 1839 4706 cujus
1862 4641 1918 4692 et
1947 4660 1995 4726 D

265 4716 500 4772 hortatu
532 4717 778 4772 Romam
818 4734 918 4774 rex
947 4719 1228 4776 Arnulfus
1261 4722 1590 4777 advenerat.
1628 4723 1691 4778 In
1744 4725 1916 4796 cujus

265 4805 557 4878 ingressu,
591 4805 925 4864 ulciscendo
955 4825 1117 4882 papa:
1152 4810 1448 4880 injuriam,
1474 4811 1690 4867 multos
1708 4812 1917 4868 Roma-

265 4912 475 4951 norum
507 4897 801 4969 principes
823 4898 1052 4954 obviam
1081 4899 1194 4955 sibi
1225 4903 1602 4970 properantes
1630 4901 1916 4959 decollare

266 4985 556 5057 praecepit.

2029 3407 2162 3446 nem
2195 3390 2437 3446 minime
2468 3393 2606 3446 sunt
2637 3389 2867 3461 privati,
2901 3389 3012 3445 nisi
3046 3405 3195 3460 quos
3225 3389 3494 3461 improba
3533 3386 3678 3443 forte

2029 3481 2390 3536 defenderunt
2420 3479 2657 3552 ﬂagitia.
2692 3478 3022 3535 Benedictio
3037 3477 3330 3550 siquidem
3355 3494 3482 3550 quae
3505 3475 3680 3533 mini-

2028 3569 2380 3626 strisChristi
2413 3568 2916 3640 impenditur,non
2935 3584 3038 3639 per
3049 3583 3186 3623 eum
3208 3565 3680 3638 quividetur,sed

2029 3659 2126 3730 qui
2161 3675 2274 3713 non
2288 3658 2536 3724 videtur,
2562 3657 2926 3713 sacerdotem
2942 3656 3293 3712 infunditur.
3309 3656 3508 3728 Neque
3521 3656 3678 3712 enim

2029 3747 2128 3820 qui
2159 3748 2312 3820 rigat
2326 3751 2416 3803 est
2433 3746 2678 3819 aliquid,
2701 3761 2890 3817 neque
2921 3745 3023 3816 qui
3055 3743 3303 3818 plantat,
3333 3744 3676 3816 sed,quiin-

2029 3841 2390 3893 crementum
2423 3837 2542 3902 dat,
2575 3835 2729 3892 Deus
2760 3834 2804 3906 (1
2835 3836 2954 3890 Cor.
2990 3850 3074 3903 III,
3106 3836 3182 3905 7).

2098 3927 2188 3983 3|.
2223 3928 2460 3992 Quanta:
2494 3927 2692 3981 autem
2721 3927 2876 3980 esset
2907 3923 3295 3992 auctoritatis,
3331 3927 3678 3996 quantaeque

2029 4014 2328 4087 religionis
2361 4031 2511 4087 papa
2542 4013 2858 4068 Formosus
2874 4011 3070 4079 fuerit,
3094 4011 3229 4067 hinc
3253 4011 3523 4084 colligere
3545 4027 3677 4084 pos-

2029 4121 2255 4168 sumus,
2287 4103 2564 4175 quoniam
2620 4103 2761 4157 dum
2793 4119 2827 4156 a
2857 4101 3250 4173 piscatoribus
3301 4101 3677 4174 postmodum

2028 4198 2184 4250 esset
2214 4193 2484 4248 inventus
2532 4196 2708 4262 atque
2759 4191 2829 4246 ad
2861 4190 3016 4246 beati
3067 4189 3221 4246 Petri
3271 4189 3674 4261 apostolorum

2029 4281 2313 4355 principis
2343 4279 2649 4336 ecclesiam
2681 4279 3041 4352 deportatus,
3065 4282 3403 4335 sanctorum
3427 4279 3679 4350 quedam

2031 4371 2319 4443 imagines
2350 4370 2506 4425 hunc
2529 4369 2590 4424 in
2612 4367 2803 4424 loculo
2821 4368 3080 4441 positum
3098 4367 3444 4424 veneraliter
3466 4366 3682 4423 saluta-

2031 4465 2186 4516 runt.
2221 4460 2340 4516 Hoc
2371 4473 2628 4530 namque
2659 4475 2692 4512 a
2723 4455 3185 4530 religiosissimis
3213 4457 3486 4513 Romanae
3519 4455 3680 4513 urbis

2030 4550 2170 4606 viris
2195 4564 2436 4622 persepe
2459 4547 2672 4603 audivi.
2694 4547 2827 4614 Sed,
2857 4546 2950 4602 his
2965 4545 3286 4614 ommissis,
3311 4547 3381 4603 ad
3405 4545 3679 4603 narrandi

2031 4638 2295 4695 ordinem
2324 4638 2653 4704 redeamus,

2097 4730 2186 4784 32.
2224 4729 2340 4783 Rex
2371 4725 2652 4782 Arnulfus
2688 4724 2962 4781 desiderii
3009 4726 3100 4780 sui
3152 4741 3391 4798 compos
3419 4725 3676 4794 effectus,

2030 4817 2300 4890 persequi
2336 4815 2642 4873 Widonem
2669 4815 2782 4887 (66)
2817 4831 2929 4870 non
2962 4815 3154 4882 desiit,
3208 4815 3614 4886 profectusque
3635 4816 3678 4851 ⁸⁷

2027 4907 2426 4970 Camerinum,
2509 4907 2767 4960 castrum
2835 4903 3120 4959 vocabulo
3178 4908 3235 4960 et
3285 4906 3496 4959 natura
3555 4903 3673 4959 Fir-

2028 5012 2192 5052 mum
2225 4994 2361 5066 (67),
2396 4994 2455 5050 in
2490 4991 2888 5064 quoWidonis
2903 5010 3048 5050 uxor
3063 4997 3206 5062 erat,
3231 4991 3675 5062 obsedit(Maio).

1692 5124 1933 5186 VARle
1960 5130 2262 5188 LECTION
2271 5130 2351 5185 ES

335 5234 376 5271 ⁶¹
427 5233 606 5308 hujus
659 5244 706 5294 1.
783 5239 828 5275 ⁶²
877 5241 956 5296 ita
1004 5243 1050 5295 1.
1093 5242 1148 5294 2.
1224 5239 1268 5274 ⁶³
1315 5239 1433 5295 fere
1482 5242 1529 5297 1.
1605 5241 1650 5275 δι
1700 5242 1834 5315 fuge
1889 5251 1938 5303 1.

2013 5250 2058 5284 ⁸⁵
2106 5264 2308 5306 sumes
2345 5249 2392 5301 1.
2471 5245 2560 5299 hic
2592 5260 2773 5300 versus
2802 5242 2944 5301 deest
2973 5247 3031 5304 2.
3105 5244 3148 5281 ⁵⁷
3178 5245 3592 5316 profectusque
3623 5243 3674 5304 1.

1809 5371 2022 5433 NOT/E

336 5479 448 5556 (63)
479 5481 543 5556 lu
575 5480 878 5556 Graeciam,
909 5482 1500 5556 Constantinopolim.

337 5553 902 5628 (64)_Cpnsta_ntinu_s_
933 5556 1179 5628 Magnus
1211 5553 1549 5627 imperator,
1568 5557 1780 5611 sancte:
1808 5556 1918 5613 He-

271 5619 413 5682 lenaa
431 5619 793 5680 Britannicae
824 5625 1004 5684 filius.

340 5695 450 5773 (65)
481 5696 616 5764 Qua:
646 5702 998 5773 sequuntur,
1030 5715 1065 5758 a
1084 5696 1391 5757 eollectore
1407 5694 1662 5756 histories
1689 5700 1921 5773 pontiﬁ-

2022 5506 2156 5546 cum
2185 5491 2579 5546 Romanorum
2596 5485 2707 5541 sub
2737 5486 2884 5560 falso
2898 5487 3258 5560 Liudprandi
3277 5487 3516 5546 nomine
3540 5485 3666 5543 vul-

2029 5567 2172 5635 gata
2206 5564 2265 5616 in
2300 5562 2574 5635 Formoso
2601 5558 2897 5635 exscripta
2919 5558 3078 5615 sunt.

2101 5637 2208 5707 (66)
2238 5633 2412 5707 Wido
2432 5635 2566 5707 an_te
2601 5631 2845 5689 Romam
2877 5636 3106 5707 captam
3137 5633 3450 5698 defunctus
3472 5635 3613 5690 erat.

2102 5702 2238 5784 (67).
2271 5702 2452 5765 Hodie
2484 5703 2690 5765 Termo.
