3962 6374
240 424 358 510 eos

1220 443 1846 510 ANTAPODOSEOS
1890 443 2096 507 LIBRI
2140 441 2314 505 SEX.
2349 478 2428 488 —
2456 444 2602 504 LIB.
2650 444 2698 504 Ι.

3547 443 3665 509 806

239 580 415 638 Wido
450 583 646 636 autem
671 578 728 636 in
753 579 993 638 incertis
1014 580 1367 638 Iatuitlocis.
1390 582 1574 655 Igitur
1590 581 1894 653 prmfatum
1925 581 1978 648 Α
2009 578 2231 634 Arnulfi
2253 578 2404 650 regis
2424 577 2794 651 praesentiam
2807 582 3074 635 tenuerat
3096 578 3192 636 alii
3214 579 3448 649 tradita,
3469 579 3660 653 fugiit,

238 675 524 739 castrum,
558 670 794 726 nomine
825 674 884 726 et
915 675 1127 727 natura
1158 671 1444 738 Firmum,
1475 669 1622 726 vallo
1646 669 1894 725 circum-

242 760 432 826 :Iatur,
468 759 667 815 omnia
691 759 978 815 bellorum
1013 760 1430 825 instrumenta,
1493 759 1712 830 quibus
1769 758 1898 830 capi

240 850 449 920 possit,
481 853 766 921 parantur
793 849 857 904 ⁸⁸.
885 849 1149 921 Cumque
1179 849 1449 904 Widonis
1482 865 1629 903 uxor
1665 847 1897 919 magnis

242 937 505 1009 undique
539 937 830 1008 angustiis
859 943 1245 1010 premeretur,
1270 943 1325 992 et
1356 935 1636 992 evadendi
1656 953 1790 1008 spes
1813 935 1897 990 illi

243 1026 598 1082 omnimodis
632 1030 964 1099 negaretur,
993 1044 1203 1083 causas
1235 1026 1441 1081 mortis
1473 1025 1641 1096 regiae
1698 1025 1898 1097 vippe-

246 1115 378 1170 rina
403 1115 555 1188 cepit
584 1114 900 1171 calliditate
921 1116 1241 1187 exquirere.
1261 1115 1526 1171 Accitum
1555 1131 1809 1185 namque
1827 1115 1899 1169 ad

250 1222 311 1259 se
337 1206 631 1276 quendam
657 1203 882 1259 Arnulﬁ
918 1205 1070 1276 regis
1093 1203 1646 1273 familiarissimum,
1669 1203 1902 1275 magnis

187 1309 192 1318 ‘
248 1311 382 1350 eum
417 1294 762 1350 muneribus
788 1300 972 1366 rogat,
1008 1297 1072 1349 ut
1103 1311 1165 1349 se
1196 1294 1451 1365 adjuvet.
1481 1293 1587 1359 Qui
1646 1309 1781 1347 cum
1841 1309 1902 1346 se

246 1400 361 1438 non
395 1382 565 1438 aliter
594 1399 766 1454 posse
799 1386 1133 1452 testaretur,
1164 1382 1279 1437 nisi
1326 1383 1617 1438 civitatem
1677 1381 1905 1436 domini

243 1473 335 1528 sui
353 1471 607 1528 traderet
623 1471 861 1538 dicioni,
887 1471 993 1526 illa
1008 1472 1186 1527 etiam
1212 1476 1388 1543 atque
1415 1471 1591 1526 etiam
1614 1469 1741 1525 auri
1765 1487 1904 1542 pon-

244 1562 382 1617 dera
414 1579 532 1617 non
567 1559 759 1617 solum
789 1559 1096 1632 pollicens,
1126 1577 1327 1616 verum
1359 1560 1535 1615 etiam
1565 1559 1623 1614 in
1657 1575 1906 1631 praesen-

245 1651 462 1706 tiarum
492 1649 780 1716 tribuens,
813 1654 960 1717 orat,
994 1654 1059 1704 ut
1089 1647 1299 1720 poculo
1331 1648 1587 1719 quodam
1611 1645 1682 1702 ab
1705 1663 1773 1703 ea
1792 1645 1905 1702 sibi

246 1738 459 1795 collato
491 1739 799 1794 dominum
838 1754 1012 1793 suum
1044 1752 1239 1810 regem
1272 1738 1499 1808 potaret
1532 1753 1544 1803 ;
1579 1735 1735 1806 quod
1789 1751 1905 1790 non

246 1828 456 1884 mortis
483 1825 815 1899 periculum
846 1826 1030 1894 daret,
1054 1825 1157 1882 sed
1189 1823 1406 1881 mentis
1438 1823 1724 1880 feritatem
1759 1822 1908 1878 mul-

245 1921 422 1973 ceret.
457 1917 594 1980 Quae
620 1914 818 1982 etiam,
861 1915 987 1971 suis
1017 1919 1083 1970 ut
1137 1915 1312 1970 fidem
1373 1912 1546 1968 dictis
1601 1913 1904 1984 praeberet,

245 2008 384 2060 ante
414 2003 507 2060 sui
535 2003 726 2076 ipsius
753 2004 1125 2075 praesentiam
1147 2003 1258 2058 hoc
1277 2017 1462 2057 unum
1485 2016 1727 2056 suorum
1747 2005 1909 2074 potat

245 2109 587 2160 servorum;
620 2092 721 2164 qui
748 2093 926 2148 unius
959 2093 1112 2147 hora:
1141 2092 1329 2163 spatio
1357 2091 1696 2162 conspectui
1728 2090 1907 2161 hujus

246 2183 512 2248 adstans,
546 2198 726 2236 sanus
751 2181 1056 2236 abscessit.
1087 2181 1304 2235 Verum
1351 2177 1667 2234 veridicam
1729 2179 1910 2234 Maro-

248 2271 342 2327 nis
371 2272 506 2342 (68),
542 2269 806 2343 inquam,
840 2269 1000 2326 illius
1031 2269 1387 2325 sententiam
1412 2267 1471 2322 in
1499 2267 1758 2323 medium
1783 2283 1910 2339 pro-

252 2361 512 2416 feramus
535 2375 547 2414 :

317 2449 449 2500 Auri
479 2462 630 2498 sacra
660 2451 845 2510 fames,
877 2447 1006 2512 quid
1036 2460 1144 2497 non
1176 2447 1424 2497 mortalia
1461 2449 1680 2511 pectora
1699 2447 1882 2510 cogis?

251 2531 568 2603 Sumptum
591 2545 847 2602 namque
867 2527 1059 2584 luatale
1079 2527 1356 2601 poculum
1375 2529 1624 2587 festinus
1642 2528 1763 2600 regi
1786 2544 1913 2599 pro-

251 2619 436 2690 pinat.
469 2619 591 2682 Quo
617 2623 854 2690 accepto
884 2622 1050 2674 tanta
1079 2616 1236 2672 hunc
1259 2619 1566 2674 confestim
1594 2617 1913 2673 somnivir-

251 2713 348 2762 tus
378 2706 613 2774 invasit,
647 2708 928 2778 quatinus
957 2706 1149 2762 tocius
1167 2709 1455 2763 exercitus
1475 2707 1756 2779 strepitus
1774 2722 1910 2761 eum

251 2793 448 2850 triduo
473 2795 747 2868 evigilare
779 2795 1066 2867 nequiret.
1101 2795 1308 2850 Fertur
1349 2801 1568 2864 autem,
1627 2794 1910 2866 quoniam

253 2885 398 2940 dum
430 2883 748 2940 familiares
780 2885 938 2940 hunc
969 2885 1144 2939 modo
1191 2885 1462 2957 strepitu,
1523 2885 1696 2940 modo
1752 2887 1911 2939 tactu

252 2973 671 3046 inquietarent,
705 2973 922 3046 apertis
964 2973 1151 3028 oculis
1200 2973 1282 3028 nil
1315 2975 1550 3042 sentire,
1612 2971 1694 3028 nil
1752 2972 1910 3044 loqui

253 3079 426 3134 posse
455 3063 728 3135 perfecte.
752 3063 984 3118 Positus
1007 3065 1203 3118 tamen
1228 3061 1286 3117 in
1310 3063 1525 3120 mentis
1546 3079 1751 3119 exessu
1776 3062 1910 3133 (69),

253 3151 548 3224 mugitum
581 3151 842 3219 reddere,
871 3169 988 3207 non
1021 3153 1195 3207 verba
1225 3152 1414 3221 edere,
1448 3152 1773 3208 videbatur.
1803 3151 1916 3205 Hu-

246 3241 350 3312 jus
379 3240 596 3313 quippe
626 3240 707 3297 rei
743 3239 899 3296 accio
929 3241 1206 3313 repedare
1237 3258 1442 3297 omnes
1472 3239 1774 3313 compulit,
1795 3256 1912 3295 non

260 3346 545 3402 pugnare.

329 3420 418 3474 33.
453 3419 635 3475 Credo
667 3423 888 3487 autem,
921 3419 1234 3475 Arnulfum
1268 3435 1464 3490 regem
1520 3421 1681 3490 justa
1729 3418 1914 3474 severi

250 3507 476 3581 judicis
508 3507 848 3580 hujusmodi
874 3512 1094 3581 pestem
1122 3509 1443 3564 incurrisse
1491 3524 1758 3564 censura.
1815 3508 1914 3562 Se-

258 3597 463 3652 cundae
485 3597 642 3652 enim
662 3613 754 3652 res
776 3597 920 3651 dum
943 3595 1259 3669 imperium
1279 3597 1460 3667 huius
1488 3597 1691 3652 ubiubi
1715 3594 1915 3666 magni

254 3686 532 3754 facerent,
563 3685 769 3742 virtuti
805 3702 923 3739 sum
955 3690 1166 3740 cuncta
1196 3686 1426 3752 tribuit,
1472 3701 1588 3738 non
1648 3682 1914 3739 debitum

252 3773 644 3847 omnipotenti
678 3774 791 3830 Deo
824 3774 1106 3829 honorem
1140 3773 1414 3829 reddidit.
1444 3773 1784 3828 Sacerdotes
1814 3771 1915 3827 Dei

248 3862 431 3919 vincti
458 3863 866 3927 trahebantur,
899 3877 1076 3917 sacrae
1105 3861 1366 3934 virgines
1395 3860 1452 3915 vi
1501 3859 1913 3932 opprimeban-

249 3956 370 4024 tur,
401 3953 730 4025 eonjugataa
757 3949 1150 4007 violabantur.
1202 3949 1402 4019 Neque
1444 3948 1601 4004 enim
1659 3948 1913 4005 ecclesiae

248 4041 730 4114 confugientibus
761 4041 1031 4113 poterant
1046 4054 1176 4094 esse
1193 4037 1442 4110 asylum.
1463 4038 1526 4094 In
1545 4038 1638 4094 his
1658 4055 1914 4112 namque

251 4129 572 4188 simbolam
604 4129 919 4196 faciebant,
943 4132 1144 4201 gestus
1159 4127 1370 4200 turpis,
1406 4132 1614 4184 cantus
1634 4127 1911 4197 ludicres,

255 4217 728 4275 dibachationes.
758 4218 870 4274 Sed
901 4221 957 4274 et
984 4217 1260 4274 mulieres
1290 4217 1493 4274 eodem
1528 4217 1782 4290 publice,
1809 4236 1912 4291 pro

247 4308 438 4377 nefas,
469 4307 993 4381 prostituebantur.

324 4397 415 4453 34.
449 4397 715 4469 Denique
747 4397 1087 4454 redeuntem
1123 4412 1318 4469 regem
1353 4413 1567 4469 magna
1599 4414 1733 4453 cum
1755 4397 1910 4453 vale-

249 4487 458 4543 tudine
487 4486 798 4542 Arnulfum
846 4486 1089 4560 palatim
1137 4503 1238 4542 rex
1291 4485 1467 4542 Wido
1516 4487 1908 4559 persequitur.

251 4575 517 4649 Cumque
546 4575 828 4633 Arnulfus
862 4576 1148 4632 Bardonis
1181 4580 1442 4632 montem
1475 4577 1908 4644 conscenderet,

249 4665 360 4722 hoc
378 4682 622 4722 suorum
636 4665 879 4722 consilio
894 4664 1177 4735 definivit,
1193 4665 1474 4737 quatinus
1492 4666 1908 4737 Berengarium

249 4754 476 4811 lumine
503 4756 774 4828 privaret,
812 4755 1013 4826 sicque
1045 4769 1289 4810 securus
1323 4753 1548 4810 Italiam
1599 4754 1904 4810 obtineret.

248 4844 645 4917 Cognatorum
677 4861 812 4902 vero
841 4843 1177 4916 Berengarii
1211 4861 1387 4908 unus,
1421 4844 1524 4915 qui
1553 4861 1668 4899 non
1729 4862 1908 4917 parva

245 4935 492 4990 Arnulfo
524 4934 647 5007 regi
674 4933 1097 4989 familiaritatis
1129 4933 1318 5005 gratia
1349 4932 1673 5002 inherebat,
1693 4933 1908 5005 hujus-

246 5023 407 5080 modi
430 5023 743 5080 consilium
767 5026 832 5078 ut
849 5021 1104 5094 agnovit,
1130 5021 1353 5094 absque
1376 5037 1539 5076 mora
1556 5021 1905 5095 Berengario

247 5112 544 5188 patefecit.
577 5112 689 5182 Qui
722 5128 858 5169 mox
894 5115 955 5167 ut
976 5111 1180 5180 sensit,
1233 5109 1474 5167 lucerna
1534 5128 1712 5184 quam
1772 5115 1905 5168 ante

2009 672 2183 740 atque
2209 672 2501 722 Veronam
2535 667 2794 740 percitus
2819 669 2997 724 venit.

2077 758 2166 811 3b.
2203 758 2418 811 Omnes
2450 761 2664 812 extunc
2695 756 2998 814 ltalienses
3027 758 3340 813 Arnulfum
3362 758 3666 830 ﬂoccipcn-

2009 847 2164 914 dere,
2194 845 2396 900 nichili
2427 845 2662 902 habere.
2697 846 2859 902 Unde
2903 864 3039 902 cum
3094 847 3364 904 Ticinum
3419 847 3662 916 veniret,

2009 952 2125 990 non
2152 935 2380 988 modica
2409 935 2582 989 horta
2613 939 2699 990 est
2733 935 2789 990 in
2823 935 3051 992 civitate
3084 937 3300 993 sedicio
3327 956 3340 1005 ;
3385 941 3666 1009 tantaque

2010 1023 2138 1079 istic
2173 1023 2460 1078 exercitus
2493 1029 2719 1097 strages
2751 1025 2901 1080 facta
2931 1029 3038 1091 est,
3071 1031 3137 1080 ut
3179 1026 3360 1099 cripte
3392 1026 3663 1094 civitatis,

2012 1118 2158 1183 quas
2182 1112 2293 1167 alio
2311 1113 2547 1168 nomine
2564 1113 2792 1168 cloacas
2805 1114 3030 1178 dicunt,
3054 1115 3264 1170 horum
3285 1116 3666 1172 cadaveribus

2011 1199 2392 1272 replerentur.
2429 1204 2591 1266 Quod
2625 1203 2910 1258 Arnulfus
2943 1220 3210 1270 cernens,
3246 1204 3524 1276 quoniam
3566 1223 3668 1276 per

2010 1290 2300 1345 Veronam
2336 1308 2448 1344 non
2485 1291 2693 1362 potuit,
2726 1308 2830 1363 per
2861 1293 3204 1347 Hannibalis
3249 1293 3427 1363 viam,
3487 1310 3666 1365 quam

2012 1379 2265 1434 Bardum
2301 1381 2414 1451 (70)
2465 1381 2690 1446 dicunt,
2757 1384 2814 1435 et
2870 1387 3128 1436 montem
3190 1383 3341 1438 Iovis
3393 1383 3670 1453 repedare

2013 1467 2288 1540 disponit.
2309 1469 2574 1540 Cumque
2588 1471 2934 1541 Eporegiam
2950 1471 3326 1542 pervenisset,
3351 1471 3670 1527 Anscarius

2014 1556 2274 1612 marchio
2305 1557 2438 1612 istic
2470 1559 2692 1623 aderat,
2727 1559 2900 1628 cujus
2925 1564 2983 1613 et
3013 1559 3246 1614 hortatu
3267 1558 3467 1616 civites
3487 1559 3672 1615 rebel-

2013 1643 2192 1699 labat.
2210 1644 2428 1699 Verum
2454 1645 2564 1700 hoc
2585 1645 2868 1699 Arnulfus
2885 1646 3275 1716 jurejurando
3297 1646 3668 1718 promiserat,

2015 1749 2321 1804 nunquam
2354 1749 2416 1788 se
2438 1750 2471 1788 a
2493 1731 2618 1788 loco
2640 1733 2843 1789 eodem
2868 1733 3293 1802 discessurum,
3317 1735 3509 1807 quoad
3531 1751 3672 1806 pres-

2017 1820 2215 1877 sentize
2246 1838 2364 1876 sua:
2394 1824 2820 1892 prmsentarent
2849 1823 3219 1878 Anscarium.
3253 1825 3308 1879 Is
3331 1827 3550 1890 autem,
3606 1827 3674 1880 ut

2016 1915 2140 1966 erat
2173 1909 2347 1965 homo
2377 1909 2544 1965 valde
2575 1908 3014 1978 formidolosus,
3048 1915 3106 1966 et
3161 1911 3403 1968 omnino
3460 1911 3674 1968 similis

2020 2015 2136 2071 quo
2167 1999 2237 2054 de
2270 1999 2428 2054 Maro
2460 1999 2542 2053 ait
2568 1998 2681 2070 (74)
2712 2017 2724 2054 :

2080 2106 2282 2216 ξιτ-ξω
2311 2118 2493 2168 opum,
2525 2104 2708 2168 lingua
2737 2105 2940 2164 melior,
2975 2105 3068 2155 sed
3097 2105 3293 2170 frigida
3319 2107 3461 2160 bello

2126 2182 2184 2216 ex
2213 2181 2319 2216 era.

2126 2181 2319 2227 extera,

2020 2266 2089 2320 de
2122 2264 2360 2320 castello
2385 2264 2541 2333 exiit,
2577 2269 2634 2320 et
2656 2265 2829 2337 juxta
2860 2283 3098 2321 murum
3117 2266 3368 2324 civitatis
3389 2267 3448 2322 in
3481 2285 3673 2324 caver-

2019 2355 2112 2410 nis
2145 2357 2442 2426 petrarum
2476 2353 2666 2410 latuit.
2698 2355 2812 2410 [loc
2843 2359 3042 2411 autem
3084 2372 3151 2412 eo
3178 2356 3337 2426 fecit,
3395 2357 3676 2430 quatinus

2019 2443 2174 2498 licite
2197 2447 2437 2515 possent
2460 2442 2579 2516 regi
2599 2443 2843 2499 Arnullo
2868 2444 3225 2516 satisfacere,
3245 2446 3591 2502 Anscarium
3616 2447 3676 2502 in

2021 2533 2165 2588 urbe
2200 2549 2314 2588 non
2349 2549 2499 2588 esse.
2534 2536 2737 2604 Itaque
2760 2533 3187 2604 jusjurandum
3220 2551 3319 2590 rex
3346 2533 3505 2592 istud
3525 2552 3680 2592 acce-

2022 2621 2126 2694 pit,
2153 2624 2326 2692 atque
2358 2622 2469 2677 iter
2491 2621 2645 2693 quod
2677 2625 2908 2693 ceperat
2939 2622 3100 2678 abiit.

2092 2712 2182 2765 36.
2218 2710 2341 2782 (An.
2374 2710 2502 2779 899,
2535 2712 2658 2765 Dec.
2684 2710 2764 2782 8.)
2823 2711 3239 2784 Profectusque
3297 2713 3358 2768 in
3417 2715 3674 2788 propria,

2021 2799 2370 2871 turpissima
2390 2798 2723 2854 valetudine
2740 2799 3041 2870 expiravit.
3058 2799 3302 2858 Minutis
3319 2802 3536 2875 quippe
3559 2819 3680 2858 ver-

2024 2889 2220 2944 mibus
2247 2905 2394 2960 quos
2426 2888 2791 2960 pedunculos
2821 2887 2989 2944 aiunt
3008 2887 3381 2946 vehementer
3401 2891 3677 2960 afflictus,

2023 2977 2298 3049 spiritum
2333 2976 2606 3032 reddidit.
2640 2977 2841 3032 Fertur
2871 2982 3090 3046 autem,
3126 2979 3283 3050 quod
3302 2979 3524 3051 praefati
3551 2997 3676 3036 ver-

2025 3083 2149 3123 mes
2171 3067 2314 3123 adeo
2347 3065 2749 3134 scaturrirent,
2785 3071 2850 3122 ut
2880 3065 3058 3122 nullis
3099 3067 3462 3125 medicorum
3521 3069 3678 3126 curis

2024 3155 2210 3211 minui
2244 3159 2504 3228 possent.
2540 3154 2745 3211 Utrum
2775 3172 2911 3211 vero
2942 3173 3046 3227 pro
3078 3160 3197 3211 tam
3231 3157 3520 3214 immenso
3555 3174 3679 3214 sce-

2023 3245 2160 3313 lere,
2195 3244 2633 3317 Hungariorum
2674 3243 2899 3300 scilicet
2957 3245 3293 3314 emissione,
3352 3246 3681 3304 secundum

1941 3319 1986 3387 C
2024 3333 2372 3405 prophetam
2402 3332 2621 3405 duplici
2651 3332 2729 3388 sit
2758 3333 3113 3388 contricione
3159 3335 3421 3406 attritus,
3481 3352 3556 3390 an
3615 3351 3684 3390 ex

2024 3421 2278 3494 presenti
2313 3420 2599 3492 supplicio
2631 3425 3088 3492 consequeretur
3114 3422 3345 3476 veniam
3393 3422 3452 3476 in
3483 3423 3680 3478 futuro

2025 3512 2151 3580 (Jcr.
2187 3525 2328 3577 xvn,
2361 3510 2472 3577 13),
2499 3508 2607 3563 soli
2637 3508 2798 3564 illius
2829 3508 3088 3564 scientiae
3120 3508 3511 3580 dimittamus,
3565 3527 3681 3583 quo

2026 3599 2096 3653 de
2128 3597 2440 3669 Apostolus
2472 3597 2650 3653 dicit:
2687 3620 2714 3645 «
2749 3596 2938 3652 Nolite
2971 3601 3104 3654 ante
3126 3602 3359 3670 tempus
3385 3599 3675 3672 judicare,

2025 3687 2208 3741 donec
2239 3684 2432 3741 veniat
2461 3684 2766 3753 Dominus,
2802 3685 2902 3756 qui
2935 3690 2992 3741 et
3021 3685 3404 3743 inluminabit
3433 3689 3681 3745 abscon-

2025 3775 2152 3832 dita
2180 3775 2556 3831 tenebrarum
2589 3778 2647 3831 et
2673 3773 3074 3832 manifestabit
3103 3775 3348 3832 consilia
3371 3777 3636 3834 cordium
3665 3797 3678 3848 ;

2025 3868 2084 3920 et
2115 3868 2257 3920 tunc
2286 3863 2417 3920 laus
2449 3863 2559 3920 erit
2588 3862 2905 3936 unicuique
2935 3881 2969 3920 a
3021 3864 3137 3921 Deo
3171 3867 3220 3936 (ι
3249 3867 3376 3923 Cor.
3411 3883 3489 3935 Iv,
3538 3867 3617 3936 5).
3650 3886 3704 3928 ι»,

2096 3953 2184 4007 37.
2219 3953 2346 4014 (Αη.
2370 3951 2519 4015 896.)
2547 3953 2758 4010 Justus
2788 3952 2970 4026 igitur
2999 3958 3152 4010 Deus
3185 3955 3350 4011 uxori
3389 3954 3680 4024 Widonis,

2026 4059 2156 4115 quae
2194 4041 2334 4097 huic
2365 4045 2674 4114 paraverat
2705 4047 2976 4114 mortem,
3010 4047 3178 4116 parat
3200 4043 3504 4101 viduitatis
3525 4044 3682 4102 dolo-

2022 4148 2168 4189 rem.
2205 4131 2368 4187 Sicut
2385 4131 2543 4186 enim
2566 4131 2790 4203 praefati
2814 4147 3044 4198 sumus,
3063 4132 3204 4187 dum
3223 4133 3564 4189 redeuntem
3582 4135 3684 4189 Ar-

2023 4219 2253 4275 nulfum
2285 4220 2454 4277 Wido
2487 4236 2586 4274 rex
2615 4235 2646 4275 e
2675 4218 2920 4292 vestigio
2953 4224 3315 4290 sequeretur,
3351 4221 3514 4291 justa
3571 4221 3682 4278 ﬂu-

2019 4311 2182 4366 vium
2215 4309 2528 4366 defunctus
2555 4313 2646 4365 est
2666 4309 2906 4364 Tarum.
2940 4309 3119 4379 Cujus
3143 4307 3370 4364 obitum
3402 4309 3684 4383 Berenga-

2021 4398 2145 4454 rius
2178 4403 2244 4454 ut
2274 4398 2516 4466 audivit,
2552 4397 2801 4453 festinus
2832 4397 3072 4468 Papiam
3103 4397 3282 4465 venit,
3315 4413 3681 4472 regnumque

2021 4492 2290 4561 potenter
2323 4487 2563 4558 accepit.
2587 4485 2814 4542 Fideles
2840 4502 2974 4541 vero
2994 4486 3368 4560 fautoresque
3387 4487 3679 4557 Widonis,

2021 4577 2189 4632 veriti
2221 4592 2292 4631 ne
2319 4576 2391 4631 ab
2425 4574 2766 4631 eisinlatam
2788 4575 3175 4649 Berengarius
3197 4575 3580 4634 ulcisceretur
3601 4578 3683 4634 in-

1941 4691 1987 4756 D
2012 4666 2256 4738 juriam,
2282 4669 2339 4719 et
2370 4664 2510 4736 quia
2540 4681 2772 4737 semper
2789 4664 3094 4722 ltalienses
3123 4667 3375 4748 geminis
3399 4668 3481 4723 uti
3499 4668 3682 4724 domi-

2019 4755 2111 4809 nis
2141 4752 2366 4821 volunt,
2403 4752 2684 4824 quatinus
2707 4753 2959 4809 alterum
2979 4753 3220 4811 alterius
3237 4759 3455 4813 terrore
3481 4757 3683 4814 coher-

2017 4847 2206 4913 ceant,
2238 4841 2509 4898 Widonis
2531 4843 2686 4915 regis
2719 4842 2976 4898 defuncti
3001 4843 3212 4912 filium,
3245 4845 3484 4900 nomine
3513 4847 3680 4902 Lam-

2017 4934 2269 4998 bertum,
2288 4931 2612 5003 elegantem
2624 4933 2924 5004 juvenem,
2940 4932 3132 4989 adhuc
3147 4933 3460 5007 ephoebum
3479 4934 3680 4991 nimis—

2016 5039 2130 5094 que
2156 5019 2525 5088 bellicosum,
2559 5037 2756 5094 regem
2789 5022 3177 5078 constituunt.
3210 5023 3374 5096 Cepit
3416 5023 3671 5096 denique

2015 5111 2171 5167 hunc
2193 5110 2352 5167 adire
2369 5109 2646 5183 populus,
2668 5109 3086 5184 Berengarium
3108 5113 3393 5170 deserere.
3413 5116 3677 5186 Cumque

1609 5252 1849 5311 VARI/li)
1885 5253 2291 5315 LECTIONES.

319 5330 365 5367 ⁸⁸
395 5332 638 5400 paratur
660 5330 712 5385 1.

1859 5424 2067 5487 NOT/E

342 5599 435 5654 69)
468 5599 531 5653 Id
565 5601 655 5654 est
685 5612 950 5652 excessu.

319 5664 434 5740 (70)
465 5669 576 5727 Ubi
619 5667 794 5725 hodie
848 5664 1156 5740 castellum
1211 5666 1368 5740 Bard
1416 5667 1521 5726 via;
1574 5667 1903 5739 imminere,

340 5526 410 5581 68
465 5525 595 5582 zEn.
630 5541 712 5592 ιιι,
746 5524 839 5595 56,
870 5524 960 5578 57.

342 5599 414 5654 69
468 5599 531 5653 Id
565 5601 655 5654 est
685 5612 950 5652 excessu.

340 5526 435 5743 7οξ
465 5669 586 5743 Ubi,
619 5667 794 5725 hodie
848 5671 960 5723 cast

246 5738 534 5820 EpOregia
562 5742 888 5818 Augustam
917 5738 1164 5798 tendens
1191 5738 1427 5814 aspicis.
1450 5740 1563 5800 Sed
1587 5738 1906 5820 Liudpran-

2015 5529 2158 5607 dum
2188 5543 2257 5586 ea
2288 5523 2704 5607 qum__Annales
2734 5525 3056 5607 Fuldenses
3089 5526 3161 5589 de
3203 5527 3394 5607 primo
3439 5526 3666 5607 Arnum

2016 5599 2206 5747 gquttu
2239 5599 2495 5658 ex’Italia
2523 5607 2784 5676 narrant,
2821 5605 2987 5665 alteri
3025 5599 3333 5682 perperam
3389 5603 3667 5679 tribuere,

2058 5690 2091 5729 a
2183 5716 2195 5728 .
2663 5728 2668 5737 .
2945 5732 2952 5738 .

2058 5690 2195 5729 Βῐϐῐ.

2087 5745 2202 5812 (71)
2230 5743 2359 5804 (En.
2385 5733 2466 5817 xi,
2497 5745 2622 5807 638.
2663 5728 2668 5737 ’
