3962 6396
178 457 298 520 809

1124 455 1742 521 ANTAPODOSEOS
1788 455 1993 518 LIBRI
2041 457 2213 520 SEX.
2247 492 2327 504 —
2355 459 2564 521 LIBRI
2609 459 2657 520 Ι.

3485 463 3605 524 810

179 608 310 648 sese
340 590 524 665 quieti
569 590 749 659 dedit,
799 592 1014 666 vigiliae
1063 593 1394 649 custodiam
1440 592 1578 648 huic
1628 592 1830 659 infido,
1864 591 1918 658 Α
1950 591 2240 664 plevitque
2263 594 2304 627 ⁷⁷
2331 593 2476 649 illud
2501 594 2656 666 quod
2673 594 2777 649 'rex
2799 597 2856 648 et
2875 587 3162 666 propheta
3180 593 3341 651 canit
3364 609 3377 651 :
3403 616 3432 647 «
3457 596 3602 661 Quo-

179 681 346 754 quasi
380 682 516 750 ﬁdo,
553 681 925 738 commitens.
959 681 1146 755 Igitur
1193 681 1542 737 absentibus
1587 681 1837 752 cunctis,

175 771 444 844 Hugonis
491 787 660 828 mens
709 772 991 840 custodis,
1053 772 1234 827 immo
1296 770 1609 843 proditoris
1665 774 1838 842 atque

176 859 490 928 carniﬁcis,
523 859 869 916 collatorum
901 859 1331 916 beneficiorum
1363 859 1678 916 immemor
1709 859 1838 932 plu-

177 948 568 1022 rium,patris
618 954 868 1016 mortem
920 949 1118 1006 animo
1150 949 1304 1021 cepit
1351 947 1658 1004 revolvere.
1711 949 1838 1004 Non

177 1039 571 1096 consideravit
602 1038 926 1112 genitorem
961 1055 1137 1095 suum
1157 1039 1383 1109 justam
1410 1037 1729 1093 incurrisse
1746 1055 1842 1093 ne-

178 1145 344 1197 cem;
399 1129 854 1200 jusjurandum,
914 1129 1037 1202 regi
1095 1129 1252 1200 quod
1319 1128 1552 1195 fecerat,
1621 1126 1838 1182 violare

179 1236 296 1274 nou
332 1217 543 1274 metuit
569 1235 582 1287 ;
605 1217 894 1274 vicarium
929 1236 989 1274 se
1013 1218 1199 1284 Judze,
1233 1216 1454 1273 domini
1488 1215 1671 1272 nostri
1696 1217 1836 1271 Jesu

174 1307 392 1364 Christi
429 1309 768 1381 proditoris,
815 1307 1096 1381 appellari
1120 1324 1237 1362 non
1269 1305 1540 1372 erubuit;
1574 1309 1630 1360 et
1679 1305 1836 1376 quod

176 1401 264 1453 est
285 1397 540 1470 gravius,
558 1396 984 1470 sempiternum
1004 1395 1321 1468 suplicium
1347 1395 1684 1451 subiturum
1708 1409 1836 1450 sese

171 1503 292 1542 non
319 1486 550 1554 timuit;
597 1503 804 1542 verum
853 1485 1164 1542 conamine
1215 1489 1336 1541 toto
1383 1484 1622 1548 virium,
1677 1482 1835 1555 ligno

169 1594 291 1633 non
319 1577 546 1632 modico
559 1575 875 1632 dormienti
893 1575 1108 1631 collum
1130 1573 1321 1646 fregit.
1347 1573 1837 1644 G1adio76quippe

166 1665 347 1722 ferire
373 1665 596 1735 timuit,
629 1681 702 1720 ne
747 1663 966 1736 peccati
1001 1664 1185 1734 hujus
1229 1665 1523 1717 auctorem
1558 1678 1649 1716 res
1697 1677 1835 1715 eum

167 1755 494 1811 manifesta
522 1755 815 1827 probaret.
853 1755 931 1806 Eo
967 1768 1222 1823 namque
1251 1767 1419 1805 mens
1453 1766 1725 1821 perversa
1758 1750 1837 1804 ila

162 1844 311 1918 egit,
349 1848 416 1900 ut
470 1859 588 1898 non
620 1841 801 1913 gladii
857 1840 1119 1906 cicatrix,
1178 1840 1280 1894 sed
1323 1837 1468 1910 ligni
1525 1837 1838 1893 manifesta

160 1933 422 2002 collisio,
474 1933 632 1986 hunc
683 1929 1156 2027 repperientibu‘s
1205 1928 1381 2027 fidem
1432 1927 1640 2027 darent
1687 1944 1835 2027 equo
1865 1962 1913 2027 B

158 2022 479 2088 cecidisse,
513 2019 764 2092 collique
794 2018 1088 2074 fraccione
1119 2015 1420 2072 hominem
1442 2014 1702 2072 exivisse.
1731 2017 1834 2072 La-

156 2113 408 2184 tuitque
441 2125 546 2183 per
578 2125 763 2166 annos
794 2125 889 2164 res
935 2124 1113 2179 quam
1164 2105 1470 2178 plurimos.
1526 2105 1638 2161 Sed
1688 2106 1832 2161 dum

158 2217 449 2277 processu
483 2197 766 2271 temporis
799 2195 1186 2268 Berengarius
1217 2209 1338 2263 rex,
1381 2193 1542 2249 nullo
1576 2193 1688 2250 sibi
1735 2211 1829 2250 re-

159 2292 436 2360 sistente,
493 2304 743 2361 regnum
801 2285 1048 2342 viriliter
1106 2284 1417 2350 obtineret,
1451 2282 1576 2355 ipse
1633 2286 1830 2340 reatus

159 2379 412 2456 proprii,
443 2377 598 2437 sicut
627 2377 819 2434 fuerat
863 2378 1086 2443 auctor,
1135 2373 1327 2431 extitit
1374 2371 1660 2445 proditor,
1715 2371 1827 2428 im~

1954 681 2111 737 niam
2146 682 2422 739 laudatur
2445 685 2715 755 peccator
2742 681 2803 738 in
2848 681 3155 738 desideriis
3204 683 3412 740 animae
3460 701 3603 755 suae,

1950 774 2008 827 et
2037 771 2240 844 iniqua
2270 789 2478 845 gerens
2523 771 2890 829 benedicitur
2935 772 3108 842 (Psal.
3141 789 3195 840 x,
3223 774 3301 845 3).
3336 794 3363 828 η
3401 775 3514 830 Sed
3543 778 3607 830 et

1950 859 2112 915 aliud
2173 862 2381 918 fecisse
2437 861 2679 918 minime
2729 859 2920 934 potuit
2958 864 3197 933 propter
3242 862 3362 919 haec
3413 861 3604 936 ipsius

1948 947 2226 1005 Veritatis
2256 951 2433 1006 verba
2480 949 2770 1006 dicentis:
2806 973 2834 1001 «
2866 948 3058 1004 Nichil
3102 953 3394 1023 opertum,
3445 952 3604 1024 quod

1949 1055 2067 1093 non
2100 1038 2407 1106 reveletur,
2439 1043 2496 1095 et
2525 1039 2840 1106 occultum,
2874 1039 3031 1110 quod
3062 1056 3179 1096 non
3206 1039 3268 1096 in
3300 1039 3606 1113 publicum

1946 1126 2142 1182 veniat
2174 1128 2392 1199 (Matth.
2427 1146 2482 1196 x,
2518 1129 2628 1200 26).
2665 1150 2694 1178 ››

2019 1217 2107 1270 43.
2142 1217 2244 1272 His
2270 1218 2351 1272 ita
2382 1217 2582 1289 gestis,
2618 1235 2716 1273 rex
2762 1217 3151 1290 Berengarius
3181 1218 3450 1290 ampliori
3490 1219 3604 1291 pri-

1947 1304 2105 1362 stina
2134 1305 2417 1378 dignitate
2444 1307 2605 1379 regia
2643 1306 3002 1375 honoratur;
3048 1306 3395 1364 Adelbertus
3444 1324 3603 1364 mar-

1948 1395 2077 1450 chio
2108 1399 2165 1450 et
2193 1396 2367 1451 ceteri
2401 1397 2471 1451 ad
2506 1396 2741 1470 propria
2767 1397 3158 1452 destinantur.

2018 1485 2106 1539 44.
2147 1485 2322 1540 Juvat
2364 1490 2581 1552 autem,
2632 1490 2799 1557 pater
2837 1486 3169 1554 karissime,
3219 1487 3368 1542 tanti
3417 1487 3601 1557 hujus

1946 1574 2174 1628 obitum
2206 1574 2360 1644 regis
2392 1577 2448 1629 et
2487 1574 2756 1629 deflendo
2788 1574 3040 1630 scribere
3071 1579 3127 1629 et
3159 1575 3469 1630 scribendo
3499 1577 3600 1632 de—

1947 1662 2103 1716 ﬂere.
2139 1662 2330 1718 Inerat
2355 1678 2612 1733 namque
2656 1661 2740 1716 illi
2773 1663 3020 1718 honesta
3049 1679 3282 1718 morum
3316 1663 3596 1735 probitas,

1948 1755 2153 1805 sancta
2182 1755 2240 1806 et
2271 1751 2653 1806 formidolosa
2695 1752 2996 1817 severitas,
3030 1755 3086 1807 et
3117 1769 3292 1823 quem
3317 1754 3600 1824 juventus

1947 1838 2195 1894 ornabat
2223 1839 2282 1894 in
2331 1856 2573 1912 corpore
2605 1839 2934 1912 splendida,
2970 1841 3183 1896 mentis
3212 1841 3457 1898 canities
3494 1843 3600 1899 de-

1947 1931 2243 1983 coraverat
2305 1933 2528 1984 sancta.
2587 1928 2764 1984 Plane
2814 1928 2948 2000 plus
3005 1929 3130 2001 ipse
3189 1930 3270 1986 rei
3329 1930 3596 2004 publicas,

1945 2032 2123 2088 quam
2153 2034 2244 2073 res
2295 2017 2532 2090 publica
2580 2017 2808 2074 decoris
2857 2018 2909 2073 ei
2956 2018 3300 2075 contulerat.
3337 2022 3498 2086 Quod
3550 2020 3601 2076 si

1943 2123 2060 2161 non
2093 2106 2207 2162 cita
2263 2123 2424 2162 mors
2481 2107 2638 2162 hunc
2696 2110 2942 2179 raperet,
2989 2107 3041 2163 is
3098 2112 3253 2164 esset
3310 2109 3410 2181 qui
3469 2113 3602 2181 post

1943 2195 2342 2251 Romanorum
2374 2195 2695 2268 potentiam
2723 2199 2914 2253 totum
2958 2196 3067 2254 sibi
3103 2198 3304 2255 orbem
3352 2197 3600 2254 viriliter

1941 2283 2308 2356 subjugaret.

1508 2537 1766 2580 EXPLICIT
1804 2535 1970 2581 LIBER
2009 2537 2254 2580 PRIMUS.

1200 2727 1567 2788 INCIPIUNT
1609 2727 1964 2786 CAPITULA
2006 2727 2202 2785 LIBRI
2241 2726 2564 2784 SECUNDI.

158 2894 217 2952 4.
248 2892 330 2950 De
363 2907 429 2947 eo
461 2888 616 2963 quod
648 2889 782 2960 post
802 2888 1053 2941 mortem
1083 2882 1308 2940 Arnulfi
1331 2881 1642 2940 Hlodoicus
1669 2881 1828 2938 filius
1935 2881 2022 2937 15.
2058 2881 2358 2947 Quomodo
2389 2879 2673 2952 Hungarii
2703 2879 2911 2952 positis
2941 2880 3174 2937 insidiis
3206 2896 3386 2955 super
3436 2883 3591 2940 chri-

240 2983 371 3054 ejus
399 2997 500 3036 rex
529 2976 928 3034 constituitur.
959 3031 974 3044 ,

153 3076 220 3127 2.
257 3067 544 3142 Hungarii
577 3066 780 3124 audita
811 3079 951 3121 nece
981 3061 1209 3118 Arnulﬁ
1233 3061 1577 3134 Bagaoriam
1596 3063 1822 3132 petunt.

154 3163 216 3217 3.
273 3158 632 3216 Hulodoicus
682 3153 904 3212 bellum
949 3151 1267 3226 Hungariis
1314 3153 1482 3224 parat
1517 3151 1688 3222 juxta
1720 3149 1824 3206 Le-

239 3264 548 3305 manuum.

156 3341 217 3395 4.
255 3335 538 3410 Hungarii
573 3333 782 3409 positis
812 3331 1042 3390 insidiis
1091 3328 1398 3388 Hulodoiei
1431 3327 1651 3386 milites
1692 3327 1825 3385 vin-

155 3429 512 3589 5.cF1:;iens
553 3512 946 3570 Hulodoicus:
981 3507 1257 3582 Hungarii
1313 3509 1670 3564 Francorum
1719 3505 1821 3562 Sa-

239 3623 460 3663 xonum
491 3608 548 3661 et
578 3604 904 3660 Suevorum
934 3605 1153 3658 terram
1183 3597 1614 3670 depraedantur.

159 3717 222 3769 6.
253 3713 334 3768 De
367 3710 680 3768 rebellione
710 3707 1006 3764 Adelberti
1039 3705 1293 3772 comitis,
1329 3708 1387 3759 et
1436 3701 1692 3776 qualiter
1725 3701 1827 3754 de-

241 3801 494 3873 cipiente
525 3801 775 3856 Hattone
807 3795 1246 3867 archiepiscopo
1279 3793 1355 3848 sit
1377 3791 1716 3848 decollatus.

157 3912 220 3966 7.
255 3908 663 3981 Exploratores
697 3901 947 3976 regressi
979 3901 1136 3972 quod
1172 3899 1484 3954 consilium
1537 3895 1824 3951 dederint.

161 4001 222 4055 8.
258 3998 449 4062 Quare
482 3993 768 4066 Hungarii
819 3989 1006 4046 territi
1058 3990 1130 4043 ab
1170 3987 1347 4044 Italico
1394 3988 1665 4059 ingressu
1710 3985 1831 4040 sint

242 4102 480 4143 I‘GVBI'SI.

159 4180 222 4234 9.
257 4175 521 4244 Qualiter
550 4169 832 4242 Hungarii
864 4170 1132 4240 reparato
1165 4165 1417 4222 exercitu
1465 4163 1729 4223 venerint
1777 4167 1834 4219 et

243 4263 433 4324 Italici
464 4263 550 4319 eis
582 4259 960 4317 occurrerint.

167 4377 262 4433 10.
298 4373 414 4429 Cur
448 4387 547 4427 rex
579 4368 964 4440 Berengarius
1002 4365 1075 4421 ad
1127 4363 1349 4420 bellum
1398 4380 1514 4419 non
1565 4360 1717 4429 ierit,
1743 4359 1833 4417 vel

246 4479 353 4520 cur
382 4458 643 4534 Hungari
676 4456 853 4514 Italos
883 4455 1162 4528 fugerint.

169 4571 265 4630 1|.
311 4569 625 4642 Fugientes
675 4563 890 4638 pagani
949 4560 1292 4619 christianis
1351 4575 1552 4631 pacem
1604 4560 1832 4629 petunt,

247 4674 427 4732 quam
460 4674 576 4713 non
609 4653 948 4727 adquirunt.

177 4753 248 4807 12
281 4752 360 4804 De
390 4745 658 4820 proludio
690 4759 921 4816 pugnae,
975 4740 1033 4797 in
1070 4756 1186 4813 quo
1217 4737 1523 4794 vincerunt
1551 4735 1835 4807 Hungarii

251 4841 567 4912 postquam
598 4835 897 4907 fugerunt.

177 4947 272 5002 13.
308 4949 384 5000 De
415 4961 482 5001 eo
514 4942 671 5014 quod
705 4942 941 5013 propter
969 4936 1322 5007 defatigatos
1353 4935 1395 4968 ⁷⁸
1444 4949 1628 5004 equos
1663 4946 1841 5004 super

255 5033 501 5090 ﬂuvium
536 5032 808 5087 Brentam
840 5026 1055 5100 pagani
1084 5024 1438 5080 christianos
1459 5020 1847 5093 prestolaren-

252 5127 375 5190 tur,
408 5121 611 5192 eisque
657 5134 861 5191 pacem
923 5116 1254 5186 quaererent
1283 5113 1347 5180 7°,
1384 5127 1563 5183 quam
1606 5127 1722 5164 non
1754 5110 1848 5164 de-

253 5213 488 5268 derunt.

182 5305 275 5362 14.
311 5300 477 5366 Quod
511 5297 825 5354 consilium
859 5293 1144 5367 Hungarii
1177 5293 1251 5379 ob
1274 5289 1741 5363 desperationem
1762 5286 1850 5341 in-

248 5385 545 5454 venerint,
577 5389 636 5442 et
668 5384 810 5456 quid
842 5383 1111 5440 dixerint.

2010 2969 2233 3027 stianos
2264 2968 2499 3025 irruunt
2528 2969 2572 3003 ⁸ο
2603 2971 2659 3024 et
2678 2967 2940 3026 vincunt.

1938 3060 2025 3115 16.
2051 3059 2213 3125 Quod
2245 3058 2550 3114 victoriam
2584 3075 2700 3114 non
2733 3075 2837 3131 pro
2868 3076 3071 3116 eorum
3102 3060 3465 3132 fortitudine,
3490 3061 3592 3119 sed

2008 3165 2113 3220 pro
2145 3147 2604 3204 christianorum
2636 3151 2873 3220 peccato
2903 3147 3240 3210 habuerint.

1938 3237 2024 3293 17.
2057 3237 2222 3304 Quod
2253 3253 2319 3293 eo
2363 3241 2627 3310 tempore
2681 3237 3040 3295 Hulodoicus
3073 3257 3173 3296 rex
3228 3241 3587 3298 Francorum

2006 3326 2276 3392 moritur,
2305 3329 2364 3381 ct
2388 3325 2740 3382 Chunradus
2771 3343 2874 3398 pro
2905 3343 2972 3382 eo
3003 3327 3327 3383 ordinatur.

1851 3426 1895 3494 α
1935 3414 2028 3472 18.
2057 3414 2206 3481 Quid
2238 3414 2348 3470 sub
2381 3429 2447 3469 eo
2478 3413 2770 3486 principes
2791 3417 2978 3480 erant,
3002 3415 3153 3472 inter
3176 3432 3326 3488 quos
3344 3420 3402 3473 et
3421 3417 3591 3474 Hein-

2005 3503 2162 3560 ricus
2193 3503 2490 3559 Saxonum
2521 3503 2638 3557 dux
2655 3505 2797 3557 erat.

1939 3592 2023 3649 19.
2058 3593 2138 3648 De
2168 3606 2234 3646 eo
2267 3591 2421 3662 quod
2452 3590 2759 3646 Heinricus
2793 3595 2849 3647 et
2869 3592 3060 3647 cazteri
3079 3592 3373 3665 principes
3393 3593 3588 3651 Chun-

2009 3681 2151 3737 rado
2180 3679 2589 3735 rebellaverint
2619 3680 2762 3751 regi,
2797 3684 2853 3735 et
2884 3681 2955 3736 ab
2982 3698 3046 3736 eo
3089 3681 3224 3737 victi
3259 3682 3496 3754 fuerint,
3535 3687 3594 3739 et

2010 3769 2147 3842 quia
2175 3767 2468 3824 Arnaldus
2500 3768 2557 3823 in
2595 3767 2952 3841 Hungariam
2987 3770 3198 3842 fugerit
3227 3772 3291 3825 ⁸⁷.

1937 3861 2025 3915 2Ο.
2061 3858 2482 3914 Chouonradus
2529 3875 2627 3912 rex
2671 3858 2928 3914 moriens
2961 3859 3254 3932 principes
3291 3877 3494 3916 omnes
3525 3862 3596 3917 de

2011 3965 2168 4022 pace,
2204 3953 2260 4002 et
2292 3953 2355 4001 ut
2388 3947 2722 4003 Heinricum
2759 3965 2953 4020 regem
2987 3950 3367 4017 constituant,
3393 3951 3594 4006 exhor-

2008 4042 2186 4105 tatur,
2219 4035 2310 4091 cui
2342 4039 2398 4090 et
2420 4035 2638 4108 regalia
2660 4042 3004 4093 ornamenta
3032 4039 3402 4094 transmittit.

1939 4128 2029 4183 2-1.
2066 4126 2413 4181 Chuonrado
2450 4142 2583 4197 rege
2615 4130 2867 4192 mortuo,
2892 4126 3178 4182 Arnaldus
3205 4127 3275 4181 ab
3297 4127 3597 4198 Hungaria

2014 4216 2167 4272 redit
2195 4218 2369 4286 atque
2401 4213 2667 4270 Heinrico
2701 4213 2822 4286 regi
2854 4213 3075 4270 bellum
3105 4219 3292 4286 parat.

1939 4309 2030 4362 22.
2066 4304 2372 4361 Heinricus
2392 4301 2631 4358 Arnaldi
2656 4302 2921 4358 animum
2944 4302 3411 4374 prudentissima
3433 4302 3595 4359 locu-

2015 4395 2170 4450 tione
2200 4392 2450 4465 mitigat.

1940 4487 2030 4540 23.
2063 4482 2356 4539 Arnaldus
2388 4498 2632 4538 suorum
2664 4480 3067 4538 exhortatione
3117 4478 3372 4537 militum
3424 4480 3600 4538 Hein-

2017 4573 2120 4627 rici
2153 4571 2220 4626 fit
2250 4569 2417 4625 miles
2445 4569 2617 4642 regis.

1943 4663 2032 4718 24.
2067 4660 2282 4716 Audita
2314 4659 2598 4732 Hungarii
2641 4663 2826 4715 morte
2878 4658 3237 4726 Chuonradi,
3285 4659 3599 4718 Saxoniam

2018 4748 2450 4822 ingrediuntur.

1867 4803 1916 4869 Β
1948 4839 2038 4894 25.
2074 4839 2191 4892 Rex
2249 4834 2576 4901 Heinricus,
2611 4851 2974 4908 quamquam
3030 4835 3322 4906 inﬁrmus,
3364 4837 3448 4894 eis
3509 4854 3604 4894 oc-

2025 4925 2228 4982 currit.

1953 5016 2044 5071 26.
2080 5012 2342 5079 Qualiter
2372 5013 2444 5069 ad
2496 5029 2757 5085 pugnam
2807 5031 2946 5072 suos
3004 5013 3343 5074 exhortatus
3372 5015 3449 5074 sit
3497 5015 3608 5071 mi-

2028 5104 2181 5160 lites.

1955 5195 2046 5249 27.
2081 5193 2161 5248 De
2193 5193 2346 5248 bono
2379 5197 2507 5248 voto
2538 5191 2793 5248 Heinrici
2823 5194 2996 5266 regis.

1959 5283 2050 5338 38.
2086 5283 2165 5338 De
2207 5281 2413 5338 nuntio
2464 5281 2564 5353 qui
2612 5281 2944 5355 Hungarios
2991 5283 3052 5340 in
3098 5283 3441 5359 Meresburg
3486 5301 3615 5344 esse

2030 5372 2359 5430 nuntiabat.

1541 5517 1783 5576 VARIAE
1823 5515 2240 5576 LECTIONES.

249 5661 294 5698 ⁷ο
331 5655 537 5716 Gladio
567 5681 638 5696 —
668 5651 728 5710 in
771 5645 1080 5725 publicum
1128 5645 1324 5705 veniat
1368 5645 1563 5704 desunt
1611 5644 1674 5705 in
1721 5642 1993 5705 codicibus
2021 5643 2076 5704 3.
2153 5643 2196 5682 ⁷⁷
2271 5641 2568 5720 impletque
2598 5644 2650 5703 1.
2727 5643 2770 5683 ⁷⁸
2846 5643 3190 5721 defetigatos
3227 5646 3276 5704 1.
3349 5640 3398 5682 7°
3468 5649 3617 5715 que-

179 5761 376 5826 rerent
410 5759 459 5817 1.
540 5755 588 5792 ⁸ο
683 5751 878 5812 irruat
912 5749 964 5806 1.
1038 5746 1083 5784 ει
1159 5744 1416 5822 fugerint
1447 5751 1495 5810 1.

502 5883 770 5967 Ριτιιοι,
814 5873 1134 5950 CXXXVI.

3215 5862 3300 5948 θα
