3962 6402
205 465 324 545 8ίὲ

1176 473 1794 543 AN'l‘APODOSEOS
1837 480 2044 543 LIBRI
2088 484 2369 545 SEX.——
2397 471 2544 544 LIB.
2592 485 2670 545 II.

3519 485 3638 546 814

209 599 576 699 Πὶωὸιείιυᾴ
605 601 794 691 ipsius
824 600 985 673 filius
1014 595 1376 673 Hulodoicus
1415 619 1515 672 rex
1565 616 1794 672 cunctis
1842 633 1876 672 a
1901 613 1957 684 Α
1988 617 2240 691 indeque
2270 599 2456 675 oritur
2475 633 2694 693 pugna,
2720 618 2992 692 versique
3019 622 3182 692 terga
3208 633 3315 676 ceu
3347 617 3408 675 in
3436 617 3638 691 fugam

205 705 444 782 populis
471 705 796 763 ordinatur.
817 705 990 762 Tanti
1021 705 1275 778 denique
1308 721 1481 760 casus
1511 703 1618 759 viri
1647 703 1872 759 vicinos

207 797 568 871 Hungarios,
599 795 755 853 sicut
783 812 890 852 nec
919 795 981 852 in
1006 797 1128 852 toto
1159 795 1299 851 orbe
1346 794 1646 868 degentes,
1691 793 1874 850 latere

209 903 329 966 non
368 885 579 959 potuit.
613 884 919 958 Siquidem
949 883 1067 941 laeti
1091 885 1218 940 dies
1248 885 1377 956 ejus
1413 883 1500 940 iis
1544 883 1656 939 fuit
1711 881 1873 938 omni

209 976 526 1034 festivitate
548 974 893 1048 jucundior,
925 974 1086 1048 gazis
1142 973 1420 1031 omnibus
1479 970 1869 1046 prastantior.

211 1065 363 1142 Quid
395 1064 594 1139 igitur.

282 1156 338 1210 2.
373 1153 571 1211 Primo
599 1169 858 1226 namque
878 1153 1085 1210 mortis
1105 1153 1285 1226 hujus
1309 1151 1590 1226 gnatique
1611 1150 1703 1208 sui
1726 1147 1875 1206 ordi-

211 1243 468 1300 nationis
500 1259 677 1311 anno,
711 1259 1033 1317 permagna
1065 1241 1308 1300 collecto
1339 1241 1876 1310 exercitu,Marava-

212 1349 427 1390 norum
457 1335 713 1407 gentem,
745 1348 925 1404 quam
953 1331 1188 1388 virtutis
1236 1347 1440 1388 eorum
1488 1327 1872 1387 amminiculo

212 1439 316 1478 rex
343 1421 626 1480 Arnulfus
657 1421 1020 1490 subdiderat,
1052 1420 1166 1477 sibi
1193 1419 1536 1489 vendicant;
1560 1418 1872 1492 Bagoario-

212 1528 350 1568 rum
379 1511 558 1568 etiam
600 1511 750 1568 ﬁnes
791 1517 1120 1583 occupant;
1153 1513 1349 1566 castra
1403 1508 1666 1577 diruunt,
1723 1507 1873 1564 ecle-

214 1600 337 1658 sias
367 1599 502 1676 igne
524 1603 904 1668 consumunt,
924 1598 1172 1672 populos
1193 1597 1560 1671 ju'gulant,et
1588 1612 1662 1653 ue
1682 1595 1874 1670 magis

215 1689 528 1764 magisque
553 1690 896 1756 timeantur,
929 1687 1371 1745 interfectorum
1412 1703 1538 1743 sese
1585 1685 1873 1759 sanguine

208 1783 440 1854 potant.

281 1869 337 1926 3.
371 1869 496 1944 (An.
527 1867 681 1940 910.)
721 1865 1062 1924 Hilodoicus
1110 1865 1312 1938 itaque
1357 1881 1476 1934 rex,
1527 1863 1721 1936 gentis
1768 1879 1875 1919 sue

205 1955 729 2055 depopulationem
750 1955 1058 2059 hujusque
1075 1953 1421 2059 intellegens
1443 1952 1873 2059 crudelitatem,

203 2060 457 2104 suorum
488 2044 756 2103 omnium
783 2043 1014 2102 animos
1043 2043 1154 2100 hac
1184 2043 1496 2100 formidine
1519 2042 1868 2110 inﬂammat,

206 2139 276 2193 ut
295 2134 348 2192 si
371 2150 735 2207 quamquam
759 2132 910 2190 bello
933 2133 1159 2201 eodem,
1181 2131 1338 2204 quod
1369 2148 1504 2188 cum
1531 2129 1607 2187 iis
1633 2134 1872 2187 acturus

197 2223 597 2299 ..e_sset,deesse
625 2223 991 2296 contingeret
1019 2220 1231 2294 laqueo
1262 2219 1466 2294 procul
1488 2219 1666 2276 dubio
1691 2218 1872 2276 vitam

209 2313 426 2371 ﬁniret.
460 2309 917 2382 Innumerabilis
944 2310 1200 2382 denique
1227 2308 1331 2366 illa
1349 2309 1596 2383 gentis“8
1616 2307 1872 2381 pessime

212 2401 534 2461 multitudo
561 2400 750 2475 copiis
779 2401 960 2473 hujus
993 2399 1268 2457 maximis
1298 2398 1530 2456 obviam
1561 2413 1874 2471 properare

213 2492 474 2550 festinat.
506 2492 623 2548 Nec
677 2489 876 2562 videas
933 2489 1232 2547 sitientem
1282 2488 1542 2559 animam
1569 2485 1872 2544 ardentius

212 2582 498 2654 haustum
527 2579 720 2637 laticis
751 2579 979 2653 gelidae,
1012 2595 1193 2652 quam
1225 2576 1411 2651 praelii
1440 2577 1597 2634 diem
1634 2579 1873 2650 gentem

213 2671 367 2728 hanc
398 2669 695 2728 crudelem
725 2672 1038 2743 appetere;
1070 2684 1262 2741 neque
1304 2666 1464 2724 enim
1506 2666 1660 2723 hane
1712 2664 1874 2722 aliud

215 2775 400 2834 quam
431 2757 746 2816 dimicasse
765 2757 956 2830 juvat.
991 2755 1064 2812 Ut
1093 2759 1290 2812 autem
1320 2762 1391 2810 ex
1425 2752 1597 2823 libro,
1650 2752 1752 2825 qui
1803 2752 1876 2808 de

217 2848 446 2923 origine
473 2847 655 2920 hufus
683 2845 1029 2904 inscribitur
1046 2848 1160 2917 (73)
1181 2843 1380 2913 didici,
1412 2843 1626 2901 horum
1657 2844 1876 2898 matres

215 2954 357 2997 mox
375 2937 579 3012 pueris
608 2935 784 2994 editis
822 2936 944 2992 fero
978 2933 1322 2992 acutissimo
1343 2933 1389 2969 ⁸ο
1408 2932 1618 2989 faciem
1651 2934 1875 3000 secant,

216 3028 445 3098 scilicet
470 3030 556 3097 ut,
589 3029 909 3098 antequam
937 3023 1109 3081 lactis
1138 3023 1502 3080 nutrimenta
1525 3019 1873 3094 percipiant,

215 3117 529 3174 vulnerum
561 3114 933 3172 tolerantiam
964 3113 1163 3170 subire
1193 3115 1498 3186 cogantur.
1539 3111 1691 3168 Dant
1736 3108 1877 3166 huic

215 3203 528 3264 assertioni
545 3205 722 3262 fidem
733 3201 980 3260 vulnera
994 3219 1122 3276 qua:
1139 3218 1244 3275 pro
1265 3198 1663 3258 deﬁcientium
1681 3197 1878 3255 dolore

214 3295 576 3369 propinqum
596 3295 640 3330 9°
668 3292 932 3350 vivorum
963 3291 1307 3365 corporibus
1350 3289 1696 3363 inﬁguntur.
1729 3287 1876 3344 San-
1915 3333 1940 3369 _.

1985 707 2179 775 Turci,
2213 707 2450 766 directis
2479 707 2691 766 acriter
2719 707 2912 778 boelis,
2946 709 3005 766 id
3036 711 3126 766 est
3173 706 3424 782 sagitiis,
3454 706 3640 780 pluri-

1984 813 2114 852 mos
2142 800 2435 854 sternunt.

2705 888 2920 945 Versus.

1983 975 2254 1032 Nubibus
2280 976 2653 1050 omnipotens
2681 977 2907 1036 Heloim
2939 993 3074 1034 cum
3104 977 3353 1035 condere
3381 975 3580 1050 phmbi

1983 1065 2236 1122 Lumina
2265 1065 2580 1124 chriscomi
2609 1068 2979 1125 venerandus
3011 1067 3231 1142 ceperit
3254 1067 3420 1139 atris,

1980 1154 2209 1212 Vertice
2239 1172 2492 1228 cumque
2521 1156 2693 1229 polus
2724 1174 2960 1214 summo
2991 1156 3267 1230 clangore
3295 1155 3572 1229 remugit,

1981 1240 2241 1315 Fulgura
2268 1245 2474 1301 crebra
2500 1245 2698 1302 volant
2724 1247 2937 1302 throno
2968 1245 3229 1303 demissa
3249 1244 3532 1303 Tonantis

1981 1331 2354 1405 Igneaszmox
2364 1334 2787 1407 trepidant,qui
2801 1335 3109 1408 nigrumin
3122 1333 3372 1392 candida
3383 1336 3638 1405 vertunt,

1983 1417 2229 1478 Conscia
2256 1424 2384 1478 tum
2412 1427 2688 1479 metuunt
2716 1423 3006 1481 scelerum
3037 1423 3265 1481 sulcare
3286 1440 3530 1480 suorum

1982 1510 2242 1582 Pectora,
2272 1510 2450 1567 vulno
2480 1512 2525 1548 ’3
2553 1505 2774 1585 pariter
2801 1513 3031 1570 ruitura
3054 1529 3310 1586 superno
3342 1529 3356 1567 :
3391 1543 3459 1554 —

1983 1599 2151 1656 Haud
2184 1615 2353 1655 secus
2385 1595 2416 1655 e
2437 1601 2640 1656 vacuis
2665 1601 2911 1657 volitant
2942 1618 3230 1658 concussa
3257 1599 3550 1673 pharetris

1983 1687 2241 1760 Spicula,
2271 1687 2625 1745 scinduntur
2652 1689 2858 1745 validae
2885 1691 2931 1726 9‘
2959 1691 3093 1762 quis
3124 1691 3290 1763 terga
3318 1689 3528 1746 loricae.

1983 1776 2254 1833 Concutit
2282 1777 2412 1850 ipsa
2442 1795 2618 1834 ruens
2646 1783 2872 1851 segetes
2904 1795 3043 1834 cum
3075 1775 3296 1852 grando
3328 1778 3601 1852 superba.

1983 1865 2075 1921 Fit
2104 1865 2354 1938 sonitus,
2388 1865 2744 1940 clangorque
2772 1866 2946 1924 simul
2979 1884 3085 1941 per
3114 1871 3268 1924 tecta
3297 1859 3566 1938 sionorus,

1985 1954 2079 2012 Sic
2109 1953 2286 2028 galeae
2314 1955 2536 2012 strictis
2564 1955 2809 2014 reboant
2837 1960 2981 2013 tunc
3011 1955 3253 2014 ensibus
3284 1951 3432 2025 ictae,

1983 2043 2236 2116 Corpora
2265 2043 2467 2116 sicque
2499 2045 2718 2101 cadunt
2746 2045 2973 2101 mutuis
3005 2041 3275 2103 confossa
3300 2045 3554 2120 sagittis.

2051 2133 2185 2189 Jarn
2217 2133 2530 2206 septimam
2561 2133 2925 2190 descendens
2955 2133 3209 2191 Phcsbus
3261 2125 3644 2208 occupaverat

1983 2221 2210 2291 horam,
2243 2227 2302 2279 et
2330 2231 2574 2279 serenus
2609 2221 2803 2279 adhuc
2832 2221 3138 2280 Hulodoici
3170 2223 3438 2297 partibus
3485 2222 3643 2282 Mars

1982 2311 2233 2380 favebat,
2266 2327 2401 2368 cum
2431 2311 2627 2381 Turci,
2661 2311 2816 2369 sicut
2853 2329 2969 2369 non
3014 2311 3298 2384 incallidi,
3333 2309 3540 2388 positis
3573 2299 3644 2371 ei:

1984 2401 2226 2457 adverso
2256 2399 2510 2470 insidiis,
2546 2401 2747 2474 fugam
2774 2401 3078 2458 simulant.
3113 2404 3268 2469 Quos
3295 2403 3437 2459 dum
3487 2401 3642 2476 regis

1985 2488 2384 2564 populus,doli
2399 2489 2663 2564 ignarus,
2685 2488 2911 2563 impetu
2923 2490 3287 2548 validissimo
3301 2491 3644 2564 sequeretur

1985 2578 2145 2635 omni
2174 2579 2468 2652 prodeunt
2496 2595 2565 2635 ex
2595 2582 2760 2652 parte
2787 2577 3038 2650 insidias,
3071 2585 3129 2637 et
3171 2578 3338 2653 quasi
3361 2577 3498 2635 victi
3528 2578 3644 2652 ipsi

1983 2667 2233 2724 victores
2263 2666 2631 2724 interimunt.
2680 2666 2798 2724 Rex
2844 2668 2970 2741 ipse
3013 2685 3044 2724 e
3086 2668 3302 2725 victore
3331 2684 3395 2725 se
3422 2657 3643 2724 victum

1985 2773 2114 2813 esse
2146 2755 2426 2823 miratur;
2451 2756 2633 2829 ﬁtque
2652 2755 2738 2812 illi
2761 2774 2878 2814 non
2901 2757 3175 2831 opinatus
3196 2757 3427 2831 gravior
3448 2772 3644 2814 casus.

1984 2844 2226 2902 Videres
2256 2844 2529 2916 equidem
2560 2844 2770 2915 saltus,
2792 2861 2984 2918 agros,
3013 2845 3235 2918 passim
3266 2843 3646 2902 cadaveribus

1987 2934 2382 3002 stratos,rivos
2409 2937 2466 2990 et
2493 2933 2742 2990 ﬂumina
2769 2934 3057 3008 sanguine
3087 2933 3376 3008 permixta
3405 2933 3645 3004 rubere;

1985 3028 2128 3080 tunc
2141 3024 2410 3080 hinnitus
2427 3022 3031 3097 equum,clangorque
3049 3022 3650 3097 tubarum,fugientes

1987 3113 2165 3170 etiam
2196 3116 2374 3186 atque
2406 3113 2583 3169 etiam
2614 3115 2853 3182 terrere,
2876 3118 3295 3186 persequentes
3317 3111 3508 3186 magis
3529 3113 3650 3169 ma-

1988 3200 2196 3276 gisque
2223 3201 2468 3258 hortari.
2926 3213 2940 3223 '

2057 3291 2114 3348 5.
2147 3289 2429 3364 Hungarii
2461 3293 2740 3364 praeterea
2768 3295 3070 3364 compotes
3090 3290 3134 3327 ⁸⁸
3165 3292 3257 3347 sui
3280 3289 3648 3358 efi‘ecti',chri-

215 3361 580 3459 guinem-que
599 3384 640 3420 ⁹¹
673 3385 850 3456 prout
885 3390 1020 3440 ἄθεοι
1045 3361 1130 3438 nat
1156 3388 1347 3445 ἄσιϐοῖς
1373 3361 1486 3436 ἀντὶ
1509 3388 1608 3436 τῶν
1638 3384 1874 3450 δακριίων
1905 3361 1950 3432 C
1987 3379 2140 3436 stian

2001 3361 2316 3436 stianorum
2349 3361 2603 3435 hac—tam
2625 3361 2972 3436 immensa96
2984 3394 3123 3434 nece
3144 3379 3392 3452 proprize
3409 3393 3527 3433 non
3550 3387 3646 3432 sa-

216 3475 375 3532 athei
407 3475 479 3530 ke
509 3473 700 3529 asevis
731 3472 855 3528 anti
886 3475 986 3528 ton
1020 3471 1286 3540 dacrion,
1315 3469 1374 3524 id
1405 3473 1496 3526 est
1524 3468 1652 3524 sine
1682 3467 1799 3524 Deo
1821 3469 1880 3522 et
1986 3468 2254 3525 tisfecere
2276 3467 2698 3539 nequiciaa;sed
2722 3467 2943 3524 rabiem
2968 3471 3032 3522 ut
3056 3467 3312 3538 perfidia:
3335 3465 3645 3536 satiarent,

218 3563 388 3636 impii
418 3579 521 3635 pro
552 3559 1380 3630 lacrimis,fundunt.Jamjam
1402 3574 1501 3614 rex
1521 3555 1879 3613 Hulodoicus

219 3653 465 3709 collecta
497 3650 875 3708 multitudine
893 3651 1219 3722 Augustam
1251 3650 1508 3714 venerat,
1541 3662 1667 3718 qua:
1699 3649 1791 3701 est
1818 3644 1880 3700 in

220 3743 570 3806 Suevorum,
604 3738 1046 3811 Bagoariorum,
1079 3754 1182 3793 seu
1223 3733 1596 3792 orientalium
1627 3734 1882 3789 Franco-

223 3848 357 3888 rum
391 3829 644 3885 conﬁnio
675 3828 899 3893 civitas,
935 3843 1067 3881 cum
1099 3825 1422 3897 insperata,
1451 3823 1642 3895 magis
1688 3825 1883 3878 autem

225 3938 342 3978 non
378 3921 598 3991 optata,
631 3915 826 3989 gentis
873 3915 1056 3987 hujus
1105 3913 1416 3969 nuntiatur
1460 3911 1748 3967 vicinitas.
1783 3911 1884 3966 Se-

225 4009 432 4084 quenti
457 4007 642 4063 ibitur
662 4005 754 4062 die
767 4021 938 4062 secus
956 4001 1606 4076 Lemanni(74)luminis
1626 4017 1886 4073 campos,

225 4099 438 4159 Martio
463 4096 625 4171 operi
655 4095 975 4169 capacitate
1019 4093 1113 4152 sui
1165 4096 1354 4166 aptos,
1416 4095 1675 4163 utraeque
1732 4090 1887 4148 acies

227 4203 571 4248 convenere.

298 4298 353 4353 4.
386 4295 564 4353 Prius
586 4294 786 4368 itaque
817 4309 884 4351 ac

353 4407 528 4464 Titonl
559 4423 810 4464 croceum
839 4409 1108 4475 linqueret
1138 4408 1349 4460 Aurora
1377 4403 1552 4458 cubile
1581 4403 1707 4471 (15).

1989 3556 2428 3629 Bagoariorum,
2489 3556 2835 3622 Suevorum,
2898 3556 3277 3622 Francorum,
3345 3553 3643 3612 Saxonum

1989 3646 2190 3703 omnia
2219 3645 2594 3716 deﬂagrando
2618 3661 2796 3717 regna
2815 3645 3307 3716 percurrunt.Nec
3329 3644 3645 3716 quisquam

1992 3737 2135 3802 erat,
2157 3733 2257 3805 qui
2290 3733 2501 3789 horum
2535 3733 3061 3805 prmsentiammiSi
3092 3733 3291 3791 labore
3321 3751 3437 3790 non
3471 3747 3646 3806 parvo

1993 3828 2276 3879 naturave
2325 3822 2745 3879 munitissimis
2792 3823 3230 3896 praestolaretur
3273 3823 3334 3880 in
3366 3823 3534 3892 locis,
3564 3823 3648 3878 fa-

1994 3917 2241 3984 ctusque
2267 3917 2356 3968 est
2381 3929 2484 3984 per
2513 3910 2830 3968 nonnullos
2860 3912 3117 3986 pOpulus
3161 3914 3255 3970 hic
3303 3912 3650 3972 tributarius

1995 4018 2200 4058 annos.

2066 4092 2180 4148 6.97
2211 4087 2400 4162 Hujus
2429 4094 2691 4162 tempore
2710 4091 3058 4148 Adelbertus
3086 4092 3350 4164 quidam,
3383 4108 3499 4148 non
3523 4089 3661 4162 qui-

1995 4181 2140 4238 libet
2166 4180 2270 4238 sed
2303 4197 2556 4253 magnus
2600 4179 2698 4237 ille
2718 4179 2912 4250 heros,
2945 4180 3307 4237 simultatem
3329 4197 3445 4236 non
3468 4179 3658 4235 modi-

1998 4287 2129 4328 cam
2161 4269 2221 4326 in
2260 4269 2500 4328 castello
2533 4270 2577 4305 93
2607 4268 2889 4326 vocabulo
2916 4269 3274 4342 Bavemberg
3302 4263 3506 4325 contra
3533 4279 3658 4324 rem

1999 4359 2299 4433 publicam
2330 4360 2636 4417 exercebat
2659 4362 2774 4428 (an.
2807 4358 2951 4430 906).
2981 4359 3132 4431 Seps
3163 4357 3379 4414 etenim
3410 4373 3510 4413 rex
3539 4355 3659 4412 Hu-

1999 4449 2264 4506 lodoicus
2295 4449 2663 4523 congregatis
2695 4446 2974 4504 omnibus
3005 4463 3182 4520 super
3209 4463 3346 4503 eum
3387 4446 3657 4503 irruerat.

232 4547 669 4622 Hungariorum
701 4561 869 4620 gens,
901 4543 1062 4601 necis
1092 4542 1322 4611 sitiens,
1351 4539 1487 4598 belli
1533 4538 1724 4608 avida,
1757 4537 1888 4607 hos,
2001 4538 2103 4596 Cui
2134 4537 2478 4595 nominatus
2509 4538 2681 4594 heros
2707 4554 2823 4594 non
2846 4538 3020 4609 juxta
3048 4531 3377 4606 castellum,
3396 4543 3460 4593 ut
3489 4552 3524 4592 a
3543 4533 3663 4608 ple-

231 4636 500 4700 videlicet
528 4634 904 4708 christianos,
955 4631 1160 4689 adhuc
1203 4627 1484 4703 opprimit
1531 4627 1888 4695 oscitantes;
2003 4627 2203 4698 risque
2235 4625 2474 4694 assolet,
2503 4627 2604 4683 sed
2663 4625 2866 4698 procul
2925 4642 2959 4681 a
3013 4623 3342 4683 munitione
3371 4627 3664 4699 praeparat

233 4724 548 4784 nennullos
571 4738 828 4796 namque
849 4720 1075 4796 spicula
1095 4720 1262 4793 prius
1277 4734 1456 4792 quam
1473 4715 1760 4773 clamores
1782 4714 1895 4771 evi-
1921 4738 1970 4804 Β
2005 4715 2248 4773 bellum.
2277 4714 2452 4804 Regis
2483 4716 2699 4771 etenim
2752 4715 2971 4772 milites
3021 4715 3369 4788 priusquam
3421 4732 3483 4772 re
3532 4714 3663 4788 ipsa

235 4814 665 4891 gilarunt,alios
692 4828 829 4870 vero
859 4809 1156 4868 cubilibus
1179 4808 1488 4865 confossos
1522 4821 1713 4878 neque
1747 4807 1893 4861 stre-
1923 4803 1945 4804 ί
2002 4805 2182 4876 hujus
2196 4803 2496 4860 audatiam
2514 4804 3095 4877 mirarentur,regem
3110 4807 3662 4891 praeeuntespugna

237 4889 394 4979 pitus
417 4919 606 4977 neque
637 4901 882 4960 vulnera
918 4899 1212 4956 exitarunt
1232 4898 1297 4965 9’;
1329 4895 1504 4952 citius
1529 4893 1686 4951 enim
1717 4894 1789 4950 ab
1821 4892 1896 4950 iis
2005 4892 2273 4968 proludio
2305 4891 2465 4948 hunc
2495 4897 2658 4949 extra
2687 4897 2950 4950 castrum
2982 4892 3200 4949 illicere
3230 4896 3406 4964 atque
3435 4889 3665 4947 interﬂ-

237 4993 480 5067 spiritus
511 4990 774 5059 recessit,
808 4993 982 5061 atque
1012 5003 1279 5044 somnus.
1299 4983 1502 5042 Gravis
1529 4983 1730 5056 itaque
1759 4982 1896 5038 hinc
2006 4999 2137 5040 cere
2167 4981 2529 5054 cogitabant.
2544 4982 2891 5040 Adelbertus
2920 4982 3118 5054 itaque
3155 4980 3410 5055 proludii
3455 4979 3666 5052 hujus-

1621 5081 1865 5138 VARIE
1903 5079 2207 5138 LECTION
2216 5079 2294 5135 ES

305 5164 351 5199 ss
383 5163 471 5218 hic
500 5163 786 5246 quaternio
817 5158 1111 5246 exciditiin
1140 5158 1194 5212 2.
1218 5171 1400 5246 'usque
1429 5169 1548 5246 cup.
1570 5152 1666 5208 34.
1691 5153 1772 5246 in.
1825 5153 1895 5246 ‘89
1924 5151 2299 5246 secutissimo
2451 5152 2494 5187 90
2516 5151 2871 5234 propiquum
3022 5150 3379 5246 atSanguine
3401 5165 3590 5224 neque
3614 5151 3670 5210 1.

235 5235 446 5291 duabus
478 5222 661 5302 lineis,
692 5229 1142 5305 priorivocubulo
1171 5222 1324 5305 ultre
1346 5222 1587 5305 spatium
1614 5222 1993 5305 productoth
2021 5227 2082 5305 ut
2111 5222 2294 5305 scribﬁ
2321 5227 2489 5305 ictam
2518 5222 2786 5305 voccni’in
2811 5226 2996 5305 prima
3028 5225 3175 5305 linea
3204 5222 3440 5305 scribere
3457 5222 3674 5305 aggres-

238 5279 372 5375 35;,"
1155 5279 2171 5378 svi/illailia}.lineaeﬁsequqzti'inlulcrit.
2248 5293 2468 5378 "filios
2499 5325 2565 5335 -—
2596 5279 2890 5378 exituru‘nt
2913 5297 2972 5377 in
2995 5295 3182 5378 godjcc
3204 5279 3674 5378 priusuoynizs‘sain

236 5366 349 5452 ﬁne
373 5366 600 5447 pagina
623 5366 746 5445 post
769 5373 1026 5443 remugit
1051 5366 1258 5442 scripta
1289 5371 1436 5433 sunt,
1472 5368 1811 5422 remissionis
1843 5371 2026 5422 tamen
2050 5368 2208 5434 signo
2241 5366 2468 5449 adiectu,
2501 5382 2604 5448 quo
2634 5367 2872 5437 neglecto
2903 5369 2964 5422 in
2992 5367 3047 5422 5.
3079 5368 3171 5423 5a.
3204 5366 3298 5423 5a'
3349 5367 3428 5450 ibi
3479 5379 3672 5450 perpe-

236 5466 362 5491 mm
391 5446 678 5491 habentur-
707 5443 752 5480 οδ
783 5443 964 5491 uulnn
996 5443 1020 5491 1
1056 5457 1154 5491 nro
1185 5436 1798 5491 vulnereo.—vulnero
1818 5438 1911 5491 39"
1947 5439 2147 5491 lacuna
2174 5438 2229 5491 5.
2260 5438 2375 5491 5a‘.
2411 5438 2628 5491 llldlClO
2657 5439 2815 5491 ὗεν.-
2845 5442 2896 5491 et
2925 5439 3158 5491 Ilervaa.
3191 5438 3237 5474 9‘
3264 5455 3398 5491 auis
3426 5441 3593 5491 terga
3614 5435 3672 5490 3.

235 5435 678 5507 ram'luibentu'r.
707 5443 752 5480 '3
783 5435 976 5499 uulno'
996 5443 1022 5497 1
1052 5435 1798 5514 pro'vulnereo.—vulnero
1818 5438 1911 5493 39"
1947 5439 2147 5493 lacuna
2174 5438 2229 5492 5.
2260 5438 2375 5492 5a‘.
2402 5435 2628 5508 judicio
2657 5435 2815 5494 5a'.-
2845 5442 2896 5495 et
2925 5439 3158 5509 Ilervag.
3191 5438 3237 5474 “
3305 5438 3398 5495 uis
3426 5435 3593 5508 terga
3614 5435 3674 5490 3.

238 5539 297 5592 q.
329 5524 373 5576 t.
406 5517 603 5592 desunt
630 5515 812 5592 spycio
840 5529 1010 5592 vacuo
1065 5513 1244 5592 5.5a.
1277 5510 1542 5592 scolades
1575 5507 1871 5592 galeaque
1899 5509 1996 5592 ἧς
2028 5507 2386 5592 queis‘tergo
2414 5511 2645 5582 Hervag.
2721 5510 2766 5546 ⁸³
2796 5526 2847 5567 c.
2873 5509 2991 5568 voti
3015 5511 3109 5568 sui
3163 5510 3219 5568 5.
3264 5455 3317 5569 (ὲ
3370 5526 3424 5568 a.
3478 5507 3516 5565 5
3588 5507 3674 5564 a'.

283 5563 297 5576 .
329 5539 373 5576 ι.
406 5539 603 5574 assum
630 5539 812 5588 δρασιο
840 5539 1010 5569 vacua
1065 5539 1120 5567 υ.
1151 5539 1244 5566 ou.
1277 5539 1542 5566 δυυιαυῦθ
1595 5539 1871 5580 ἀιῠωιειυῠ
1899 5539 1973 5568 ua
2028 5539 2195 5582 quem
2228 5539 2342 5582 εισι-ε

238 5539 282 5631 3
311 5591 509 5650 inmsa
538 5588 592 5647 1.
665 5587 710 5624 °"
738 5588 901 5660 caput
929 5583 1032 5642 hac
1062 5586 1236 5641 totum
1257 5581 1466 5640 excidit
1491 5539 1764 5640 codbicibus
1793 5581 1848 5641 3.
1923 5577 1972 5618 ⁸⁸
1998 5578 2258 5662 calstello
2290 5581 2342 5638 1.

1856 5675 2121 5750 NOTIE,
2187 5749 2191 5750 ν
2617 5743 2624 5750 .
2699 5741 2702 5746 .

2093 5749 2202 5826 (75)
2232 5749 2396 5828 Virg.
2429 5753 2636 5830 Georg.
2667 5767 2708 5829 ι,
2741 5751 2868 5816 447.

312 5761 432 5918 δ’ῗί
457 5758 820 5896 ῗὲτᾶῗὲῗοῗῖ
844 5756 940 5818 ’δί’
