3962 6370
182 453 303 520 sn

1144 456 1777 526 ANTAPODOSEOS
1818 457 2030 525 LIBRI
2076 459 2254 526 SEX.
2287 495 2367 509 —
2397 460 2548 527 LIB.
2594 461 2675 527 II.

3504 449 3627 520 818

183 607 413 662 ronam,
447 586 885 651 munitissimae
904 594 1319 667 pertranseunt
1340 594 1623 667 civitates,
1655 600 1713 654 et
1742 595 1838 653 Ti-
1866 596 1925 665 Α
1952 600 2038 654 est
2100 597 2570 673 responsionem,
2628 595 2941 655 remittunt
2975 611 2988 653 :
3024 617 3053 648 ‹‹
3100 593 3161 653 Si
3221 594 3621 652 contraditum

181 681 405 753 cinum,
439 698 568 756 quae
599 698 756 738 nunc
798 680 912 740 alio
942 681 1335 741 excellentiori
1384 685 1562 758 Papia
1605 689 1844 744 notatur

177 771 483 840 vocabulo,
516 769 696 828 nullis
745 771 1160 830 resistentibus
1199 774 1464 831 veniunt.
1499 775 1618 831 Rex
1662 776 1843 848 igitur

179 860 568 935 Berengarius
615 863 738 916 tam
768 860 1114 934 praeclarum
1148 879 1483 936 novumque
1512 863 1741 920 facinus
1771 896 1841 907 —

179 951 429 1009 antehac
449 951 607 1006 enim
627 967 819 1022 neque
836 967 1051 1007 nomen
1069 951 1259 1024 gentis
1284 951 1465 1024 hujus
1486 953 1755 1011 audierat
1772 984 1839 995 -—

179 1041 327 1098 satis
357 1039 559 1096 mirari
589 1056 706 1095 non
736 1039 1238 1113 potuit.Italorum
1257 1040 1455 1114 igitur,
1490 1044 1834 1113 Tuscorum,

177 1127 1025 1198 Volscorum,Camerinorum,
1059 1129 1514 1202 Spoletinorum,
1549 1132 1837 1203 quosdam

179 1217 374 1289 libris,
407 1216 555 1274 alios
586 1216 811 1273 nuntiis
834 1216 1308 1284 directis,omnes
1338 1222 1535 1275 tamen
1567 1220 1627 1275 in
1649 1238 1835 1277 unum

175 1307 374 1365 venire
404 1306 1016 1380 praecepit,factusque
1041 1310 1129 1363 est
1158 1307 1445 1363 exercitus
1480 1308 1651 1381 triplo
1674 1309 1834 1366 Hun-

175 1397 477 1472 gariorum
506 1395 773 1452 validior.

246 1486 338 1543 40.
367 1486 631 1558 Cumque
661 1484 774 1540 sibi
818 1502 918 1541 rex
964 1485 1350 1559 Berengarius
1388 1490 1475 1542 tot
1504 1487 1711 1544 adesse
1740 1504 1831 1543 co-

171 1576 306 1650 pias
337 1579 621 1642 cerneret,
657 1574 945 1648 superbia;
978 1574 1190 1647 spiritu
1239 1575 1481 1632 inﬂatus
1529 1577 1837 1648 magisque

168 1664 545 1738 triumphum
578 1664 649 1719 de
680 1664 953 1719 hostibus
979 1662 1347 1719 multitudini
1373 1681 1492 1719 suae
1525 1680 1703 1736 quam
1721 1665 1837 1721 Deo

168 1752 635 1821 tribuens,solus
666 1753 790 1825 ipse
814 1769 949 1808 cum
982 1752 1186 1824 paucis
1211 1753 1468 1824 quodam
1507 1754 1569 1808 in
1601 1753 1837 1825 opidulo

169 1842 415 1917 degens,
449 1840 740 1913 voluptati
773 1856 1012 1913 operam
1043 1840 1241 1896 dabat.
1277 1840 1425 1907 Quid
1451 1842 1666 1914 igitur?
1683 1843 1837 1897 Tan-

159 1934 442 1988 tammox
452 1928 812 2002 utHungarii
825 1927 1203 2001 contemplati
1216 1933 1357 1985 sunt
1368 1929 1834 2000 multitudinem,

163 2019 373 2077 animo
432 2018 810 2086 consternati,
846 2018 987 2089 quid
1040 2017 1297 2074 facerent
1343 2018 1667 2076 deliberare
1720 2037 1837 2077 non

164 2105 727 2182 poterant.Praeliari
757 2106 1015 2179 poenitus
1033 2106 1451 2173 formidabant,
1483 2108 1686 2181 fugere
1717 2126 1837 2165 om-

167 2197 312 2254 nino
347 2196 921 2267 nequibant.Verum
943 2194 1096 2251 inter
1113 2199 1427 2268 utramque
1459 2195 1610 2253 hanc
1630 2201 1836 2254 aestua-

166 2286 393 2343 tionem
428 2284 629 2357 fugere
660 2283 852 2357 magis
884 2300 1062 2356 quam
1096 2283 1347 2357 praeliari
1387 2286 1601 2357 juvat;
1637 2303 1833 2360 perse-

170 2366 607 2449 quentibusque
630 2371 1265 2441 christianis,Adduam
1288 2372 1531 2431 ﬂuvium
1554 2376 1830 2444 natando,

165 2464 262 2521 ita‘
282 2468 349 2520 ut
378 2462 564 2519 nimia
594 2460 971 2518 festinatione
1000 2460 1241 2534 plurimi
1296 2462 1449 2519 necti
1484 2463 1831 2537 submerge-

166 2556 394 2622 rentur,
428 2554 861 2624 pertranseunt.

239 2641 329 2697 Η.
362 2639 647 2714 Hungarii
669 2639 1199 2712 denique,consilio
1234 2657 1349 2696 non
1382 2641 1539 2698 malo
1568 2647 1831 2715 accepto,

166 2729 546 2787 internuntiis
597 2728 952 2786 christianos
995 2733 1224 2803 rogant,
1273 2730 1577 2802 quatinus,
1639 2732 1836 2804 praeda

170 2820 334 2878 omni
364 2836 502 2877 cum
534 2818 698 2876 lucro
746 2819 995 2887 reddita,
1030 2819 1144 2892 ipsi
1194 2818 1520 2877 incolumes
1576 2837 1836 2878 remeare

170 2913 436 2984 possent.
469 2910 655 2975 Quam
686 2907 1037 2981 peticionem
1062 2907 1367 2964 christiani
1389 2910 1651 2967 funditus
1667 2911 1833 2967 abdi-

171 3003 397 3068 cantes,
430 2997 545 3067 his,
580 3014 684 3070 pro
717 2995 920 3054 dolori
956 2996 1340 3067 insultabant,
1366 3000 1680 3072 potiusque
1707 3000 1834 3057 vin-

172 3088 310 3146 oula
341 3088 475 3162 quis
508 3086 794 3159 Hungarii
825 3085 1391 3159 vincirentur,quam
1424 3105 1589 3144 arma
1619 3090 1835 3161 quibus

167 3181 541 3245 necarentur,
566 3176 902 3249 exquirunt.
931 3176 1199 3249 Cumque
1234 3177 1447 3250 pagani
1479 3178 1836 3235 christiano-

167 3284 305 3325 rum
337 3266 568 3323 animos
599 3265 708 3321 hoc
731 3269 899 3338 pacto
922 3266 1178 3322 mulcere
1202 3265 1707 3339 nequirent,vetus
1726 3267 1835 3323 rati

1952 686 2142 756 nobis,
2203 687 2528 762 praesertim
2581 706 2616 745 a
2675 686 3021 745 contraditis
3066 684 3314 758 jamque
3372 682 3621 740 canibus

1951 778 2223 847 mortuis,
2259 795 2481 835 munus
2542 778 2960 851 reciperemus,
3015 776 3321 848 foedusque
3381 773 3617 846 aliquod

1949 866 2259 924 iniremus.
2292 889 2321 917 »

2074 957 2300 1006 Insanos
2331 956 2501 1020 capite
2531 970 2643 1007 non
2674 969 2837 1007 sanus
2860 955 3068 1019 juraret
3096 953 3329 1004 Orestes!

2020 1042 2109 1120 44.
2139 1043 2256 1098 Hac
2288 1042 2468 1116 igitur
2496 1044 2735 1118 Ungarii
2769 1043 3064 1115 legatione
3095 1040 3406 1115 desperati,
3435 1040 3611 1097 colle-

1948 1131 2058 1187 ctis
2090 1131 2149 1187 in
2182 1149 2369 1188 unum
2398 1133 2760 1201 tortissimis,
2795 1132 2896 1188 tali
2927 1149 3056 1188 sese
3097 1136 3302 1187 mutuo
3336 1146 3609 1187 sermone

1948 1220 2217 1276 solantur
2248 1239 2261 1276 :
2297 1244 2324 1271 ‹‹
2357 1222 2415 1276 Si
2446 1222 2577 1291 hac,
2613 1240 2742 1295 quae
2774 1222 3287 1295 inpraesentiarum
3319 1221 3602 1290 cernitur,

1945 1307 2075 1363 luce
2107 1310 2541 1380 pcrdita,nichi1
2574 1315 2664 1367 est
2693 1311 2852 1384 quod
2871 1310 3132 1367 deterius
3155 1309 3446 1382 proveniri
3471 1327 3608 1382 pos-

1948 1396 2026 1453 sit
2055 1398 2416 1468 hominibus,
2451 1404 2509 1456 et
2539 1401 2681 1472 quia
2710 1400 2876 1456 locus
2907 1398 3080 1471 praeci
3111 1397 3607 1471 nullus,fugiendi

1948 1502 2084 1558 spes
2114 1487 2306 1543 omnis
2338 1487 2553 1556 ablata,
2588 1488 2737 1545 colla
2766 1487 3135 1544 summittere
3167 1488 3315 1542 mori
3347 1487 3606 1557 est,quid

1946 1576 2265 1631 verendum
2295 1577 2467 1632 nobis
2497 1582 2606 1647 est,
2638 1576 2757 1633 tela
2814 1576 2967 1632 inter
3022 1576 3152 1649 ipsa
3199 1579 3610 1655 ruere,.morte

1949 1667 2197 1718 mortem
2229 1664 2480 1721 inferre?
2509 1665 2810 1737 Numquid
2837 1682 2953 1722 nou
2986 1665 3319 1731 fortunae,et
3350 1681 3465 1720 non
3498 1663 3609 1720 im-

1948 1750 2228 1808 becilitati
2273 1770 2446 1809 casus
2495 1755 2870 1827 deputandus
2922 1757 3010 1809 est
3065 1754 3307 1809 noster?
3352 1753 3613 1810 Viriliter

1948 1839 2106 1896 enim
2137 1832 2455 1914 pugnando
2483 1843 2851 1912 occumbere,
2905 1858 3022 1897 non
3055 1846 3145 1899 est
3187 1842 3358 1912 mori,
3401 1844 3502 1898 sed
3532 1841 3613 1898 vi-

1949 1944 2100 1985 vere.
2136 1929 2297 1985 Hanc
2328 1930 2546 1986 famam
2581 1935 2824 2000 tantam,
2862 1931 3013 1986 hanc
3041 1939 3404 2004 κλιρονομείαν,
3436 1930 3608 1987 cliro-

1947 2017 2230 2085 nomiam,
2264 2019 2321 2074 id
2354 2023 2443 2076 est
2474 2019 2880 2087 hereditatem,
2913 2024 2981 2076 ut
3009 2037 3043 2075 a
3073 2020 3343 2091 patribus
3390 2019 3609 2076 nostris

1947 2107 2530 2179 accepimus,nostris
2542 2108 2718 2163 etiam
2732 2107 3138 2180 relinquamus
3152 2108 3609 2164 heredibus.No-

1946 2194 2037 2250 bis
2067 2195 2551 2263 debemus,nobis
2583 2196 2790 2252 saltem
2824 2197 3060 2253 credere
3090 2197 3480 2270 expertis,qui
3513 2214 3605 2254 ee-

1943 2282 2176 2355 piarum
2200 2285 2492 2356 paucitate
2505 2302 2936 2358 nonnunquam
2951 2285 3241 2358 plurimos
3260 2286 3603 2343 stravimus.

1946 2371 2216 2428 Invalidze
2250 2372 2439 2445 plebis
2471 2392 2611 2431 sane
2642 2374 3012 2449 congregatio
3036 2374 3291 2446 plurima
3313 2375 3385 2430 ad
3400 2376 3603 2431 cedem

1944 2466 2033 2517 est
2062 2466 2294 2518 tantum
2325 2464 2606 2535 exposita.
2641 2465 2754 2520 Sed
2812 2469 2869 2519 et
2928 2464 3083 2520 Mars
3143 2463 3439 2535 fugentem
3488 2464 3601 2534 (79)

1945 2550 2271 2623 saepissime
2300 2551 2597 2624 perhimit.
2634 2551 3012 2608 dimicantem
3061 2552 3284 2608 fortiter
3330 2552 3602 2624 protegit.

1945 2639 2014 2694 Hi
2046 2639 2203 2695 enim
2234 2640 2334 2711 qui
2363 2641 2533 2697 nobis
2566 2640 3037 2714 supplicantibus
3066 2658 3184 2697 non
3224 2640 3601 2707 miserentur,

1945 2728 2235 2801 ignorant,
2270 2745 2459 2801 neque
2490 2734 2684 2785 mente
2716 2729 3449 2803 percipiunt,quiavincere
3472 2729 3603 2801 qui-

1946 2818 2079 2873 dem
2104 2817 2324 2873 bonum
2367 2821 2473 2885 est,
2509 2817 2914 2890 supervincere
2957 2818 3135 2874 nimis
3166 2817 3542 2873 invidiosum.
3575 2842 3598 2871 ι

2018 2906 2104 2962 45.
2140 2906 2257 2963 Hac
2292 2907 2489 2979 itaque
2509 2924 2576 2962 ex
2594 2907 2899 2964 horatione
2926 2912 3247 2980 utcumque
3268 2908 3497 2963 animos
3527 2924 3609 2963 re-

1946 2996 2148 3065 creati,
2182 3001 2300 3053 tres
2330 2995 2390 3051 in
2423 3000 2619 3069 partes
2651 2996 2899 3053 insidias
2925 3001 3336 3070 ponunt,recta
3366 2997 3477 3069 ipsi
3497 2996 3605 3051 ﬂu-

1944 3086 2104 3141 vium
2136 3086 2495 3143 transeundo
2527 3085 2726 3142 hostes
2760 3086 2819 3141 in
2854 3086 3082 3144 modios
3114 3086 3603 3142 ruunt.Christia-

1948 3192 2157 3231 norum
2189 3174 2348 3231 enim
2381 3174 2622 3247 plurimi
2651 3175 2829 3248 longa
2846 3180 3081 3249 propter
3098 3174 3492 3232 internuntios
3514 3191 3608 3231 ex-

1948 3264 2311 3337 spectatione
2342 3263 2593 3336 fatigati,
2624 3281 2728 3336 per
2757 3269 2969 3332 castra,
3006 3269 3072 3320 ut
3100 3264 3229 3320 cibo
3273 3280 3604 3319 recrearen-

168 3355 386 3413 melius
414 3354 925 3427 consilium,cepta
949 3371 1077 3411 sese
1105 3354 1354 3412 liberare
1376 3360 1654 3429 satagunt
1672 3358 1828 3428 fuga,
1862 3340 1906 3409 C
1943 3356 2060 3417 tur,
2092 3352 2549 3419 descenderant;
2579 3369 2728 3424 quos
2766 3356 2928 3408 tanto
2980 3353 3263 3425 Hungarii
3311 3351 3607 3407 celeritate

166 3445 374 3518 sicque
404 3444 682 3517 fugiendo
713 3443 774 3499 in
829 3443 1199 3501 Veronenses
1229 3444 1554 3502 latissimos
1597 3462 1835 3518 campos

166 3532 548 3609 perveniunt.

236 3623 328 3680 42.
362 3621 830 3679 Christianorum
867 3620 1043 3693 primi
1075 3621 1287 3678 horum
1311 3622 1439 3692 jam
1480 3622 1834 3679 novissimos

167 3712 521 3769 insecuntur
548 3728 564 3779 ;
598 3711 779 3781 fitque
810 3710 1015 3765 eodem
1047 3724 1258 3782 pugnae
1281 3709 1705 3781 proludium,in
1719 3727 1835 3782 quo

166 3800 478 3860 victoriam
505 3798 765 3855 habuere
812 3797 1049 3871 pagani.
1085 3796 1381 3854 Validiore
1428 3815 1562 3854 vero
1595 3799 1834 3872 propin-

169 3895 392 3965 quante
423 3887 702 3955 exercitu,
736 3886 886 3961 fugae
921 3902 1039 3942 non
1059 3886 1703 3961 immemores,ceptum
1727 3889 1837 3945 iter

171 3981 553 4055 percurrunt.

240 4068 331 4126 l3.
363 4067 785 4139 Veneruntque
839 4063 1191 4121 christicolm
1242 4080 1378 4120 cum
1422 4063 1832 4124 idololatribus

167 4157 391 4232 pariter
412 4156 588 4229 juxta
616 4154 861 4211 ﬂuvium
896 4154 963 4191 ¹⁰⁶
1002 4154 1318 4223 Brentam;
1353 4154 1490 4227 equi
1536 4154 1693 4210 enim
1742 4157 1830 4211 ni-

167 4246 357 4302 mium
390 4243 694 4316 defatigati
725 4243 790 4279 ¹⁰⁷
840 4241 1105 4316 fugiendi
1154 4241 1380 4314 copiam
1431 4242 1724 4315 negabant
1768 4245 1831 4279 ιοθ

167 4332 510 4407 Hungariis.
544 4332 735 4389 Simul
778 4331 963 4405 igitur
1003 4335 1267 4404 utrmque
1299 4330 1452 4387 acies
1490 4348 1827 4401 convenere,

166 4421 479 4480 memorati
510 4422 921 4478 tantummodo
946 4421 1103 4477 ﬂuvii
1124 4420 1286 4478 alveo
1315 4425 1618 4493 separatas.
1668 4422 1829 4478 Hun-

166 4511 317 4586 garii
348 4510 602 4583 denique
634 4510 815 4566 nimio
846 4515 1065 4567 terrore
1096 4510 1301 4578 coacti,
1336 4526 1573 4566 omnem
1593 4512 1830 4585 suppel-

168 4600 445 4667 lectilem,
503 4600 781 4673 captivos,
825 4616 991 4655 arma
1038 4599 1258 4666 omnia,
1319 4615 1522 4670 equos,
1577 4600 1830 4673 singulis

167 4693 403 4746 tantum
435 4688 792 4761 quibuscum
828 4703 1087 4744 remeare
1118 4691 1359 4760 possent
1399 4687 1660 4757 retentis,
1694 4689 1832 4745 dare
1863 4712 1909 4777 Β

167 4777 563 4853 promittunt;
598 4776 706 4834 hoc
729 4780 1009 4850 praeterea
1034 4775 1096 4831 in
1128 4776 1348 4832 honore
1379 4793 1499 4833 suae
1530 4777 1832 4849 petitionis

166 4867 524 4939 adjungunt,
549 4868 614 4921 ut
644 4865 692 4921 si
723 4866 843 4921 vita
869 4868 1101 4921 tantum
1133 4865 1345 4920 comite
1368 4865 1522 4922 datis
1553 4866 1829 4923 omnibus

166 4954 306 5011 illos
336 4969 598 5050 remeape
628 4953 1054 5026 permitterent,
1090 4970 1151 5008 se
1195 4969 1524 5025 numquam
1572 4954 1830 5028 amplius

165 5043 400 5102 Italiam
432 5040 974 5116 ing'ressurosﬁliis
1004 5041 1129 5098 suis
1159 5040 1466 5098 obsidibus
1497 5043 1670 5111 datis,
1698 5061 1832 5116 pro-

164 5132 489 5190 mitterent.
520 5131 738 5189 Verum
770 5129 924 5188 heu!
958 5130 1262 5187 christiani
1288 5131 1576 5203 superbiae
1601 5136 1833 5189 tumore

164 5221 419 5295 decepti,
453 5219 632 5277 minis
661 5236 1056 5293 paganos,ceu
1078 5220 1207 5292 jam
1235 5219 1442 5286 victos,
1465 5219 1830 5292 insecuntur,

164 5310 374 5382 eisque
405 5307 683 5364 continuo
708 5307 1053 5380 hujusmodi
1084 5307 1413 5381 apologiam
1440 5317 1755 5382 ἀπολογείαν,
1773 5310 1833 5367 id

1945 3442 2344 3507 confoderent,
2374 3445 2438 3495 ut
2479 3441 2538 3495 in
2589 3440 2729 3513 gula
2759 3442 2958 3497 cibum
3005 3441 3421 3513 transﬁgerent
3450 3438 3603 3511 aliis,

1946 3530 2303 3603 quibusdam
2327 3529 2495 3601 equis
2514 3529 2711 3602 fugam
2731 3532 3013 3601 negarent
3027 3527 3451 3600 ablatis,eoque
3473 3527 3605 3585 illos

1944 3619 2127 3674 levius
2158 3616 2586 3690 perhimebani,
2621 3635 2736 3690 quo
2783 3617 2910 3673 sine
2948 3617 3117 3689 equis
3166 3634 3264 3673 eos
3309 3632 3437 3674 esse
3467 3634 3605 3672 con-

1945 3707 2365 3779 spexerant.Ad
2393 3710 2777 3779 augmentum
2800 3705 3054 3779 denique
3075 3706 3425 3779 perditionis
3457 3706 3607 3762 chri-

1944 3795 2273 3852 stianorum
2305 3812 2422 3851 non
2456 3811 2633 3868 prava
2663 3795 2815 3850 inter
2844 3812 2944 3851 eos
2975 3799 3100 3851 erat
3130 3795 3605 3853 discordia.Non-

1944 3884 2092 3941 nulli
2124 3884 2296 3957 plane
2326 3883 2643 3957 Hungariis
2676 3901 2790 3940 non
2823 3883 3017 3941 solum
3040 3901 3301 3959 pugnam
3325 3883 3607 3941 noninfe-

1943 3976 2170 4043 rebant,
2205 3975 2307 4031 sed
2358 3978 2425 4029 ut
2470 3972 2724 4046 proximi
2774 3974 3050 4031 caderent
3093 3972 3398 4044 anhelant;
3432 3977 3609 4045 atque

1943 4065 2015 4120 ad
2048 4064 2157 4120 hoc
2176 4063 2430 4136 perversi
2452 4062 2565 4135 ipsi
2581 4079 2850 4135 perverse
2872 4062 3439 4135 fecerant,quatinus
3461 4063 3604 4117 dum

1942 4153 2192 4227 proximi
2223 4151 2632 4220 caderent,soli
2666 4151 2779 4224 ipsi
2813 4152 2982 4224 quasi
3001 4151 3243 4207 liberius
3264 4154 3602 4223 regnarent.

1943 4244 2050 4309 Qui
2082 4244 2223 4299 dum
2260 4242 2660 4315 proximorum
2682 4239 3134 4296 necessitatibus
3165 4238 3474 4295 subvenire
3506 4254 3602 4294 ne-

1941 4333 2184 4406 glegunt
2242 4346 2564 4402 eorumque
2596 4345 2797 4384 necem
2825 4327 3101 4399 diligunt,
3134 4326 3248 4399 ipsi
3297 4325 3597 4399 propriam

1939 4419 2530 4493 incurrunt.Fugiunt
2551 4419 2750 4489 itaque
2775 4416 3101 4482 christiani,
3118 4415 3463 4486 seviuntque
3495 4431 3595 4487 pa-

1940 4510 2098 4584 gani,
2127 4514 2183 4565 et
2202 4508 2300 4580 qui
2336 4508 2498 4580 prius
2527 4504 2860 4578 supplicare
2883 4505 3229 4561 muneribus
3252 4502 3593 4577 nequibant,

1941 4596 2412 4671 supplicantibus
2423 4595 2799 4668 postmodum
2815 4610 3049 4666 parcere
3068 4595 3132 4630 ¹⁰⁹
3145 4594 3600 4651 nesciebant.In-

1938 4688 2194 4745 terfeetis
2208 4686 2461 4756 denique
2479 4684 2815 4758 fugatisque
2846 4683 3204 4753 christianis,
3222 4683 3421 4740 omnia
3437 4684 3598 4740 Hun-

1943 4776 2087 4851 garii
2121 4775 2284 4847 regni
2316 4772 2444 4829 loca
2490 4772 2779 4829 saeviendo
2824 4776 3194 4844 percurrunt.
3229 4773 3427 4845 Neque
3476 4777 3602 4830 erat

1941 4866 2041 4938 qui
2064 4880 2267 4921 eorum
2288 4861 2660 4935 praesentiam
2685 4860 2798 4918 nisi
2820 4859 3258 4918 munitissimus
3284 4862 3430 4918 forte
3450 4878 3599 4934 pra:-

1942 4953 2259 5011 stolaretur
2286 4951 2345 5007 in
2374 4950 2540 5007 locis.
2577 4949 2815 5006 Illorum
2869 4967 3012 5007 sane
3040 4951 3184 5008 adeo
3215 4949 3601 5024 praevaluerat

1939 5045 2148 5108 virtus,
2197 5040 2477 5114 quatinus
2507 5056 2709 5095 eorum
2767 5056 2905 5111 pars
2937 5040 3190 5112 quedam
3230 5039 3597 5113 Bagoariam,

1943 5132 2235 5199 Sueviam,
2274 5128 2603 5195 Franciam,
2637 5127 3233 5201 Saxoniam,quedam
3259 5146 3392 5186 vero
3423 5129 3599 5202 depo-

1943 5219 2248 5293 pularetur
2279 5217 2524 5275 Italiam.

2016 5310 2104 5366 46.
2136 5310 2337 5382 Neque
2367 5307 2527 5365 enim
2556 5306 2668 5363 hoc
2698 5323 2900 5364 eorum
2936 5312 3231 5366 meruerat
3257 5308 3466 5381 virtus,
3497 5307 3600 5366 sed

1531 5434 1772 5491 VARI/E
1822 5420 2238 5493 LECTIONES.

242 5551 309 5587 ¹⁰⁶
340 5546 553 5606 ﬂuium
584 5548 636 5604 1.
668 5548 908 5620 saepius,
985 5547 1051 5583 ¹⁰⁷
1081 5546 1379 5621 defetigati
1408 5549 1463 5607 4.
1495 5551 1717 5624 smptus.

1798 5553 1862 5589 ¹⁰³
1895 5551 2182 5611 necabant
2213 5552 2264 5607 1.
2344 5550 2410 5587 ¹⁰⁹
2440 5564 2678 5623 pascere
2708 5547 2761 5605 4.
2794 5608 2798 5613 ,

1771 5678 2003 5737 NOTzE.

244 5746 358 5823 (79)
388 5746 455 5807 Id
487 5749 578 5807 est
607 5745 948 5821 fugientem.
