  <div class='ocr_page' id='page_1' title='image "/cluster/home/n/w/nwhite01/storage/ocr_20150623/136-137/uc1.31175019686917/418.png"; bbox 0 0 3962 6374; ppageno 0'>
   <div class='ocr_carea' id='block_1_1' title="bbox 207 395 336 462">
    <p class='ocr_par' dir='ltr' id='par_1_1' title="bbox 207 395 336 462">
     <span class='ocr_line' id='line_1_1' title="bbox 207 395 336 462; baseline 0 -1"><span class='ocrx_word' id='word_1_1' title='bbox 207 395 336 462; x_wconf 72' lang='grc'>825</span> 
     </span>
    </p>
   </div>
   <div class='ocr_carea' id='block_1_2' title="bbox 1178 400 2688 499">
    <p class='ocr_par' dir='ltr' id='par_1_2' title="bbox 1178 400 2688 499">
     <span class='ocr_line' id='line_1_2' title="bbox 1178 400 2688 499; baseline 0.003 -35"><span class='ocrx_word' id='word_1_2' title='bbox 1178 400 1798 468; x_wconf 81' lang='lat' dir='ltr'>ANTAPODOSEOS</span> <span class='ocrx_word' id='word_1_3' title='bbox 1843 401 2055 466; x_wconf 87' lang='lat' dir='ltr'>LIBRI</span> <span class='ocrx_word' id='word_1_4' title='bbox 2100 402 2272 467; x_wconf 75' lang='lat' dir='ltr'>sex.</span> <span class='ocrx_word' id='word_1_5' title='bbox 2303 436 2381 450; x_wconf 83' lang='lat'>-</span> <span class='ocrx_word' id='word_1_6' title='bbox 2409 403 2562 469; x_wconf 90' lang='lat' dir='ltr'>LIB.</span> <span class='ocrx_word' id='word_1_7' title='bbox 2600 403 2688 499; x_wconf 76' lang='lat' dir='ltr'>II.</span> 
     </span>
    </p>
   </div>
   <div class='ocr_carea' id='block_1_3' title="bbox 3523 398 3645 470">
    <p class='ocr_par' dir='ltr' id='par_1_3' title="bbox 3523 398 3645 470">
     <span class='ocr_line' id='line_1_3' title="bbox 3523 398 3645 470; baseline 0 -1"><span class='ocrx_word' id='word_1_8' title='bbox 3523 398 3645 470; x_wconf 72' lang='lat'>826</span> 
     </span>
    </p>
   </div>
   <div class='ocr_carea' id='block_1_4' title="bbox 212 532 3646 612">
    <p class='ocr_par' dir='ltr' id='par_1_4' title="bbox 212 532 3646 612">
     <span class='ocr_line' id='line_1_4' title="bbox 212 532 3646 612; baseline 0.002 -22"><span class='ocrx_word' id='word_1_9' title='bbox 212 532 317 590; x_wconf 91' lang='lat' dir='ltr'>ubi</span> <span class='ocrx_word' id='word_1_10' title='bbox 348 532 619 591; x_wconf 78' lang='lat' dir='ltr'>decenter</span> <span class='ocrx_word' id='word_1_11' title='bbox 644 533 914 607; x_wconf 88' lang='lat' dir='ltr'>miroque</span> <span class='ocrx_word' id='word_1_12' title='bbox 944 539 1230 608; x_wconf 87' lang='lat' dir='ltr'>apparatu</span> <span class='ocrx_word' id='word_1_13' title='bbox 1261 537 1335 592; x_wconf 89' lang='lat' dir='ltr'>ab</span> <span class='ocrx_word' id='word_1_14' title='bbox 1363 537 1673 596; x_wconf 89' lang='lat' dir='ltr'>Adelberto</span> <span class='ocrx_word' id='word_1_15' title='bbox 1698 537 1882 595; x_wconf 88' lang='lat' dir='ltr'>susci—</span> <span class='ocrx_word' id='word_1_16' title='bbox 1909 536 1966 605; x_wconf 78' lang='grc' dir='ltr'>Α</span> <span class='ocrx_word' id='word_1_17' title='bbox 1993 537 2195 594; x_wconf 87' lang='lat' dir='ltr'>datum</span> <span class='ocrx_word' id='word_1_18' title='bbox 2229 555 2344 596; x_wconf 91' lang='lat' dir='ltr'>non</span> <span class='ocrx_word' id='word_1_19' title='bbox 2378 540 2640 596; x_wconf 90' lang='lat' dir='ltr'>occidere</span> <span class='ocrx_word' id='word_1_20' title='bbox 2669 537 2988 612; x_wconf 89' lang='lat' dir='ltr'>potuit,sed</span> <span class='ocrx_word' id='word_1_21' title='bbox 3019 536 3085 575; x_wconf 69' lang='lat'>“0</span> <span class='ocrx_word' id='word_1_22' title='bbox 3114 537 3367 596; x_wconf 83' lang='lat' dir='ltr'>noluit?«</span> <span class='ocrx_word' id='word_1_23' title='bbox 3394 538 3496 597; x_wconf 85' lang='lat' dir='ltr'>His</span> <span class='ocrx_word' id='word_1_24' title='bbox 3527 554 3646 596; x_wconf 83' lang='lat' dir='ltr'>ser-</span> 
     </span>
    </p>
   </div>
   <div class='ocr_carea' id='block_1_5' title="bbox 217 624 398 695">
    <p class='ocr_par' dir='ltr' id='par_1_5' title="bbox 217 624 398 695">
     <span class='ocr_line' id='line_1_5' title="bbox 217 624 398 695; baseline -0.006 -16"><span class='ocrx_word' id='word_1_25' title='bbox 217 624 398 695; x_wconf 84' lang='lat' dir='ltr'>pitur.</span> 
     </span>
    </p>
   </div>
   <div class='ocr_carea' id='block_1_6' title="bbox 285 713 1875 786">
    <p class='ocr_par' dir='ltr' id='par_1_6' title="bbox 285 713 1875 786">
     <span class='ocr_line' id='line_1_6' title="bbox 285 713 1875 786; baseline 0.004 -18"><span class='ocrx_word' id='word_1_26' title='bbox 285 713 647 786; x_wconf 89' lang='lat' dir='ltr'>39.Cumque</span> <span class='ocrx_word' id='word_1_27' title='bbox 676 713 1035 771; x_wconf 91' lang='lat' dir='ltr'>Hulodoicus</span> <span class='ocrx_word' id='word_1_28' title='bbox 1055 715 1117 770; x_wconf 94' lang='lat' dir='ltr'>in</span> <span class='ocrx_word' id='word_1_29' title='bbox 1143 716 1316 772; x_wconf 91' lang='lat' dir='ltr'>domo</span> <span class='ocrx_word' id='word_1_30' title='bbox 1338 716 1637 773; x_wconf 88' lang='lat' dir='ltr'>Adalberti</span> <span class='ocrx_word' id='word_1_31' title='bbox 1664 721 1749 774; x_wconf 91' lang='lat' dir='ltr'>tot</span> <span class='ocrx_word' id='word_1_32' title='bbox 1766 717 1875 773; x_wconf 89' lang='lat' dir='ltr'>mi-</span> 
     </span>
    </p>
   </div>
   <div class='ocr_carea' id='block_1_7' title="bbox 209 801 1877 877">
    <p class='ocr_par' dir='ltr' id='par_1_7' title="bbox 209 801 1877 877">
     <span class='ocr_line' id='line_1_7' title="bbox 209 801 1877 877; baseline 0.003 -20"><span class='ocrx_word' id='word_1_33' title='bbox 209 801 386 858; x_wconf 84' lang='lat' dir='ltr'>litum</span> <span class='ocrx_word' id='word_1_34' title='bbox 409 801 708 876; x_wconf 87' lang='lat' dir='ltr'>elegantes</span> <span class='ocrx_word' id='word_1_35' title='bbox 719 805 925 860; x_wconf 90' lang='lat' dir='ltr'>adesse</span> <span class='ocrx_word' id='word_1_36' title='bbox 948 805 1146 877; x_wconf 88' lang='lat' dir='ltr'>ecpias</span> <span class='ocrx_word' id='word_1_37' title='bbox 1171 810 1686 875; x_wconf 89' lang='lat' dir='ltr'>cerneret,tantam</span> <span class='ocrx_word' id='word_1_38' title='bbox 1701 808 1877 862; x_wconf 88' lang='lat' dir='ltr'>etiam</span> 
     </span>
    </p>
   </div>
   <div class='ocr_carea' id='block_1_8' title="bbox 211 890 1877 967">
    <p class='ocr_par' dir='ltr' id='par_1_8' title="bbox 211 890 1877 967">
     <span class='ocr_line' id='line_1_8' title="bbox 211 890 1877 967; baseline 0.002 -21"><span class='ocrx_word' id='word_1_39' title='bbox 211 890 565 964; x_wconf 87' lang='lat' dir='ltr'>dignitatem</span> <span class='ocrx_word' id='word_1_40' title='bbox 593 896 795 965; x_wconf 83' lang='lat' dir='ltr'>totque</span> <span class='ocrx_word' id='word_1_41' title='bbox 826 894 1124 966; x_wconf 86' lang='lat' dir='ltr'>impensas</span> <span class='ocrx_word' id='word_1_42' title='bbox 1158 895 1221 930; x_wconf 71' lang='lat'>‘33</span> <span class='ocrx_word' id='word_1_43' title='bbox 1254 895 1877 967; x_wconf 70' lang='lat' dir='ltr'>prospiceret,invidiae</span> 
     </span>
    </p>
   </div>
   <div class='ocr_carea' id='block_1_9' title="bbox 210 980 1879 1057">
    <p class='ocr_par' dir='ltr' id='par_1_9' title="bbox 210 980 1879 1057">
     <span class='ocr_line' id='line_1_9' title="bbox 210 980 1879 1057; baseline 0.004 -23"><span class='ocrx_word' id='word_1_44' title='bbox 210 980 337 1036; x_wconf 87' lang='lat' dir='ltr'>zelo</span> <span class='ocrx_word' id='word_1_45' title='bbox 370 985 563 1038; x_wconf 89' lang='lat' dir='ltr'>tactus</span> <span class='ocrx_word' id='word_1_46' title='bbox 593 982 717 1037; x_wconf 87' lang='lat' dir='ltr'>suis</span> <span class='ocrx_word' id='word_1_47' title='bbox 749 982 1090 1055; x_wconf 90' lang='lat' dir='ltr'>clangulum</span> <span class='ocrx_word' id='word_1_48' title='bbox 1123 985 1238 1054; x_wconf 89' lang='grc'>(84)</span> <span class='ocrx_word' id='word_1_49' title='bbox 1269 984 1426 1039; x_wconf 91' lang='lat' dir='ltr'>inﬁt:</span> <span class='ocrx_word' id='word_1_50' title='bbox 1466 1007 1494 1034; x_wconf 86' lang='lat'><strong>«</strong></span> <span class='ocrx_word' id='word_1_51' title='bbox 1529 985 1630 1040; x_wconf 88' lang='lat' dir='ltr'>Hic</span> <span class='ocrx_word' id='word_1_52' title='bbox 1664 1001 1762 1040; x_wconf 86' lang='lat' dir='ltr'>rex</span> <span class='ocrx_word' id='word_1_53' title='bbox 1783 1002 1879 1057; x_wconf 90' lang='lat' dir='ltr'>po-</span> 
     </span>
    </p>
   </div>
   <div class='ocr_carea' id='block_1_10' title="bbox 209 1069 1878 1145">
    <p class='ocr_par' dir='ltr' id='par_1_10' title="bbox 209 1069 1878 1145">
     <span class='ocr_line' id='line_1_10' title="bbox 209 1069 1878 1145; baseline 0.002 -20"><span class='ocrx_word' id='word_1_54' title='bbox 209 1069 335 1125; x_wconf 84' lang='lat' dir='ltr'>tius</span> <span class='ocrx_word' id='word_1_55' title='bbox 357 1085 534 1142; x_wconf 88' lang='lat' dir='ltr'>quam</span> <span class='ocrx_word' id='word_1_56' title='bbox 558 1071 819 1126; x_wconf 89' lang='lat' dir='ltr'>marchio</span> <span class='ocrx_word' id='word_1_57' title='bbox 840 1076 1069 1143; x_wconf 83' lang='lat' dir='ltr'>poterat</span> <span class='ocrx_word' id='word_1_58' title='bbox 1089 1071 1562 1145; x_wconf 89' lang='lat' dir='ltr'>appellari;nullo</span> <span class='ocrx_word' id='word_1_59' title='bbox 1581 1073 1798 1145; x_wconf 92' lang='lat' dir='ltr'>quippe</span> <span class='ocrx_word' id='word_1_60' title='bbox 1814 1075 1878 1109; x_wconf 66' lang='lat'>13°</span> 
     </span>
    </p>
   </div>
   <div class='ocr_carea' id='block_1_11' title="bbox 214 1157 1878 1228">
    <p class='ocr_par' dir='ltr' id='par_1_11' title="bbox 214 1157 1878 1228">
     <span class='ocr_line' id='line_1_11' title="bbox 214 1157 1878 1228; baseline 0.004 -15"><span class='ocrx_word' id='word_1_61' title='bbox 214 1157 362 1214; x_wconf 89' lang='lat' dir='ltr'>mihi</span> <span class='ocrx_word' id='word_1_62' title='bbox 395 1159 654 1227; x_wconf 86' lang='lat' dir='ltr'>inferior,</span> <span class='ocrx_word' id='word_1_63' title='bbox 674 1160 785 1216; x_wconf 88' lang='lat' dir='ltr'>nisi</span> <span class='ocrx_word' id='word_1_64' title='bbox 809 1161 1044 1217; x_wconf 86' lang='lat' dir='ltr'>nomine</span> <span class='ocrx_word' id='word_1_65' title='bbox 1065 1162 1436 1218; x_wconf 88' lang='lat' dir='ltr'>solummodo</span> <span class='ocrx_word' id='word_1_66' title='bbox 1459 1166 1567 1217; x_wconf 93' lang='lat' dir='ltr'>est.</span> <span class='ocrx_word' id='word_1_67' title='bbox 1596 1185 1623 1212; x_wconf 88' lang='lat'>»</span> <span class='ocrx_word' id='word_1_68' title='bbox 1644 1164 1763 1228; x_wconf 86' lang='lat' dir='ltr'>Que</span> <span class='ocrx_word' id='word_1_69' title='bbox 1785 1181 1878 1220; x_wconf 92' lang='lat' dir='ltr'>res</span> 
     </span>
    </p>
   </div>
   <div class='ocr_carea' id='block_1_12' title="bbox 211 1248 1879 1323">
    <p class='ocr_par' dir='ltr' id='par_1_12' title="bbox 211 1248 1879 1323">
     <span class='ocr_line' id='line_1_12' title="bbox 211 1248 1879 1323; baseline 0.002 -19"><span class='ocrx_word' id='word_1_70' title='bbox 211 1248 592 1305; x_wconf 88' lang='lat' dir='ltr'>Adelbertum</span> <span class='ocrx_word' id='word_1_71' title='bbox 624 1249 804 1306; x_wconf 81' lang='lat' dir='ltr'>latere</span> <span class='ocrx_word' id='word_1_72' title='bbox 831 1268 947 1305; x_wconf 93' lang='lat' dir='ltr'>non</span> <span class='ocrx_word' id='word_1_73' title='bbox 995 1250 1205 1323; x_wconf 91' lang='lat' dir='ltr'>potuit.</span> <span class='ocrx_word' id='word_1_74' title='bbox 1235 1252 1401 1316; x_wconf 86' lang='lat' dir='ltr'>Quod</span> <span class='ocrx_word' id='word_1_75' title='bbox 1435 1251 1626 1319; x_wconf 90' lang='lat' dir='ltr'>Berta,</span> <span class='ocrx_word' id='word_1_76' title='bbox 1664 1257 1728 1307; x_wconf 91' lang='lat' dir='ltr'>ut</span> <span class='ocrx_word' id='word_1_77' title='bbox 1756 1256 1879 1308; x_wconf 90' lang='lat' dir='ltr'>erat</span> 
     </span>
    </p>
   </div>
   <div class='ocr_carea' id='block_1_13' title="bbox 215 1337 1876 1409">
    <p class='ocr_par' dir='ltr' id='par_1_13' title="bbox 215 1337 1876 1409">
     <span class='ocr_line' id='line_1_13' title="bbox 215 1337 1876 1409; baseline 0.004 -18"><span class='ocrx_word' id='word_1_78' title='bbox 215 1337 433 1393; x_wconf 90' lang='lat' dir='ltr'>mulier</span> <span class='ocrx_word' id='word_1_79' title='bbox 472 1355 589 1393; x_wconf 91' lang='lat' dir='ltr'>non</span> <span class='ocrx_word' id='word_1_80' title='bbox 640 1338 938 1407; x_wconf 88' lang='lat' dir='ltr'>incallida,</span> <span class='ocrx_word' id='word_1_81' title='bbox 971 1339 1238 1409; x_wconf 88' lang='lat' dir='ltr'>audiens,</span> <span class='ocrx_word' id='word_1_82' title='bbox 1273 1357 1389 1396; x_wconf 93' lang='lat' dir='ltr'>non</span> <span class='ocrx_word' id='word_1_83' title='bbox 1445 1341 1637 1396; x_wconf 90' lang='lat' dir='ltr'>solum</span> <span class='ocrx_word' id='word_1_84' title='bbox 1685 1342 1876 1397; x_wconf 89' lang='lat' dir='ltr'>virum</span> 
     </span>
    </p>
   </div>
   <div class='ocr_carea' id='block_1_14' title="bbox 215 1427 1875 1498">
    <p class='ocr_par' dir='ltr' id='par_1_14' title="bbox 215 1427 1875 1498">
     <span class='ocr_line' id='line_1_14' title="bbox 215 1427 1875 1498; baseline 0.002 -16"><span class='ocrx_word' id='word_1_85' title='bbox 215 1443 394 1482; x_wconf 89' lang='lat' dir='ltr'>suum</span> <span class='ocrx_word' id='word_1_86' title='bbox 427 1427 500 1482; x_wconf 91' lang='lat' dir='ltr'>ab</span> <span class='ocrx_word' id='word_1_87' title='bbox 530 1428 658 1498; x_wconf 88' lang='lat' dir='ltr'>ejus</span> <span class='ocrx_word' id='word_1_88' title='bbox 684 1428 966 1484; x_wconf 87' lang='lat' dir='ltr'>ﬁdelitate</span> <span class='ocrx_word' id='word_1_89' title='bbox 988 1430 1292 1496; x_wconf 88' lang='lat' dir='ltr'>ammovit,</span> <span class='ocrx_word' id='word_1_90' title='bbox 1325 1446 1531 1486; x_wconf 90' lang='lat' dir='ltr'>verum</span> <span class='ocrx_word' id='word_1_91' title='bbox 1562 1431 1742 1486; x_wconf 89' lang='lat' dir='ltr'>etiam</span> <span class='ocrx_word' id='word_1_92' title='bbox 1770 1449 1875 1486; x_wconf 72' lang='lat' dir='ltr'>cae-</span> 
     </span>
    </p>
   </div>
   <div class='ocr_carea' id='block_1_15' title="bbox 215 1515 1876 1588">
    <p class='ocr_par' dir='ltr' id='par_1_15' title="bbox 215 1515 1876 1588">
     <span class='ocr_line' id='line_1_15' title="bbox 215 1515 1876 1588; baseline 0.004 -19"><span class='ocrx_word' id='word_1_93' title='bbox 215 1518 373 1572; x_wconf 88' lang='lat' dir='ltr'>teros</span> <span class='ocrx_word' id='word_1_94' title='bbox 406 1515 583 1572; x_wconf 68' lang='lat' dir='ltr'>Italia:</span> <span class='ocrx_word' id='word_1_95' title='bbox 617 1517 914 1588; x_wconf 89' lang='lat' dir='ltr'>principes</span> <span class='ocrx_word' id='word_1_96' title='bbox 944 1517 994 1572; x_wconf 92' lang='lat' dir='ltr'>ei</span> <span class='ocrx_word' id='word_1_97' title='bbox 1027 1517 1295 1576; x_wconf 84' lang='lat' dir='ltr'>inﬁdeles</span> <span class='ocrx_word' id='word_1_98' title='bbox 1341 1519 1548 1575; x_wconf 75' lang='lat' dir='ltr'>effecit.</span> <span class='ocrx_word' id='word_1_99' title='bbox 1581 1519 1744 1576; x_wconf 92' lang='lat' dir='ltr'>Uude</span> <span class='ocrx_word' id='word_1_100' title='bbox 1792 1520 1876 1576; x_wconf 86' lang='lat' dir='ltr'>fa-</span> 
     </span>
    </p>
   </div>
   <div class='ocr_carea' id='block_1_16' title="bbox 216 1606 1882 1680">
    <p class='ocr_par' dir='ltr' id='par_1_16' title="bbox 216 1606 1882 1680">
     <span class='ocr_line' id='line_1_16' title="bbox 216 1606 1882 1680; baseline 0.002 -20"><span class='ocrx_word' id='word_1_101' title='bbox 216 1609 379 1660; x_wconf 85' lang='lat' dir='ltr'>ctum</span> <span class='ocrx_word' id='word_1_102' title='bbox 411 1608 594 1671; x_wconf 88' lang='lat' dir='ltr'>est,ut</span> <span class='ocrx_word' id='word_1_103' title='bbox 619 1606 761 1660; x_wconf 91' lang='lat' dir='ltr'>dum</span> <span class='ocrx_word' id='word_1_104' title='bbox 795 1606 1012 1661; x_wconf 90' lang='lat' dir='ltr'>Tuscia</span> <span class='ocrx_word' id='word_1_105' title='bbox 1044 1607 1276 1663; x_wconf 90' lang='lat' dir='ltr'>rediens</span> <span class='ocrx_word' id='word_1_106' title='bbox 1291 1608 1583 1663; x_wconf 91' lang='lat' dir='ltr'>Veronam</span> <span class='ocrx_word' id='word_1_107' title='bbox 1616 1613 1882 1680; x_wconf 86' lang='lat' dir='ltr'>pergeret</span> 
     </span>
    </p>
   </div>
   <div class='ocr_carea' id='block_1_17' title="bbox 210 1690 1880 1768">
    <p class='ocr_par' dir='ltr' id='par_1_17' title="bbox 210 1690 1880 1768">
     <span class='ocr_line' id='line_1_17' title="bbox 210 1690 1880 1768; baseline 0.003 -21"><span class='ocrx_word' id='word_1_108' title='bbox 210 1690 490 1766; x_wconf 86' lang='lat' dir='ltr'>(an.905),</span> <span class='ocrx_word' id='word_1_109' title='bbox 505 1695 859 1767; x_wconf 87' lang='lat' dir='ltr'>degeretque</span> <span class='ocrx_word' id='word_1_110' title='bbox 880 1696 1084 1751; x_wconf 90' lang='lat' dir='ltr'>eodem</span> <span class='ocrx_word' id='word_1_111' title='bbox 1102 1695 1282 1750; x_wconf 86' lang='lat' dir='ltr'>nichil</span> <span class='ocrx_word' id='word_1_112' title='bbox 1303 1695 1569 1752; x_wconf 91' lang='lat' dir='ltr'>hesitans</span> <span class='ocrx_word' id='word_1_113' title='bbox 1582 1696 1880 1768; x_wconf 91' lang='lat' dir='ltr'>nichilque</span> 
     </span>
    </p>
   </div>
   <div class='ocr_carea' id='block_1_18' title="bbox 216 1781 1882 1856">
    <p class='ocr_par' dir='ltr' id='par_1_18' title="bbox 216 1781 1882 1856">
     <span class='ocr_line' id='line_1_18' title="bbox 216 1781 1882 1856; baseline 0.003 -20"><span class='ocrx_word' id='word_1_114' title='bbox 216 1781 360 1838; x_wconf 89' lang='lat' dir='ltr'>mali</span> <span class='ocrx_word' id='word_1_115' title='bbox 391 1783 722 1855; x_wconf 89' lang='lat' dir='ltr'>suspicans,</span> <span class='ocrx_word' id='word_1_116' title='bbox 759 1784 1147 1855; x_wconf 86' lang='lat' dir='ltr'>Berengarius</span> <span class='ocrx_word' id='word_1_117' title='bbox 1196 1785 1330 1839; x_wconf 92' lang='lat' dir='ltr'>dato</span> <span class='ocrx_word' id='word_1_118' title='bbox 1378 1784 1579 1856; x_wconf 74' lang='lat' dir='ltr'>praztio</span> <span class='ocrx_word' id='word_1_119' title='bbox 1608 1787 1882 1841; x_wconf 87' lang='lat' dir='ltr'>custodes</span> 
     </span>
    </p>
   </div>
   <div class='ocr_carea' id='block_1_19' title="bbox 1986 627 3643 702">
    <p class='ocr_par' dir='ltr' id='par_1_19' title="bbox 1986 627 3643 702">
     <span class='ocr_line' id='line_1_19' title="bbox 1986 627 3643 702; baseline 0.001 -19"><span class='ocrx_word' id='word_1_120' title='bbox 1986 627 2265 685; x_wconf 91' lang='lat' dir='ltr'>monibus</span> <span class='ocrx_word' id='word_1_121' title='bbox 2299 628 2468 685; x_wconf 81' lang='lat' dir='ltr'>miles</span> <span class='ocrx_word' id='word_1_122' title='bbox 2500 627 3042 699; x_wconf 90' lang='lat' dir='ltr'>inclinatus,locum</span> <span class='ocrx_word' id='word_1_123' title='bbox 3074 629 3351 695; x_wconf 89' lang='lat' dir='ltr'>ostendit,</span> <span class='ocrx_word' id='word_1_124' title='bbox 3365 629 3437 685; x_wconf 88' lang='lat' dir='ltr'>ad</span> <span class='ocrx_word' id='word_1_125' title='bbox 3468 645 3643 702; x_wconf 88' lang='lat' dir='ltr'>quem</span> 
     </span>
    </p>
   </div>
   <div class='ocr_carea' id='block_1_20' title="bbox 1987 717 3645 792">
    <p class='ocr_par' dir='ltr' id='par_1_20' title="bbox 1987 717 3645 792">
     <span class='ocr_line' id='line_1_20' title="bbox 1987 717 3645 792; baseline 0.001 -21"><span class='ocrx_word' id='word_1_126' title='bbox 1987 718 2328 790; x_wconf 79' lang='lat' dir='ltr'>confugerat</span> <span class='ocrx_word' id='word_1_127' title='bbox 2357 719 2851 785; x_wconf 89' lang='lat' dir='ltr'>Hulodoicus.Qui</span> <span class='ocrx_word' id='word_1_128' title='bbox 2879 723 3086 791; x_wconf 87' lang='lat' dir='ltr'>captus</span> <span class='ocrx_word' id='word_1_129' title='bbox 3105 723 3162 774; x_wconf 92' lang='lat' dir='ltr'>et</span> <span class='ocrx_word' id='word_1_130' title='bbox 3190 725 3322 774; x_wconf 83' lang='lat' dir='ltr'>ante</span> <span class='ocrx_word' id='word_1_131' title='bbox 3352 717 3645 792; x_wconf 88' lang='lat' dir='ltr'>Beregarii</span> 
     </span>
    </p>
   </div>
   <div class='ocr_carea' id='block_1_21' title="bbox 1987 807 3644 882">
    <p class='ocr_par' dir='ltr' id='par_1_21' title="bbox 1987 807 3644 882">
     <span class='ocr_line' id='line_1_21' title="bbox 1987 807 3644 882; baseline 0.001 -21"><span class='ocrx_word' id='word_1_132' title='bbox 1987 808 2361 878; x_wconf 67' lang='lat' dir='ltr'>praesentiam</span> <span class='ocrx_word' id='word_1_133' title='bbox 2411 809 2647 872; x_wconf 84' lang='lat' dir='ltr'>ductus,</span> <span class='ocrx_word' id='word_1_134' title='bbox 2679 807 3025 880; x_wconf 88' lang='lat' dir='ltr'>hujusmodi</span> <span class='ocrx_word' id='word_1_135' title='bbox 3073 825 3208 864; x_wconf 90' lang='lat' dir='ltr'>eum</span> <span class='ocrx_word' id='word_1_136' title='bbox 3258 809 3644 882; x_wconf 88' lang='lat' dir='ltr'>Berengarius</span> 
     </span>
    </p>
   </div>
   <div class='ocr_carea' id='block_1_22' title="bbox 1988 897 3644 970">
    <p class='ocr_par' dir='ltr' id='par_1_22' title="bbox 1988 897 3644 970">
     <span class='ocr_line' id='line_1_22' title="bbox 1988 897 3644 970; baseline 0.001 -19"><span class='ocrx_word' id='word_1_137' title='bbox 1988 897 2364 953; x_wconf 87' lang='lat' dir='ltr'>sermonibus</span> <span class='ocrx_word' id='word_1_138' title='bbox 2410 897 2778 969; x_wconf 85' lang='lat' dir='ltr'>increpavit:</span> <span class='ocrx_word' id='word_1_139' title='bbox 2827 920 2856 947; x_wconf 90' lang='lat'><strong>«</strong></span> <span class='ocrx_word' id='word_1_140' title='bbox 2908 899 3221 970; x_wconf 87' lang='lat' dir='ltr'>Quousque</span> <span class='ocrx_word' id='word_1_141' title='bbox 3251 898 3364 970; x_wconf 89' lang='lat'>(85)</span> <span class='ocrx_word' id='word_1_142' title='bbox 3406 899 3644 954; x_wconf 85' lang='lat' dir='ltr'>tandem</span> 
     </span>
    </p>
   </div>
   <div class='ocr_carea' id='block_1_23' title="bbox 1988 985 3645 1058">
    <p class='ocr_par' dir='ltr' id='par_1_23' title="bbox 1988 985 3645 1058">
     <span class='ocr_line' id='line_1_23' title="bbox 1988 985 3645 1058; baseline 0.002 -18"><span class='ocrx_word' id='word_1_143' title='bbox 1988 986 2247 1053; x_wconf 86' lang='lat' dir='ltr'>abutere,</span> <span class='ocrx_word' id='word_1_144' title='bbox 2272 987 2610 1052; x_wconf 88' lang='lat' dir='ltr'>Hulodoice,</span> <span class='ocrx_word' id='word_1_145' title='bbox 2633 985 2917 1058; x_wconf 83' lang='lat' dir='ltr'>patientia</span> <span class='ocrx_word' id='word_1_146' title='bbox 2949 990 3149 1043; x_wconf 90' lang='lat' dir='ltr'>nostra</span> <span class='ocrx_word' id='word_1_147' title='bbox 3169 988 3195 1041; x_wconf 74' lang='lat' dir='ltr'>‘I</span> <span class='ocrx_word' id='word_1_148' title='bbox 3220 987 3374 1044; x_wconf 90' lang='lat' dir='ltr'>Num</span> <span class='ocrx_word' id='word_1_149' title='bbox 3404 987 3645 1043; x_wconf 90' lang='lat' dir='ltr'>inﬁtiari</span> 
     </span>
    </p>
   </div>
   <div class='ocr_carea' id='block_1_24' title="bbox 1987 1074 3648 1148">
    <p class='ocr_par' dir='ltr' id='par_1_24' title="bbox 1987 1074 3648 1148">
     <span class='ocr_line' id='line_1_24' title="bbox 1987 1074 3648 1148; baseline 0.001 -19"><span class='ocrx_word' id='word_1_150' title='bbox 1987 1079 2234 1146; x_wconf 90' lang='lat' dir='ltr'>potes,te</span> <span class='ocrx_word' id='word_1_151' title='bbox 2266 1075 2365 1130; x_wconf 89' lang='lat' dir='ltr'>illo</span> <span class='ocrx_word' id='word_1_152' title='bbox 2395 1079 2655 1148; x_wconf 86' lang='lat' dir='ltr'>tempore</span> <span class='ocrx_word' id='word_1_153' title='bbox 2686 1075 2832 1130; x_wconf 89' lang='lat' dir='ltr'>meis</span> <span class='ocrx_word' id='word_1_154' title='bbox 2863 1074 3310 1147; x_wconf 74' lang='lat' dir='ltr'>praesidiis,mea</span> <span class='ocrx_word' id='word_1_155' title='bbox 3342 1074 3648 1147; x_wconf 86' lang='lat' dir='ltr'>diligentia</span> 
     </span>
    </p>
   </div>
   <div class='ocr_carea' id='block_1_25' title="bbox 1989 1163 3646 1220">
    <p class='ocr_par' dir='ltr' id='par_1_25' title="bbox 1989 1163 3646 1220">
     <span class='ocr_line' id='line_1_25' title="bbox 1989 1163 3646 1220; baseline 0.001 -1"><span class='ocrx_word' id='word_1_156' title='bbox 1989 1163 2448 1220; x_wconf 88' lang='lat' dir='ltr'>circumclusum</span> <span class='ocrx_word' id='word_1_157' title='bbox 2471 1164 2498 1220; x_wconf 78' lang='lat' dir='ltr'>‘I</span> <span class='ocrx_word' id='word_1_158' title='bbox 2531 1180 2898 1220; x_wconf 89' lang='lat' dir='ltr'>commovere</span> <span class='ocrx_word' id='word_1_159' title='bbox 2914 1164 3090 1218; x_wconf 91' lang='lat' dir='ltr'>etiam</span> <span class='ocrx_word' id='word_1_160' title='bbox 3119 1167 3174 1219; x_wconf 92' lang='lat' dir='ltr'>te</span> <span class='ocrx_word' id='word_1_161' title='bbox 3205 1167 3408 1219; x_wconf 90' lang='lat' dir='ltr'>contra</span> <span class='ocrx_word' id='word_1_162' title='bbox 3423 1181 3516 1220; x_wconf 91' lang='lat' dir='ltr'>me</span> <span class='ocrx_word' id='word_1_163' title='bbox 3530 1182 3646 1220; x_wconf 92' lang='lat' dir='ltr'>non</span> 
     </span>
    </p>
   </div>
   <div class='ocr_carea' id='block_1_26' title="bbox 1988 1251 3649 1325">
    <p class='ocr_par' dir='ltr' id='par_1_26' title="bbox 1988 1251 3649 1325">
     <span class='ocr_line' id='line_1_26' title="bbox 1988 1251 3649 1325; baseline 0.001 -18"><span class='ocrx_word' id='word_1_164' title='bbox 1988 1251 2495 1325; x_wconf 80' lang='lat' dir='ltr'>potuisse?meque</span> <span class='ocrx_word' id='word_1_165' title='bbox 2527 1251 2930 1308; x_wconf 86' lang='lat' dir='ltr'>misericordia</span> <span class='ocrx_word' id='word_1_166' title='bbox 2962 1251 3466 1324; x_wconf 77' lang='lat' dir='ltr'>inclinatum,quze</span> <span class='ocrx_word' id='word_1_167' title='bbox 3485 1252 3649 1308; x_wconf 87' lang='lat' dir='ltr'>nulla</span> 
     </span>
    </p>
   </div>
   <div class='ocr_carea' id='block_1_27' title="bbox 1988 1340 3649 1414">
    <p class='ocr_par' dir='ltr' id='par_1_27' title="bbox 1988 1340 3649 1414">
     <span class='ocr_line' id='line_1_27' title="bbox 1988 1340 3649 1414; baseline 0.001 -18"><span class='ocrx_word' id='word_1_168' title='bbox 1988 1341 2096 1396; x_wconf 90' lang='lat' dir='ltr'>tibi</span> <span class='ocrx_word' id='word_1_169' title='bbox 2123 1341 2466 1409; x_wconf 88' lang='lat' dir='ltr'>debebatur,</span> <span class='ocrx_word' id='word_1_170' title='bbox 2499 1345 2557 1396; x_wconf 88' lang='lat' dir='ltr'>te</span> <span class='ocrx_word' id='word_1_171' title='bbox 2586 1340 2916 1397; x_wconf 83' lang='lat' dir='ltr'>dimisisse?</span> <span class='ocrx_word' id='word_1_172' title='bbox 2932 1340 3276 1409; x_wconf 89' lang='lat' dir='ltr'>Sensistine,</span> <span class='ocrx_word' id='word_1_173' title='bbox 3304 1341 3567 1414; x_wconf 90' lang='lat' dir='ltr'>inquam,</span> <span class='ocrx_word' id='word_1_174' title='bbox 3592 1346 3649 1399; x_wconf 89' lang='lat' dir='ltr'>te</span> 
     </span>
    </p>
   </div>
   <div class='ocr_carea' id='block_1_28' title="bbox 1988 1429 3649 1502">
    <p class='ocr_par' dir='ltr' id='par_1_28' title="bbox 1988 1429 3649 1502">
     <span class='ocr_line' id='line_1_28' title="bbox 1988 1429 3649 1502; baseline 0.001 -18"><span class='ocrx_word' id='word_1_175' title='bbox 1988 1430 2232 1501; x_wconf 87' lang='lat' dir='ltr'>perjurii</span> <span class='ocrx_word' id='word_1_176' title='bbox 2268 1431 2486 1486; x_wconf 86' lang='lat' dir='ltr'>institis</span> <span class='ocrx_word' id='word_1_177' title='bbox 2518 1431 2632 1502; x_wconf 83' lang='lat'>(86)</span> <span class='ocrx_word' id='word_1_178' title='bbox 2664 1446 2794 1486; x_wconf 90' lang='lat' dir='ltr'>esse</span> <span class='ocrx_word' id='word_1_179' title='bbox 2823 1429 3494 1486; x_wconf 84' lang='lat' dir='ltr'>vinctum?Conﬁrmasti</span> <span class='ocrx_word' id='word_1_180' title='bbox 3508 1448 3649 1487; x_wconf 88' lang='lat' dir='ltr'>sane</span> 
     </span>
    </p>
   </div>
   <div class='ocr_carea' id='block_1_29' title="bbox 1989 1517 3650 1590">
    <p class='ocr_par' dir='ltr' id='par_1_29' title="bbox 1989 1517 3650 1590">
     <span class='ocr_line' id='line_1_29' title="bbox 1989 1517 3650 1590; baseline 0.001 -18"><span class='ocrx_word' id='word_1_181' title='bbox 1989 1518 2159 1588; x_wconf 90' lang='lat' dir='ltr'>mihi,</span> <span class='ocrx_word' id='word_1_182' title='bbox 2192 1522 2249 1573; x_wconf 92' lang='lat' dir='ltr'>te</span> <span class='ocrx_word' id='word_1_183' title='bbox 2280 1518 2476 1590; x_wconf 90' lang='lat' dir='ltr'>ipsum</span> <span class='ocrx_word' id='word_1_184' title='bbox 2500 1535 2808 1590; x_wconf 88' lang='lat' dir='ltr'>nunquam</span> <span class='ocrx_word' id='word_1_185' title='bbox 2839 1517 3067 1574; x_wconf 89' lang='lat' dir='ltr'>Italiam</span> <span class='ocrx_word' id='word_1_186' title='bbox 3099 1518 3532 1590; x_wconf 84' lang='lat' dir='ltr'>ingressurum.</span> <span class='ocrx_word' id='word_1_187' title='bbox 3555 1517 3650 1573; x_wconf 91' lang='lat' dir='ltr'>Vi-</span> 
     </span>
    </p>
   </div>
   <div class='ocr_carea' id='block_1_30' title="bbox 1988 1605 3651 1678">
    <p class='ocr_par' dir='ltr' id='par_1_30' title="bbox 1988 1605 3651 1678">
     <span class='ocr_line' id='line_1_30' title="bbox 1988 1605 3651 1678; baseline 0.001 -18"><span class='ocrx_word' id='word_1_188' title='bbox 1988 1609 2110 1661; x_wconf 89' lang='lat' dir='ltr'>tam</span> <span class='ocrx_word' id='word_1_189' title='bbox 2140 1607 2246 1662; x_wconf 90' lang='lat' dir='ltr'>tibi</span> <span class='ocrx_word' id='word_1_190' title='bbox 2278 1608 2430 1663; x_wconf 87' lang='lat' dir='ltr'>sicut</span> <span class='ocrx_word' id='word_1_191' title='bbox 2458 1608 2531 1672; x_wconf 91' lang='lat' dir='ltr'>ei,</span> <span class='ocrx_word' id='word_1_192' title='bbox 2566 1608 2666 1678; x_wconf 92' lang='lat' dir='ltr'>qui</span> <span class='ocrx_word' id='word_1_193' title='bbox 2699 1611 2812 1662; x_wconf 89' lang='lat' dir='ltr'>tete</span> <span class='ocrx_word' id='word_1_194' title='bbox 2864 1606 3009 1660; x_wconf 90' lang='lat' dir='ltr'>mihi</span> <span class='ocrx_word' id='word_1_195' title='bbox 3059 1607 3334 1678; x_wconf 90' lang='lat' dir='ltr'>prodidit,</span> <span class='ocrx_word' id='word_1_196' title='bbox 3370 1605 3651 1678; x_wconf 87' lang='lat' dir='ltr'>promise-</span> 
     </span>
    </p>
   </div>
   <div class='ocr_carea' id='block_1_31' title="bbox 1990 1693 3646 1763">
    <p class='ocr_par' dir='ltr' id='par_1_31' title="bbox 1990 1693 3646 1763">
     <span class='ocr_line' id='line_1_31' title="bbox 1990 1693 3646 1763; baseline 0.001 -13"><span class='ocrx_word' id='word_1_197' title='bbox 1990 1711 2138 1763; x_wconf 88' lang='lat' dir='ltr'>ram,</span> <span class='ocrx_word' id='word_1_198' title='bbox 2173 1697 2462 1763; x_wconf 90' lang='lat' dir='ltr'>concedo;</span> <span class='ocrx_word' id='word_1_199' title='bbox 2497 1695 2697 1751; x_wconf 89' lang='lat' dir='ltr'>oculos</span> <span class='ocrx_word' id='word_1_200' title='bbox 2726 1711 2860 1750; x_wconf 91' lang='lat' dir='ltr'>vero</span> <span class='ocrx_word' id='word_1_201' title='bbox 2910 1693 3016 1750; x_wconf 89' lang='lat' dir='ltr'>tibi</span> <span class='ocrx_word' id='word_1_202' title='bbox 3050 1695 3278 1750; x_wconf 88' lang='lat' dir='ltr'>auferre</span> <span class='ocrx_word' id='word_1_203' title='bbox 3308 1712 3422 1751; x_wconf 93' lang='lat' dir='ltr'>non</span> <span class='ocrx_word' id='word_1_204' title='bbox 3455 1695 3646 1751; x_wconf 90' lang='lat' dir='ltr'>solum</span> 
     </span>
    </p>
   </div>
   <div class='ocr_carea' id='block_1_32' title="bbox 1983 1782 3648 1856">
    <p class='ocr_par' dir='ltr' id='par_1_32' title="bbox 1983 1782 3648 1856">
     <span class='ocr_line' id='line_1_32' title="bbox 1983 1782 3648 1856; baseline 0.001 -18"><span class='ocrx_word' id='word_1_205' title='bbox 1983 1783 2188 1855; x_wconf 87' lang='lat' dir='ltr'>jubeo,</span> <span class='ocrx_word' id='word_1_206' title='bbox 2223 1785 2324 1839; x_wconf 92' lang='lat' dir='ltr'>sed</span> <span class='ocrx_word' id='word_1_207' title='bbox 2357 1783 2644 1856; x_wconf 90' lang='lat' dir='ltr'>compello</span> <span class='ocrx_word' id='word_1_208' title='bbox 2678 1784 2762 1838; x_wconf 64' lang='lat'>1“.</span> <span class='ocrx_word' id='word_1_209' title='bbox 2797 1805 2826 1834; x_wconf 85' lang='lat'>»</span> <span class='ocrx_word' id='word_1_210' title='bbox 2860 1782 2961 1838; x_wconf 90' lang='lat' dir='ltr'>His</span> <span class='ocrx_word' id='word_1_211' title='bbox 2993 1782 3258 1854; x_wconf 86' lang='lat' dir='ltr'>expletis,</span> <span class='ocrx_word' id='word_1_212' title='bbox 3292 1783 3648 1841; x_wconf 91' lang='lat' dir='ltr'>Hulodoicus</span> 
     </span>
    </p>
   </div>
   <div class='ocr_carea' id='block_1_33' title="bbox 213 1870 3519 1972">
    <p class='ocr_par' dir='ltr' id='par_1_33' title="bbox 213 1870 3519 1972">
     <span class='ocr_line' id='line_1_33' title="bbox 213 1870 3519 1972; baseline 0 -46"><span class='ocrx_word' id='word_1_213' title='bbox 213 1871 471 1927; x_wconf 88' lang='lat' dir='ltr'>civitatis</span> <span class='ocrx_word' id='word_1_214' title='bbox 499 1871 844 1944; x_wconf 90' lang='lat' dir='ltr'>corruperit,</span> <span class='ocrx_word' id='word_1_215' title='bbox 865 1871 1239 1944; x_wconf 88' lang='lat' dir='ltr'>collectisque</span> <span class='ocrx_word' id='word_1_216' title='bbox 1267 1873 1410 1928; x_wconf 91' lang='lat' dir='ltr'>viris</span> <span class='ocrx_word' id='word_1_217' title='bbox 1441 1873 1879 1944; x_wconf 85' lang='lat' dir='ltr'>fortissimis,in</span> <span class='ocrx_word' id='word_1_218' title='bbox 1911 1907 1960 1972; x_wconf 85' lang='lat' dir='ltr'><strong>B</strong></span> <span class='ocrx_word' id='word_1_219' title='bbox 1991 1870 2216 1928; x_wconf 91' lang='lat' dir='ltr'>lumine</span> <span class='ocrx_word' id='word_1_220' title='bbox 2246 1872 2530 1944; x_wconf 89' lang='lat' dir='ltr'>privatur,</span> <span class='ocrx_word' id='word_1_221' title='bbox 2562 1875 2618 1928; x_wconf 91' lang='lat' dir='ltr'>et</span> <span class='ocrx_word' id='word_1_222' title='bbox 2649 1871 3035 1945; x_wconf 89' lang='lat' dir='ltr'>Berengarius</span> <span class='ocrx_word' id='word_1_223' title='bbox 3068 1888 3246 1944; x_wconf 91' lang='lat' dir='ltr'>regno</span> <span class='ocrx_word' id='word_1_224' title='bbox 3278 1873 3519 1944; x_wconf 91' lang='lat' dir='ltr'>potitur.</span> 
     </span>
    </p>
   </div>
   <div class='ocr_carea' id='block_1_34' title="bbox 209 1958 1885 2034">
    <p class='ocr_par' dir='ltr' id='par_1_34' title="bbox 209 1958 1885 2034">
     <span class='ocr_line' id='line_1_34' title="bbox 209 1958 1885 2034; baseline 0.002 -19"><span class='ocrx_word' id='word_1_225' title='bbox 209 1958 347 2033; x_wconf 88' lang='lat' dir='ltr'>ipso</span> <span class='ocrx_word' id='word_1_226' title='bbox 401 1961 590 2017; x_wconf 87' lang='lat' dir='ltr'>noctis</span> <span class='ocrx_word' id='word_1_227' title='bbox 639 1961 951 2017; x_wconf 90' lang='lat' dir='ltr'>conticinio</span> <span class='ocrx_word' id='word_1_228' title='bbox 1004 1961 1298 2018; x_wconf 89' lang='lat' dir='ltr'>civitatem</span> <span class='ocrx_word' id='word_1_229' title='bbox 1348 1961 1660 2034; x_wconf 74' lang='lat' dir='ltr'>ingressus</span> <span class='ocrx_word' id='word_1_230' title='bbox 1709 1963 1885 2019; x_wconf 87' lang='lat' dir='ltr'>fuerit</span> 
     </span>
    </p>
   </div>
   <div class='ocr_carea' id='block_1_35' title="bbox 240 2050 404 2106">
    <p class='ocr_par' dir='ltr' id='par_1_35' title="bbox 240 2050 404 2106">
     <span class='ocr_line' id='line_1_35' title="bbox 240 2050 404 2106; baseline -0.012 0"><span class='ocrx_word' id='word_1_231' title='bbox 240 2050 404 2106; x_wconf 82' lang='lat' dir='ltr'>Jut.l.</span> 
     </span>
    </p>
   </div>
   <div class='ocr_carea' id='block_1_36' title="bbox 217 2048 1882 2207">
    <p class='ocr_par' dir='ltr' id='par_1_36' title="bbox 217 2048 1882 2207">
     <span class='ocr_line' id='line_1_36' title="bbox 217 2048 1882 2207; baseline 0.002 -15"><span class='ocrx_word' id='word_1_232' title='bbox 217 2048 652 2193; x_wconf 35' lang='lat' dir='ltr'>willeluvius</span> <span class='ocrx_word' id='word_1_233' title='bbox 683 2138 940 2207; x_wconf 86' lang='lat' dir='ltr'>Athesis,</span> <span class='ocrx_word' id='word_1_234' title='bbox 977 2139 1132 2194; x_wconf 89' lang='lat' dir='ltr'>sicut</span> <span class='ocrx_word' id='word_1_235' title='bbox 1183 2139 1412 2196; x_wconf 90' lang='lat' dir='ltr'>Tiberis</span> <span class='ocrx_word' id='word_1_236' title='bbox 1457 2140 1725 2205; x_wconf 83' lang='lat' dir='ltr'>Romam,</span> <span class='ocrx_word' id='word_1_237' title='bbox 1760 2158 1882 2197; x_wconf 85' lang='lat' dir='ltr'>me-</span> 
     </span>
    </p>
   </div>
   <div class='ocr_carea' id='block_1_37' title="bbox 217 2225 1922 2301">
    <p class='ocr_par' dir='ltr' id='par_1_37' title="bbox 217 2225 1922 2301">
     <span class='ocr_line' id='line_1_37' title="bbox 217 2225 1922 2301; baseline 0.002 -21"><span class='ocrx_word' id='word_1_238' title='bbox 217 2225 378 2280; x_wconf 88' lang='lat' dir='ltr'>diam</span> <span class='ocrx_word' id='word_1_239' title='bbox 410 2225 703 2281; x_wconf 90' lang='lat' dir='ltr'>civitatem</span> <span class='ocrx_word' id='word_1_240' title='bbox 737 2226 1026 2282; x_wconf 89' lang='lat' dir='ltr'>Veronam</span> <span class='ocrx_word' id='word_1_241' title='bbox 1059 2228 1569 2300; x_wconf 89' lang='lat' dir='ltr'>percurrit.Super</span> <span class='ocrx_word' id='word_1_242' title='bbox 1601 2246 1777 2301; x_wconf 88' lang='lat' dir='ltr'>quem</span> <span class='ocrx_word' id='word_1_243' title='bbox 1799 2229 1885 2284; x_wconf 90' lang='lat' dir='ltr'>in-</span> <span class='ocrx_word' id='word_1_244' title='bbox 1917 2254 1922 2259; x_wconf 64' lang='grc' dir='ltr'><strong><em>ο</em></strong></span> 
     </span>
    </p>
   </div>
   <div class='ocr_carea' id='block_1_38' title="bbox 218 2316 1882 2390">
    <p class='ocr_par' dir='ltr' id='par_1_38' title="bbox 218 2316 1882 2390">
     <span class='ocr_line' id='line_1_38' title="bbox 218 2316 1882 2390; baseline 0.003 -21"><span class='ocrx_word' id='word_1_245' title='bbox 218 2328 362 2387; x_wconf 88' lang='lat' dir='ltr'>gens</span> <span class='ocrx_word' id='word_1_246' title='bbox 395 2330 766 2371; x_wconf 89' lang='lat' dir='ltr'>marmoreus</span> <span class='ocrx_word' id='word_1_247' title='bbox 797 2316 929 2370; x_wconf 90' lang='lat' dir='ltr'>miri</span> <span class='ocrx_word' id='word_1_248' title='bbox 955 2316 1150 2388; x_wconf 88' lang='lat' dir='ltr'>operis</span> <span class='ocrx_word' id='word_1_249' title='bbox 1165 2316 1882 2390; x_wconf 61' lang='lat' dir='ltr'>mirasquemagnitudinis</span> 
     </span>
    </p>
   </div>
   <div class='ocr_carea' id='block_1_39' title="bbox 219 2404 1879 2478">
    <p class='ocr_par' dir='ltr' id='par_1_39' title="bbox 219 2404 1879 2478">
     <span class='ocr_line' id='line_1_39' title="bbox 219 2404 1879 2478; baseline 0.002 -18"><span class='ocrx_word' id='word_1_250' title='bbox 219 2420 368 2476; x_wconf 90' lang='lat' dir='ltr'>pons</span> <span class='ocrx_word' id='word_1_251' title='bbox 397 2407 489 2460; x_wconf 89' lang='lat' dir='ltr'>est</span> <span class='ocrx_word' id='word_1_252' title='bbox 538 2404 883 2460; x_wconf 83' lang='lat' dir='ltr'>fabricatus.</span> <span class='ocrx_word' id='word_1_253' title='bbox 915 2407 960 2459; x_wconf 92' lang='lat' dir='ltr'><strong>A</strong></span> <span class='ocrx_word' id='word_1_254' title='bbox 1003 2404 1130 2461; x_wconf 92' lang='lat' dir='ltr'>leva</span> <span class='ocrx_word' id='word_1_255' title='bbox 1156 2410 1352 2461; x_wconf 91' lang='lat' dir='ltr'>autem</span> <span class='ocrx_word' id='word_1_256' title='bbox 1393 2410 1559 2478; x_wconf 90' lang='lat' dir='ltr'>parte</span> <span class='ocrx_word' id='word_1_257' title='bbox 1598 2407 1879 2475; x_wconf 89' lang='lat' dir='ltr'>ﬂuminis,</span> 
     </span>
    </p>
   </div>
   <div class='ocr_carea' id='block_1_40' title="bbox 220 2493 1880 2566">
    <p class='ocr_par' dir='ltr' id='par_1_40' title="bbox 220 2493 1880 2566">
     <span class='ocr_line' id='line_1_40' title="bbox 220 2493 1880 2566; baseline 0.002 -18"><span class='ocrx_word' id='word_1_258' title='bbox 220 2509 348 2565; x_wconf 63' lang='lat' dir='ltr'>quae</span> <span class='ocrx_word' id='word_1_259' title='bbox 379 2497 469 2550; x_wconf 89' lang='lat' dir='ltr'>est</span> <span class='ocrx_word' id='word_1_260' title='bbox 497 2493 832 2565; x_wconf 90' lang='lat' dir='ltr'>aquilonem</span> <span class='ocrx_word' id='word_1_261' title='bbox 866 2511 1072 2550; x_wconf 85' lang='lat' dir='ltr'>versus</span> <span class='ocrx_word' id='word_1_262' title='bbox 1103 2494 1528 2566; x_wconf 87' lang='lat' dir='ltr'>posita,civitas</span> <span class='ocrx_word' id='word_1_263' title='bbox 1541 2499 1630 2552; x_wconf 90' lang='lat' dir='ltr'>est</span> <span class='ocrx_word' id='word_1_264' title='bbox 1654 2496 1880 2553; x_wconf 82' lang='lat' dir='ltr'>difﬁcili</span> 
     </span>
    </p>
   </div>
   <div class='ocr_carea' id='block_1_41' title="bbox 219 2581 1881 2655">
    <p class='ocr_par' dir='ltr' id='par_1_41' title="bbox 219 2581 1881 2655">
     <span class='ocr_line' id='line_1_41' title="bbox 219 2581 1881 2655; baseline 0.002 -18"><span class='ocrx_word' id='word_1_265' title='bbox 219 2583 524 2654; x_wconf 89' lang='lat' dir='ltr'>arduoque</span> <span class='ocrx_word' id='word_1_266' title='bbox 557 2581 701 2638; x_wconf 90' lang='lat' dir='ltr'>colle</span> <span class='ocrx_word' id='word_1_267' title='bbox 726 2582 974 2651; x_wconf 90' lang='lat' dir='ltr'>munita,</span> <span class='ocrx_word' id='word_1_268' title='bbox 992 2583 1134 2639; x_wconf 89' lang='lat' dir='ltr'>adeo</span> <span class='ocrx_word' id='word_1_269' title='bbox 1166 2584 1305 2638; x_wconf 89' lang='lat' dir='ltr'>utsi</span> <span class='ocrx_word' id='word_1_270' title='bbox 1339 2601 1406 2639; x_wconf 90' lang='lat' dir='ltr'>ea</span> <span class='ocrx_word' id='word_1_271' title='bbox 1436 2601 1573 2655; x_wconf 84' lang='lat' dir='ltr'>pars</span> <span class='ocrx_word' id='word_1_272' title='bbox 1605 2586 1881 2655; x_wconf 87' lang='lat' dir='ltr'>civitatis,</span> 
     </span>
    </p>
   </div>
   <div class='ocr_carea' id='block_1_42' title="bbox 219 2671 1879 2744">
    <p class='ocr_par' dir='ltr' id='par_1_42' title="bbox 219 2671 1879 2744">
     <span class='ocr_line' id='line_1_42' title="bbox 219 2671 1879 2744; baseline 0.002 -18"><span class='ocrx_word' id='word_1_273' title='bbox 219 2688 399 2744; x_wconf 90' lang='lat' dir='ltr'>quam</span> <span class='ocrx_word' id='word_1_274' title='bbox 433 2676 794 2728; x_wconf 89' lang='lat' dir='ltr'>memoratus</span> <span class='ocrx_word' id='word_1_275' title='bbox 826 2671 1040 2727; x_wconf 88' lang='lat' dir='ltr'>ﬂuvius</span> <span class='ocrx_word' id='word_1_276' title='bbox 1071 2673 1369 2728; x_wconf 85' lang='lat' dir='ltr'>dexteram</span> <span class='ocrx_word' id='word_1_277' title='bbox 1398 2671 1667 2741; x_wconf 87' lang='lat' dir='ltr'>alluit,ab</span> <span class='ocrx_word' id='word_1_278' title='bbox 1697 2673 1879 2730; x_wconf 90' lang='lat' dir='ltr'>hosti-</span> 
     </span>
    </p>
   </div>
   <div class='ocr_carea' id='block_1_43' title="bbox 216 2759 1880 2833">
    <p class='ocr_par' dir='ltr' id='par_1_43' title="bbox 216 2759 1880 2833">
     <span class='ocr_line' id='line_1_43' title="bbox 216 2759 1880 2833; baseline 0.002 -19"><span class='ocrx_word' id='word_1_279' title='bbox 216 2759 329 2814; x_wconf 90' lang='lat' dir='ltr'>bus</span> <span class='ocrx_word' id='word_1_280' title='bbox 362 2759 651 2830; x_wconf 88' lang='lat' dir='ltr'>capiatur,</span> <span class='ocrx_word' id='word_1_281' title='bbox 681 2777 748 2815; x_wconf 90' lang='lat' dir='ltr'>ea</span> <span class='ocrx_word' id='word_1_282' title='bbox 777 2764 974 2815; x_wconf 88' lang='lat' dir='ltr'>tamen</span> <span class='ocrx_word' id='word_1_283' title='bbox 1007 2759 1254 2817; x_wconf 88' lang='lat' dir='ltr'>viriliter</span> <span class='ocrx_word' id='word_1_284' title='bbox 1301 2761 1488 2833; x_wconf 89' lang='lat' dir='ltr'>possit</span> <span class='ocrx_word' id='word_1_285' title='bbox 1528 2763 1781 2819; x_wconf 84' lang='lat' dir='ltr'>defendi.</span> <span class='ocrx_word' id='word_1_286' title='bbox 1817 2764 1880 2820; x_wconf 91' lang='lat' dir='ltr'>In</span> 
     </span>
    </p>
   </div>
   <div class='ocr_carea' id='block_1_44' title="bbox 215 2847 1884 2924">
    <p class='ocr_par' dir='ltr' id='par_1_44' title="bbox 215 2847 1884 2924">
     <span class='ocr_line' id='line_1_44' title="bbox 215 2847 1884 2924; baseline 0.003 -21"><span class='ocrx_word' id='word_1_287' title='bbox 215 2848 401 2918; x_wconf 89' lang='lat' dir='ltr'>hujus</span> <span class='ocrx_word' id='word_1_288' title='bbox 441 2862 580 2903; x_wconf 88' lang='lat' dir='ltr'>vero</span> <span class='ocrx_word' id='word_1_289' title='bbox 633 2847 799 2904; x_wconf 90' lang='lat' dir='ltr'>collis</span> <span class='ocrx_word' id='word_1_290' title='bbox 847 2849 1191 2905; x_wconf 88' lang='lat' dir='ltr'>summitate</span> <span class='ocrx_word' id='word_1_291' title='bbox 1245 2850 1508 2922; x_wconf 71' lang='lat' dir='ltr'>praeciosi</span> <span class='ocrx_word' id='word_1_292' title='bbox 1557 2851 1751 2924; x_wconf 85' lang='lat' dir='ltr'>operis</span> <span class='ocrx_word' id='word_1_293' title='bbox 1794 2857 1884 2908; x_wconf 91' lang='lat' dir='ltr'>est</span> 
     </span>
    </p>
   </div>
   <div class='ocr_carea' id='block_1_45' title="bbox 216 2935 1883 3014">
    <p class='ocr_par' dir='ltr' id='par_1_45' title="bbox 216 2935 1883 3014">
     <span class='ocr_line' id='line_1_45' title="bbox 216 2935 1883 3014; baseline 0.004 -23"><span class='ocrx_word' id='word_1_294' title='bbox 216 2935 450 2994; x_wconf 70' lang='lat' dir='ltr'>melesia</span> <span class='ocrx_word' id='word_1_295' title='bbox 483 2936 850 3005; x_wconf 89' lang='lat' dir='ltr'>fabricata,in</span> <span class='ocrx_word' id='word_1_296' title='bbox 883 2937 1102 2994; x_wconf 91' lang='lat' dir='ltr'>honore</span> <span class='ocrx_word' id='word_1_297' title='bbox 1131 2939 1458 2995; x_wconf 88' lang='lat' dir='ltr'>beatissimi</span> <span class='ocrx_word' id='word_1_298' title='bbox 1479 2940 1632 2996; x_wconf 92' lang='lat' dir='ltr'>Petri</span> <span class='ocrx_word' id='word_1_299' title='bbox 1656 2955 1883 3014; x_wconf 83' lang='lat' dir='ltr'>aposto-</span> 
     </span>
    </p>
   </div>
   <div class='ocr_carea' id='block_1_46' title="bbox 212 3025 1879 3102">
    <p class='ocr_par' dir='ltr' id='par_1_46' title="bbox 212 3025 1879 3102">
     <span class='ocr_line' id='line_1_46' title="bbox 212 3025 1879 3102; baseline 0.002 -20"><span class='ocrx_word' id='word_1_300' title='bbox 212 3025 410 3082; x_wconf 91' lang='lat' dir='ltr'>lorum</span> <span class='ocrx_word' id='word_1_301' title='bbox 434 3025 720 3099; x_wconf 87' lang='lat' dir='ltr'>principis</span> <span class='ocrx_word' id='word_1_302' title='bbox 753 3030 1112 3095; x_wconf 88' lang='lat' dir='ltr'>consecrata,</span> <span class='ocrx_word' id='word_1_303' title='bbox 1148 3028 1247 3082; x_wconf 92' lang='lat' dir='ltr'>ubi</span> <span class='ocrx_word' id='word_1_304' title='bbox 1280 3032 1337 3084; x_wconf 90' lang='lat' dir='ltr'>et</span> <span class='ocrx_word' id='word_1_305' title='bbox 1369 3034 1607 3102; x_wconf 89' lang='lat' dir='ltr'>propter</span> <span class='ocrx_word' id='word_1_306' title='bbox 1641 3030 1879 3088; x_wconf 68' lang='lat' dir='ltr'>azclesiaa</span> 
     </span>
    </p>
   </div>
   <div class='ocr_carea' id='block_1_47' title="bbox 217 3114 1879 3188">
    <p class='ocr_par' dir='ltr' id='par_1_47' title="bbox 217 3114 1879 3188">
     <span class='ocr_line' id='line_1_47' title="bbox 217 3114 1879 3188; baseline 0.004 -17"><span class='ocrx_word' id='word_1_307' title='bbox 217 3114 620 3171; x_wconf 64' lang='lat' dir='ltr'>amoenitatem</span> <span class='ocrx_word' id='word_1_308' title='bbox 651 3115 881 3188; x_wconf 88' lang='lat' dir='ltr'>locique</span> <span class='ocrx_word' id='word_1_309' title='bbox 912 3116 1302 3173; x_wconf 90' lang='lat' dir='ltr'>munitionem</span> <span class='ocrx_word' id='word_1_310' title='bbox 1347 3117 1703 3176; x_wconf 88' lang='lat' dir='ltr'>Hulodoicus</span> <span class='ocrx_word' id='word_1_311' title='bbox 1753 3137 1879 3177; x_wconf 89' lang='lat' dir='ltr'>ma-</span> 
     </span>
    </p>
   </div>
   <div class='ocr_carea' id='block_1_48' title="bbox 219 3204 417 3260">
    <p class='ocr_par' dir='ltr' id='par_1_48' title="bbox 219 3204 417 3260">
     <span class='ocr_line' id='line_1_48' title="bbox 219 3204 417 3260; baseline -0.01 0"><span class='ocrx_word' id='word_1_312' title='bbox 219 3204 417 3260; x_wconf 87' lang='lat' dir='ltr'>nebat.</span> 
     </span>
    </p>
   </div>
   <div class='ocr_carea' id='block_1_49' title="bbox 2063 1959 3647 2033">
    <p class='ocr_par' dir='ltr' id='par_1_49' title="bbox 2063 1959 3647 2033">
     <span class='ocr_line' id='line_1_49' title="bbox 2063 1959 3647 2033; baseline 0.002 -19"><span class='ocrx_word' id='word_1_313' title='bbox 2063 1962 2152 2015; x_wconf 78' lang='grc'>42.</span> <span class='ocrx_word' id='word_1_314' title='bbox 2183 1959 2617 2033; x_wconf 86' lang='lat' dir='ltr'>Ilungariorum</span> <span class='ocrx_word' id='word_1_315' title='bbox 2648 1960 2870 2016; x_wconf 89' lang='lat' dir='ltr'>interea</span> <span class='ocrx_word' id='word_1_316' title='bbox 2900 1961 3111 2027; x_wconf 88' lang='lat' dir='ltr'>rabies,</span> <span class='ocrx_word' id='word_1_317' title='bbox 3146 1960 3288 2032; x_wconf 87' lang='lat' dir='ltr'>quia</span> <span class='ocrx_word' id='word_1_318' title='bbox 3326 1977 3427 2032; x_wconf 89' lang='lat' dir='ltr'>per</span> <span class='ocrx_word' id='word_1_319' title='bbox 3469 1962 3647 2017; x_wconf 87' lang='lat' dir='ltr'>Saxo-</span> 
     </span>
    </p>
   </div>
   <div class='ocr_carea' id='block_1_50' title="bbox 1991 2047 3644 2122">
    <p class='ocr_par' dir='ltr' id='par_1_50' title="bbox 1991 2047 3644 2122">
     <span class='ocr_line' id='line_1_50' title="bbox 1991 2047 3644 2122; baseline 0.002 -18"><span class='ocrx_word' id='word_1_320' title='bbox 1991 2065 2117 2116; x_wconf 88' lang='lat' dir='ltr'>nes,</span> <span class='ocrx_word' id='word_1_321' title='bbox 2151 2050 2428 2120; x_wconf 87' lang='lat' dir='ltr'>Francos,</span> <span class='ocrx_word' id='word_1_322' title='bbox 2461 2049 2704 2113; x_wconf 88' lang='lat' dir='ltr'>Suevos,</span> <span class='ocrx_word' id='word_1_323' title='bbox 2740 2047 3054 2122; x_wconf 87' lang='lat' dir='ltr'>Bagoarios</span> <span class='ocrx_word' id='word_1_324' title='bbox 3088 2048 3429 2120; x_wconf 86' lang='lat' dir='ltr'>nequibant,</span> <span class='ocrx_word' id='word_1_325' title='bbox 3461 2053 3644 2106; x_wconf 88' lang='lat' dir='ltr'>totam</span> 
     </span>
    </p>
   </div>
   <div class='ocr_carea' id='block_1_51' title="bbox 1990 2136 3646 2210">
    <p class='ocr_par' dir='ltr' id='par_1_51' title="bbox 1990 2136 3646 2210">
     <span class='ocr_line' id='line_1_51' title="bbox 1990 2136 3646 2210; baseline 0.001 -17"><span class='ocrx_word' id='word_1_326' title='bbox 1990 2155 2094 2210; x_wconf 91' lang='lat' dir='ltr'>per</span> <span class='ocrx_word' id='word_1_327' title='bbox 2128 2136 2356 2193; x_wconf 87' lang='lat' dir='ltr'>Italiam</span> <span class='ocrx_word' id='word_1_328' title='bbox 2406 2136 2586 2193; x_wconf 90' lang='lat' dir='ltr'>nullis</span> <span class='ocrx_word' id='word_1_329' title='bbox 2638 2136 3049 2193; x_wconf 88' lang='lat' dir='ltr'>resistentibus</span> <span class='ocrx_word' id='word_1_330' title='bbox 3099 2137 3398 2193; x_wconf 87' lang='lat' dir='ltr'>dilatatur.</span> <span class='ocrx_word' id='word_1_331' title='bbox 3430 2137 3646 2195; x_wconf 86' lang='lat' dir='ltr'>Verum</span> 
     </span>
    </p>
   </div>
   <div class='ocr_carea' id='block_1_52' title="bbox 1991 2225 3648 2299">
    <p class='ocr_par' dir='ltr' id='par_1_52' title="bbox 1991 2225 3648 2299">
     <span class='ocr_line' id='line_1_52' title="bbox 1991 2225 3648 2299; baseline 0.001 -18"><span class='ocrx_word' id='word_1_332' title='bbox 1991 2227 2132 2299; x_wconf 89' lang='lat' dir='ltr'>quia</span> <span class='ocrx_word' id='word_1_333' title='bbox 2162 2226 2549 2298; x_wconf 89' lang='lat' dir='ltr'>Berengarius</span> <span class='ocrx_word' id='word_1_334' title='bbox 2583 2225 2831 2281; x_wconf 89' lang='lat' dir='ltr'>ﬁrmiter</span> <span class='ocrx_word' id='word_1_335' title='bbox 2861 2243 3000 2282; x_wconf 89' lang='lat' dir='ltr'>suos</span> <span class='ocrx_word' id='word_1_336' title='bbox 3032 2225 3251 2282; x_wconf 90' lang='lat' dir='ltr'>milites</span> <span class='ocrx_word' id='word_1_337' title='bbox 3304 2225 3504 2284; x_wconf 88' lang='lat' dir='ltr'>ﬁdeles</span> <span class='ocrx_word' id='word_1_338' title='bbox 3545 2228 3648 2283; x_wconf 88' lang='lat' dir='ltr'>ha-</span> 
     </span>
    </p>
   </div>
   <div class='ocr_carea' id='block_1_53' title="bbox 1991 2314 3646 2390">
    <p class='ocr_par' dir='ltr' id='par_1_53' title="bbox 1991 2314 3646 2390">
     <span class='ocr_line' id='line_1_53' title="bbox 1991 2314 3646 2390; baseline 0.002 -20"><span class='ocrx_word' id='word_1_339' title='bbox 1991 2316 2126 2372; x_wconf 92' lang='lat' dir='ltr'>bere</span> <span class='ocrx_word' id='word_1_340' title='bbox 2158 2333 2275 2372; x_wconf 92' lang='lat' dir='ltr'>non</span> <span class='ocrx_word' id='word_1_341' title='bbox 2307 2320 2552 2388; x_wconf 88' lang='lat' dir='ltr'>poterat,</span> <span class='ocrx_word' id='word_1_342' title='bbox 2583 2315 2804 2372; x_wconf 88' lang='lat' dir='ltr'>amicos</span> <span class='ocrx_word' id='word_1_343' title='bbox 2835 2315 2950 2371; x_wconf 89' lang='lat' dir='ltr'>sibi</span> <span class='ocrx_word' id='word_1_344' title='bbox 2993 2314 3321 2390; x_wconf 88' lang='lat' dir='ltr'>Hungarios</span> <span class='ocrx_word' id='word_1_345' title='bbox 3354 2333 3470 2373; x_wconf 88' lang='lat' dir='ltr'>non</span> <span class='ocrx_word' id='word_1_346' title='bbox 3519 2333 3646 2374; x_wconf 92' lang='lat' dir='ltr'>me-</span> 
     </span>
    </p>
   </div>
   <div class='ocr_carea' id='block_1_54' title="bbox 1995 2405 2538 2461">
    <p class='ocr_par' dir='ltr' id='par_1_54' title="bbox 1995 2405 2538 2461">
     <span class='ocr_line' id='line_1_54' title="bbox 1995 2405 2538 2461; baseline 0 -1"><span class='ocrx_word' id='word_1_347' title='bbox 1995 2406 2276 2461; x_wconf 92' lang='lat' dir='ltr'>diocriter</span> <span class='ocrx_word' id='word_1_348' title='bbox 2307 2405 2538 2461; x_wconf 86' lang='lat' dir='ltr'>fecerat.</span> 
     </span>
    </p>
   </div>
   <div class='ocr_carea' id='block_1_55' title="bbox 2060 2492 3647 2566">
    <p class='ocr_par' dir='ltr' id='par_1_55' title="bbox 2060 2492 3647 2566">
     <span class='ocr_line' id='line_1_55' title="bbox 2060 2492 3647 2566; baseline -0.002 -15"><span class='ocrx_word' id='word_1_349' title='bbox 2060 2496 2150 2551; x_wconf 64' lang='lat'>43.</span> <span class='ocrx_word' id='word_1_350' title='bbox 2184 2495 2300 2551; x_wconf 91' lang='lat' dir='ltr'>Sed</span> <span class='ocrx_word' id='word_1_351' title='bbox 2329 2499 2387 2550; x_wconf 90' lang='lat' dir='ltr'>et</span> <span class='ocrx_word' id='word_1_352' title='bbox 2417 2494 2710 2562; x_wconf 90' lang='lat' dir='ltr'>Saraceni,</span> <span class='ocrx_word' id='word_1_353' title='bbox 2746 2494 2868 2566; x_wconf 92' lang='lat' dir='ltr'>qui,</span> <span class='ocrx_word' id='word_1_354' title='bbox 2904 2493 3058 2550; x_wconf 89' lang='lat' dir='ltr'>sicut</span> <span class='ocrx_word' id='word_1_355' title='bbox 3086 2492 3228 2560; x_wconf 87' lang='lat' dir='ltr'>dixi,</span> <span class='ocrx_word' id='word_1_356' title='bbox 3262 2494 3647 2549; x_wconf 85' lang='lat' dir='ltr'>Fraxenetum</span> 
     </span>
    </p>
   </div>
   <div class='ocr_carea' id='block_1_56' title="bbox 1991 2580 3646 2655">
    <p class='ocr_par' dir='ltr' id='par_1_56' title="bbox 1991 2580 3646 2655">
     <span class='ocr_line' id='line_1_56' title="bbox 1991 2580 3646 2655; baseline -0.001 -17"><span class='ocrx_word' id='word_1_357' title='bbox 1991 2583 2420 2653; x_wconf 85' lang='lat' dir='ltr'>inhabitabant,</span> <span class='ocrx_word' id='word_1_358' title='bbox 2475 2587 2612 2655; x_wconf 90' lang='lat' dir='ltr'>post</span> <span class='ocrx_word' id='word_1_359' title='bbox 2683 2581 3132 2638; x_wconf 87' lang='lat' dir='ltr'>labefactionem</span> <span class='ocrx_word' id='word_1_360' title='bbox 3193 2580 3646 2639; x_wconf 90' lang='lat' dir='ltr'>Provincialium</span> 
     </span>
    </p>
   </div>
   <div class='ocr_carea' id='block_1_57' title="bbox 1991 2671 3646 2744">
    <p class='ocr_par' dir='ltr' id='par_1_57' title="bbox 1991 2671 3646 2744">
     <span class='ocr_line' id='line_1_57' title="bbox 1991 2671 3646 2744; baseline -0.001 -16"><span class='ocrx_word' id='word_1_361' title='bbox 1991 2673 2280 2744; x_wconf 88' lang='lat' dir='ltr'>quasdam</span> <span class='ocrx_word' id='word_1_362' title='bbox 2313 2689 2581 2728; x_wconf 90' lang='lat' dir='ltr'>summas</span> <span class='ocrx_word' id='word_1_363' title='bbox 2609 2671 2783 2727; x_wconf 69' lang='lat' dir='ltr'>Italiae</span> <span class='ocrx_word' id='word_1_364' title='bbox 2810 2675 3005 2744; x_wconf 88' lang='lat' dir='ltr'>partes</span> <span class='ocrx_word' id='word_1_365' title='bbox 3035 2671 3382 2728; x_wconf 88' lang='lat' dir='ltr'>sibivicinas</span> <span class='ocrx_word' id='word_1_366' title='bbox 3395 2688 3511 2727; x_wconf 92' lang='lat' dir='ltr'>non</span> <span class='ocrx_word' id='word_1_367' title='bbox 3525 2687 3646 2727; x_wconf 90' lang='lat' dir='ltr'>me-</span> 
     </span>
    </p>
   </div>
   <div class='ocr_carea' id='block_1_58' title="bbox 1992 2759 3647 2832">
    <p class='ocr_par' dir='ltr' id='par_1_58' title="bbox 1992 2759 3647 2832">
     <span class='ocr_line' id='line_1_58' title="bbox 1992 2759 3647 2832; baseline -0.001 -15"><span class='ocrx_word' id='word_1_368' title='bbox 1992 2762 2264 2817; x_wconf 89' lang='lat' dir='ltr'>diocriter</span> <span class='ocrx_word' id='word_1_369' title='bbox 2293 2760 2628 2829; x_wconf 88' lang='lat' dir='ltr'>laniabant;</span> <span class='ocrx_word' id='word_1_370' title='bbox 2665 2761 2808 2817; x_wconf 86' lang='lat' dir='ltr'>adeo</span> <span class='ocrx_word' id='word_1_371' title='bbox 2834 2765 2919 2828; x_wconf 90' lang='lat' dir='ltr'>ut,</span> <span class='ocrx_word' id='word_1_372' title='bbox 2954 2759 3326 2832; x_wconf 87' lang='lat' dir='ltr'>depopulatis</span> <span class='ocrx_word' id='word_1_373' title='bbox 3373 2759 3647 2832; x_wconf 90' lang='lat' dir='ltr'>plurimis</span> 
     </span>
    </p>
   </div>
   <div class='ocr_carea' id='block_1_59' title="bbox 1991 2849 3650 2923">
    <p class='ocr_par' dir='ltr' id='par_1_59' title="bbox 1991 2849 3650 2923">
     <span class='ocr_line' id='line_1_59' title="bbox 1991 2849 3650 2923; baseline -0.001 -16"><span class='ocrx_word' id='word_1_374' title='bbox 1991 2851 2258 2918; x_wconf 90' lang='lat' dir='ltr'>urbibus,</span> <span class='ocrx_word' id='word_1_375' title='bbox 2290 2852 2488 2922; x_wconf 89' lang='lat' dir='ltr'>Aquas</span> <span class='ocrx_word' id='word_1_376' title='bbox 2532 2851 2644 2923; x_wconf 90' lang='lat'>(87)</span> <span class='ocrx_word' id='word_1_377' title='bbox 2676 2850 2964 2918; x_wconf 89' lang='lat' dir='ltr'>venirent,</span> <span class='ocrx_word' id='word_1_378' title='bbox 3018 2867 3145 2922; x_wconf 72' lang='lat' dir='ltr'>quas</span> <span class='ocrx_word' id='word_1_379' title='bbox 3191 2853 3280 2905; x_wconf 90' lang='lat' dir='ltr'>est</span> <span class='ocrx_word' id='word_1_380' title='bbox 3328 2849 3530 2906; x_wconf 90' lang='lat' dir='ltr'>civitas</span> <span class='ocrx_word' id='word_1_381' title='bbox 3581 2851 3650 2905; x_wconf 81' lang='grc'>40</span> 
     </span>
    </p>
   </div>
   <div class='ocr_carea' id='block_1_60' title="bbox 1990 2938 3651 3012">
    <p class='ocr_par' dir='ltr' id='par_1_60' title="bbox 1990 2938 3651 3012">
     <span class='ocr_line' id='line_1_60' title="bbox 1990 2938 3651 3012; baseline -0.002 -16"><span class='ocrx_word' id='word_1_382' title='bbox 1990 2941 2173 2996; x_wconf 85' lang='lat' dir='ltr'>ferme</span> <span class='ocrx_word' id='word_1_383' title='bbox 2199 2939 2471 2996; x_wconf 90' lang='lat' dir='ltr'>miliariis</span> <span class='ocrx_word' id='word_1_384' title='bbox 2496 2939 2676 3012; x_wconf 89' lang='lat' dir='ltr'>Papia</span> <span class='ocrx_word' id='word_1_385' title='bbox 2700 2939 2931 2995; x_wconf 89' lang='lat' dir='ltr'>distans</span> <span class='ocrx_word' id='word_1_386' title='bbox 2956 2938 3182 3003; x_wconf 58' lang='lat' dir='ltr'>“2.0m:</span> <span class='ocrx_word' id='word_1_387' title='bbox 3213 2938 3391 2994; x_wconf 91' lang='lat' dir='ltr'>etiam</span> <span class='ocrx_word' id='word_1_388' title='bbox 3413 2941 3651 3011; x_wconf 90' lang='lat' dir='ltr'>propter</span> 
     </span>
    </p>
   </div>
   <div class='ocr_carea' id='block_1_61' title="bbox 1988 3027 3649 3102">
    <p class='ocr_par' dir='ltr' id='par_1_61' title="bbox 1988 3027 3649 3102">
     <span class='ocr_line' id='line_1_61' title="bbox 1988 3027 3649 3102; baseline -0.002 -16"><span class='ocrx_word' id='word_1_389' title='bbox 1988 3029 2250 3086; x_wconf 85' lang='lat' dir='ltr'>thermas</span> <span class='ocrx_word' id='word_1_390' title='bbox 2285 3028 2435 3084; x_wconf 92' lang='lat' dir='ltr'>miro</span> <span class='ocrx_word' id='word_1_391' title='bbox 2466 3028 2526 3084; x_wconf 93' lang='lat' dir='ltr'>in</span> <span class='ocrx_word' id='word_1_392' title='bbox 2557 3033 2932 3102; x_wconf 89' lang='lat' dir='ltr'>tetragonum</span> <span class='ocrx_word' id='word_1_393' title='bbox 2950 3028 3125 3084; x_wconf 91' lang='lat' dir='ltr'>modo</span> <span class='ocrx_word' id='word_1_394' title='bbox 3151 3027 3649 3084; x_wconf 87' lang='lat' dir='ltr'>adlavandumibi</span> 
     </span>
    </p>
   </div>
   <div class='ocr_carea' id='block_1_62' title="bbox 1989 3117 3646 3190">
    <p class='ocr_par' dir='ltr' id='par_1_62' title="bbox 1989 3117 3646 3190">
     <span class='ocr_line' id='line_1_62' title="bbox 1989 3117 3646 3190; baseline -0.001 -16"><span class='ocrx_word' id='word_1_395' title='bbox 1989 3119 2340 3175; x_wconf 89' lang='lat' dir='ltr'>constitutas</span> <span class='ocrx_word' id='word_1_396' title='bbox 2367 3117 2721 3174; x_wconf 88' lang='lat' dir='ltr'>vocabulum</span> <span class='ocrx_word' id='word_1_397' title='bbox 2752 3118 2999 3190; x_wconf 84' lang='lat' dir='ltr'>hujusce</span> <span class='ocrx_word' id='word_1_398' title='bbox 3030 3118 3239 3174; x_wconf 87' lang='lat' dir='ltr'>sortita</span> <span class='ocrx_word' id='word_1_399' title='bbox 3275 3121 3384 3174; x_wconf 89' lang='lat' dir='ltr'>est.</span> <span class='ocrx_word' id='word_1_400' title='bbox 3420 3118 3646 3174; x_wconf 89' lang='lat' dir='ltr'>Tantus</span> 
     </span>
    </p>
   </div>
   <div class='ocr_carea' id='block_1_63' title="bbox 1988 3205 3647 3278">
    <p class='ocr_par' dir='ltr' id='par_1_63' title="bbox 1988 3205 3647 3278">
     <span class='ocr_line' id='line_1_63' title="bbox 1988 3205 3647 3278; baseline -0.002 -14"><span class='ocrx_word' id='word_1_401' title='bbox 1988 3207 2145 3264; x_wconf 90' lang='lat' dir='ltr'>enim</span> <span class='ocrx_word' id='word_1_402' title='bbox 2171 3207 2350 3263; x_wconf 92' lang='lat' dir='ltr'>timor</span> <span class='ocrx_word' id='word_1_403' title='bbox 2374 3206 2666 3262; x_wconf 85' lang='lat' dir='ltr'>invaserat</span> <span class='ocrx_word' id='word_1_404' title='bbox 2697 3207 3022 3273; x_wconf 89' lang='lat' dir='ltr'>universos,</span> <span class='ocrx_word' id='word_1_405' title='bbox 3048 3210 3113 3262; x_wconf 88' lang='lat' dir='ltr'>ut</span> <span class='ocrx_word' id='word_1_406' title='bbox 3142 3205 3342 3261; x_wconf 89' lang='lat' dir='ltr'>nullus</span> <span class='ocrx_word' id='word_1_407' title='bbox 3363 3210 3518 3262; x_wconf 89' lang='lat' dir='ltr'>esset</span> <span class='ocrx_word' id='word_1_408' title='bbox 3547 3205 3647 3278; x_wconf 91' lang='lat' dir='ltr'>qui</span> 
     </span>
    </p>
   </div>
   <div class='ocr_carea' id='block_1_64' title="bbox 289 3281 3648 3369">
    <p class='ocr_par' dir='ltr' id='par_1_64' title="bbox 289 3281 3648 3369">
     <span class='ocr_line' id='line_1_64' title="bbox 289 3281 3648 3369; baseline -0.001 -17"><span class='ocrx_word' id='word_1_409' title='bbox 289 3294 379 3348; x_wconf 86' lang='grc'>41.</span> <span class='ocrx_word' id='word_1_410' title='bbox 404 3293 790 3366; x_wconf 80' lang='lat' dir='ltr'>Berengarius</span> <span class='ocrx_word' id='word_1_411' title='bbox 821 3294 1176 3368; x_wconf 88' lang='lat' dir='ltr'>denique,ut</span> <span class='ocrx_word' id='word_1_412' title='bbox 1205 3297 1430 3369; x_wconf 69' lang='lat' dir='ltr'>praefati</span> <span class='ocrx_word' id='word_1_413' title='bbox 1461 3304 1874 3362; x_wconf 85' lang='lat' dir='ltr'>sumus,noctu</span> <span class='ocrx_word' id='word_1_414' title='bbox 1907 3281 1950 3348; x_wconf 85' lang='lat' dir='ltr'>C</span> <span class='ocrx_word' id='word_1_415' title='bbox 1989 3295 2199 3352; x_wconf 91' lang='lat' dir='ltr'>horum</span> <span class='ocrx_word' id='word_1_416' title='bbox 2233 3295 2604 3368; x_wconf 65' lang='lat' dir='ltr'>praasentiam</span> <span class='ocrx_word' id='word_1_417' title='bbox 2632 3294 2743 3351; x_wconf 90' lang='lat' dir='ltr'>nisi</span> <span class='ocrx_word' id='word_1_418' title='bbox 2779 3296 2923 3352; x_wconf 82' lang='lat' dir='ltr'>forte</span> <span class='ocrx_word' id='word_1_419' title='bbox 2952 3293 3266 3352; x_wconf 89' lang='lat' dir='ltr'>tutissimis</span> <span class='ocrx_word' id='word_1_420' title='bbox 3291 3292 3648 3366; x_wconf 77' lang='lat' dir='ltr'>praestolare-</span> 
     </span>
    </p>
   </div>
   <div class='ocr_carea' id='block_1_65' title="bbox 217 3381 1878 3455">
    <p class='ocr_par' dir='ltr' id='par_1_65' title="bbox 217 3381 1878 3455">
     <span class='ocr_line' id='line_1_65' title="bbox 217 3381 1878 3455; baseline 0.004 -18"><span class='ocrx_word' id='word_1_421' title='bbox 217 3381 514 3438; x_wconf 88' lang='lat' dir='ltr'>civitatem</span> <span class='ocrx_word' id='word_1_422' title='bbox 545 3383 873 3455; x_wconf 88' lang='lat' dir='ltr'>ingressus,</span> <span class='ocrx_word' id='word_1_423' title='bbox 896 3383 1048 3440; x_wconf 90' lang='lat' dir='ltr'>clam</span> <span class='ocrx_word' id='word_1_424' title='bbox 1076 3385 1396 3443; x_wconf 89' lang='lat' dir='ltr'>Hulodoico</span> <span class='ocrx_word' id='word_1_425' title='bbox 1421 3387 1545 3443; x_wconf 90' lang='lat' dir='ltr'>suis</span> <span class='ocrx_word' id='word_1_426' title='bbox 1563 3405 1698 3444; x_wconf 92' lang='lat' dir='ltr'>cum</span> <span class='ocrx_word' id='word_1_427' title='bbox 1721 3389 1878 3444; x_wconf 90' lang='lat' dir='ltr'>mili-</span> 
     </span>
    </p>
   </div>
   <div class='ocr_carea' id='block_1_66' title="bbox 219 3471 1877 3550">
    <p class='ocr_par' dir='ltr' id='par_1_66' title="bbox 219 3471 1877 3550">
     <span class='ocr_line' id='line_1_66' title="bbox 219 3471 1877 3550; baseline 0.004 -24"><span class='ocrx_word' id='word_1_428' title='bbox 219 3471 381 3527; x_wconf 90' lang='lat' dir='ltr'>tibus</span> <span class='ocrx_word' id='word_1_429' title='bbox 410 3475 648 3544; x_wconf 91' lang='lat' dir='ltr'>pontem</span> <span class='ocrx_word' id='word_1_430' title='bbox 680 3473 1101 3545; x_wconf 89' lang='lat' dir='ltr'>pertransiens,</span> <span class='ocrx_word' id='word_1_431' title='bbox 1135 3475 1196 3529; x_wconf 90' lang='lat' dir='ltr'>in</span> <span class='ocrx_word' id='word_1_432' title='bbox 1241 3475 1369 3547; x_wconf 90' lang='lat' dir='ltr'>ipso</span> <span class='ocrx_word' id='word_1_433' title='bbox 1418 3493 1628 3532; x_wconf 91' lang='lat' dir='ltr'>aurore</span> <span class='ocrx_word' id='word_1_434' title='bbox 1671 3495 1877 3550; x_wconf 89' lang='lat' dir='ltr'>crepu-</span> 
     </span>
    </p>
   </div>
   <div class='ocr_carea' id='block_1_67' title="bbox 216 3559 1879 3640">
    <p class='ocr_par' dir='ltr' id='par_1_67' title="bbox 216 3559 1879 3640">
     <span class='ocr_line' id='line_1_67' title="bbox 216 3559 1879 3640; baseline 0.004 -23"><span class='ocrx_word' id='word_1_435' title='bbox 216 3559 383 3617; x_wconf 91' lang='lat' dir='ltr'>sculo</span> <span class='ocrx_word' id='word_1_436' title='bbox 413 3560 572 3616; x_wconf 90' lang='lat' dir='ltr'>hunc</span> <span class='ocrx_word' id='word_1_437' title='bbox 601 3577 791 3634; x_wconf 91' lang='lat' dir='ltr'>usque</span> <span class='ocrx_word' id='word_1_438' title='bbox 820 3563 1072 3618; x_wconf 89' lang='lat' dir='ltr'>advenit.</span> <span class='ocrx_word' id='word_1_439' title='bbox 1094 3563 1201 3628; x_wconf 89' lang='lat' dir='ltr'>Qui</span> <span class='ocrx_word' id='word_1_440' title='bbox 1223 3564 1478 3621; x_wconf 90' lang='lat' dir='ltr'>clamore</span> <span class='ocrx_word' id='word_1_441' title='bbox 1509 3566 1879 3640; x_wconf 90' lang='lat' dir='ltr'>strepituque</span> 
     </span>
    </p>
   </div>
   <div class='ocr_carea' id='block_1_68' title="bbox 215 3648 1876 3727">
    <p class='ocr_par' dir='ltr' id='par_1_68' title="bbox 215 3648 1876 3727">
     <span class='ocr_line' id='line_1_68' title="bbox 215 3648 1876 3727; baseline 0.006 -24"><span class='ocrx_word' id='word_1_442' title='bbox 215 3648 475 3706; x_wconf 90' lang='lat' dir='ltr'>militum</span> <span class='ocrx_word' id='word_1_443' title='bbox 507 3650 781 3718; x_wconf 85' lang='lat' dir='ltr'>exitatus,</span> <span class='ocrx_word' id='word_1_444' title='bbox 817 3651 1267 3726; x_wconf 87' lang='lat' dir='ltr'>sciscitatusque</span> <span class='ocrx_word' id='word_1_445' title='bbox 1297 3655 1438 3727; x_wconf 92' lang='lat' dir='ltr'>quid</span> <span class='ocrx_word' id='word_1_446' title='bbox 1469 3661 1642 3726; x_wconf 91' lang='lat' dir='ltr'>esset,</span> <span class='ocrx_word' id='word_1_447' title='bbox 1678 3657 1736 3712; x_wconf 91' lang='lat' dir='ltr'>in</span> <span class='ocrx_word' id='word_1_448' title='bbox 1769 3675 1876 3713; x_wconf 66' lang='lat' dir='ltr'>aec-</span> 
     </span>
    </p>
   </div>
   <div class='ocr_carea' id='block_1_69' title="bbox 211 3736 1876 3819">
    <p class='ocr_par' dir='ltr' id='par_1_69' title="bbox 211 3736 1876 3819">
     <span class='ocr_line' id='line_1_69' title="bbox 211 3736 1876 3819; baseline 0.006 -27"><span class='ocrx_word' id='word_1_449' title='bbox 211 3736 454 3793; x_wconf 86' lang='lat' dir='ltr'>clesiam</span> <span class='ocrx_word' id='word_1_450' title='bbox 498 3739 691 3812; x_wconf 87' lang='lat' dir='ltr'>fugiit,</span> <span class='ocrx_word' id='word_1_451' title='bbox 728 3739 1045 3814; x_wconf 90' lang='lat' dir='ltr'>nullusque</span> <span class='ocrx_word' id='word_1_452' title='bbox 1093 3759 1250 3810; x_wconf 92' lang='lat' dir='ltr'>eum,</span> <span class='ocrx_word' id='word_1_453' title='bbox 1283 3749 1494 3816; x_wconf 71' lang='lat' dir='ltr'>prazter</span> <span class='ocrx_word' id='word_1_454' title='bbox 1542 3746 1876 3819; x_wconf 90' lang='lat' dir='ltr'>Berengarii</span> 
     </span>
    </p>
   </div>
   <div class='ocr_carea' id='block_1_70' title="bbox 212 3826 1874 3906">
    <p class='ocr_par' dir='ltr' id='par_1_70' title="bbox 212 3826 1874 3906">
     <span class='ocr_line' id='line_1_70' title="bbox 212 3826 1874 3906; baseline 0.005 -25"><span class='ocrx_word' id='word_1_455' title='bbox 212 3826 464 3884; x_wconf 90' lang='lat' dir='ltr'>militem</span> <span class='ocrx_word' id='word_1_456' title='bbox 511 3845 719 3897; x_wconf 91' lang='lat' dir='ltr'>unum,</span> <span class='ocrx_word' id='word_1_457' title='bbox 753 3830 855 3885; x_wconf 90' lang='lat' dir='ltr'>ubi</span> <span class='ocrx_word' id='word_1_458' title='bbox 904 3835 1079 3899; x_wconf 90' lang='lat' dir='ltr'>esset,</span> <span class='ocrx_word' id='word_1_459' title='bbox 1115 3833 1368 3906; x_wconf 86' lang='lat' dir='ltr'>agnovit.</span> <span class='ocrx_word' id='word_1_460' title='bbox 1404 3835 1511 3900; x_wconf 89' lang='lat' dir='ltr'>Qui</span> <span class='ocrx_word' id='word_1_461' title='bbox 1544 3835 1874 3892; x_wconf 88' lang='lat' dir='ltr'>misericor-</span> 
     </span>
    </p>
   </div>
   <div class='ocr_carea' id='block_1_71' title="bbox 210 3915 1876 3993">
    <p class='ocr_par' dir='ltr' id='par_1_71' title="bbox 210 3915 1876 3993">
     <span class='ocr_line' id='line_1_71' title="bbox 210 3915 1876 3993; baseline 0.007 -23"><span class='ocrx_word' id='word_1_462' title='bbox 210 3915 311 3971; x_wconf 87' lang='lat' dir='ltr'>dia</span> <span class='ocrx_word' id='word_1_463' title='bbox 333 3920 554 3985; x_wconf 89' lang='lat' dir='ltr'>motus,</span> <span class='ocrx_word' id='word_1_464' title='bbox 589 3917 778 3974; x_wconf 90' lang='lat' dir='ltr'>noluit</span> <span class='ocrx_word' id='word_1_465' title='bbox 806 3919 964 3975; x_wconf 89' lang='lat' dir='ltr'>hunc</span> <span class='ocrx_word' id='word_1_466' title='bbox 995 3921 1260 3993; x_wconf 90' lang='lat' dir='ltr'>prodere,</span> <span class='ocrx_word' id='word_1_467' title='bbox 1285 3923 1385 3977; x_wconf 91' lang='lat' dir='ltr'>sed</span> <span class='ocrx_word' id='word_1_468' title='bbox 1419 3922 1876 3981; x_wconf 88' lang='lat' dir='ltr'>celare.Timens</span> 
     </span>
    </p>
   </div>
   <div class='ocr_carea' id='block_1_72' title="bbox 203 4005 1875 4087">
    <p class='ocr_par' dir='ltr' id='par_1_72' title="bbox 203 4005 1875 4087">
     <span class='ocr_line' id='line_1_72' title="bbox 203 4005 1875 4087; baseline 0.007 -28"><span class='ocrx_word' id='word_1_469' title='bbox 203 4021 347 4061; x_wconf 89' lang='lat' dir='ltr'>vero</span> <span class='ocrx_word' id='word_1_470' title='bbox 375 4005 676 4076; x_wconf 90' lang='lat' dir='ltr'>isdem,ne</span> <span class='ocrx_word' id='word_1_471' title='bbox 707 4008 779 4062; x_wconf 89' lang='lat' dir='ltr'>ab</span> <span class='ocrx_word' id='word_1_472' title='bbox 807 4007 939 4065; x_wconf 90' lang='lat' dir='ltr'>aliis</span> <span class='ocrx_word' id='word_1_473' title='bbox 971 4014 1237 4081; x_wconf 88' lang='lat' dir='ltr'>repertus</span> <span class='ocrx_word' id='word_1_474' title='bbox 1265 4012 1616 4083; x_wconf 87' lang='lat' dir='ltr'>proderetur</span> <span class='ocrx_word' id='word_1_475' title='bbox 1635 4013 1875 4087; x_wconf 88' lang='lat' dir='ltr'>vitaque</span> 
     </span>
    </p>
   </div>
   <div class='ocr_carea' id='block_1_73' title="bbox 209 4093 1875 4176">
    <p class='ocr_par' dir='ltr' id='par_1_73' title="bbox 209 4093 1875 4176">
     <span class='ocr_line' id='line_1_73' title="bbox 209 4093 1875 4176; baseline 0.007 -27"><span class='ocrx_word' id='word_1_476' title='bbox 209 4093 585 4164; x_wconf 89' lang='lat' dir='ltr'>multaretur,</span> <span class='ocrx_word' id='word_1_477' title='bbox 635 4095 1054 4170; x_wconf 88' lang='lat' dir='ltr'>Berengarium</span> <span class='ocrx_word' id='word_1_478' title='bbox 1100 4100 1224 4156; x_wconf 89' lang='lat' dir='ltr'>adit</span> <span class='ocrx_word' id='word_1_479' title='bbox 1275 4101 1389 4173; x_wconf 84' lang='lat' dir='ltr'>(an.</span> <span class='ocrx_word' id='word_1_480' title='bbox 1424 4102 1572 4171; x_wconf 87' lang='lat'>905),</span> <span class='ocrx_word' id='word_1_481' title='bbox 1620 4119 1875 4176; x_wconf 88' lang='lat' dir='ltr'>eumque</span> 
     </span>
    </p>
   </div>
   <div class='ocr_carea' id='block_1_74' title="bbox 203 4182 1873 4260">
    <p class='ocr_par' dir='ltr' id='par_1_74' title="bbox 203 4182 1873 4260">
     <span class='ocr_line' id='line_1_74' title="bbox 203 4182 1873 4260; baseline 0.006 -22"><span class='ocrx_word' id='word_1_482' title='bbox 203 4182 291 4239; x_wconf 90' lang='lat' dir='ltr'>ita</span> <span class='ocrx_word' id='word_1_483' title='bbox 319 4183 592 4239; x_wconf 88' lang='lat' dir='ltr'>convenit</span> <span class='ocrx_word' id='word_1_484' title='bbox 617 4200 630 4241; x_wconf 89' lang='lat'><strong>:</strong></span> <span class='ocrx_word' id='word_1_485' title='bbox 664 4207 691 4235; x_wconf 82' lang='lat'>«</span> <span class='ocrx_word' id='word_1_486' title='bbox 726 4185 1013 4250; x_wconf 87' lang='lat' dir='ltr'>Quoniam</span> <span class='ocrx_word' id='word_1_487' title='bbox 1047 4188 1285 4260; x_wconf 80' lang='lat' dir='ltr'>quidem</span> <span class='ocrx_word' id='word_1_488' title='bbox 1315 4191 1464 4246; x_wconf 88' lang='lat' dir='ltr'>tanti</span> <span class='ocrx_word' id='word_1_489' title='bbox 1495 4194 1550 4246; x_wconf 91' lang='lat' dir='ltr'>te</span> <span class='ocrx_word' id='word_1_490' title='bbox 1581 4191 1736 4248; x_wconf 91' lang='lat' dir='ltr'>Deus</span> <span class='ocrx_word' id='word_1_491' title='bbox 1767 4192 1873 4248; x_wconf 88' lang='lat' dir='ltr'>ha-</span> 
     </span>
    </p>
   </div>
   <div class='ocr_carea' id='block_1_75' title="bbox 201 4272 1870 4352">
    <p class='ocr_par' dir='ltr' id='par_1_75' title="bbox 201 4272 1870 4352">
     <span class='ocr_line' id='line_1_75' title="bbox 201 4272 1870 4352; baseline 0.006 -24"><span class='ocrx_word' id='word_1_492' title='bbox 201 4272 355 4339; x_wconf 91' lang='lat' dir='ltr'>buit,</span> <span class='ocrx_word' id='word_1_493' title='bbox 391 4276 458 4328; x_wconf 92' lang='lat' dir='ltr'>ut</span> <span class='ocrx_word' id='word_1_494' title='bbox 487 4277 656 4330; x_wconf 90' lang='lat' dir='ltr'>tuum</span> <span class='ocrx_word' id='word_1_495' title='bbox 691 4277 959 4349; x_wconf 90' lang='lat' dir='ltr'>proprias</span> <span class='ocrx_word' id='word_1_496' title='bbox 992 4277 1052 4333; x_wconf 92' lang='lat' dir='ltr'>in</span> <span class='ocrx_word' id='word_1_497' title='bbox 1086 4295 1297 4334; x_wconf 89' lang='lat' dir='ltr'>manus</span> <span class='ocrx_word' id='word_1_498' title='bbox 1323 4280 1579 4336; x_wconf 86' lang='lat' dir='ltr'>traderet</span> <span class='ocrx_word' id='word_1_499' title='bbox 1619 4281 1870 4352; x_wconf 91' lang='lat' dir='ltr'>hostem,</span> 
     </span>
    </p>
   </div>
   <div class='ocr_carea' id='block_1_76' title="bbox 204 4361 1871 4444">
    <p class='ocr_par' dir='ltr' id='par_1_76' title="bbox 204 4361 1871 4444">
     <span class='ocr_line' id='line_1_76' title="bbox 204 4361 1871 4444; baseline 0.007 -28"><span class='ocrx_word' id='word_1_500' title='bbox 204 4361 384 4418; x_wconf 88' lang='lat' dir='ltr'>debes</span> <span class='ocrx_word' id='word_1_501' title='bbox 418 4366 476 4418; x_wconf 89' lang='lat' dir='ltr'>et</span> <span class='ocrx_word' id='word_1_502' title='bbox 506 4367 568 4419; x_wconf 91' lang='lat' dir='ltr'>tu</span> <span class='ocrx_word' id='word_1_503' title='bbox 600 4365 730 4435; x_wconf 85' lang='lat' dir='ltr'>ejus</span> <span class='ocrx_word' id='word_1_504' title='bbox 763 4367 1008 4435; x_wconf 90' lang='lat' dir='ltr'>monita,</span> <span class='ocrx_word' id='word_1_505' title='bbox 1043 4368 1224 4424; x_wconf 91' lang='lat' dir='ltr'>immo</span> <span class='ocrx_word' id='word_1_506' title='bbox 1256 4372 1871 4444; x_wconf 61' lang='lat' dir='ltr'>praecepta,magnifa-</span> 
     </span>
    </p>
   </div>
   <div class='ocr_carea' id='block_1_77' title="bbox 203 4451 1872 4526">
    <p class='ocr_par' dir='ltr' id='par_1_77' title="bbox 203 4451 1872 4526">
     <span class='ocr_line' id='line_1_77' title="bbox 203 4451 1872 4526; baseline 0.005 -20"><span class='ocrx_word' id='word_1_507' title='bbox 203 4466 353 4507; x_wconf 90' lang='lat' dir='ltr'>cere.</span> <span class='ocrx_word' id='word_1_508' title='bbox 371 4451 570 4524; x_wconf 90' lang='lat' dir='ltr'>Inquit</span> <span class='ocrx_word' id='word_1_509' title='bbox 599 4453 756 4509; x_wconf 92' lang='lat' dir='ltr'>enim</span> <span class='ocrx_word' id='word_1_510' title='bbox 790 4471 803 4510; x_wconf 76' lang='grc' dir='ltr'><em>τ</em></span> <span class='ocrx_word' id='word_1_511' title='bbox 832 4457 1013 4513; x_wconf 84' lang='lat' dir='ltr'>Estote</span> <span class='ocrx_word' id='word_1_512' title='bbox 1037 4458 1434 4526; x_wconf 73' lang='lat' dir='ltr'>misericordes,</span> <span class='ocrx_word' id='word_1_513' title='bbox 1457 4461 1600 4514; x_wconf 80' lang='lat' dir='ltr'>sicut</span> <span class='ocrx_word' id='word_1_514' title='bbox 1628 4468 1680 4516; x_wconf 89' lang='lat' dir='ltr'>et</span> <span class='ocrx_word' id='word_1_515' title='bbox 1708 4463 1872 4516; x_wconf 87' lang='lat' dir='ltr'>Pater</span> 
     </span>
    </p>
   </div>
   <div class='ocr_carea' id='block_1_78' title="bbox 201 4542 1868 4621">
    <p class='ocr_par' dir='ltr' id='par_1_78' title="bbox 201 4542 1868 4621">
     <span class='ocr_line' id='line_1_78' title="bbox 201 4542 1868 4621; baseline 0.006 -26"><span class='ocrx_word' id='word_1_516' title='bbox 201 4546 376 4596; x_wconf 78' lang='lat' dir='ltr'>vester</span> <span class='ocrx_word' id='word_1_517' title='bbox 402 4542 714 4598; x_wconf 77' lang='lat' dir='ltr'>misericors</span> <span class='ocrx_word' id='word_1_518' title='bbox 742 4548 841 4600; x_wconf 80' lang='lat' dir='ltr'>est.</span> <span class='ocrx_word' id='word_1_519' title='bbox 879 4545 1066 4601; x_wconf 80' lang='lat' dir='ltr'>Nolite</span> <span class='ocrx_word' id='word_1_520' title='bbox 1097 4546 1378 4618; x_wconf 77' lang='lat' dir='ltr'>judicare,</span> <span class='ocrx_word' id='word_1_521' title='bbox 1412 4551 1462 4602; x_wconf 83' lang='lat' dir='ltr'>et</span> <span class='ocrx_word' id='word_1_522' title='bbox 1491 4563 1604 4602; x_wconf 84' lang='lat' dir='ltr'>non</span> <span class='ocrx_word' id='word_1_523' title='bbox 1641 4548 1868 4621; x_wconf 85' lang='lat' dir='ltr'>judica-</span> 
     </span>
    </p>
   </div>
   <div class='ocr_carea' id='block_1_79' title="bbox 1987 3385 2365 3441">
    <p class='ocr_par' dir='ltr' id='par_1_79' title="bbox 1987 3385 2365 3441">
     <span class='ocr_line' id='line_1_79' title="bbox 1987 3385 2365 3441; baseline -0.005 0"><span class='ocrx_word' id='word_1_524' title='bbox 1987 3389 2086 3441; x_wconf 88' lang='lat' dir='ltr'>tur</span> <span class='ocrx_word' id='word_1_525' title='bbox 2114 3385 2174 3440; x_wconf 90' lang='lat' dir='ltr'>in</span> <span class='ocrx_word' id='word_1_526' title='bbox 2200 3385 2365 3440; x_wconf 91' lang='lat' dir='ltr'>locis.</span> 
     </span>
    </p>
   </div>
   <div class='ocr_carea' id='block_1_80' title="bbox 2059 3467 3646 3543">
    <p class='ocr_par' dir='ltr' id='par_1_80' title="bbox 2059 3467 3646 3543">
     <span class='ocr_line' id='line_1_80' title="bbox 2059 3467 3646 3543; baseline -0.003 -14"><span class='ocrx_word' id='word_1_527' title='bbox 2059 3475 2149 3529; x_wconf 78' lang='grc'>44.</span> <span class='ocrx_word' id='word_1_528' title='bbox 2183 3473 2398 3529; x_wconf 90' lang='lat' dir='ltr'>Eodem</span> <span class='ocrx_word' id='word_1_529' title='bbox 2442 3476 2704 3543; x_wconf 88' lang='lat' dir='ltr'>tempore</span> <span class='ocrx_word' id='word_1_530' title='bbox 2752 3470 3025 3526; x_wconf 88' lang='lat' dir='ltr'>Saraceni</span> <span class='ocrx_word' id='word_1_531' title='bbox 3066 3471 3138 3525; x_wconf 90' lang='lat' dir='ltr'>ab</span> <span class='ocrx_word' id='word_1_532' title='bbox 3180 3467 3373 3524; x_wconf 87' lang='lat' dir='ltr'>Africa</span> <span class='ocrx_word' id='word_1_533' title='bbox 3419 3467 3646 3524; x_wconf 87' lang='lat' dir='ltr'>ratibus</span> 
     </span>
    </p>
   </div>
   <div class='ocr_carea' id='block_1_81' title="bbox 1987 3557 3646 3632">
    <p class='ocr_par' dir='ltr' id='par_1_81' title="bbox 1987 3557 3646 3632">
     <span class='ocr_line' id='line_1_81' title="bbox 1987 3557 3646 3632; baseline -0.003 -14"><span class='ocrx_word' id='word_1_534' title='bbox 1987 3566 2285 3629; x_wconf 85' lang='lat' dir='ltr'>exeuntes,</span> <span class='ocrx_word' id='word_1_535' title='bbox 2319 3560 2670 3628; x_wconf 87' lang='lat' dir='ltr'>Calabriam,</span> <span class='ocrx_word' id='word_1_536' title='bbox 2697 3557 3036 3632; x_wconf 89' lang='lat' dir='ltr'>Appuliam,</span> <span class='ocrx_word' id='word_1_537' title='bbox 3069 3560 3484 3624; x_wconf 89' lang='lat' dir='ltr'>Beneventum,</span> <span class='ocrx_word' id='word_1_538' title='bbox 3529 3559 3646 3613; x_wconf 85' lang='lat' dir='ltr'>Ro-</span> 
     </span>
    </p>
   </div>
   <div class='ocr_carea' id='block_1_82' title="bbox 1987 3647 3647 3720">
    <p class='ocr_par' dir='ltr' id='par_1_82' title="bbox 1987 3647 3647 3720">
     <span class='ocr_line' id='line_1_82' title="bbox 1987 3647 3647 3720; baseline -0.002 -14"><span class='ocrx_word' id='word_1_539' title='bbox 1987 3667 2298 3706; x_wconf 90' lang='lat' dir='ltr'>manorum</span> <span class='ocrx_word' id='word_1_540' title='bbox 2329 3650 2508 3705; x_wconf 88' lang='lat' dir='ltr'>etiam</span> <span class='ocrx_word' id='word_1_541' title='bbox 2542 3665 2708 3720; x_wconf 84' lang='lat' dir='ltr'>pcene</span> <span class='ocrx_word' id='word_1_542' title='bbox 2736 3664 2941 3704; x_wconf 91' lang='lat' dir='ltr'>omnes</span> <span class='ocrx_word' id='word_1_543' title='bbox 2972 3647 3237 3704; x_wconf 89' lang='lat' dir='ltr'>civitates</span> <span class='ocrx_word' id='word_1_544' title='bbox 3263 3647 3346 3703; x_wconf 89' lang='lat' dir='ltr'>ita</span> <span class='ocrx_word' id='word_1_545' title='bbox 3389 3663 3647 3719; x_wconf 86' lang='lat' dir='ltr'>occupa-</span> 
     </span>
    </p>
   </div>
   <div class='ocr_carea' id='block_1_83' title="bbox 1985 3735 3646 3811">
    <p class='ocr_par' dir='ltr' id='par_1_83' title="bbox 1985 3735 3646 3811">
     <span class='ocr_line' id='line_1_83' title="bbox 1985 3735 3646 3811; baseline -0.003 -15"><span class='ocrx_word' id='word_1_546' title='bbox 1985 3743 2287 3808; x_wconf 89' lang='lat' dir='ltr'>verunt,ut</span> <span class='ocrx_word' id='word_1_547' title='bbox 2318 3755 2802 3811; x_wconf 90' lang='lat' dir='ltr'>unamquamque</span> <span class='ocrx_word' id='word_1_548' title='bbox 2815 3737 3108 3793; x_wconf 87' lang='lat' dir='ltr'>civitatem</span> <span class='ocrx_word' id='word_1_549' title='bbox 3128 3736 3382 3792; x_wconf 89' lang='lat' dir='ltr'>mediam</span> <span class='ocrx_word' id='word_1_550' title='bbox 3397 3735 3646 3792; x_wconf 87' lang='lat' dir='ltr'>Romani</span> 
     </span>
    </p>
   </div>
   <div class='ocr_carea' id='block_1_84' title="bbox 1986 3826 3646 3900">
    <p class='ocr_par' dir='ltr' id='par_1_84' title="bbox 1986 3826 3646 3900">
     <span class='ocr_line' id='line_1_84' title="bbox 1986 3826 3646 3900; baseline -0.001 -15"><span class='ocrx_word' id='word_1_551' title='bbox 1986 3829 2337 3898; x_wconf 88' lang='lat' dir='ltr'>obtinerent,</span> <span class='ocrx_word' id='word_1_552' title='bbox 2372 3828 2628 3884; x_wconf 90' lang='lat' dir='ltr'>mediam</span> <span class='ocrx_word' id='word_1_553' title='bbox 2659 3827 2936 3884; x_wconf 84' lang='lat' dir='ltr'>Africani.</span> <span class='ocrx_word' id='word_1_554' title='bbox 2971 3828 3033 3882; x_wconf 93' lang='lat' dir='ltr'>In</span> <span class='ocrx_word' id='word_1_555' title='bbox 3067 3830 3266 3884; x_wconf 87' lang='lat' dir='ltr'>monte</span> <span class='ocrx_word' id='word_1_556' title='bbox 3298 3826 3513 3900; x_wconf 91' lang='lat' dir='ltr'>quippe</span> <span class='ocrx_word' id='word_1_557' title='bbox 3539 3826 3646 3883; x_wconf 85' lang='lat' dir='ltr'>Ga-</span> 
     </span>
    </p>
   </div>
   <div class='ocr_carea' id='block_1_85' title="bbox 1986 3917 3642 3989">
    <p class='ocr_par' dir='ltr' id='par_1_85' title="bbox 1986 3917 3642 3989">
     <span class='ocr_line' id='line_1_85' title="bbox 1986 3917 3642 3989; baseline -0.003 -13"><span class='ocrx_word' id='word_1_558' title='bbox 1986 3919 2207 3976; x_wconf 88' lang='lat' dir='ltr'>reliano</span> <span class='ocrx_word' id='word_1_559' title='bbox 2239 3918 2629 3975; x_wconf 90' lang='lat' dir='ltr'>munitionem</span> <span class='ocrx_word' id='word_1_560' title='bbox 2663 3918 3109 3986; x_wconf 89' lang='lat' dir='ltr'>constituerant,</span> <span class='ocrx_word' id='word_1_561' title='bbox 3143 3917 3202 3972; x_wconf 92' lang='lat' dir='ltr'>in</span> <span class='ocrx_word' id='word_1_562' title='bbox 3249 3933 3364 3989; x_wconf 93' lang='lat' dir='ltr'>quo</span> <span class='ocrx_word' id='word_1_563' title='bbox 3411 3930 3642 3988; x_wconf 86' lang='lat' dir='ltr'>uxores,</span> 
     </span>
    </p>
   </div>
   <div class='ocr_carea' id='block_1_86' title="bbox 1985 4005 3645 4082">
    <p class='ocr_par' dir='ltr' id='par_1_86' title="bbox 1985 4005 3645 4082">
     <span class='ocr_line' id='line_1_86' title="bbox 1985 4005 3645 4082; baseline -0.002 -17"><span class='ocrx_word' id='word_1_564' title='bbox 1985 4008 2258 4082; x_wconf 90' lang='lat' dir='ltr'>parvulos</span> <span class='ocrx_word' id='word_1_565' title='bbox 2289 4007 2572 4080; x_wconf 90' lang='lat' dir='ltr'>captivos,</span> <span class='ocrx_word' id='word_1_566' title='bbox 2605 4024 2960 4080; x_wconf 91' lang='lat' dir='ltr'>omnemque</span> <span class='ocrx_word' id='word_1_567' title='bbox 2991 4005 3458 4080; x_wconf 89' lang='lat' dir='ltr'>suppellectilem</span> <span class='ocrx_word' id='word_1_568' title='bbox 3501 4006 3645 4062; x_wconf 85' lang='lat' dir='ltr'>satis</span> 
     </span>
    </p>
   </div>
   <div class='ocr_carea' id='block_1_87' title="bbox 1985 4095 3642 4165">
    <p class='ocr_par' dir='ltr' id='par_1_87' title="bbox 1985 4095 3642 4165">
     <span class='ocr_line' id='line_1_87' title="bbox 1985 4095 3642 4165; baseline -0.004 -10"><span class='ocrx_word' id='word_1_569' title='bbox 1985 4103 2110 4155; x_wconf 87' lang='lat' dir='ltr'>tuto</span> <span class='ocrx_word' id='word_1_570' title='bbox 2143 4099 2472 4154; x_wconf 90' lang='lat' dir='ltr'>servabant.</span> <span class='ocrx_word' id='word_1_571' title='bbox 2504 4097 2685 4153; x_wconf 90' lang='lat' dir='ltr'>Nemo</span> <span class='ocrx_word' id='word_1_572' title='bbox 2717 4098 2894 4154; x_wconf 88' lang='lat' dir='ltr'>etiam</span> <span class='ocrx_word' id='word_1_573' title='bbox 2927 4096 2998 4153; x_wconf 87' lang='lat' dir='ltr'>ab</span> <span class='ocrx_word' id='word_1_574' title='bbox 3032 4112 3268 4165; x_wconf 89' lang='lat' dir='ltr'>occasu,</span> <span class='ocrx_word' id='word_1_575' title='bbox 3299 4095 3420 4152; x_wconf 90' lang='lat' dir='ltr'>sive</span> <span class='ocrx_word' id='word_1_576' title='bbox 3452 4095 3524 4151; x_wconf 90' lang='lat' dir='ltr'>ab</span> <span class='ocrx_word' id='word_1_577' title='bbox 3551 4111 3642 4150; x_wconf 88' lang='lat' dir='ltr'>ar-</span> 
     </span>
    </p>
   </div>
   <div class='ocr_carea' id='block_1_88' title="bbox 1984 4182 3643 4259">
    <p class='ocr_par' dir='ltr' id='par_1_88' title="bbox 1984 4182 3643 4259">
     <span class='ocr_line' id='line_1_88' title="bbox 1984 4182 3643 4259; baseline -0.004 -14"><span class='ocrx_word' id='word_1_578' title='bbox 1984 4192 2169 4257; x_wconf 89' lang='lat' dir='ltr'>cturo,</span> <span class='ocrx_word' id='word_1_579' title='bbox 2202 4186 2486 4244; x_wconf 88' lang='lat' dir='ltr'>orationis</span> <span class='ocrx_word' id='word_1_580' title='bbox 2515 4186 2704 4259; x_wconf 87' lang='lat' dir='ltr'>gratia</span> <span class='ocrx_word' id='word_1_581' title='bbox 2734 4187 2806 4242; x_wconf 89' lang='lat' dir='ltr'>ad</span> <span class='ocrx_word' id='word_1_582' title='bbox 2837 4185 3316 4242; x_wconf 88' lang='lat' dir='ltr'>beatissimorum</span> <span class='ocrx_word' id='word_1_583' title='bbox 3349 4182 3643 4256; x_wconf 84' lang='lat' dir='ltr'>apostolo-</span> 
     </span>
    </p>
   </div>
   <div class='ocr_carea' id='block_1_89' title="bbox 1981 4271 3647 4346">
    <p class='ocr_par' dir='ltr' id='par_1_89' title="bbox 1981 4271 3647 4346">
     <span class='ocr_line' id='line_1_89' title="bbox 1981 4271 3647 4346; baseline -0.005 -13"><span class='ocrx_word' id='word_1_584' title='bbox 1981 4293 2118 4333; x_wconf 89' lang='lat' dir='ltr'>rum</span> <span class='ocrx_word' id='word_1_585' title='bbox 2148 4276 2358 4332; x_wconf 88' lang='lat' dir='ltr'>limina</span> <span class='ocrx_word' id='word_1_586' title='bbox 2387 4276 2636 4332; x_wconf 83' lang='lat' dir='ltr'>Romam</span> <span class='ocrx_word' id='word_1_587' title='bbox 2659 4274 2910 4331; x_wconf 90' lang='lat' dir='ltr'>transire</span> <span class='ocrx_word' id='word_1_588' title='bbox 2939 4276 3187 4346; x_wconf 89' lang='lat' dir='ltr'>poterat,</span> <span class='ocrx_word' id='word_1_589' title='bbox 3211 4272 3312 4344; x_wconf 92' lang='lat' dir='ltr'>qui</span> <span class='ocrx_word' id='word_1_590' title='bbox 3339 4272 3412 4327; x_wconf 89' lang='lat' dir='ltr'>ab</span> <span class='ocrx_word' id='word_1_591' title='bbox 3439 4271 3532 4326; x_wconf 90' lang='lat' dir='ltr'>his</span> <span class='ocrx_word' id='word_1_592' title='bbox 3546 4275 3647 4326; x_wconf 92' lang='lat' dir='ltr'>aut</span> 
     </span>
    </p>
   </div>
   <div class='ocr_carea' id='block_1_90' title="bbox 1979 4359 3645 4438">
    <p class='ocr_par' dir='ltr' id='par_1_90' title="bbox 1979 4359 3645 4438">
     <span class='ocr_line' id='line_1_90' title="bbox 1979 4359 3645 4438; baseline -0.005 -16"><span class='ocrx_word' id='word_1_593' title='bbox 1979 4383 2095 4422; x_wconf 92' lang='lat' dir='ltr'>non</span> <span class='ocrx_word' id='word_1_594' title='bbox 2127 4370 2454 4438; x_wconf 89' lang='lat' dir='ltr'>caperetur,</span> <span class='ocrx_word' id='word_1_595' title='bbox 2486 4369 2588 4420; x_wconf 88' lang='lat' dir='ltr'>aut</span> <span class='ocrx_word' id='word_1_596' title='bbox 2619 4381 2734 4420; x_wconf 90' lang='lat' dir='ltr'>non</span> <span class='ocrx_word' id='word_1_597' title='bbox 2766 4363 2996 4419; x_wconf 91' lang='lat' dir='ltr'>modico</span> <span class='ocrx_word' id='word_1_598' title='bbox 3031 4363 3165 4418; x_wconf 89' lang='lat' dir='ltr'>dato</span> <span class='ocrx_word' id='word_1_599' title='bbox 3193 4359 3403 4434; x_wconf 68' lang='lat' dir='ltr'>praacio</span> <span class='ocrx_word' id='word_1_600' title='bbox 3441 4359 3645 4416; x_wconf 90' lang='lat' dir='ltr'>dimit-</span> 
     </span>
    </p>
   </div>
   <div class='ocr_carea' id='block_1_91' title="bbox 1981 4449 3645 4521">
    <p class='ocr_par' dir='ltr' id='par_1_91' title="bbox 1981 4449 3645 4521">
     <span class='ocr_line' id='line_1_91' title="bbox 1981 4449 3645 4521; baseline -0.005 -9"><span class='ocrx_word' id='word_1_601' title='bbox 1981 4460 2215 4512; x_wconf 89' lang='lat' dir='ltr'>teretur.</span> <span class='ocrx_word' id='word_1_602' title='bbox 2250 4454 2532 4520; x_wconf 90' lang='lat' dir='ltr'>Quamvis</span> <span class='ocrx_word' id='word_1_603' title='bbox 2562 4454 2718 4509; x_wconf 89' lang='lat' dir='ltr'>enim</span> <span class='ocrx_word' id='word_1_604' title='bbox 2753 4453 2968 4510; x_wconf 88' lang='lat' dir='ltr'>misera</span> <span class='ocrx_word' id='word_1_605' title='bbox 3001 4451 3164 4508; x_wconf 88' lang='lat' dir='ltr'>Italia</span> <span class='ocrx_word' id='word_1_606' title='bbox 3185 4449 3390 4506; x_wconf 91' lang='lat' dir='ltr'>multis</span> <span class='ocrx_word' id='word_1_607' title='bbox 3406 4449 3645 4521; x_wconf 88' lang='lat' dir='ltr'>Hunga—</span> 
     </span>
    </p>
   </div>
   <div class='ocr_carea' id='block_1_92' title="bbox 1979 4538 3640 4602">
    <p class='ocr_par' dir='ltr' id='par_1_92' title="bbox 1979 4538 3640 4602">
     <span class='ocr_line' id='line_1_92' title="bbox 1979 4538 3640 4602; baseline -0.004 -1"><span class='ocrx_word' id='word_1_608' title='bbox 1979 4546 2201 4602; x_wconf 89' lang='lat' dir='ltr'>riorum</span> <span class='ocrx_word' id='word_1_609' title='bbox 2232 4548 2289 4600; x_wconf 93' lang='lat' dir='ltr'>et</span> <span class='ocrx_word' id='word_1_610' title='bbox 2331 4561 2400 4600; x_wconf 83' lang='lat' dir='ltr'>ex</span> <span class='ocrx_word' id='word_1_611' title='bbox 2446 4545 2764 4600; x_wconf 86' lang='lat' dir='ltr'>Fraxaneto</span> <span class='ocrx_word' id='word_1_612' title='bbox 2798 4543 2864 4577; x_wconf 75' lang='lat'><strong>“3</strong></span> <span class='ocrx_word' id='word_1_613' title='bbox 2895 4541 3325 4598; x_wconf 89' lang='lat' dir='ltr'>Saracenorum</span> <span class='ocrx_word' id='word_1_614' title='bbox 3370 4538 3640 4595; x_wconf 88' lang='lat' dir='ltr'>cladibus</span> 
     </span>
    </p>
   </div>
   <div class='ocr_carea' id='block_1_93' title="bbox 202 4627 3644 4718">
    <p class='ocr_par' dir='ltr' id='par_1_93' title="bbox 202 4627 3644 4718">
     <span class='ocr_line' id='line_1_93' title="bbox 202 4627 3644 4718; baseline -0 -35"><span class='ocrx_word' id='word_1_615' title='bbox 202 4629 444 4692; x_wconf 85' lang='lat' dir='ltr'>bimini;</span> <span class='ocrx_word' id='word_1_616' title='bbox 491 4631 663 4688; x_wconf 83' lang='lat' dir='ltr'>nolite</span> <span class='ocrx_word' id='word_1_617' title='bbox 701 4633 1120 4706; x_wconf 78' lang='lat' dir='ltr'>condempnarc,</span> <span class='ocrx_word' id='word_1_618' title='bbox 1173 4643 1224 4691; x_wconf 86' lang='lat' dir='ltr'>et</span> <span class='ocrx_word' id='word_1_619' title='bbox 1272 4651 1384 4691; x_wconf 83' lang='lat' dir='ltr'>non</span> <span class='ocrx_word' id='word_1_620' title='bbox 1438 4636 1865 4708; x_wconf 81' lang='lat' dir='ltr'>condempnabi-</span> <span class='ocrx_word' id='word_1_621' title='bbox 1898 4653 1946 4718; x_wconf 83' lang='lat' dir='ltr'><strong>D</strong></span> <span class='ocrx_word' id='word_1_622' title='bbox 1979 4637 2362 4708; x_wconf 91' lang='lat' dir='ltr'>premeretur,</span> <span class='ocrx_word' id='word_1_623' title='bbox 2391 4631 2571 4688; x_wconf 91' lang='lat' dir='ltr'>nullis</span> <span class='ocrx_word' id='word_1_624' title='bbox 2603 4636 2804 4689; x_wconf 88' lang='lat' dir='ltr'>tamen</span> <span class='ocrx_word' id='word_1_625' title='bbox 2838 4631 3009 4687; x_wconf 81' lang='lat' dir='ltr'>furiis</span> <span class='ocrx_word' id='word_1_626' title='bbox 3056 4633 3158 4686; x_wconf 88' lang='lat' dir='ltr'>aut</span> <span class='ocrx_word' id='word_1_627' title='bbox 3189 4628 3460 4702; x_wconf 91' lang='lat' dir='ltr'>pestibus</span> <span class='ocrx_word' id='word_1_628' title='bbox 3488 4627 3644 4684; x_wconf 89' lang='lat' dir='ltr'>sicut</span> 
     </span>
    </p>
   </div>
   <div class='ocr_carea' id='block_1_94' title="bbox 198 4718 2762 4798">
    <p class='ocr_par' dir='ltr' id='par_1_94' title="bbox 198 4718 2762 4798">
     <span class='ocr_line' id='line_1_94' title="bbox 198 4718 2762 4798; baseline 0.001 -26"><span class='ocrx_word' id='word_1_629' title='bbox 198 4718 348 4773; x_wconf 85' lang='lat' dir='ltr'>mini</span> <span class='ocrx_word' id='word_1_630' title='bbox 365 4719 520 4788; x_wconf 85' lang='lat' dir='ltr'>(Luc.</span> <span class='ocrx_word' id='word_1_631' title='bbox 543 4736 622 4789; x_wconf 78' lang='lat' dir='ltr'>vr,</span> <span class='ocrx_word' id='word_1_632' title='bbox 642 4722 798 4791; x_wconf 86' lang='lat'>36).»</span> <span class='ocrx_word' id='word_1_633' title='bbox 832 4721 1122 4780; x_wconf 85' lang='lat' dir='ltr'>Intellexit</span> <span class='ocrx_word' id='word_1_634' title='bbox 1150 4723 1350 4796; x_wconf 90' lang='lat' dir='ltr'>itaque</span> <span class='ocrx_word' id='word_1_635' title='bbox 1380 4724 1873 4798; x_wconf 90' lang='lat' dir='ltr'>Berengarius,ut</span> <span class='ocrx_word' id='word_1_636' title='bbox 1984 4724 2056 4779; x_wconf 87' lang='lat' dir='ltr'>ab</span> <span class='ocrx_word' id='word_1_637' title='bbox 2087 4721 2377 4778; x_wconf 78' lang='lat' dir='ltr'>Africanis</span> <span class='ocrx_word' id='word_1_638' title='bbox 2409 4721 2762 4794; x_wconf 88' lang='lat' dir='ltr'>agitabatur.</span> 
     </span>
    </p>
   </div>
   <div class='ocr_carea' id='block_1_95' title="bbox 205 4805 1868 4886">
    <p class='ocr_par' dir='ltr' id='par_1_95' title="bbox 205 4805 1868 4886">
     <span class='ocr_line' id='line_1_95' title="bbox 205 4805 1868 4886; baseline 0.008 -25"><span class='ocrx_word' id='word_1_639' title='bbox 205 4805 296 4861; x_wconf 92' lang='lat' dir='ltr'>vir</span> <span class='ocrx_word' id='word_1_640' title='bbox 325 4823 443 4863; x_wconf 90' lang='lat' dir='ltr'>non</span> <span class='ocrx_word' id='word_1_641' title='bbox 473 4807 811 4878; x_wconf 88' lang='lat' dir='ltr'>incallidus,</span> <span class='ocrx_word' id='word_1_642' title='bbox 861 4811 1040 4880; x_wconf 88' lang='lat' dir='ltr'>hunc,</span> <span class='ocrx_word' id='word_1_643' title='bbox 1074 4829 1190 4885; x_wconf 93' lang='lat' dir='ltr'>quo</span> <span class='ocrx_word' id='word_1_644' title='bbox 1240 4814 1366 4886; x_wconf 92' lang='lat' dir='ltr'>ipse</span> <span class='ocrx_word' id='word_1_645' title='bbox 1417 4813 1643 4883; x_wconf 88' lang='lat' dir='ltr'>lateret,</span> <span class='ocrx_word' id='word_1_646' title='bbox 1678 4816 1868 4874; x_wconf 89' lang='lat' dir='ltr'>scium</span> 
     </span>
    </p>
   </div>
   <div class='ocr_carea' id='block_1_96' title="bbox 207 4899 1866 4979">
    <p class='ocr_par' dir='ltr' id='par_1_96' title="bbox 207 4899 1866 4979">
     <span class='ocr_line' id='line_1_96' title="bbox 207 4899 1866 4979; baseline 0.007 -29"><span class='ocrx_word' id='word_1_647' title='bbox 207 4911 360 4964; x_wconf 89' lang='lat' dir='ltr'>esse,</span> <span class='ocrx_word' id='word_1_648' title='bbox 392 4913 648 4971; x_wconf 88' lang='lat' dir='ltr'>eumque</span> <span class='ocrx_word' id='word_1_649' title='bbox 673 4899 1014 4973; x_wconf 80' lang='lat' dir='ltr'>sophystica</span> <span class='ocrx_word' id='word_1_650' title='bbox 1042 4901 1152 4958; x_wconf 90' lang='lat' dir='ltr'>hac</span> <span class='ocrx_word' id='word_1_651' title='bbox 1183 4903 1567 4975; x_wconf 86' lang='lat' dir='ltr'>responsione</span> <span class='ocrx_word' id='word_1_652' title='bbox 1597 4905 1826 4979; x_wconf 87' lang='lat' dir='ltr'>decepit</span> <span class='ocrx_word' id='word_1_653' title='bbox 1853 4925 1866 4963; x_wconf 91' lang='lat'><strong>:</strong></span> 
     </span>
    </p>
   </div>
   <div class='ocr_carea' id='block_1_97' title="bbox 206 4983 1871 5063">
    <p class='ocr_par' dir='ltr' id='par_1_97' title="bbox 206 4983 1871 5063">
     <span class='ocr_line' id='line_1_97' title="bbox 206 4983 1871 5063; baseline 0.007 -24"><span class='ocrx_word' id='word_1_654' title='bbox 206 5006 236 5034; x_wconf 89' lang='grc'>‹‹</span> <span class='ocrx_word' id='word_1_655' title='bbox 271 4983 526 5043; x_wconf 88' lang='lat' dir='ltr'>Putasne</span> <span class='ocrx_word' id='word_1_656' title='bbox 557 5004 671 5054; x_wconf 91' lang='lat' dir='ltr'>me,</span> <span class='ocrx_word' id='word_1_657' title='bbox 703 4987 950 5059; x_wconf 88' lang='lat' dir='ltr'>insulse,</span> <span class='ocrx_word' id='word_1_658' title='bbox 984 5007 1160 5063; x_wconf 90' lang='lat' dir='ltr'>quem</span> <span class='ocrx_word' id='word_1_659' title='bbox 1193 4991 1479 5048; x_wconf 91' lang='lat' dir='ltr'>Dominus</span> <span class='ocrx_word' id='word_1_660' title='bbox 1511 4993 1753 5050; x_wconf 90' lang='lat' dir='ltr'>tradidit</span> <span class='ocrx_word' id='word_1_661' title='bbox 1771 4995 1871 5052; x_wconf 88' lang='lat' dir='ltr'>ho-</span> 
     </span>
    </p>
   </div>
   <div class='ocr_carea' id='block_1_98' title="bbox 2051 4803 3639 4868">
    <p class='ocr_par' dir='ltr' id='par_1_98' title="bbox 2051 4803 3639 4868">
     <span class='ocr_line' id='line_1_98' title="bbox 2051 4803 3639 4868; baseline -0.004 0"><span class='ocrx_word' id='word_1_662' title='bbox 2051 4813 2138 4868; x_wconf 89' lang='grc'>45.</span> <span class='ocrx_word' id='word_1_663' title='bbox 2173 4813 2378 4867; x_wconf 88' lang='lat' dir='ltr'>Fertur</span> <span class='ocrx_word' id='word_1_664' title='bbox 2408 4814 2604 4866; x_wconf 89' lang='lat' dir='ltr'>autem</span> <span class='ocrx_word' id='word_1_665' title='bbox 2636 4809 2744 4865; x_wconf 92' lang='lat' dir='ltr'>hac</span> <span class='ocrx_word' id='word_1_666' title='bbox 2775 4808 3079 4865; x_wconf 90' lang='lat' dir='ltr'>occasione</span> <span class='ocrx_word' id='word_1_667' title='bbox 3106 4807 3179 4862; x_wconf 87' lang='lat' dir='ltr'>ab</span> <span class='ocrx_word' id='word_1_668' title='bbox 3209 4805 3402 4862; x_wconf 82' lang='lat' dir='ltr'>Africa</span> <span class='ocrx_word' id='word_1_669' title='bbox 3432 4803 3639 4862; x_wconf 88' lang='lat' dir='ltr'>exivis-</span> 
     </span>
    </p>
   </div>
   <div class='ocr_carea' id='block_1_99' title="bbox 1980 4893 3640 4972">
    <p class='ocr_par' dir='ltr' id='par_1_99' title="bbox 1980 4893 3640 4972">
     <span class='ocr_line' id='line_1_99' title="bbox 1980 4893 3640 4972; baseline -0.005 -13"><span class='ocrx_word' id='word_1_670' title='bbox 1980 4917 2063 4969; x_wconf 88' lang='lat' dir='ltr'>se,</span> <span class='ocrx_word' id='word_1_671' title='bbox 2087 4905 2264 4972; x_wconf 88' lang='lat' dir='ltr'>atque</span> <span class='ocrx_word' id='word_1_672' title='bbox 2295 4898 2525 4955; x_wconf 88' lang='lat' dir='ltr'>Italiam</span> <span class='ocrx_word' id='word_1_673' title='bbox 2557 4899 2924 4955; x_wconf 88' lang='lat' dir='ltr'>adventasse.</span> <span class='ocrx_word' id='word_1_674' title='bbox 2952 4897 3143 4953; x_wconf 90' lang='lat' dir='ltr'>Leone</span> <span class='ocrx_word' id='word_1_675' title='bbox 3174 4900 3353 4968; x_wconf 89' lang='lat' dir='ltr'>atque</span> <span class='ocrx_word' id='word_1_676' title='bbox 3391 4893 3640 4950; x_wconf 89' lang='lat' dir='ltr'>Alexan-</span> 
     </span>
    </p>
   </div>
   <div class='ocr_carea' id='block_1_100' title="bbox 1979 4983 3636 5062">
    <p class='ocr_par' dir='ltr' id='par_1_100' title="bbox 1979 4983 3636 5062">
     <span class='ocr_line' id='line_1_100' title="bbox 1979 4983 3636 5062; baseline -0.006 -14"><span class='ocrx_word' id='word_1_677' title='bbox 1979 4993 2082 5048; x_wconf 91' lang='lat' dir='ltr'>dro</span> <span class='ocrx_word' id='word_1_678' title='bbox 2114 4987 2568 5062; x_wconf 86' lang='lat' dir='ltr'>imperatoribus</span> <span class='ocrx_word' id='word_1_679' title='bbox 2618 4987 2891 5060; x_wconf 85' lang='lat' dir='ltr'>angustis</span> <span class='ocrx_word' id='word_1_680' title='bbox 2919 4985 3222 5042; x_wconf 88' lang='lat' dir='ltr'>hominem</span> <span class='ocrx_word' id='word_1_681' title='bbox 3264 4983 3636 5050; x_wconf 86' lang='lat' dir='ltr'>exeuntibus,</span> 
     </span>
    </p>
   </div>
   <div class='ocr_carea' id='block_1_101' title="bbox 204 5071 3633 5156">
    <p class='ocr_par' dir='ltr' id='par_1_101' title="bbox 204 5071 3633 5156">
     <span class='ocr_line' id='line_1_101' title="bbox 204 5071 3633 5156; baseline 0 -28"><span class='ocrx_word' id='word_1_682' title='bbox 204 5072 448 5142; x_wconf 90' lang='lat' dir='ltr'>minem,</span> <span class='ocrx_word' id='word_1_683' title='bbox 480 5075 667 5132; x_wconf 91' lang='lat' dir='ltr'>immo</span> <span class='ocrx_word' id='word_1_684' title='bbox 699 5093 918 5151; x_wconf 90' lang='lat' dir='ltr'>regem,</span> <span class='ocrx_word' id='word_1_685' title='bbox 949 5079 1096 5136; x_wconf 87' lang='lat' dir='ltr'>velle</span> <span class='ocrx_word' id='word_1_686' title='bbox 1144 5080 1453 5138; x_wconf 87' lang='lat' dir='ltr'>occidere?</span> <span class='ocrx_word' id='word_1_687' title='bbox 1483 5083 1783 5156; x_wconf 90' lang='lat' dir='ltr'>Numquid</span> <span class='ocrx_word' id='word_1_688' title='bbox 1811 5089 1869 5141; x_wconf 89' lang='lat' dir='ltr'>et</span> <span class='ocrx_word' id='word_1_689' title='bbox 1975 5081 2296 5146; x_wconf 79' lang='lat' dir='ltr'>Romanos,</span> <span class='ocrx_word' id='word_1_690' title='bbox 2339 5080 2406 5132; x_wconf 93' lang='lat' dir='ltr'>ut</span> <span class='ocrx_word' id='word_1_691' title='bbox 2454 5075 2631 5132; x_wconf 88' lang='lat' dir='ltr'>latius</span> <span class='ocrx_word' id='word_1_692' title='bbox 2664 5075 2877 5132; x_wconf 92' lang='lat' dir='ltr'>dicturi</span> <span class='ocrx_word' id='word_1_693' title='bbox 2911 5092 3141 5143; x_wconf 89' lang='lat' dir='ltr'>sumus,</span> <span class='ocrx_word' id='word_1_694' title='bbox 3170 5090 3306 5130; x_wconf 90' lang='lat' dir='ltr'>cum</span> <span class='ocrx_word' id='word_1_695' title='bbox 3347 5071 3633 5130; x_wconf 88' lang='lat' dir='ltr'>Constan-</span> 
     </span>
    </p>
   </div>
   <div class='ocr_carea' id='block_1_102' title="bbox 199 5161 3638 5241">
    <p class='ocr_par' dir='ltr' id='par_1_102' title="bbox 199 5161 3638 5241">
     <span class='ocr_line' id='line_1_102' title="bbox 199 5161 3638 5241; baseline 0 -23"><span class='ocrx_word' id='word_1_696' title='bbox 199 5161 384 5219; x_wconf 85' lang='lat' dir='ltr'>David</span> <span class='ocrx_word' id='word_1_697' title='bbox 417 5169 658 5222; x_wconf 89' lang='lat' dir='ltr'>sanctus</span> <span class='ocrx_word' id='word_1_698' title='bbox 681 5183 877 5239; x_wconf 89' lang='lat' dir='ltr'>regem</span> <span class='ocrx_word' id='word_1_699' title='bbox 907 5166 1187 5225; x_wconf 88' lang='lat' dir='ltr'>Sahulem</span> <span class='ocrx_word' id='word_1_700' title='bbox 1219 5187 1253 5225; x_wconf 91' lang='lat' dir='ltr'>a</span> <span class='ocrx_word' id='word_1_701' title='bbox 1282 5169 1398 5227; x_wconf 90' lang='lat' dir='ltr'>Deo</span> <span class='ocrx_word' id='word_1_702' title='bbox 1421 5170 1533 5227; x_wconf 92' lang='lat' dir='ltr'>sibi</span> <span class='ocrx_word' id='word_1_703' title='bbox 1565 5171 1625 5226; x_wconf 92' lang='lat' dir='ltr'>in</span> <span class='ocrx_word' id='word_1_704' title='bbox 1650 5189 1864 5229; x_wconf 90' lang='lat' dir='ltr'>manus</span> <span class='ocrx_word' id='word_1_705' title='bbox 1975 5171 2116 5234; x_wconf 90' lang='lat' dir='ltr'>tino,</span> <span class='ocrx_word' id='word_1_706' title='bbox 2151 5168 2252 5241; x_wconf 90' lang='lat' dir='ltr'>qui</span> <span class='ocrx_word' id='word_1_707' title='bbox 2284 5183 2440 5222; x_wconf 92' lang='lat' dir='ltr'>nunc</span> <span class='ocrx_word' id='word_1_708' title='bbox 2469 5182 2658 5238; x_wconf 91' lang='lat' dir='ltr'>usque</span> <span class='ocrx_word' id='word_1_709' title='bbox 2689 5169 2980 5239; x_wconf 89' lang='lat' dir='ltr'>superest,</span> <span class='ocrx_word' id='word_1_710' title='bbox 3018 5163 3225 5221; x_wconf 91' lang='lat' dir='ltr'>Leonis</span> <span class='ocrx_word' id='word_1_711' title='bbox 3265 5162 3638 5236; x_wconf 88' lang='lat' dir='ltr'>imperatoris</span> 
     </span>
    </p>
   </div>
   <div class='ocr_carea' id='block_1_103' title="bbox 1557 5276 2250 5336">
    <p class='ocr_par' dir='ltr' id='par_1_103' title="bbox 1557 5276 2250 5336">
     <span class='ocr_line' id='line_1_103' title="bbox 1557 5276 2250 5336; baseline -0.003 -4"><span class='ocrx_word' id='word_1_712' title='bbox 1557 5277 1799 5336; x_wconf 71' lang='lat' dir='ltr'><strong>VARLE</strong></span> <span class='ocrx_word' id='word_1_713' title='bbox 1840 5278 2142 5336; x_wconf 88' lang='lat' dir='ltr'>LECTION</span> <span class='ocrx_word' id='word_1_714' title='bbox 2150 5276 2250 5332; x_wconf 86' lang='lat' dir='ltr'>ES.</span> 
     </span>
    </p>
   </div>
   <div class='ocr_carea' id='block_1_104' title="bbox 279 5363 3633 5452">
    <p class='ocr_par' dir='ltr' id='par_1_104' title="bbox 279 5363 3633 5452">
     <span class='ocr_line' id='line_1_104' title="bbox 279 5363 3633 5452; baseline -0.004 -16"><span class='ocrx_word' id='word_1_715' title='bbox 279 5363 676 5452; x_wconf 46' lang='grc' dir='ltr'>¹³⁸ηίθαξρθηερε</span> <span class='ocrx_word' id='word_1_716' title='bbox 835 5371 903 5406; x_wconf 85' lang='grc'>¹³⁹</span> <span class='ocrx_word' id='word_1_717' title='bbox 932 5373 1109 5445; x_wconf 86' lang='lat' dir='ltr'>quipe</span> <span class='ocrx_word' id='word_1_718' title='bbox 1137 5373 1190 5444; x_wconf 76' lang='grc'>4,</span> <span class='ocrx_word' id='word_1_719' title='bbox 1270 5375 1454 5451; x_wconf 67' lang='lat' dir='ltr'>Meet</span> <span class='ocrx_word' id='word_1_720' title='bbox 1483 5391 1624 5434; x_wconf 84' lang='lat' dir='ltr'>corr.</span> <span class='ocrx_word' id='word_1_721' title='bbox 1661 5380 1782 5436; x_wconf 89' lang='lat' dir='ltr'>sed.</span> <span class='ocrx_word' id='word_1_722' title='bbox 1817 5379 1870 5436; x_wconf 77' lang='grc'>4.</span> <span class='ocrx_word' id='word_1_723' title='bbox 1899 5379 2120 5452; x_wconf 69' lang='lat' dir='ltr'>saepius.</span> <span class='ocrx_word' id='word_1_724' title='bbox 2166 5375 2226 5410; x_wconf 75' lang='grc'>¹⁴¹</span> <span class='ocrx_word' id='word_1_725' title='bbox 2263 5372 2334 5430; x_wconf 93' lang='lat' dir='ltr'>is.</span> <span class='ocrx_word' id='word_1_726' title='bbox 2367 5389 2416 5428; x_wconf 93' lang='lat' dir='ltr'>c.</span> <span class='ocrx_word' id='word_1_727' title='bbox 2449 5372 2647 5429; x_wconf 81' lang='lat' dir='ltr'>desunt</span> <span class='ocrx_word' id='word_1_728' title='bbox 2673 5373 2728 5428; x_wconf 86' lang='lat'>2.</span> <span class='ocrx_word' id='word_1_729' title='bbox 2755 5373 2816 5427; x_wconf 86' lang='lat' dir='ltr'>in</span> <span class='ocrx_word' id='word_1_730' title='bbox 2841 5371 3068 5444; x_wconf 69' lang='lat' dir='ltr'>pagi-na?</span> <span class='ocrx_word' id='word_1_731' title='bbox 3095 5370 3224 5442; x_wconf 83' lang='lat' dir='ltr'>ﬁne.</span> <span class='ocrx_word' id='word_1_732' title='bbox 3279 5370 3347 5406; x_wconf 76' lang='grc'>¹⁴²</span> <span class='ocrx_word' id='word_1_733' title='bbox 3377 5368 3633 5426; x_wconf 88' lang='lat' dir='ltr'>discans.</span> 
     </span>
    </p>
   </div>
   <div class='ocr_carea' id='block_1_105' title="bbox 205 5436 746 5497">
    <p class='ocr_par' dir='ltr' id='par_1_105' title="bbox 205 5436 746 5497">
     <span class='ocr_line' id='line_1_105' title="bbox 205 5436 746 5497; baseline -0.006 0"><span class='ocrx_word' id='word_1_734' title='bbox 205 5439 263 5497; x_wconf 79' lang='grc'>4.</span> <span class='ocrx_word' id='word_1_735' title='bbox 344 5437 412 5472; x_wconf 75' lang='lat'><strong>“3</strong></span> <span class='ocrx_word' id='word_1_736' title='bbox 441 5436 662 5494; x_wconf 77' lang='lat' dir='ltr'>fraxeto</span> <span class='ocrx_word' id='word_1_737' title='bbox 692 5438 716 5496; x_wconf 75' lang='grc'>4</span> <span class='ocrx_word' id='word_1_738' title='bbox 734 5481 746 5494; x_wconf 95' lang='grc'><strong>.</strong></span> 
     </span>
    </p>
   </div>
   <div class='ocr_carea' id='block_1_106' title="bbox 309 5625 1006 5684">
    <p class='ocr_par' dir='ltr' id='par_1_106' title="bbox 309 5625 1006 5684">
     <span class='ocr_line' id='line_1_106' title="bbox 309 5625 1006 5684; baseline 0 -3"><span class='ocrx_word' id='word_1_739' title='bbox 309 5625 402 5684; x_wconf 72' lang='grc'>84)</span> <span class='ocrx_word' id='word_1_740' title='bbox 435 5626 499 5683; x_wconf 90' lang='lat' dir='ltr'>Id</span> <span class='ocrx_word' id='word_1_741' title='bbox 530 5628 620 5683; x_wconf 90' lang='lat' dir='ltr'>est</span> <span class='ocrx_word' id='word_1_742' title='bbox 651 5625 1006 5684; x_wconf 90' lang='lat' dir='ltr'>clanculum.</span> 
     </span>
    </p>
   </div>
   <div class='ocr_carea' id='block_1_107' title="bbox 285 5625 1114 5773">
    <p class='ocr_par' dir='ltr' id='par_1_107' title="bbox 285 5625 1114 5773">
     <span class='ocr_line' id='line_1_107' title="bbox 309 5625 1006 5684; baseline 0 -3"><span class='ocrx_word' id='word_1_743' title='bbox 309 5627 377 5682; x_wconf 89' lang='grc'>84</span> <span class='ocrx_word' id='word_1_744' title='bbox 435 5626 499 5683; x_wconf 90' lang='lat' dir='ltr'>Id</span> <span class='ocrx_word' id='word_1_745' title='bbox 530 5628 620 5683; x_wconf 90' lang='lat' dir='ltr'>est</span> <span class='ocrx_word' id='word_1_746' title='bbox 651 5625 1006 5684; x_wconf 90' lang='lat' dir='ltr'>clanculum.</span> 
     </span>
     <span class='ocr_line' id='line_1_108' title="bbox 285 5625 1114 5773; baseline -0.001 -18"><span class='ocrx_word' id='word_1_747' title='bbox 285 5625 402 5773; x_wconf 44' lang='lat'>£85;</span> <span class='ocrx_word' id='word_1_748' title='bbox 430 5697 514 5757; x_wconf 83' lang='lat' dir='ltr'>Cf.</span> <span class='ocrx_word' id='word_1_749' title='bbox 548 5697 664 5767; x_wconf 84' lang='lat' dir='ltr'>Cic.</span> <span class='ocrx_word' id='word_1_750' title='bbox 698 5701 760 5759; x_wconf 89' lang='lat' dir='ltr'>in</span> <span class='ocrx_word' id='word_1_751' title='bbox 794 5697 965 5758; x_wconf 89' lang='lat' dir='ltr'>Catil.</span> <span class='ocrx_word' id='word_1_752' title='bbox 998 5698 1046 5769; x_wconf 82' lang='grc' dir='ltr'>Ι,</span> <span class='ocrx_word' id='word_1_753' title='bbox 1076 5716 1114 5755; x_wconf 90' lang='lat' dir='ltr'>I.</span> 
     </span>
    </p>
   </div>
   <div class='ocr_carea' id='block_1_108' title="bbox 1796 5538 2032 5598">
    <p class='ocr_par' dir='ltr' id='par_1_108' title="bbox 1796 5538 2032 5598">
     <span class='ocr_line' id='line_1_109' title="bbox 1796 5538 2032 5598; baseline 0 -2"><span class='ocrx_word' id='word_1_754' title='bbox 1796 5538 2032 5598; x_wconf 65' lang='lat' dir='ltr'>NOTIE.</span> 
     </span>
    </p>
   </div>
   <div class='ocr_carea' id='block_1_109' title="bbox 2049 5628 2925 5699">
    <p class='ocr_par' dir='ltr' id='par_1_109' title="bbox 2049 5628 2925 5699">
     <span class='ocr_line' id='line_1_110' title="bbox 2049 5628 2925 5699; baseline -0.006 -7"><span class='ocrx_word' id='word_1_755' title='bbox 2049 5635 2164 5699; x_wconf 82' lang='lat'>(86)</span> <span class='ocrx_word' id='word_1_756' title='bbox 2186 5635 2249 5692; x_wconf 92' lang='lat' dir='ltr'>Id</span> <span class='ocrx_word' id='word_1_757' title='bbox 2281 5635 2371 5691; x_wconf 89' lang='lat' dir='ltr'>est</span> <span class='ocrx_word' id='word_1_758' title='bbox 2401 5629 2621 5699; x_wconf 83' lang='lat' dir='ltr'>fasciis,</span> <span class='ocrx_word' id='word_1_759' title='bbox 2654 5628 2925 5689; x_wconf 86' lang='lat' dir='ltr'>vinculis.</span> 
     </span>
    </p>
   </div>
   <div class='ocr_carea' id='block_1_110' title="bbox 2053 5699 3298 5780">
    <p class='ocr_par' dir='ltr' id='par_1_110' title="bbox 2053 5699 3298 5780">
     <span class='ocr_line' id='line_1_111' title="bbox 2053 5699 3298 5780; baseline -0.007 -16"><span class='ocrx_word' id='word_1_760' title='bbox 2053 5699 2164 5780; x_wconf 80' lang='lat'>(87)</span> <span class='ocrx_word' id='word_1_761' title='bbox 2195 5706 2387 5780; x_wconf 82' lang='lat' dir='ltr'>Aequi,</span> <span class='ocrx_word' id='word_1_762' title='bbox 2424 5704 2494 5762; x_wconf 86' lang='lat' dir='ltr'>ad</span> <span class='ocrx_word' id='word_1_763' title='bbox 2525 5702 2864 5765; x_wconf 84' lang='lat' dir='ltr'>Bormidam</span> <span class='ocrx_word' id='word_1_764' title='bbox 2895 5699 3140 5763; x_wconf 84' lang='lat' dir='ltr'>ﬂuvium</span> <span class='ocrx_word' id='word_1_765' title='bbox 3167 5699 3298 5759; x_wconf 86' lang='lat' dir='ltr'>sita.</span> 
     </span>
    </p>
   </div>
  </div>
