3962 6398
283 444 401 514 831

1245 440 1732 510 LIUTPRANDI
1775 441 2326 506 CREMONENSIS
2369 441 2746 505 EPISCOPI.

3583 431 3709 493 832

284 583 436 660 plica
464 579 799 650 rebellasse,
822 595 998 657 quem
1028 596 1062 637 a
1089 593 1224 654 rege
1255 578 1366 638 sibi
1397 578 1683 636 traditum
1714 577 1936 650 absque
1965 576 2021 645 Α
2051 575 2184 634 ﬁdei
2215 581 2328 633 tuae
2359 581 2415 632 te
2446 576 2639 650 ipsum
2661 568 3213 640 committo,simale
3237 573 3439 628 contra
3460 586 3555 628 me
3576 586 3710 645 ege-

285 676 414 748 ejus
446 673 1016 748 licentia-noverant
1068 670 1367 725 dimisisse
1417 670 1503 723 ‘57.
1531 669 1638 733 Qui
1689 665 1936 739 regressi

285 764 554 838 protinus
584 763 656 820 ad
688 778 904 835 regem,
935 760 1352 816 Terentianum
1403 758 1548 814 illud
1589 758 1700 829 (90)
1735 774 1836 829 pro
1859 771 1942 810 re-

287 852 601 926 sponsione
631 852 914 907 dederunt
947 867 959 906 :
992 851 1132 906 Huic
1160 849 1518 915 commendes,
1553 857 1604 903 et
1633 846 1762 918 quid
1802 849 1942 901 recte

284 947 540 998 curatum
569 942 722 996 velis.

356 1032 445 1085 60.
479 1029 600 1093 Quo
657 1033 918 1100 tempore
979 1027 1266 1082 Rodulfus
1321 1042 1420 1080 rex
1478 1022 1940 1096 superbissimus

288 1117 807 1191 Burgundionibus
838 1117 1184 1189 imperabat.
1219 1115 1320 1171 Cui
1344 1115 1399 1169 in
1432 1117 1815 1186 augmentum
1840 1129 1940 1184 po-

286 1206 484 1263 tentiae
513 1206 624 1262 hoc
656 1206 992 1273 accessit,ut
1017 1204 1410 1276 potentissimi
1433 1208 1752 1258 Suevorum
1776 1200 1942 1255 ducis

289 1294 614 1352 Bruchardi
647 1294 850 1361 ﬁliam,
884 1294 1121 1348 nomine
1151 1291 1526 1361 Bertam,sibi
1555 1290 1826 1361 conjugio
1848 1305 1944 1344 co-

288 1383 537 1458 pularet.
571 1384 756 1456 Igitur
786 1382 1106 1450 Italienses,
1134 1381 1358 1437 nuntiis
1388 1379 1817 1445 directis,hune
1848 1395 1940 1433 ve-

289 1472 436 1540 nire,
470 1472 886 1544 Berengarium
917 1487 1050 1526 vero
1081 1469 1365 1542 expellere
1397 1473 1624 1542 petunt.

355 1561 447 1616 61.
471 1559 628 1615 Inter
657 1561 950 1631 agendum
983 1565 1178 1614 autem
1201 1558 1445 1630 contigit
1471 1561 1588 1626 (an.
1621 1558 1747 1626 9'21)
1780 1556 1942 1610 Hun-

289 1648 483 1722 garios
510 1647 801 1704 Veronam
823 1647 1337 1719 hisignorantibus
1355 1646 1941 1717 advenisse;quorum

288 1738 402 1794 duo
431 1751 598 1808 reges
628 1737 849 1792 Dursac
880 1739 936 1792 et
965 1736 1152 1807 Bugat
1201 1734 1549 1790 amicissimi
1596 1734 1942 1805 Berengario

289 1827 542 1884 fuerant.
566 1825 914 1881 Adelbertus
945 1824 1196 1896 denique
1224 1824 1486 1879 marchio
1519 1829 1694 1895 atque
1725 1822 1943 1878 Odelri-

288 1933 392 1972 cus
436 1931 632 1972 comes
664 1913 887 1988 palatii.
909 1912 1270 1970 Gislebertus
1291 1913 1467 1968 etiam
1491 1912 1942 1984 eomes,plurcs-
1976 1947 2024 2012 Β

293 2021 407 2078 que
431 2003 699 2073 alii,dum
732 2003 792 2059 in
814 2003 1110 2058 montanis
1125 2001 1405 2057 Brixiante
1438 2001 1690 2058 civitatis
1723 2019 1848 2073 quae
1874 2003 1944 2056 50

289 2093 566 2150 miliariis
602 2091 830 2149 Verona
861 2092 1043 2148 distat
1073 2092 1159 2163 ‘53,
1185 2091 1588 2147 conventicula
1634 2091 1706 2146 ob
1740 2091 1947 2146 Beren-

290 2183 438 2257 garii
489 2182 874 2254 dejectionem
936 2180 1238 2248 haberent,
1285 2180 1508 2253 rogavit
1558 2178 1946 2251 Berengarius

291 2271 600 2345 Hugarios,
636 2275 702 2327 ut
729 2270 780 2326 si
811 2287 873 2326 se
923 2275 1212 2336 amarent,
1263 2286 1442 2341 super
1491 2269 1762 2324 inimicos
1808 2285 1949 2324 suos

290 2361 602 2418 irruerent.
663 2359 732 2416 Hi
762 2376 923 2428 vero,
955 2363 1020 2416 ut
1050 2363 1218 2415 erant
1248 2358 1408 2414 necis
1465 2359 1642 2422 avidi,
1691 2356 1947 2412 bellandi

293 2449 511 2523 cupidi,
557 2466 592 2506 a
642 2448 990 2521 Berengario
1041 2465 1174 2504 mox
1213 2447 1479 2519 praeduce
1527 2449 1784 2517 accepto,
1847 2462 1950 2517 per

294 2539 526 2613 ignotas
550 2538 675 2594 vias
708 2555 742 2594 a
766 2542 929 2611 tergo
952 2537 1059 2593 hos
1080 2553 1269 2608 usque
1282 2535 1600 2591 adveniunt
1622 2553 1636 2602 ;
1669 2538 1949 2606 tantaque

293 2628 426 2684 illos
469 2631 611 2683 tunc
654 2626 948 2683 celeritate
993 2625 1357 2692 confodiunt,
1407 2629 1473 2679 ut
1517 2641 1621 2680 nec
1665 2623 1949 2679 induendi

297 2715 534 2789 quidem
565 2714 904 2772 sumendive
936 2731 1100 2768 arma
1130 2713 1387 2786 spatium
1438 2713 1650 2768 habere
1692 2712 1944 2784 quirent.

294 2805 491 2878 Captis
520 2804 700 2878 igitur
727 2803 997 2875 cesisque
1028 2802 1257 2868 multis,
1292 2801 1595 2857 Odelricus
1626 2801 1823 2874 palatii
1855 2818 1948 2857 co-

304 2909 454 2960 mes,
488 2892 587 2965 qui
619 2909 681 2949 se
711 2910 826 2949 non
859 2893 926 2928 ¹⁵⁹
954 2890 1196 2946 viriliter
1241 2891 1596 2958 defenderat,
1643 2889 1948 2958 occiditur,

300 2981 648 3039 Adelbertus
696 2985 893 3039 autem
947 2980 1209 3036 marchio
1240 2983 1296 3034 et
1327 2979 1688 3035 Gislebertus
1721 2979 1830 3034 vivi
1863 2996 1952 3035 ca-

304 3071 566 3145 piuntur'

370 3161 464 3216 62.
490 3160 705 3216 Verum
735 3159 1101 3228 Adelbertus,
1135 3161 1200 3214 ut
1230 3161 1354 3214 erat
1378 3157 1467 3212 vir
1491 3174 1608 3213 non
1638 3155 1952 3212 bellicosus

300 3249 404 3304 sed
437 3249 774 3321 sagacitatis
792 3249 858 3284 ¹⁶⁰
878 3247 1175 3319 nimieque
1193 3246 1698 3314 calliditatis,dum
1723 3246 1952 3301 inruere

299 3318 628 3411 Hungarios
655 3338 917 3412 undique
949 3318 1231 3402 cerneret,
1265 3341 1533 3408 essetque
1567 3334 1650 3389 illi
1690 3335 1949 3407 fugiendi
1981 3318 2024 3386 C

299 3444 434 3500 spes
463 3427 655 3484 omnis
687 3425 1167 3495 ablata,balteum
1199 3425 1578 3498 armillasque
1611 3441 1816 3480 aureas
1834 3441 1954 3480 om-

299 3531 554 3589 nemque
581 3518 926 3591 praeciosum
960 3516 1303 3589 abparatum
1328 3515 1590 3588 projecit,
1621 3513 1953 3586 vilibusque

300 3622 362 3662 se
395 3605 597 3664 militis
630 3607 721 3663 sui
753 3604 948 3662 induit
971 3605 1358 3670 vestimentis,
1411 3621 1483 3659 ne
1536 3604 1608 3659 ab
1641 3603 1954 3676 Hungariis

302 3700 406 3776 qui
427 3701 582 3753 esset
601 3693 1246 3766 dinosceretur.Captus
1265 3693 1462 3765 itaque
1483 3693 1953 3764 sciscitatusque,

303 3789 438 3860 quis
465 3783 854 3851 esset,militis
885 3782 1196 3850 cujusdam
1224 3780 1466 3835 militem
1487 3797 1548 3835 se
1571 3797 1698 3837 esse
1719 3798 1958 3852 respon-

310 3871 782 3944 dit.Rogavitque
813 3886 876 3925 se
913 3869 983 3922 ad
1025 3868 1286 3923 vicinum
1321 3867 1647 3940 castellum,
1677 3869 1958 3925 vocabulo

305 3958 649 4026 Caleinaria,
684 3957 840 4025 duci,
873 3956 934 4012 in
957 3971 1072 4027 quo
1105 3960 1396 4027 parentes,
1422 3957 1520 4028 qui
1553 3973 1687 4012 eum
1719 3957 1961 4013 redime-

307 4054 458 4118 rent,
492 4065 554 4106 se
584 4047 800 4104 habere
845 4044 1163 4102 asserebat.
1197 4045 1422 4123 Dnctus
1453 4046 1654 4118 igitur,
1674 4046 1812 4118 quia
1843 4063 1959 4101 non

308 4139 566 4215 agnitus,
597 4135 884 4194 vilissimo
917 4133 1116 4207 prmtio
1147 4139 1537 4206 comparatur.
1573 4135 1728 4189 Emit
1765 4138 1961 4190 autem

305 4229 473 4287 illum
499 4244 647 4285 suus
678 4225 867 4299 ipsius
900 4225 1094 4293 miles,
1127 4223 1364 4278 nomine
1397 4225 1530 4279 Leo.

375 4318 466 4376 63.
497 4315 860 4375 Gislebertus
891 4312 1163 4386 denique,
1215 4312 1354 4384 quia
1397 4312 1656 4385 agnitus,
1713 4313 1964 4386 ﬂagella-

303 4413 424 4478 tus,
449 4406 700 4474 vinctus,
736 4403 1107 4472 seminudus,
1135 4406 1270 4458 ante
1301 4401 1455 4474 regis
1479 4403 1802 4476 Berengarii
1827 4421 1964 4476 prin-

307 4496 560 4554 sentiam
589 4493 1161 4550 ducitur.Enimvero
1175 4492 1318 4546 dum
1335 4495 1467 4546 ante
1483 4508 1617 4546 eum
1642 4491 1767 4547 sine
1791 4493 1965 4548 femo-

309 4585 729 4648 ralibus,curta
759 4581 1006 4637 indutus
1036 4579 1411 4645 endromade,
1445 4581 1678 4646 ductus,
1707 4581 1860 4653 regis
1893 4581 1965 4636 ad

2049 667 2152 736 ris,
2186 667 2472 724 rationem
2507 666 2875 722 redditurum
2908 668 3046 719 Deo.
3083 684 3112 712 »

2119 760 2209 812 64.
2245 757 2410 812 Hunc
2442 757 2694 827 denique
2733 755 2805 809 ad
2849 753 3084 826 propria
3130 752 3496 821 redeuntem,
3550 751 3709 824 regis

2050 864 2228 920 gener
2256 847 2601 902 Adelbertus
2634 843 2925 915 ceterique
2949 843 3047 915 qui
3070 859 3203 897 cum
3227 858 3292 898 eo
3317 841 3496 897 simul
3527 839 3714 896 rebel-

2051 937 2136 992 les
2185 937 2512 1006 extiterant,
2565 934 2786 1004 accepti
2832 933 3239 987 immemorem
3292 930 3574 999 benefitii,
3633 930 3709 986 ob

2052 1025 2389 1090 Rodulfum,
2419 1029 2483 1078 ut
2503 1023 2793 1090 adveniat,
2829 1021 3108 1093 dirigunt.
3127 1021 3422 1076 Profectus
3453 1020 3710 1092 denique

2051 1115 2254 1169 eodem
2288 1113 2811 1176 Gislebertus,ante
2826 1112 2892 1166 30
2923 1111 3046 1164 dies
3078 1127 3212 1164 eum
3237 1109 3462 1165 Italiam
3495 1109 3711 1165 adven-

2051 1209 2174 1259 tare
2201 1203 2405 1275 coegit.
2441 1203 2548 1266 Qui
2580 1204 2889 1273 susceptus
2922 1200 2982 1234 ¹δ¹
3036 1200 3107 1254 ab
3157 1199 3450 1266 omnibus,
3485 1198 3566 1253 nil
3599 1199 3708 1253 Be-

2053 1292 2319 1364 rengario
2351 1309 2417 1346 ex
2449 1291 2606 1346 omni
2641 1307 2819 1362 regno
2850 1294 3059 1361 prmter
3105 1289 3397 1344 Veronam
3437 1287 3664 1342 dimisit
3692 1306 3706 1354 ;

2054 1381 2359 1452 tenuitque
2381 1385 2570 1435 totum
2593 1396 2696 1450 per
2714 1378 3035 1434 triennium
3057 1377 3302 1432 viriliter
3317 1393 3563 1450 regnum
3588 1377 3706 1449 (an.

1962 1535 1968 1542 _
2051 1473 2157 1525 922
2184 1475 2315 1526 Jan.
2351 1503 2417 1508 —
2446 1471 2552 1523 926
2579 1469 2741 1539 Jul.).

2123 1562 2212 1614 65.
2247 1564 2388 1614 Cum
2426 1561 2489 1613 12
2521 1558 2759 1613 sibimet
2788 1555 2947 1612 horis
2995 1555 3172 1610 homo
3224 1554 3466 1626 placeat,
3501 1552 3714 1626 displi-

2054 1653 2198 1714 ceat,
2231 1649 2340 1703 hoc
2372 1648 2543 1704 modo
2576 1646 2781 1719 diligat
2815 1647 2898 1713 ‘6’,
2935 1643 3079 1699 illud
3112 1661 3246 1699 mox
3277 1647 3621 1716 aspernetur
3642 1643 3717 1677 ¹⁶³

2053 1739 2152 1809 qui
2189 1738 2309 1792 ﬁeri
2338 1741 2547 1808 potest,
2586 1741 2651 1790 ut
2699 1735 2974 1790 omnibus
3023 1751 3254 1805 semper
3301 1731 3722 1804 aequanimiter

2054 1826 2316 1900 placeat?
2349 1826 2534 1898 Igitur
2565 1826 2718 1880 infra
2749 1824 3065 1879 triennium
3106 1823 3263 1878 istud
3296 1839 3394 1877 rex
3422 1820 3718 1877 Rodulfus

2055 1916 2411 1988 quibusdam
2444 1915 2655 1984 bonus,
2691 1913 2822 1969 aliis
2853 1912 3044 1986 gravis
3072 1917 3160 1968 est
3184 1912 3382 1985 visus._
3402 1911 3563 1966 Unde
3592 1910 3718 1966 fac-

2056 2009 2182 2060 tum
2215 2009 2325 2072 est,
2358 2008 2421 2059 ut
2451 2005 2633 2059 totius
2663 2003 2826 2075 regni
2877 2002 3069 2058 media
3099 2018 3234 2073 pars
3266 1999 3467 2073 populi
3500 1999 3720 2056 Rodul-

2056 2096 2200 2162 fum,
2237 2093 2430 2148 media
2463 2094 2877 2165 Berengarium
2926 2090 3116 2147 vellet.
3151 2091 3368 2145 Parant
3406 2089 3605 2160 itaque
3639 2088 3724 2143 ci-

2054 2183 2166 2239 vile
2201 2201 2311 2238 non
2337 2182 2631 2238 modicum
2666 2181 2885 2237 bellum
2920 2199 2932 2249 ;
2967 2185 3024 2234 et
3053 2179 3333 2251 quoniam
3354 2179 3552 2244 Wido,
3587 2176 3724 2232 Pla-

2057 2272 2298 2328 centinae
2331 2271 2582 2326 civitatis
2608 2271 2937 2342 episcopus,
2973 2267 3302 2339 Berengarii
3337 2266 3611 2339 partibus
3640 2265 3730 2322 fa-

2055 2362 2246 2426 vebat,
2281 2363 2348 2415 l2
2379 2360 2549 2432 longe
2579 2358 2874 2414 Placentia
2902 2356 3170 2412 miliariis
3193 2357 3366 2428 juxta
3396 2354 3731 2411 Florentio-

2061 2451 2175 2506 lam
2207 2449 2426 2506 bellum
2457 2448 2822 2504 constituunt
2854 2448 2939 2501 ‘5‘.

2271 2540 2421 2594 Tum
2454 2555 2632 2609 quam
2665 2537 2809 2592 satis
2841 2535 3078 2591 horrida
3102 2551 3298 2607 pugna

2272 2627 2470 2683 Oritur
2494 2625 2680 2682 civilis
2709 2629 2765 2680 et
2790 2629 2936 2692 atra,

2272 2717 2416 2784 Heu,
2451 2719 2729 2787 quattuor
2759 2719 2895 2770 ante
2925 2713 3216 2769 Kalendas

2273 2807 2487 2870 Quater
2519 2806 2583 2839 ¹⁶⁵
2612 2803 2874 2872 Sextilis;
2911 2807 2969 2858 at
2999 2803 3124 2874 ipse

2275 2895 2489 2950 Radios
2518 2909 2813 2965 emergere
2843 2891 3118 2959 Phccbus,

2275 2983 2495 3037 Bucina
2529 2983 2684 3037 Mars
2715 2999 2850 3037 cum
2874 2980 3080 3052 strepit
3110 2979 3246 3035 alta.

2275 3073 2462 3128 Gnato
2493 3071 2664 3126 Pater
2695 3070 2819 3142 ipse
2852 3069 3210 3142 perhennem

2277 3163 2408 3216 Fert
2435 3160 2764 3226 interitum,
2795 3159 3148 3232 genitusque

2274 3249 2558 3304 Perhimit
2588 3252 2837 3320 patrem,
2873 3248 3035 3302 dolor
3065 3248 3137 3304 he
3169 3249 3234 3283 ¹⁶⁶
3265 3247 3437 3319 quis?

2276 3339 2505 3395 Lmtum
2539 3342 2703 3410 parat
2732 3353 2862 3392 ecce
2893 3337 3089 3408 nepoti

2274 3429 2525 3495 Abavus,
2561 3427 2912 3483 sternendus
2939 3427 3010 3481 ab
3043 3427 3204 3499 ipso;

2276 3516 2466 3572 Furiis
2498 3515 2766 3588 pulsatus
2798 3517 2868 3570 ab
2902 3515 3046 3571 atris

2277 3607 2537 3662 Fratrem
2570 3604 2713 3660 fodit
2743 3604 2976 3660 eminus
3006 3604 3168 3660 alter.

2279 3694 2663 3767 Berengarius
2695 3693 2814 3749 ruit
2843 3693 2969 3766 ipse

2280 3784 2504 3840 Medios
2536 3799 2634 3838 rex
2667 3800 2769 3855 per
2791 3783 2946 3838 citus
2978 3782 3199 3853 hostes,

2284 3877 2610 3944 Properans
2647 3873 2708 3906 ¹⁶⁷
2741 3887 2845 3926 ceu
2875 3870 3074 3943 fulgur
3103 3871 3176 3927 ab
3209 3870 3345 3940 alto,

2283 3962 2486 4018 Cancri
2521 3977 2693 4034 grave
2725 3960 2890 4016 sidus
2918 3960 3130 4016 aristas

2283 4051 2464 4106 Deicit
2494 4067 2627 4105 cum
2663 4049 2807 4104 falce
2841 4050 2906 4084 ¹⁶⁸
2939 4048 3215 4105 novellas.

2283 4139 2464 4195 Aliter
2495 4157 2610 4194 non
2645 4140 2802 4194 ferus
2826 4143 2883 4194 et
2905 4143 3067 4194 atrox

2287 4229 2568 4284 Miserum
2596 4245 2694 4282 rex
2724 4227 2847 4300 ipse
2879 4227 3164 4284 Rodulfus

2287 4316 2472 4372 Deicit
2505 4333 2783 4372 mucrone
2805 4316 3125 4388 popellum.

2142 4407 2232 4461 66.
2266 4406 2513 4461 Dederat
2560 4422 2658 4459 rex
2708 4405 2994 4460 Rodulfus
3036 4405 3417 4462 Waldradam
3468 4423 3740 4462 sororem

2074 4513 2264 4563 suam,
2304 4499 2422 4550 tam
2456 4495 2642 4549 forma
2675 4511 2850 4566 quam
2884 4495 3170 4566 sapientia
3200 4513 3327 4567 quae
3353 4513 3509 4551 nunc
3540 4513 3740 4568 usque

2076 4588 2344 4658 superest
2374 4583 2620 4638 honesta
2651 4587 2934 4650 matrona,
2964 4584 3272 4656 conjugem
3306 4585 3603 4641 Bonefatio
3636 4603 3738 4642 co-

310 4674 490 4747 pedes
521 4687 742 4744 pronus
774 4669 994 4725 concite
1028 4671 1278 4725 caderet.
1313 4668 1372 4723 in
1405 4669 1748 4741 genitalium
1779 4675 1968 4726 osten-
1997 4691 2043 4755 D
2075 4674 2202 4729 miti
2235 4672 2772 4745 potentissimo,qui
2808 4675 3005 4728 nostro
3037 4677 3169 4744 post
3191 4677 3453 4746 tempore
3487 4675 3600 4747 (91)
3633 4675 3741 4731 Ca-

312 4762 476 4819 sione
507 4758 908 4815 membrorum
956 4757 1074 4814 riso
1119 4774 1323 4813 omnes
1369 4757 1690 4812 emoririer.
1726 4759 1843 4814 Rex
1869 4777 1966 4814 au-

309 4854 451 4918 tem,
485 4846 720 4922 pietatis
752 4852 817 4903 ut
874 4851 998 4902 erat
1028 4850 1274 4914 amator,
1311 4845 1713 4903 misericordia
1745 4865 1872 4920 quae
1914 4849 1966 4904 ei

312 4937 478 4996 nulla
505 4935 1244 5003 debebaturinclinatus,ei
1269 4951 1405 5003 non,
1440 4938 1506 4990 ut
1534 4935 1787 5008 populus
1809 4941 1968 5009 opta-

311 5027 412 5096 vit,
445 5027 670 5082 malum
719 5042 823 5098 pro
873 5023 1028 5080 malo
1078 5022 1372 5089 reddidit;
1405 5039 1610 5078 verum
1659 5025 1966 5082 confestim

313 5115 502 5172 lotum
534 5113 890 5184 obtimisque
911 5111 1172 5168 vestibus
1196 5111 1633 5182 indutum,eum
1655 5114 1817 5170 abire
1842 5131 1968 5187 pro-

317 5201 613 5262 misit.Cui
633 5205 690 5259 et
712 5202 870 5258 aitztt
897 5199 1330 5271 Jusjurandum
1371 5204 1485 5254 ate
1516 5201 1746 5258 nullum
1779 5204 1966 5277 exigo,

2076 4763 2438 4818 merinorum
2471 4765 2528 4816 et
2557 4760 2993 4832 Spoletinorum
3041 4762 3232 4818 extitit
3281 4763 3565 4820 marchio.
3602 4765 3735 4837 Hic,

2078 4851 2322 4908 collecta
2353 4849 2752 4919 multitudine,
2788 4867 2922 4906 cum
2955 4851 3236 4907 Gariardo
3270 4853 3488 4924 pariter
3521 4855 3744 4912 comite

2078 4939 2329 4996 Rodulfo
2362 4940 2421 4994 in
2455 4937 2742 4994 auxilium
2775 4943 3030 5008 venerat,
3066 4945 3336 5013 atque,ut
3357 4947 3482 5000 erat
3507 4944 3597 4998 vir
3613 4948 3742 5001 tam

2080 5027 2328 5085 callidus
2352 5045 2526 5100 quam
2552 5027 2979 5097 audax,maluit
3003 5030 3196 5101 potius
3219 5048 3353 5087 cum
3370 5031 3496 5088 suis
3516 5032 3576 5088 in
3598 5031 3748 5090 insi-

2079 5117 2191 5173 diis
2221 5117 2450 5190 positus
2480 5116 2560 5170 rei
2607 5117 2825 5172 exitum
2865 5123 3187 5191 expectare,
3246 5137 3425 5193 quam
3473 5122 3743 5194 primum

2078 5205 2218 5261 belli
2276 5205 2563 5278 impetum
2622 5205 2933 5262 sustinere.
2979 5205 3234 5279 Jamjam
3287 5207 3518 5266 Rodulfl
3568 5228 3745 5284 poene

1676 5309 1916 5365 VARIE
1977 5312 2392 5368 LECTIONES.

387 5408 454 5444 “7
486 5403 729 5492 dimisse
761 5404 814 5460 l.
861 5404 957 5492 ‘15“
991 5401 1225 5492 difﬂuit;
1243 5401 1538 5492 -‘_"’_°j:-ALI_1:
1655 5407 1795 5492 5:5}.
1876 5409 1940 5441 ¹⁶⁰
1973 5410 2384 5492 sagatitati‘sul.
2464 5410 2525 5492 ¹⁶ξ
2558 5413 2909 5492 supsceptus
2935 5411 3027 5492 4‘.“
3067 5414 3132 5492 'f“
3160 5415 3198 5470 i.
3228 5433 3307 5471 m.
3342 5434 3472 5490 a.q.
3505 5419 3545 5492 f.
3580 5437 3635 5492 p.
3675 5424 3747 5476 ut

317 5497 372 5536 ο.
406 5497 455 5549 s,
489 5495 552 5534 aa.
587 5493 646 5549 p.
678 5475 874 5532 desunt
897 5478 950 5549 2_.
1032 5473 1097 5507 ¹⁶³
1129 5472 1540 5549 asper-meretur
1568 5475 1620 5530 4.
1700 5478 1765 5512 ³6⁸

1813 5485 2021 5550 parant
2052 5482 2097 5541 ,5
2145 5498 2197 5538 a.
2277 5483 2341 5516 ³6⁵

2386 5485 2638 5560 quatuor
2661 5482 2716 5539 5.
2764 5482 2802 5560 _5
2830 5499 2885 5539 a.
2963 5485 3028 5520 ¹⁶⁶
3075 5484 3188 5543 heu
3239 5482 3501 5560 quantus
3528 5482 3652 5549 5:5
3683 5510 3743 5550 a.

318 5551 385 5587 ¹⁶⁷
416 5539 701 5621 Propéras
731 5562 874 5604 corr.
909 5539 1234 5616 Properans
1255 5542 1307 5598 4.
1391 5539 1671 5614 Pr0peras
1700 5551 1756 5607 2.
1786 5539 1842 5605 ὅ.
1921 5539 2196 5622 Properat
2223 5553 2259 5608 5
2289 5570 2342 5610 a.
2405 5539 2485 5588 “‘33
2516 5552 2722 5610 falfaoe
2753 5554 2806 5611 l.

1918 5647 2153 5707 NOT.’E.

392 5735 509 5808 (90)
535 5731 796 5804 Adelphi.
814 5729 909 5796 III,
941 5745 1025 5798 III,
1051 5730 1134 5785 19.

2167 5739 2277 5813 (91)
2303 5742 2468 5802 Anno
2488 5699 2600 5800 ’946
2630 5758 2699 5802 ex
2719 5741 3003 5804 Chronico
3036 5725 3317 5807 Farfensi.
