3962 6376
221 396 342 463 833
1172 404 1808 499 ANTAI’ODOSEOS
1853 405 2061 469 LIBRI
2107 406 2377 472 snx.-
2406 409 2553 477 LIB.
2598 414 2675 478 Π.
3523 422 3643 486 :34

221 560 430 601 omnes
460 540 677 598 milites
706 538 998 612 fugerant,
1020 541 1077 594 et
1098 538 1451 612 Berengarii,
1466 539 1602 595 dato
1630 512 1882 595 victoria:
1909 543 1966 609 Α
2066 542 2155 597 71.
2191 544 2461 602 Beneﬁcii
2499 548 2713 622 quippe
2768 552 3047 623 praeteriti
3093 558 3151 610 et
3196 557 3500 628 prasentis
3530 558 3640 615 im-

220 637 392 709 signo
423 630 696 707 colligere
738 628 929 703 spolia
957 628 1323 700 satagebant,
1356 645 1491 684 cum
1536 627 1882 691 Bonefacius
1990 646 2236 701 memor,
2270 633 2602 693 insomnem
2651 636 2813 696 illam
2860 641 3014 715 regis
3044 643 3104 699 in
3148 661 3351 703 necem
3392 646 3643 721 populos

223 730 391 746 _‘_---
419 722 732 746 n__:-_.l.-..
782 718 974 746 ...ηιηζιλ
999 735 1063 746 ιη,
1088 716 1319 746 ἔνη-ἕλξειν.
1346 722 1724 746 ν-...Αςιιηυιηηιηη
1771 716 1879 746 ῑιηη
1990 717 2323 746 εηηιξι-Α...ι-
2377 725 2621 746 ___4-_1‘1
2720 745 2730 746 γ
2760 733 2793 746 γ.
2954 731 2993 746 n
3243 738 3251 746 .
3346 734 3401 746 ,η

219 730 398 798 atque
417 722 755 803 Gariardus,
781 718 975 776 subito
997 735 1067 810 ex
1088 716 1321 810 insidiis
1346 722 1749 810 properantes,
1771 716 1881 773 hos
1989 717 2327 810 instigando
2375 725 2627 797 pertulet
2666 733 2920 786 noctem.
2954 731 3073 788 Rex
3126 738 3295 792 nocte
3341 716 3642 810 illa,_que-

219 818 382 871 tanto
411 812 599 871 levius
628 814 849 884 quanto
887 807 1249 880 inopinatius
1280 806 1636 863 sautiabant.
1672 806 1878 883 Peper-

216 907 380 962 cerat
407 900 726 958 Gariardus
767 895 1287 965 nonnullis,hasta
1329 911 1428 951 eos
1458 899 1515 950 et
1562 911 1677 950 non
1727 894 1878 950 ferro

215 992 581 1067 percutiens;
614 986 949 1045 Bonefatius
978 1002 1133 1053 vero,
1162 984 1308 1040 nulli
1343 1000 1610 1056 parcens,
1631 983 1881 1038 immen-

215 1099 347 1140 sam
379 1081 594 1137 fecerat
620 1082 897 1151 stragem.
922 1074 1168 1148 Signum
1201 1073 1398 1146 itaque
1417 1071 1668 1128 victoriae
1699 1072 1875 1127 Bone-

215 1172 407 1228 facius
458 1171 788 1240 concrepat,
837 1164 1307 1236 conveniuntque
1363 1161 1465 1234 qui
1522 1178 1592 1218 ex
1643 1160 1875 1217 Rodulﬁ

216 1265 383 1335 parte
435 1259 804 1331 aufugerant,
853 1255 1390 1328 persequentesque
1434 1250 1871 1324 Berengarieos,

215 1351 417 1423 fugam
449 1346 581 1404 illos
602 1345 749 1402 inire
769 1344 1074 1417 cogebant.
1095 1340 1481 1415 Berengarius
1502 1357 1634 1397 vero
1657 1339 1729 1395 ad
1742 1356 1873 1440 .non

214 1437 581 1512 incognitum
608 1435 850 1491 Veronze
890 1430 1143 1506 perrexit
1181 1429 1416 1487 asilum.
1440 1431 1627 1486 Tanta
1656 1429 1873 1502 quippe

213 1532 357 1585 tunc
388 1525 826 1583 interfectorum
878 1526 1106 1595 strages
1162 1520 1317 1575 facta
1373 1522 1483 1585 est,
1516 1522 1583 1574 ut
1614 1518 1871 1574 militum

214 1632 405 1691 usque
431 1615 606 1672 hodie
632 1629 954 1687 permagna
980 1610 1194 1666 raritas
1222 1609 1530 1665 habeatur.

285 1707 375 1761 67.
403 1704 507 1762 His
537 1704 620 1760 ita
640 1701 913 1776 peractis,
936 1714 1186 1772 regnum
1210 1698 1322 1754 sibi
1346 1714 1445 1753 rex
1466 1695 1755 1752 Rodulfus
1776 1714 1874 1768 po-

208 1793 544 1854 tentissime
587 1789 943 1863 subjugavit,
972 1786 1325 1861 Papiamque
1356 1785 1578 1842 concito
1609 1785 1869 1852 veniens,

209 1881 704 1959 congregatisque
750 1878 1026 1935 omnibus
1062 1892 1075 1931 :
1106 1873 1492 1975 «.Quon'iam,.
1515 1873 1745 1975 inquit,‘
1771 1891 1869 1930 su-

208 1974 380 2047 perni
413 1969 676 2027 muneris
700 1967 969 2039 largitate
1007 1964 1152 2021 mihi
1184 1964 1429 2037 contigit
1459 1964 1702 2021 devictis
1730 1964 1868 2021 hos-

207 2063 376 2121 tibus
406 2060 570 2134 regni
602 2057 816 2115 solium
862 2054 1133 2128 adipisci,
1164 2071 1321 2110 nunc
1350 2054 1508 2108 cordi
1536 2054 1629 2109 est
1665 2056 1870 2109 vestrae

208 2168 307 2209 me
336 2164 586 2224 regnum
630 2146 899 2202 Italicum
946 2142 1082 2199 ﬁdei
1132 2141 1564 2208 commendare,
1597 2142 1867 2215 Burgun-

207 2241 486 2312 diamque
536 2236 789 2311 patriam
840 2238 1101 2290 veterum
1131 2231 1392 2288 visere.»
1422 2231 1526 2288 Cui
1570 2248 1706 2287 mox
1754 2234 1868 2289 ua-

204 2330 423 2386 lienses
449 2345 463 2385 :
491 2349 520 2379 «
546 2326 606 2384 Si
636 2326 859 2381 bonum
890 2322 1019 2391 tibi,
1051 2320 1349 2393 inquiunt,
1372 2319 1622 2389 videtur,
1655 2325 1867 2393 przesto

207 2436 438 2477 sumus.
470 2439 498 2468 ))

277 2508 367 2565 68.
393 2507 582 2581 Igitur
600 2508 730 2579 post
759 2500 990 2559 Rodulfi
1015 2497 1169 2573 regis
1191 2498 1555 2568 abscessum,
1579 2499 1734 2556 malo
1754 2499 1866 2556 Ve-

206 2607 491 2656 ronen‘ses
521 2597 758 2667 accepto
787 2589 1055 2657 consilio,
1076 2589 1206 2645 vitae
1240 2587 1509 2644 insidiari
1530 2589 1865 2662 Berengarii

206 2687 566 2754 moliuntur;
590 2683 749 2756 quod
770 2678 1185 2752 Berengarium
1206 2694 1326 2733 non
1347 2677 1536 2733 latuit.
1551 2679 1697 2734 Tam
1716 2678 1865 2735 servi

203 2782 405 2835 autem
436 2778 642 2832 auctor
666 2788 733 2828 ac
761 2774 1024 2843 repertor
1043 2767 1318 2824 facinoris
1340 2766 1708 2824 Flambertus
1734 2769 1864 2840 qui-

202 2868 346 2923 dam
377 2868 522 2931 erat,
548 2877 723 2935 quem
754 2857 1182 2931 sibi,quoniam
1213 2874 1283 2912 ex
1312 2861 1685 2913 sacrosancto
1707 2858 1865 2913 fonte

208 2955 402 3011 ﬁlium
458 2953 587 3025 ejus
630 2952 990 3022 susceperat,
1015 2950 1375 3020 compatrem
1425 2964 1524 3003 rex
1572 2948 1860 3005 effecerat.

203 3043 402 3101 Pridie
430 3057 566 3099 vero
595 3056 776 3112 quam
823 3040 1138 3110 pateretur,
1171 3036 1423 3092 eundem
1455 3036 1527 3092 ad
1577 3054 1639 3094 se
1670 3037 1863 3094 Flam-

203 3134 442 3191 bertum
473 3130 671 3188 venire
697 3126 992 3201 praecepit.
1023 3125 1125 3180 Cui
1156 3129 1213 3181 et
1239 3125 1321 3181 ait
1349 3143 1361 3181 :

273 3223 366 3277 69.
392 3242 422 3272 «
453 3219 513 3278 Si
544 3218 691 3275 mihi
735 3222 930 3273 tecum
978 3215 1263 3271 hactenus
1293 3232 1410 3271 non
1457 3220 1513 3272 et
1558 3216 1757 3274 multa:
1806 3222 1864 3274 et

191 3312 374 3385 justm
405 3326 597 3367 causa
628 3309 695 3343 ¹⁶⁰
723 3305 941 3363 amoris
986 3308 1200 3372 essent,
1227 3320 1459 3377 quoquo
1505 3306 1700 3377 modo,
1734 3324 1861 3380 qua:
1891 3281 1935 3349 C
2044 3365 2048 3369 ,

203 3400 276 3457 de
310 3403 367 3456 te
417 3398 715 3465 dicuntur,
739 3395 899 3452 credi
922 3396 988 3429 17°
1012 3398 1274 3466 possent.
1309 3394 1585 3450 lnsidiari
1632 3400 1688 3452 te
1732 3396 1862 3452 vitae

200 3505 345 3546 mea;
377 3487 578 3556 aiunt;
612 3485 715 3543 sed
746 3502 863 3541 non
905 3499 1011 3556 ego
1041 3481 1316 3538 credulus
1353 3482 1492 3539 illis.
1524 3483 1864 3543 Meminisse

200 3581 401 3635 autem
449 3580 508 3633 te
551 3573 701 3643 volo,
724 3576 1197 3646 quautecumque
1245 3570 1349 3626 tibi
1394 3571 1758 3630 accessiones
1806 3579 1864 3631 et

201 3667 449 3723 fortuna;
478 3668 538 3722 et
567 3661 873 3736 dignitatis
915 3659 1148 3725 fuerint,
1184 3676 1283 3715 eas
1331 3663 1386 3715 te
1435 3676 1552 3715 non
1597 3662 1863 3734 potuisse

200 3755 317 3813 nisi
342 3754 490 3811 meis
516 3751 816 3810 beneficiis
843 3749 1143 3820 consequi.
1164 3748 1327 3803 Unde
1356 3753 1413 3804 et
1440 3748 1551 3805 hoc
1582 3750 1857 3808 animoin

200 3862 312 3902 nos
343 3860 473 3900 esse
502 3843 701 3910 debes,
747 3843 811 3895 ut
836 3838 1093 3911 dignitas
1144 3853 1274 3893 mea
1300 3836 1357 3892 in
1382 3853 1580 3895 amore
1603 3844 1777 3913 atque
1798 3841 1858 3896 in

199 3932 485 3991 ﬁdelitate
513 3936 616 3988 tua
644 3928 1039 4002 conquiescat.
1065 3927 1265 3999 Neque
1293 3942 1427 3984 vero
1457 3928 1733 4001 cuiquam
1765 3947 1856 3987 sa-

194 4023 380 4078 lutem
413 4037 481 4078 ac
510 4022 778 4078 fortunas
810 4035 949 4075 suas
991 4019 1165 4073 tanta:
1196 4034 1348 4072 cura:
1380 4016 1563 4074 fuisse
1592 4035 1857 4092 unquam

194 4115 362 4184 puto,
386 4110 591 4183 quanti
618 4107 764 4165 mihi
791 4108 903 4164 fuit
930 4106 1118 4163 honos
1147 4110 1305 4163 tuus.
1330 4106 1393 4162 In
1424 4123 1539 4179 quo
1571 4124 1702 4166 mea
1730 4127 1856 4167 om-

193 4201 297 4257 nia
325 4199 543 4267 studia,
569 4215 801 4256 omnem
835 4212 1096 4270 operam,
1118 4212 1343 4264 curam,
1368 4195 1743 4269 industriam,
1767 4216 1858 4256 co-

191 4288 538 4364 gitationem
570 4288 753 4361 hujus
786 4285 1037 4343 civitatis
1081 4301 1314 4341 omnem
1366 4285 1483 4341 fixi.
1507 4285 1700 4343 Unum
1745 4289 1856 4346 hoc

191 4370 282 4436 sic
312 4378 526 4436 habeto
554 4395 567 4434 :
593 4377 703 4433 sia
727 4381 783 4433 te
805 4374 953 4432 mihi
985 4378 1273 4432 servatam
1295 4374 1470 4441 ﬁdem
1494 4375 1852 4449 intellexero,

189 4484 309 4525 nen
343 4466 488 4523 mihi
519 4470 638 4523 tam
675 4483 806 4523 mea
844 4464 1008 4522 salus
1045 4480 1199 4533 cara,
1233 4480 1410 4536 quam
1442 4465 1631 4537 pietas
1660 4466 1771 4523 erit
1794 4467 1853 4524 in

189 4556 500 4613 referenda
528 4554 718 4630 gratia
740 4554 1026 4627 jucunda.
1050 4574 1080 4605 »

1989 808 2372 868 madmodum
2415 818 2473 869 et
2515 815 2727 872 solitus
2777 822 2920 890 erat,
2962 820 3137 892 juxta
3181 808 3642 897 molesiam,non

1986 893 2047 988 in
2080 897 2253 953 domo
2285 918 2413 973 quae
2443 904 2673 960 defendi
2706 912 2923 980 posset,
2957 911 3057 966 sed
3085 910 3147 967 In
3176 893 3643 988 tuguriolo'quo-

1985 983 2123 1041 dam
2174 991 2451 1047 manebat
2493 995 2914 1053 amoenissime.
2946 1000 3055 1055 Sed
3103 1005 3162 1057 et
3212 983 3486 1060 custodes
3532 1023 3641 1062 no-

1984 1075 2076 1128 cte
2119 1077 2323 1134 eadem
2373 1097 2488 1138 non
2536 1090 2835 1155 posuerat,
2870 1088 3051 1144 nichil
3105 1091 3414 1163 suspicans
3462 1094 3640 1151 etiam

1983 1162 2144 1219 mali.

2231 1254 2304 1311 Se
2330 1257 2588 1329 primum
2621 1262 2891 1334 quatiens
2922 1266 3128 1341 strepit

2232 1343 2454 1418 Gallus,
2486 1365 2620 1405 cum
2646 1351 2852 1425 vigiles
2881 1353 3021 1411 facit

2232 1431 2526 1505 Mortales,
2562 1437 2732 1494 solito
2764 1446 2934 1497 sonat

2230 1519 2301 1574 Et
2333 1521 2567 1593 pulsata
2596 1527 2708 1583 Deo
2734 1530 2892 1584 canit

2227 1607 2361 1663 Jam
2392 1614 2533 1667 tunc
2562 1630 2721 1670 aanea
2753 1616 3048 1689 machina,

2228 1695 2559 1771 Invitatque
2589 1702 2805 1760 docens
2836 1706 2983 1762 bene

2232 1785 2537 1844 Loetheum
2567 1792 2683 1864 (92)
2714 1808 2890 1865 grave
2923 1812 3218 1870 spernere,

2232 1873 2460 1933 Laudes
2490 1877 2626 1935 huic
2658 1882 2831 1938 modo
2863 1885 3124 1956 reddere,

2232 1963 2341 2029 Qui
2367 1964 2550 2023 vitam
2581 1968 2810 2039 tribuit,
2843 1972 3004 2028 dedit

2231 2052 2298 2106 Et
2326 2054 2496 2111 nobis
2527 2074 2805 2128 superam
2836 2060 2983 2117 bene

2230 2140 2503 2199 Sanctam
2537 2162 2778 2217 querere
2808 2149 3056 2220 patriam
3078 2172 3101 2220 ;

2231 2229 2336 2285 Hic
2353 2231 2374 2253 *
2405 2249 2502 2288 rex
2525 2234 2831 2291 ecclesiam
2865 2239 3028 2310 petit,

2226 2320 2306 2374 Ae
2336 2319 2542 2378 laudes
2571 2322 2820 2381 Domino
2852 2328 3028 2384 canit.

2229 2407 2599 2469 Flambertus
2628 2430 2949 2488 properans
2978 2418 3152 2489 volat,

2228 2498 2488 2563 Quocum
2521 2501 2709 2558 multa
2738 2503 2916 2560 simul
2948 2523 3182 2579 manus,

2226 2584 2299 2641 Ut
2326 2604 2523 2661 regem
2555 2590 2850 2663 perhimat
2876 2594 3119 2652 bonum.

2226 2675 2345 2731 Rex
2374 2677 2589 2734 horum
2618 2680 2756 2754 vigil
2786 2681 3032 2758 inscius,

2225 2765 2405 2822 Audit
2435 2768 2578 2824 dum
2609 2770 2942 2844 strepitum,
2975 2773 3155 2831 nichil

2224 2853 2594 2927 Formidans,
2623 2865 2895 2933 properat
2921 2862 3093 2934 citus,

2224 2941 2342 2996 Hoc
2374 2944 2514 3014 quid
2546 2945 2732 3003 visere
2763 2949 2871 3018 sit;
2905 2950 3061 3007 videt

2221 3032 2493 3090 Armatae
2523 3035 2779 3094 militum
2811 3055 3045 3097 manus.

2227 3120 2622 3180 Flambertum
2651 3132 2819 3184 vocat
2845 3129 3120 3188 emimus.

2223 3211 2365 3277 Quid
2394 3214 2550 3270 turbe
2579 3223 2676 3283 est,
2708 3216 2809 3285 ait,
2842 3234 2910 3273 en
2942 3219 3077 3276 bene

2230 3302 2359 3358 Vir?
2388 3302 2521 3374 quid
2542 3320 2692 3359 nunc
2708 3307 2948 3377 populus
2978 3311 3133 3381 cupit

2220 3395 2481 3448 Armatus
2509 3395 2753 3464 referens
2778 3400 3018 3452 manus?

2224 3480 2547 3549 Respondit
2573 3498 2586 3537 :
2626 3483 2852 3539 Vereare
2879 3486 2984 3540 nil.

2223 3570 2287 3625 Te
2316 3585 2424 3624 non
2457 3570 2819 3642 ut‘perhimat
2845 3575 2981 3640 ruit,

2219 3657 2325 3713 Sed
2343 3675 2603 3732 pugnare
2633 3660 2809 3716 libens
2837 3665 2989 3734 cupit

2220 3747 2346 3804 Haec
2375 3764 2503 3802 cum
2526 3752 2706 3820 parte,
2737 3757 2893 3807 tuum
2917 3755 3057 3825 petit

2219 3838 2341 3893 Mox
2369 3839 2467 3909 qui
2495 3839 2686 3894 tollere
2712 3841 2993 3912 spiritum.

2217 3931 2505 4000 Deceptus
2536 3933 2809 4002 properat
2832 3931 2946 3988 ﬁde

2218 4016 2339 4089 Rex
2367 4016 2499 4089 hac,
2532 4016 2591 4074 in
2621 4019 2848 4078 medios
2877 4022 3055 4079 simul

2216 4107 2367 4162 Tum
2392 4108 2458 4142 ¹⁷²
2478 4108 2541 4180 [ἰ.
2564 4125 2635 4165 ε..
2656 4111 2817 4181 tunc]
2839 4116 3046 4184 captus
3078 4113 3232 4172 male
3261 4115 3530 4186 ducitur;

2213 4199 2259 4253 A
2289 4201 2449 4272 tergo
2480 4197 2638 4255 hunc
2670 4199 2803 4255 ferit
2830 4199 3051 4274 impius

2217 4286 2547 4360 Romphea;
2581 4287 2737 4345 cadit
2764 4288 2880 4345 heu
2909 4290 3065 4363 pius,

2215 4376 2582 4449 Felicemque
2611 4394 2789 4433 suum
2817 4376 2934 4435 Deo

2142 4498 2165 4527 τ
2213 4467 2598 4523 Commendat
2625 4466 2721 4539 pie
2745 4467 3019 4539 spiritum
3045 4468 3058 4523 !

2031 4557 2123 4612 72.
2160 4555 2422 4627 Denique
2453 4571 2632 4627 quam
2677 4555 3049 4614 innocentem
3079 4558 3427 4633 sanguinem
3453 4560 3619 4618 fude-

198 4702 209 4707 κ
263 4646 354 4702 70.
389 4645 494 4703 His
524 4645 793 4719 expletis,
820 4658 1066 4700 aureum
1112 4660 1227 4699 non
1260 4643 1417 4714 parvi
1450 4645 1725 4716 ponderis
1755 4663 1853 4719 po-
1882 4650 1931 4717 D
1963 4644 2081 4701 rint
2113 4648 2521 4718 quantumque
2566 4646 2818 4718 perversi
2858 4664 3124 4718 perverse
3167 4650 3415 4724 egerint,
3447 4651 3620 4709 nobis

188 4733 394 4791 culum
426 4752 519 4793 res
545 4735 611 4808 ξεί
659 4733 936 4808 porrexit,
964 4736 1139 4805 atque
1187 4733 1491 4805 subjunxit
1523 4751 1535 4789 :
1563 4757 1591 4785 «
1623 4736 1855 4792 Amoris

186 4822 521 4897 salutisque
552 4824 667 4881 mei
716 4840 896 4880 causa
939 4822 1094 4894 quod
1146 4822 1497 4891 continetur,
1547 4823 1729 4881 bibito
1754 4826 1853 4896 “1;

182 4914 347 4986 quod
378 4913 662 4983 continet,
688 4913 923 4968 habeto.
950 4933 979 4961 »
1002 4910 1148 4966 Vere
1171 4911 1391 4984 quippe
1411 4916 1468 4968 et
1488 4912 1715 4985 absque
1738 4931 1857 4970 am-

178 5001 474 5076 biguitate
504 5007 637 5077 post
666 5007 874 5076 potum
918 4999 1182 5055 introivit
1219 4999 1279 5055 in
1324 4999 1492 5056 illum
1524 5001 1850 5071 Sathanas;

179 5092 693 5165 quemadmodum
719 5096 776 5147 et
805 5090 876 5146 de
900 5089 932 5146 J
942 5089 1056 5145 uda
1085 5088 1379 5162 proditore
1404 5090 1633 5145 Domini
1666 5090 1853 5147 nostri

176 5181 327 5240 Jesu
358 5180 577 5239 Christi
610 5181 899 5253 scriptum
931 5182 1020 5234 est
1053 5196 1065 5235 :
1102 5178 1245 5246 Quia
1266 5182 1389 5250 post
1420 5179 1693 5234 bucellam
1720 5183 1854 5235 tunc

174 5270 440 5330 introivit
466 5271 529 5324 in
558 5270 723 5325 illum
750 5268 1027 5326 Sathauas
1057 5268 1233 5342 (Joan.
1265 5284 1391 5339 x111,
1422 5267 1535 5340 27).

1964 4732 2363 4800 reticentibus,
2395 4732 2578 4805 lapsis
2607 4738 2741 4791 ante
2766 4735 3077 4807 cujusdam
3108 4737 3348 4797 melesim
3368 4740 3619 4812 januam

1964 4822 2213 4896 positus,
2234 4838 2585 4895 sanguinem
2628 4822 2757 4895 ejus
2800 4827 3246 4884 transeuntibus
3276 4828 3504 4886 cunctis
3532 4846 3622 4886 os-

1961 4912 2210 4968 tendens
2241 4910 2527 4967 insinuat.
2559 4911 2731 4968 Nullo
2764 4913 2982 4987 quippe
3013 4915 3311 4975 delibutus
3344 4934 3619 4991 aspersu-

1962 5018 2109 5074 sque
2137 5000 2366 5073 liquore
2396 5000 2664 5057 discedit.
3473 5001 3485 5014 ⁸

2032 5091 2121 5145 73.
2142 5090 2436 5146 Nutrierat
2456 5089 2568 5147 sibi
2586 5109 2686 5147 rex
2701 5092 3089 5168 Berengarius
3108 5095 3477 5155 familiariter
3496 5097 3617 5156 lau-

1960 5184 2130 5253 teque
2153 5180 2451 5251 juvenem,
2481 5180 2664 5237 immo
2699 5181 2939 5240 heroem
2971 5185 3290 5257 quendam,
3326 5187 3465 5245 Milo
3508 5204 3615 5246 no-

1960 5268 2137 5341 mine,
2161 5268 2447 5326 memoria
2475 5270 2622 5329 satis
2642 5287 2708 5328 ac
2738 5270 2915 5331 laude
2944 5273 3213 5349 dignum.
3235 5276 3418 5353 Cujus
3441 5277 3493 5337 si
3513 5293 3616 5338 rex

1085 5457 1088 5460 ξ
1547 5390 1792 5451 νΑΒΙλΕ
1831 5393 2240 5463 LECTIONES.

253 5493 323 5533 ιον
349 5507 485 5551 case
515 5491 568 5552 1.
648 5491 714 5528 ¹⁷⁰
747 5505 861 5564 que
892 5491 965 5549 de
992 5492 1050 5549 te
1079 5490 1235 5549 credi
1269 5492 1319 5552 1.
1398 5492 1461 5530 1⁷1
1493 5489 1661 5551 libito
1690 5490 1744 5551 4.
1770 5506 1876 5566 pro
1906 5491 2086 5554 libato
2117 5494 2186 5573 (?)
2216 5493 2303 5556 vel
2330 5493 2533 5562 bibito.
2614 5495 2680 5535 ³⁷³
2709 5496 2875 5559 Tunc
2901 5499 2939 5559 5
2966 5516 3020 5564 α.
3054 5562 3062 5569 ,

1780 5607 2013 5685 ΝΟΤΕ.

248 5698 364 5787 (92)
395 5700 461 5764 Id
489 5701 580 5763 est
609 5712 907 5764 somnum.
