3962 6392
185 415 304 472 8H
345 445 363 465 ,-

1136 413 1756 475 ANTAPODOSEOS
1800 412 2006 473 LIBRI
2054 415 2228 476 SEX.
2259 448 2336 459 --
2368 416 2516 477 LIB.
2563 417 2672 479 IIl.

3490 418 3660 477 842,

189 545 441 619 cipibus,
462 560 578 602 non
598 560 774 618 parva
799 545 950 601 inter
971 560 1069 601 eos
1099 543 1409 601 admiratio
1435 550 1578 611 erat,
1612 562 1719 600 cur
1748 544 1841 600 in-
1872 545 1928 612 Α
1957 561 2258 617 pannosus
2289 549 2620 621 despectus,
2644 549 2772 620 ejus
2805 551 2999 605 tamen
3028 546 3270 620 loquela)
3304 547 3483 620 scius,
3507 548 3608 621 qui

185 635 360 691 solito
391 651 488 691 rex
506 635 650 691 hora
665 634 1007 707 hujusmodi
1035 634 1397 690 dormitaret.
1414 635 1679 707 Cumque
1700 640 1845 691 stre-

185 725 334 798 pitu,
367 730 432 781 ut
462 726 754 798 spadones
793 726 1094 798 quondam
1145 724 1538 791 Holofernem,
1575 724 1845 795 cvigilare

185 815 536 884 niterentur,
562 813 817 881 nullum,
841 814 1344 886 quemadmodum
1377 814 1503 886 ipse
1519 815 1615 884 [δε.
1631 813 1846 869 Olofer-

184 905 334 975 nes],
352 902 594 960 omnino
609 904 786 959 dabat
799 919 1173 976 responsum.
1191 903 1632 959 Introeuntibus
1646 907 1843 959 autem

181 993 505 1050 tentorium
544 992 842 1065 nichilque
872 993 1364 1066 repperientibus,
1410 997 1644 1066 raptum
1684 992 1841 1048 hunc

179 1083 301 1151 alii,
323 1083 696 1139 interfectum
713 1082 809 1138 alii
833 1082 1233 1139 clamitabant.
1255 1083 1434 1137 Nemo
1447 1086 1665 1148 tamen,
1682 1082 1837 1153 quod

178 1173 491 1245 transfuga
522 1172 703 1242 ﬁeret,
731 1170 852 1227 ullo
891 1173 1065 1228 modo
1101 1171 1564 1227 animadvertere
1589 1175 1834 1243 poterat.

177 1262 397 1318 Verum
420 1261 529 1317 hac
543 1261 685 1318 dum
700 1261 1090 1318 admiratione
1104 1260 1474 1326 ﬂuctuarent,
1491 1261 1737 1315 nuntius
1749 1277 1840 1314 ve-

178 1353 268 1408 nit
299 1352 400 1425 qui
427 1351 645 1407 diceret
673 1349 994 1406 Rodulfum
1025 1365 1222 1421 regem
1254 1365 1432 1421 super
1462 1365 1560 1404 eos
1586 1365 1719 1404 cum
1743 1349 1839 1404 ad-

175 1441 453 1498 versariis
465 1455 667 1496 eorum
681 1439 827 1496 velle
841 1439 1082 1495 irruere.
1101 1439 1208 1504 Qui
1227 1455 1362 1494 mox
1375 1438 1571 1494 animo
1585 1442 1836 1494 conster-

175 1531 326 1603 nati,
345 1535 466 1587 tam
485 1529 658 1587 celeri
681 1534 984 1603 cceperunt
1007 1529 1144 1601 fuga
1164 1529 1485 1595 discedere,
1508 1531 1573 1583 ut
1592 1545 1707 1582 non
1727 1527 1836 1584 hos

175 1635 432 1688 currere,
463 1621 586 1687 sed,
621 1620 671 1675 si
703 1620 950 1686 videres,
983 1617 1204 1674 diceres
1235 1616 1616 1672 transvolare.

247 1713 336 1766 12.
352 1714 615 1782 Cumque
627 1707 1068 1774 Mediolanium,
1082 1710 1276 1762 tutum
1291 1705 1597 1762 scilicetad
1616 1705 1831 1772 locum,

169 1801 603 1873 pervenissent,
638 1813 930 1854 consensu
963 1797 1313 1867 Lampertus
1357 1793 1833 1865 archiepiscopus

169 1890 444 1948 omnium
476 1887 729 1960 Hugoni,
745 1885 1158 1958 potentissimo
1175 1887 1230 1939 et
1251 1883 1689 1954 sapientissimo
1704 1882 1834 1938 Pro-
1867 1919 1918 1988 B

165 1978 522 2036 vincialium
553 1975 776 2042 comiti,
811 1973 1054 2031 mandat
1085 1977 1150 2028 ut
1177 1973 1238 2028 in
1263 1971 1490 2028 Italiam
1520 1971 1716 2027 veniat
1746 1987 1832 2026 re-

170 2085 482 2144 gnumque
494 2064 745 2123 Rodulfo
768 2065 994 2121 auferat
1015 2061 1244 2134 sibique
1267 2065 1532 2134 potenter
1553 2061 1832 2116 obtineat.

169 2162 316 2217 Erat
345 2158 504 2214 enim
534 2155 709 2229 longo
741 2170 810 2210 ex
850 2158 1112 2226 tempore
1149 2152 1354 2207 multis
1387 2149 1750 2223 argumentis
1780 2153 1836 2204 et

172 2252 305 2323 ipse
335 2245 672 2322 periclitans
693 2246 755 2317 [τ.
779 2260 825 2301 e.
847 2243 1192 2315 temptans],
1210 2241 1257 2296 si
1285 2241 1428 2296 forte
1449 2256 1691 2312 regnum
1708 2255 1835 2311 pos-

174 2344 267 2397 set
296 2337 558 2394 obtinere
589 2335 876 2391 Italicum.
911 2333 1014 2388 Hic
1045 2332 1202 2387 enim
1237 2335 1292 2386 et
1324 2328 1654 2401 Berengarii
1706 2329 1832 2397 jam

173 2425 468 2484 nominati
499 2425 656 2499 regis
671 2428 1081 2496 temporecum
1114 2419 1316 2476 multis
1337 2419 1398 2474 in
1429 2416 1656 2472 Italiam
1671 2431 1836 2471 veno-

173 2521 297 2585 rat;
325 2517 428 2573 sed
451 2515 591 2588 quia
603 2512 884 2588 regnandi
902 2515 1140 2584 tempus
1153 2509 1204 2566 ei
1220 2509 1483 2565 nondum
1497 2507 1834 2573 advenerat,

171 2625 209 2664 a
243 2605 592 2678 Berengario
623 2602 863 2660 territus
893 2603 986 2657 est
1015 2603 1192 2671 atque
1219 2596 1484 2670 fugatus.

252 2698 338 2754 13.
372 2693 660 2751 Rodulfus
705 2691 958 2762 denique
998 2705 1134 2745 cum
1186 2686 1531 2742 infidelitate
1589 2699 1836 2740 suorum

173 2785 636 2862 przenominatos
668 2775 1031 2837 adversarios
1063 2793 1341 2848 superare
1371 2792 1488 2830 non
1531 2778 1748 2846 posset,
1775 2772 1836 2828 in

174 2873 586 2949 Burgundiam
613 2870 908 2943 profectus
935 2869 1050 2940 (an.
1074 2867 1224 2934 626),
1256 2864 1595 2920 Bruchardo
1625 2867 1836 2918 Suevo-

175 2982 312 3022 rum
349 2962 505 3029 duci,
530 2961 699 3031 cujus
731 2958 841 3014 sibi
875 2957 1054 3012 ﬁliam
1078 2955 1351 3027 conjugio
1381 2952 1705 3025 capularat,
1739 2951 1836 3007 de-

179 3054 439 3119 nuntiat,
467 3055 530 3106 ut
551 3049 640 3104 sui
674 3048 733 3102 in
765 3045 1047 3104 auxilium
1078 3044 1290 3100 veniat.
1316 3042 1423 3106 Qui
1453 3041 1712 3098 collectis
1743 3056 1840 3096 co-

178 3142 318 3216 piis,
339 3155 469 3195 cum
492 3134 739 3192 Rodulfo
750 3133 1058 3190 confestim
1083 3131 1141 3187 in
1161 3130 1388 3188 Italiam
1411 3134 1500 3186 est
1519 3129 1835 3201 profectus.

177 3233 450 3302 Cumque
484 3225 830 3298 Eporegiam
875 3222 1296 3295 pervenissent.
1334 3220 1651 3277 Rodulfum
1695 3223 1836 3273 Bru-

179 3320 439 3376 chardus
471 3317 552 3372 ita
582 3314 849 3370 convenit
891 3331 903 3369 :

180 3497 542 3573 proficiscar,
562 3511 673 3548 non
700 3492 1024 3548 absurdum
1061 3490 1310 3545 videtur.
1343 3489 1460 3544 Hac
1481 3490 1640 3544 enim
1673 3503 1839 3542 occa-

183 3590 350 3647 sione
374 3587 578 3642 urbem
610 3582 929 3656 explorare,
955 3585 1127 3652 atque
1157 3595 1359 3634 eorum
1392 3582 1593 3650 potero
1624 3592 1838 3648 cogno-

182 3694 348 3735 scere
387 3674 767 3731 voluntatem.
801 3691 828 3720 η
881 3670 1182 3724 Profectus
1221 3667 1496 3738 denique,
1543 3682 1675 3721 cum
1713 3665 1841 3736 jam

184 3765 606 3824 Mediolanium
641 3758 1379 3834 pervenisset,priusquam
1405 3756 1612 3810 urbem
1642 3753 1841 3825 ingre-

185 3859 444 3922 deretur,
461 3853 534 3909 ab
555 3851 709 3907 beati
734 3867 799 3905 ac
823 3846 1084 3920 prazciosi
1115 3845 1392 3918 martyris
1419 3844 1714 3900 Laurentii
1749 3859 1843 3898 ec-

184 3944 431 4002 clesiam
465 3939 748 3997 orationis
801 3937 990 4009 gratia
1019 3934 1370 4002 declinavit;
1407 3935 1529 4001 sed,
1563 3936 1629 3987 ut
1658 3932 1841 3997 aiunt,

185 4052 304 4092 non
325 4036 556 4089 tantum
580 4027 886 4102 peticionis
915 4025 1126 4099 gratia,
1159 4029 1449 4096 quantum
1482 4022 1721 4079 alterius
1764 4021 1845 4077 rei

185 4123 398 4198 gratia.
428 4120 644 4176 Dicunt
673 4117 832 4174 enim
864 4116 1004 4188 quia
1026 4130 1204 4187 prepe
1230 4112 1522 4168 civitatem
1545 4115 1635 4166 est
1665 4111 1846 4166 cccle-

185 4215 299 4282 sia,
333 4210 482 4266 miro
504 4213 679 4280 atque
704 4205 982 4279 princioso
1014 4219 1187 4276 opere
1218 4202 1522 4267 fabricata,
1564 4217 1697 4255 eum
1731 4201 1846 4255 ibi-

187 4304 325 4358 dem
358 4297 749 4356 munitionem
778 4295 1134 4351 constituere
1160 4291 1326 4358 velle,
1359 4308 1475 4362 qua
1503 4307 1619 4346 non
1655 4290 1846 4345 solum

188 4389 663 4448 Mediolanenses
694 4386 795 4441 sed
827 4389 883 4439 et
914 4383 1112 4455 plures
1137 4380 1312 4436 Italiae
1337 4380 1632 4452 principes
1655 4379 1850 4434 coher-

189 4497 321 4538 cere
352 4477 724 4535 decrevisset.
759 4475 896 4529 Inde
939 4488 1071 4527 vero
1103 4471 1323 4538 exiens,
1357 4486 1492 4524 cum
1519 4470 1689 4540 juxta
1718 4486 1850 4523 mu-

188 4587 326 4627 rum
359 4567 613 4625 civitatis
643 4564 954 4638 equitaret,
972 4561 1174 4633 lingua
1198 4559 1453 4631 propria,
1475 4559 1584 4613 hoc
1602 4561 1691 4613 est
1710 4558 1853 4612 Teu-

1957 635 2167 692 horum
2200 637 2464 694 omnium
2498 640 2805 712 Lamperto
2828 637 3228 711 arobiprazsuli
3247 637 3399 695 celer
3421 639 3614 695 factus

1958 731 2048 782 est
2071 726 2459 795 nuntius.Qui
2486 727 2927 802 uteratingcnio
2956 724 3194 798 callens,
3212 727 3613 784 Bruchardum

1956 833 2072 871 non
2097 818 2379 888 despexit,
2407 819 2504 874 sed
2535 818 2688 874 malo
2725 819 2923 875 animo
2955 833 3091 874 eum
3115 817 3464 889 suscipiens,
3498 818 3609 873 mi-

1954 905 2217 962 rabiliter
2246 906 2585 976 honoravit;
2619 910 2719 964 sed
2753 913 2808 964 et
2829 908 2982 964 inter
3012 911 3202 964 cetera
3230 907 3337 963 hoc
3360 907 3532 978 quasi
3555 908 3604 963 ei

1953 994 2254 1068 privilegio
2277 998 2496 1053 amoris
2519 998 2826 1065 concessit,
2847 1014 3082 1054 cervum
3115 996 3394 1069 quatinus
3419 1013 3525 1053 suo
3546 997 3609 1052 in

1951 1082 2139 1139 brolio
2169 1089 2480 1141 venaretur
2504 1089 2588 1155 ‘39,
2615 1088 2771 1159 quod
2804 1087 2950 1142 nulli
2978 1103 3240 1159 unquam
3273 1085 3388 1143 nisi
3445 1086 3608 1143 karis

1950 1172 2124 1230 simis
2146 1175 2495 1247 magnisque
2526 1176 2706 1232 cessit
2735 1175 2963 1232 amicis.
2998 1180 3344 1248 Lampertus
3385 1175 3609 1232 interea

1949 1260 2265 1333 Papienses
2296 1279 2502 1319 omnes
2534 1263 2970 1336 nonnullosque
3004 1263 3181 1321 Italiae
3215 1264 3513 1337 principes
3531 1265 3604 1321 ad

1949 1349 2270 1407 Bruchardi
2301 1369 2504 1409 necem
2537 1353 3034 1427 invitat,eumque
3083 1353 3289 1410 tandiu
3340 1350 3603 1422 retinuit,

1947 1440 2132 1498 donec
2164 1457 2369 1498 omnes
2400 1442 2501 1514 qui
2535 1443 2798 1500 occidere
2839 1443 3004 1499 illum
3055 1444 3333 1500 deberent
3363 1459 3602 1515 congre-

1947 1534 2116 1600 gatos
2149 1547 2276 1587 esse
2303 1548 2474 1602 posse
2507 1537 2789 1603 speraret.

2021 1619 2107 1672 15.
2128 1620 2383 1675 'Factum
2428 1625 2517 1675 est
2561 1621 2740 1692 igitur
2771 1624 2856 1688 ut,
2884 1621 3220 1676 Bruchardo
3257 1619 3602 1676 Mediolanio

1949 1706 2304 1776 discedente,
2321 1707 2631 1763 Novariam
2646 1709 2738 1764 die
2752 1709 3080 1780 perveniret
3094 1709 3320 1764 eadem.
3341 1707 3604 1780 Cumque

1949 1795 2145 1864 isthic,
2160 1800 2660 1864 noctetransacta,
2678 1797 2937 1854 diluculo
2965 1800 3234 1869 surgeret
3255 1797 3602 1870 Eporegiam

1948 1885 2083 1939 tend
2095 1901 2197 1940 ens
2211 1885 2407 1957 (April.
2424 1885 2738 1952 29,1talicae
2754 1903 2933 1960 super
2945 1903 3078 1944 eum
3098 1886 3386 1943 irruentes
3409 1887 3602 1943 subito

1948 1991 2273 2046 apparuere
2298 1974 2641 2049 phalanges.
2670 1979 2826 2042 Quas
2848 1980 3050 2034 contra
3081 1980 3145 2032 ut
3171 1975 3260 2031 vir
3288 1975 3602 2032 bellicosus

1948 2068 2245 2136 properat,
2279 2081 2482 2120 verum
2514 2081 2648 2121 mox
2677 2066 2876 2138 fugam
2924 2065 3198 2136 inceptat.
3222 2066 3292 2120 Et
3321 2065 3600 2137 quoniam

1947 2155 2275 2208 secundum
2299 2153 2450 2210 beati
2475 2154 2586 2210 Job
2601 2153 2972 2224 sententiam,
2995 2154 3282 2210 terminus
3312 2154 3443 2224 ejus
3463 2170 3600 2210 con-

1948 2242 2192 2298 stitutus
2243 2242 2511 2314 preteriri
2563 2259 2680 2298 non
2715 2247 2940 2314 poterat
2958 2244 3074 2314 (Job
3124 2259 3235 2309 xxv,
3269 2244 3344 2313 5),
3377 2247 3434 2299 et
3463 2244 3602 2316 quia

1948 2330 2124 2386 fallax
2145 2347 2332 2402 equus
2354 2331 2424 2386 ad
2458 2330 2706 2387 salutem
2727 2332 2900 2399 (Psal.
2921 2348 3098 2402 xxm,
3120 2333 3234 2400 17,)
3264 2332 3322 2387 in
3356 2333 3596 2402 fossam,

1947 2437 2074 2491 quae
2089 2437 2290 2476 muros
2304 2419 2512 2475 circuit
2523 2420 2796 2491 civitatis,
2812 2435 2998 2493 equus
3012 2421 3287 2476 decidens
3305 2435 3439 2477 eum
3473 2438 3602 2494 pro-

1939 2509 2100 2580 jecit.
2117 2511 2238 2575 Quo
2269 2513 2327 2565 et
2358 2511 2429 2564 ab
2447 2509 2811 2566 irruentibus
2832 2509 3110 2566 Ausoniis
3127 2508 3346 2566 lanceis
3369 2511 3600 2568 confos-

1948 2615 2071 2664 sus,
2104 2598 2285 2654 vitam
2319 2605 2506 2654 morte
2526 2598 2931 2655 commutavit.
2967 2599 3070 2654 Sui
3104 2598 3359 2671 denique
3389 2598 3499 2656 hoc
3522 2601 3602 2657 vi-

1948 2687 2466 2759 dentes,quoniam
2495 2687 2608 2744 alio
2631 2705 2745 2743 non
2779 2691 3068 2760 poterant,
3091 2687 3247 2744 intra
3291 2688 3600 2746 ecclesiam

1949 2776 2310 2832 sanctissimi
2341 2777 2695 2833 confessoris
2727 2776 2943 2832 Christi
2984 2777 3297 2832 Gaudentii
3343 2778 3598 2852 fugiunt.

1947 2866 2189 2922 Ausonii
2218 2867 2436 2937 itaque,
2468 2871 2534 2921 ut
2565 2882 2632 2921 ex
2661 2866 2983 2922 Bruchardi
3016 2866 3196 2921 minis
3226 2883 3341 2922 non
3374 2867 3603 2924 medio-

1949 2956 2124 3011 criter
2139 2955 2424 3010 inﬂamati
2451 2959 2626 3027 atque
2659 2955 2968 3028 indignati,
3003 2955 3255 3012 ecclesiae
3272 2956 3426 3013 fores
3441 2957 3604 3013 fran-

1950 3047 2452 3116 gunt,omnesque
2475 3044 2533 3098 in
2552 3061 2617 3101 ea
2639 3049 2899 3116 repertos
2920 3045 3029 3100 sub
3066 3045 3194 3117 ipso
3225 3045 3403 3103 etiam
3434 3045 3603 3103 altari

1950 3133 2314 3188 confodiunt.

2025 3223 2292 3286 16.Quod
2317 3221 2602 3278 Rodulfus
2637 3227 2700 3278 ut
2731 3222 2972 3289 audivit,
3009 3222 3236 3279 Italiam
3268 3224 3600 3297 dereliquit,

1868 3297 1912 3365 C
1950 3315 2008 3367 et
2029 3311 2428 3383 Burgundiam
2450 3313 2705 3383 percitus
2718 3311 2904 3382 petiit.
2921 3311 3035 3366 Hec
3058 3311 3252 3383 itaque
3265 3301 3406 3367 dum
3425 3329 3607 3385 agun~

255 3411 344 3465 14.
372 3431 398 3457 ‹‹
425 3407 554 3480 lpse
584 3421 689 3476 ego
721 3409 788 3460 ut
820 3401 1128 3475 legationis
1154 3401 1396 3458 obtentu
1419 3397 1838 3455 Mediolanium
1883 3427 1886 3429 λ

1947 3401 2268 3472 tur,Hugo,
2301 3400 2730 3456 Arelatensium
2763 3416 2866 3456 seu
2902 3399 3352 3456 Provincialium
3381 3417 3602 3473 comes,

1950 3490 2146 3546 navim
2178 3490 2616 3557 conscenderat,
2649 3494 2706 3542 et
2733 3505 2835 3558 per
2865 3489 3158 3559 Tyrenum
3193 3505 3354 3545 mare
3385 3491 3444 3544 in
3491 3495 3600 3546 Ita-

1949 3579 2089 3635 liam
2122 3579 2453 3634 festinabat.
2493 3580 2644 3632 Deus
2673 3577 2892 3648 itaque,
2919 3577 3017 3647 qui
3052 3577 3209 3632 hunc
3242 3577 3300 3633 in
3323 3577 3490 3634 Italia
3522 3596 3605 3636 re-

1951 3683 2131 3739 gnare
2183 3667 2474 3737 cupiebat,
2509 3665 2802 3737 prosperis
2853 3681 2988 3720 eum
3042 3666 3280 3721 flatibus
3321 3667 3477 3723 brevi
3508 3669 3604 3724 Al-

1952 3756 2188 3828 pheam.
2225 3755 2332 3810 hoc
2364 3760 2452 3810 est
2482 3755 2843 3825 Pisam,quaa
2890 3759 2980 3810 est
3005 3755 3261 3810 Tussciae
3294 3757 3602 3829 provincias

1953 3850 2150 3916 caput,
2175 3844 2454 3910 duxerat;
2479 3844 2550 3898 de
2583 3860 2698 3914 qua
2729 3843 2811 3899 sic
2845 3844 3004 3900 Maro
3037 3845 3147 3916 (99)
3177 3846 3483 3918 Alpheaeab
3500 3850 3608 3903 ori-

1955 3936 2085 4003 gine
2118 3934 2283 3989 Pistr.

2029 4025 2115 4077 17.
2148 4023 2411 4093 Cumque
2457 4023 2658 4077 eodem
2709 4025 3084 4094 pervenisset,
3129 4025 3317 4081 adfuit
3365 4027 3610 4084 Romani

1955 4129 2139 4185 papae,
2173 4111 2460 4167 Johannis
2479 4110 2704 4166 scilicet
2737 4112 3089 4167 Ravennatis
3113 4113 3361 4168 nuntius
3385 4116 3470 4171 19°.
3503 4117 3588 4170 Ad

1956 4202 2197 4256 fuerunt
2226 4199 2400 4254 etiam
2421 4215 2584 4271 pmne
2617 4199 2883 4254 omnium
2901 4199 3262 4256 ltaliensium
3283 4201 3610 4274 nuntii,qui

1957 4289 2216 4357 hunc,ut
2246 4305 2422 4359 super
2445 4289 2603 4359 ipsos
2638 4293 2924 4358 regnaret,
2955 4289 3147 4345 modis
3169 4289 3445 4345 omnibus
3471 4291 3612 4346 invi-

1958 4380 2181 4433 tabant.
2220 4379 2271 4431 Is
2302 4383 2521 4441 autem,
2547 4381 2610 4429 ut
2641 4381 2764 4431 erat.
2795 4376 2966 4447 longo
2998 4375 3107 4432 hoc
3136 4394 3204 4432 ex
3233 4383 3495 4449 tempore
3512 4394 3611 4434 cu-

1960 4469 2149 4540 piens,
2184 4465 2417 4537 Papiam
2449 4466 2703 4536 percitus
2735 4465 3272 4538 venit,cunctisque
3294 4467 3613 4523 coniventi-

1961 4557 2072 4612 bus
2087 4571 2334 4627 regnum
2347 4554 2605 4626 suscepit
2619 4555 2726 4624 (Jul
2737 4597 2746 4607 .
2761 4555 3300 4626 9).Postpaululum
3315 4557 3615 4614 Mantuam

190 4659 409 4726 tonica,
443 4674 583 4713 suos
613 4655 697 4710 ita
727 4651 1067 4710 convenit:«
1099 4649 1157 4704 Si
1189 4648 1492 4704 ltalienses
1510 4663 1716 4702 omnes
1733 4663 1852 4702 uno
1882 4671 1930 4737 D
1964 4644 2242 4711 abiit,ubi
2267 4647 2322 4697 et
2341 4643 2640 4698 Johannes
2667 4659 2817 4714 papa
2848 4643 2898 4698 ei
2932 4660 3235 4712 occurens,
3257 4646 3448 4702 fcedus
3479 4663 3615 4702 cum

191 4749 280 4805 uti
303 4745 713 4804 tantummodo
736 4741 969 4808 calcari,
987 4740 1385 4809 informesque
1399 4753 1514 4792 non
1538 4737 1724 4792 fecero
1757 4753 1850 4792 ca-

191 4837 688 4908 ballicareequas,
706 4850 821 4888 non
847 4847 979 4887 sum
1004 4828 1414 4892 Bruchardus;
1447 4825 1847 4882 fortitudinem

193 4925 492 4998 siquidem
513 4923 666 4978 muri
692 4923 872 4993 hujus
887 4937 989 4975 seu
1006 4916 1401 4980 altitudinem,
1426 4932 1544 4986 qua
1557 4931 1619 4969 se
1635 4913 1852 4969 muniri

193 5015 523 5083 confidunt,
544 5010 747 5068 nichili
782 5009 970 5082 pendo
993 5026 1006 5075 ;
1031 5008 1194 5078 jactu
1231 5004 1449 5076 quippe
1465 5003 1678 5059 lancea:
1711 5019 1851 5058 mea:

194 5103 564 5161 adversarios
595 5102 667 5156 de
697 5114 868 5155 muro
918 5100 1181 5152 mortuos
1229 5092 1624 5166 praecipitabo.
1661 5114 1688 5142 »
1725 5092 1854 5146 Hace

193 5199 396 5251 autem
409 5209 475 5247 eo
497 5191 747 5256 dicebat,
764 5187 1043 5260 quoniam
1064 5184 1355 5240 neminem
1387 5182 1852 5238 adversariorum

192 5300 316 5340 sua:
352 5281 431 5336 ibi
459 5279 671 5348 linguae
704 5292 954 5349 gnarum
989 5291 1117 5329 esse
1168 5273 1431 5344 putabat.
1473 5271 1688 5326 Verum
1749 5288 1854 5326 suo

192 5369 395 5430 omine
427 5383 547 5422 non
593 5366 746 5421 bono
779 5364 1021 5436 quidam
1062 5362 1192 5418 istic
1239 5361 1456 5427 aderat,
1495 5375 1856 5430 quamquam

1963 4751 2030 4790 eo
2062 4726 2369 4806 percussit.

2034 4826 2119 4878 18.
2137 4823 2260 4886 Quo
2293 4826 2555 4892 tempore
2575 4822 2742 4876 Berta
2769 4825 2953 4877 matre
2979 4824 3133 4895 regis
3153 4824 3340 4896 ipsius
3354 4824 3616 4897 Hugonis

1961 4916 2214 4978 mortua,
2247 4911 2442 4975 Wido,
2477 4909 2633 4965 tilius
2683 4911 2835 4980 ejus,
2867 4929 3042 4983 quem
3075 4929 3142 4968 ex
3171 4912 3480 4969 Adelberto
3523 4931 3619 4987 ge-

1963 5007 2170 5056 nuerat
2199 4999 2354 5055 sicut
2385 4998 3060 5070 prmdiximus,Tussciaa
3089 5019 3346 5060 marcam
3377 5004 3618 5060 tenebat

1965 5093 2052 5158 πω,
2088 5090 2186 5160 qui
2223 5087 2534 5143 Maroziam
2568 5094 2827 5145 scortum
2862 5090 3186 5147 Romanam
3218 5092 3332 5148 sibi
3377 5109 3617 5150 uxorem

1966 5183 2284 5250 acceperat.

2043 5271 2126 5322 t9.
2162 5266 2293 5322 Fuit
2323 5271 2518 5321 autem
2553 5284 2651 5323 rex
2682 5268 2848 5341 Hugo
2894 5287 3008 5325 non
3060 5271 3306 5328 minoris
3364 5271 3617 5330 scientiae

1968 5374 2143 5430 quam
2195 5355 2462 5425 audatiae,
2497 5373 2600 5414 nec
2654 5357 2999 5417 inﬁrmioris
3045 5360 3408 5434 fortitudinis
3439 5375 3619 5435 quam

1563 5456 1803 5512 VARl/E
1841 5456 2149 5516 LECTION
2154 5455 2258 5512 ES.

269 5541 338 5579 η’
414 5538 794 5596 ueneraretur
826 5533 876 5588 1.
955 5533 1020 5569 19°
1051 5529 1288 5588 nuntios
1322 5530 1372 5587 1.
1452 5529 1514 5566 ¹⁰¹
1549 5527 1826 5590 tenebant
1857 5531 1906 5588 1.

1785 5628 2017 5692 NOTE.

159 5667 164 5670 ’
272 5711 386 5794 (99)
416 5710 544 5771 ιιΕιι.
576 5726 635 5781 x,
675 5706 792 5764 179.

520 5838 790 5906 Paeon.
835 5826 1146 5916 CXXXVI.

3233 5829 3316 5914 τι
