3962 6380
324 388 446 451 843

1288 385 1767 452 LIUTPRANDI
1809 382 2359 449 CREMONENSIS
2403 382 2782 450 EPISCOPI.

3627 386 3758 450 8M

333 517 676 575 calliditatis
703 535 716 587 ;
742 516 841 572 Dei
883 517 1059 573 etiam
1089 517 1276 573 editor
1304 520 1637 590 sanctasque
1688 514 1987 590 religionis
2012 515 2072 585 Α
2100 532 2211 589 que
2241 518 2703 575 conversationis
2735 516 3003 574 habitum
3029 514 3324 590 sumpsit;
3352 516 3413 572 in
3444 532 3561 590 quo
3614 522 3758 593 post

332 611 667 665 amatorum
693 609 959 675 amator;
983 606 1044 662 in
1065 622 1392 680 pauperum
1426 605 1877 662 necessitatibus
1894 623 1989 662 cu~

329 697 523 753 riosus
558 714 571 764 ;
605 711 744 768 erga
785 694 1043 751 seclesias
1092 694 1261 750 valde
1315 694 1604 751 sollicitus
1634 714 1647 763 ;
1683 695 1987 769 religiosos

331 785 845 858 phylosophosque
895 785 1049 840 viros
1089 802 1207 841 non
1256 784 1447 841 solum
1492 785 1748 851 amabat,
1782 802 1985 841 verum

333 874 509 930 etiam
532 873 758 930 fortiter
784 873 1128 929 honorabat.
1156 874 1263 939 Qui
1292 874 1397 930 etsi
1422 878 1506 929 tot
1533 874 1855 930 virtutibus
1870 873 1985 930 cla-

335 964 519 1033 rebat,
551 963 865 1019 mulierum
891 965 1089 1018 tamen
1121 961 1413 1019 illecebris
1445 978 1542 1018 eas
1575 963 1825 1018 fedabat.

403 1052 611 1109 20.Hic
632 1069 700 1107 ex
721 1053 1075 1108 Francorum
1108 1068 1319 1125 genere
1361 1051 1815 1108 Teutonicorum
1847 1068 1987 1108 uxo-

335 1157 457 1197 rem
487 1145 791 1213 acceperat
821 1142 1058 1197 nomine
1087 1140 1463 1213 Aldam,quae
1499 1140 1685 1196 ﬁlium
1717 1140 1769 1196 ei
1804 1156 1987 1213 genu-

336 1234 459 1286 erat
488 1230 724 1286 nomine
754 1230 1116 1286 Lotharium.
1152 1230 1453 1285 Habuerat
1483 1247 1623 1286 sane
1668 1233 1810 1285 tunc
1841 1234 1987 1285 tem-

337 1319 499 1392 poris
514 1336 582 1375 ex
598 1319 855 1391 quadam
871 1318 1112 1374 muliere
1126 1318 1800 1387 nobilissima,vocabulo
1815 1318 1991 1374 Wan-

338 1406 631 1475 delmoda,
656 1406 843 1462 ﬁlium
877 1406 1117 1463 nomine
1137 1408 1488 1473 Hubertum,
1513 1408 1612 1478 qui
1631 1425 1785 1463 nunc
1804 1423 1989 1479 usque

339 1498 605 1569 superest
630 1498 687 1550 et
713 1495 934 1551 Tuscia:
967 1495 1268 1567 provintia:
1291 1495 1565 1566 princeps
1590 1498 1797 1566 potens
1819 1495 1992 1550 habe-

340 1589 453 1638 tur.
488 1584 668 1654 Cujus
722 1590 853 1639 acta
902 1584 1015 1639 Deo
1062 1584 1332 1655 prOpitio,
1370 1584 1494 1637 suis
1546 1583 1602 1636 in
1636 1583 1778 1637 locis
1815 1602 1987 1656 expo-

338 1677 569 1729 nentur.

407 1762 496 1817 21.
530 1762 771 1834 Hugoue
806 1760 986 1832 igitur
1017 1778 1148 1833 rege
1180 1760 1517 1825 constituto,
1551 1760 1703 1815 sicut
1732 1760 1819 1814 vir
1850 1778 1988 1832 pru-

336 1850 742 1917 dentissimus,
760 1848 962 1905 ubiubi
983 1854 1275 1905 terrarum
1299 1848 1725 1920 cmpitnuntios
1747 1866 1885 1905 suos
1908 1849 1991 1904 di-
2019 1887 2067 1951 Β

338 1938 1013 2011 rigere,§multorumque
1058 1954 1261 2010 regum
1295 1954 1395 1992 seu
1428 1937 1758 2008 principum
1791 1938 1991 1994 amici-

336 2030 478 2084 tiam
503 2044 778 2099 quterere,
810 2027 1062 2081 Heinrici
1106 2026 1431 2099 praesertim
1468 2026 1845 2081 famosissimi
1898 2044 1991 2082 re-

339 2116 449 2187 gis,
473 2117 595 2187 qui,
622 2120 685 2170 ut
714 2132 893 2187 supra
922 2115 1398 2181 memoravimus,
1418 2115 1738 2186 Bagoariis,
1761 2116 1985 2183 Suevis,

339 2203 749 2276 Lotharingiis,
787 2203 1022 2259 Francis
1057 2207 1231 2275 atque
1278 2204 1604 2259 Saxonibus
1640 2204 1985 2275 imperabat.

342 2295 445 2351 Hic
463 2293 637 2349 etiam
658 2292 999 2349 Selavorum
1020 2296 1251 2364 gentem
1267 2292 1635 2347 innumeram
1655 2293 1784 2363 subj
1796 2295 1992 2365 ugavit

346 2384 577 2454 sibique
609 2383 973 2436 tributariam
1002 2382 1173 2449 fecit;
1209 2382 1434 2452 primus
1474 2382 1649 2436 etiam
1682 2382 1771 2436 hic
1802 2389 1990 2439 Uanos

345 2471 681 2543 subjugavit
713 2471 941 2541 sibique
973 2470 1187 2525 servire
1219 2470 1424 2543 coegit,
1442 2488 1505 2524 ac
1520 2488 1620 2541 per
1649 2471 1756 2526 hoc
1775 2489 1985 2529 nomen

341 2578 519 2618 suum
552 2559 754 2615 multis
788 2558 1043 2614 nationis
1071 2560 1136 2594 ¹⁹²
1169 2558 1391 2615 celebre
1424 2559 1574 2613 fecit.

410 2654 499 2705 22.
536 2650 652 2705 Rex
681 2649 862 2721 igitur
892 2648 1057 2719 Hugo
1088 2665 1222 2703 cum
1255 2664 1420 2719 reges
1454 2648 1689 2703 sibimet
1728 2667 1794 2705 ac
1825 2650 1989 2722 prin-

338 2740 497 2812 cipes
538 2737 758 2794 amicos
807 2736 1190 2792 circumcirca
1250 2736 1611 2808 adquireret,
1658 2739 1889 2795 studuit
1931 2745 1990 2796 et

336 2827 594 2884 Achiviis
623 2842 836 2882 nomen
869 2843 1044 2882 suum
1076 2825 1247 2898 longe
1278 2841 1311 2880 a
1342 2825 1511 2881 nobis
1543 2827 1750 2898 positis
1783 2831 1988 2885 notum

336 2918 546 2973 facere.
577 2915 907 2987 Imperabat
933 2931 1068 2970 vero
1095 2914 1188 2970 his
1221 2919 1360 2969 tunc
1392 2915 1675 2985 temporis
1706 2917 1990 2973 memoria

334 3007 478 3063 satis
510 3010 566 3061 et
596 3004 766 3060 laude
788 3004 1003 3076 dignus
1024 3004 1325 3059 Romanus
1348 3002 1685 3075 imperator,
1706 3003 1985 3071 liberalis,

334 3096 651 3160 humanus,
669 3093 929 3165 prudens
951 3109 1017 3147 ac
1040 3092 1202 3165 pius;
1223 3091 1317 3147 cui
1340 3108 1474 3147 cum
1498 3097 1734 3165 propter
1755 3110 1985 3151 morum

334 3184 706 3257 probitatem,
722 3187 847 3237 tum
866 3179 1327 3255 propterlinguaa
1341 3180 1733 3237 urbanitatem
1760 3183 1985 3254 genito-

333 3290 457 3329 rem
489 3274 685 3327 meum
718 3270 917 3343 dirigit
942 3270 1240 3325 nuntium.

403 3362 494 3416 23.
524 3361 630 3425 Qui
681 3376 815 3416 cum
877 3360 1082 3414 eodem
1131 3358 1511 3431 pervenisset,
1548 3359 1699 3415 inter
1753 3365 1981 3431 caetera,

334 3468 462 3523 quae
490 3448 823 3522 imperatori
851 3448 1111 3505 Romano
1143 3465 1241 3503 rex
1291 3448 1456 3520 Hugo
1506 3465 1755 3505 munera
1807 3451 1982 3506 mise-

333 3545 425 3596 rat
498 3541 586 3610 ‘59,
600 3538 938 3611 bujusmodi
957 3538 1105 3594 duos
1123 3554 1296 3593 canes
1310 3538 1570 3606 adduxit,
1588 3538 1791 3609 quales
1814 3540 1871 3594 in
1895 3556 1983 3596 ea-

332 3630 465 3685 dem
497 3646 612 3684 non
646 3632 785 3684 sunt
815 3626 1131 3699 aliquando
1162 3626 1350 3697 patria
1376 3626 1505 3683 visi.
1533 3628 1640 3693 Qui
1672 3629 1815 3684 dum
1848 3634 1982 3686 ante

332 3716 746 3788 imperatorem
777 3715 1008 3771 adducti
1041 3715 1315 3783 fuissent,
1348 3714 1461 3769 nisi
1493 3714 1815 3771 multorum
1847 3718 1981 3773 bra-

331 3804 481 3859 chiis
501 3808 856 3868 tenerentur,
881 3819 1015 3857 eum
1048 3802 1319 3874 protinus
1352 3803 1645 3859 morsibus
1671 3804 1976 3862 laniarent.

331 3892 479 3947 Puto
502 3890 682 3960 enim,
707 3890 847 3961 quia
868 3890 1009 3945 dum
1042 3890 1196 3945 hunc
1223 3894 1537 3945 Grecorum
1558 3907 1718 3947 more
1748 3893 1979 3950 teristro

329 3980 478 4051 (100)
508 3983 776 4051 opertum
798 3978 1121 4050 habituque
1143 3977 1377 4033 insolito
1400 3978 1977 4050 videruntindutum,

329 4084 446 4123 non
480 4068 778 4123 hominem
811 4067 913 4122 sed
939 4070 1269 4123 monstrum
1303 4066 1539 4138 aliquod
1568 4071 1938 4139 putaverant.

396 4158 485 4212 24.
519 4157 777 4229 Denique
810 4172 1021 4229 magno
1071 4172 1207 4211 cum
1240 4155 1459 4212 honore
1504 4156 1577 4211 ab
1609 4158 1813 4213 eodem
1847 4176 1976 4216 sus-

325 4251 528 4320 ceptus
563 4248 628 4281 ¹⁹⁴
647 4251 735 4302 est
764 4246 1134 4318 imperatore.
1169 4245 1283 4301 Nec
1314 4248 1433 4301 tam
1467 4262 1570 4317 pro
1610 4245 1691 4301 rei
1723 4248 1979 4305 novitate

324 4341 425 4392 aut
451 4352 762 4392 munerum
795 4334 1219 4407 magnitudine,
1237 4338 1524 4406 quantum
1543 4335 1821 4406 quoniam
1835 4337 1975 4393 dum

322 4426 600 4497 prmfatus
630 4425 856 4497 genitor
870 4422 1305 4480 Tessalonicam
1336 4423 1614 4491 venisset,
1635 4423 1973 4482 Sclavorum

321 4514 585 4586 quidam,
614 4512 713 4584 qui
737 4512 981 4568 rebelles
1013 4513 1274 4569 Romano
1309 4512 1642 4584 imperatori
1663 4515 1975 4570 extiterant

2096 606 2220 663 dies
2242 606 2312 663 15
2333 610 2624 675 mortuus,
2660 622 2753 661 me
2778 604 3020 678 parvulo
3051 603 3352 671 derelicto,
3369 604 3645 678 migravit
3675 607 3754 663 ad

2095 696 2613 752 Dominum.Nunc
2646 699 2843 751 autem
2869 695 3148 766 quoniam
3180 693 3756 768 imperatoris’ropa-

2096 796 2201 854 νοῦ,
2225 785 2282 840 id
2312 789 2403 842 est
2432 784 2700 853 Romani,
2724 783 2945 840 mentio
2967 784 3119 838 facta
3139 787 3249 850 est,
3266 782 3753 857 quisiueritqua-

2095 873 2298 930 literve
2356 874 2428 931 ad
2488 873 2720 947 imperii
2781 870 3027 928 culmen
3073 871 3421 945 pervenerit,
3475 872 3571 929 hic
3628 890 3755 931 non

2097 963 2421 1019 absurdum
2453 962 2599 1018 mihi
2626 961 2855 1018 videtur
2884 961 3234 1017 insererem.

2166 1052 2604 1124 25.1mperante
2631 1051 2841 1117 Leone,
2865 1048 3230 1106 Constantini
3252 1048 3431 1121 hujus
3460 1051 3753 1123 genitore,

2096 1151 2324 1212 Ῥομάνος
2354 1141 2673 1213 imperator
2708 1139 2841 1208 iste,
2875 1147 3448 1213 quamquammoxdq,
3479 1140 3751 1212 ptochos,

2097 1231 2155 1287 id
2188 1235 2277 1287 est
2309 1247 2547 1303 pauper,
2577 1230 2648 1285 ab
2697 1228 2972 1285 omnibus
3023 1232 3221 1284 tamen
3253 1238 3516 1303 χρήσιμος,
3536 1230 3753 1286 chrisi-

2099 1337 2248 1388 mos,
2280 1320 2339 1375 id
2370 1323 2458 1375 est
2489 1317 2675 1385 utilis,
2699 1317 3045 1373 habebatur.
3063 1317 3201 1372 Erat
3216 1321 3410 1373 autem
3442 1335 3512 1374 ex
3533 1318 3756 1375 medio-

2099 1408 2297 1465 cribus
2327 1407 2473 1480 ipsis
2504 1407 2603 1479 qui
2637 1404 2829 1461 navali
2859 1421 3059 1478 pugna
3089 1405 3384 1478 stipendia
3400 1407 3471 1463 ab
3493 1406 3753 1479 impera-

2097 1500 2222 1553 tore
2254 1497 2614 1567 acceperant.
2649 1493 2757 1559 Qui
2798 1510 2932 1548 cum
2982 1492 3181 1565 sepius
3229 1497 3287 1549 et
3324 1494 3536 1551 iterum
3567 1502 3632 1560 εἰς
3656 1506 3752 1564 τὴν

2102 1596 2288 1657 μάχην,
2319 1585 2368 1639 is
2404 1583 2485 1639 tin
2547 1581 2803 1649 machin,
2838 1580 2895 1636 id
2951 1585 3043 1636 est
3100 1581 3159 1636 in
3213 1598 3432 1655 pugna,
3463 1582 3755 1639 nonnulla

2099 1680 2461 1747 χρησιμότατα,
2495 1670 2917 1737 chrisimotata,
2967 1669 3022 1724 id
3073 1674 3162 1725 est
3210 1669 3397 1738 utilia,
3444 1671 3679 1740 faceret,
3715 1689 3752 1728 a

2100 1762 2209 1818 sibi
2261 1760 2570 1833 praeposito
2622 1759 2765 1816 adeo
2798 1766 3002 1829 ἐτιμήθη
3060 1760 3144 1825 ¹⁹⁷,
3205 1767 3333 1823 ὁπως
3361 1769 3755 1833 προτοιαραδος,

2099 1851 2350 1907 etimitbi
2373 1867 2515 1922 opos
2539 1853 2967 1922 protocaravos,
2993 1846 3050 1902 id
3082 1852 3170 1903 est
3199 1848 3519 1905 honoratus
3548 1853 3659 1917 est,
3688 1854 3753 1905 ut

2101 1941 2330 2013 primus
2360 1940 2597 1995 navium
2632 1938 2755 1993 fieri
2776 1940 3115 1993 mereretur.
3135 1938 3398 2002 Quadam
3429 1941 3627 1994 autem
3648 1955 3752 1994 no-

2102 2034 2209 2094 cte,
2241 2030 2382 2084 dum
2442 2026 2805 2099 exploratum
2865 2026 3185 2082 Saracenos
3242 2026 3449 2093 abiret,
3480 2030 3756 2099 essetque

2099 2119 2302 2174 eodem
2328 2118 2385 2172 in
2410 2116 2534 2172 loco
2560 2115 2729 2184 palus
2751 2120 2924 2187 atque
2957 2115 3374 2172 arundinetum
3407 2132 3523 2171 non
3554 2115 3753 2172 modi—

2099 2223 2254 2274 eum,
2290 2204 2535 2277 contigit
2563 2203 2788 2259 leonem
2821 2202 3252 2259 ferocissimum
3285 2220 3354 2260 ex
3404 2204 3754 2261 arundineto

2100 2294 2389 2369 prosilire,
2422 2307 2842 2363 cervorumque
2882 2290 3325 2347 multitudinem
3370 2293 3428 2348 in
3473 2292 3754 2366 paludem

2099 2385 2445 2453 dimergere,
2468 2397 2769 2451 unumque
2791 2396 2993 2435 eorum
3025 2396 3251 2451 capere,
3280 2380 3482 2453 sicque
3516 2383 3581 2418 ¹⁹⁸
3612 2400 3753 2438 ven-

2098 2473 2205 2529 tris
2264 2470 2487 2526 rabiem
2542 2468 2830 2541 mitigare.
2891 2478 3104 2539 Ρομάνος
3135 2476 3184 2525 δὲ
3212 2477 3231 2498 ⁶
3257 2479 3342 2525 τὸν
3371 2477 3535 2526 αὐτῶν
3594 2480 3757 2545 ψόφον

2097 2572 2294 2618 ᾱιουων
2336 2566 2602 2615 ἐδειλίασεν
2667 2565 2870 2630 σφόδρα,
2928 2558 3222 2613 Romanos
3283 2558 3355 2613 de
3409 2562 3511 2614 ton
3573 2565 3761 2617 auton

2098 2649 2305 2723 psofon
2336 2664 2521 2705 acuon
2554 2645 2835 2702 ediliasen
2866 2647 3083 2714 sfodra,
3116 2645 3174 2701 id
3205 2650 3295 2701 est
3353 2647 3656 2705 Romanos
3686 2650 3759 2686 η’

2100 2743 2296 2795 autem
2327 2752 2530 2794 eorum
2556 2735 2815 2791 sonitum
2841 2734 3107 2804 audiens,
3130 2734 3331 2791 timuit
3357 2734 3548 2792 valde.
3578 2738 3758 2794 Puta-

2096 2827 2180 2883 vit
2204 2826 2363 2883 enim
2393 2827 2817 2882 Saracenorum
2866 2822 3308 2881 multitudinem
3338 2841 3489 2891 esse,
3527 2826 3635 2898 qui
3695 2844 3760 2884 se

2097 2919 2476 2988 conspectum
2498 2914 2701 2970 fraude
2722 2912 3145 2985 aliquavellent
3174 2913 3523 2985 perhimere.
3541 2924 3756 2989 Ὀρθρου

2099 3014 2149 3061 δέ
2184 3014 2385 3077 βαθέως,
2420 3003 2624 3059 ortbru
2673 3002 2745 3058 de
2790 3001 3055 3070 vatheos,
3087 3001 3142 3057 id
3178 3006 3268 3058 est
3322 3018 3493 3058 mane
3553 3009 3753 3060 autem

2096 3095 2286 3167 primo
2315 3110 2623 3165 exurgens,
2646 3107 2779 3147 cum
2798 3091 3248 3163 diligentissime
3266 3098 3477 3147 cuncta
3492 3093 3757 3150 conside-

2097 3187 2271 3253 raret,
2318 3181 2644 3254 conspectis
2700 3179 2981 3253 vestigiis,
3016 3187 3208 3250 εὐθέως,
3241 3180 3506 3251 entheos,
3542 3181 3600 3237 id
3662 3187 3754 3239 est

2095 3272 2297 3329 statim
2316 3270 2457 3344 quid
2472 3270 2579 3325 hoc
2592 3274 2769 3338 esset,
2787 3268 3041 3342 agnovit.
3060 3270 3247 3326 Leone
3268 3269 3465 3343 itaque
3490 3270 3549 3325 in
3570 3288 3752 3327 arua-

2096 3363 2293 3418 dineto
2348 3363 2770 3427 commorante,
2816 3368 3066 3430 Ῥομάνος,
3126 3360 3425 3416 Romanus
3497 3359 3749 3417 Grecum

2094 3452 2312 3525 ignem,
2347 3450 2448 3522 qui
2471 3448 2632 3505 nullo
2664 3451 2873 3520 praeter
2910 3448 3056 3505 aceti
3107 3448 3334 3521 liquore
3362 3447 3748 3522 extinguitur,

2094 3540 2355 3612 undique
2386 3555 2489 3612 per
2509 3536 2925 3594 arundinetum
2935 3538 3163 3609 jactare
3182 3536 3473 3610 praacepit.
3496 3538 3635 3593 Erat
3652 3555 3752 3594 au-

2056 3616 2061 3619 ’
2092 3633 2211 3685 tem
2230 3629 2290 3685 in
2305 3627 2652 3684 arundineto
2672 3643 2911 3682 acervus
2942 3626 3001 3681 in
3025 3625 3415 3683 arundinibus
3439 3626 3671 3699 plenus,
3689 3627 3748 3683 in

2091 3734 2266 3790 quem
2298 3735 2365 3773 eo
2386 3715 2868 3788 confugiens,illo
2917 3720 3006 3772 est
3051 3716 3123 3771 ab
3145 3715 3280 3788 igne
3311 3715 3750 3773 salvatus.Ven-

2090 3812 2186 3862 tus
2217 3808 2433 3880 quippe
2464 3804 2755 3861 contraria
2785 3822 2852 3860 ex
2883 3809 3049 3877 parte
3082 3803 3251 3872 ﬂans,
3284 3804 3506 3877 ignem,
3539 3821 3611 3860 ne
3673 3806 3747 3861 ad

2090 3912 2359 3952 acervum
2380 3910 2566 3967 usque
2587 3893 2934 3966 perveniret,
2953 3892 3253 3949 ammovit.
3275 3893 3571 3950 Romanos
3600 3910 3748 3965 prte-

2089 3989 2247 4041 terea
2277 3988 2409 4057 post
2436 3983 2590 4057 ignis
2612 3983 3027 4039 extinctionem
3047 4000 3163 4039 uno
3184 3986 3414 4039 tantum
3435 3999 3570 4038 cum
3585 3999 3747 4040 asse-

2089 4073 2240 4140 cula,
2274 4089 2474 4129 ensem
2509 4070 2700 4127 solum
2732 4071 2956 4141 dextra,
2993 4071 3235 4127 sinistra
3265 4075 3461 4127 autem
3492 4070 3740 4143 pallium

2087 4160 2553 4235 gestans,locum
2577 4176 2812 4216 omnem
2839 4177 3160 4233 peragrans
3182 4159 3415 4230 lustrat,
3431 4159 3480 4215 si
3509 4161 3659 4217 forte
3676 4178 3742 4217 os

2086 4267 2153 4307 ex
2184 4268 2250 4307 eo
2266 4250 2352 4307 vel
2385 4251 2621 4322 signum
2653 4248 2889 4321 aliquod
2916 4249 3251 4323 repperiret.
3272 4250 3407 4305 Jam
3436 4266 3571 4306 vero
3604 4266 3742 4307 cum

2084 4340 2144 4395 in
2177 4356 2243 4395 eo
2274 4343 2448 4405 esset,
2477 4343 2541 4394 ut
2568 4338 2749 4393 nichil
2793 4337 3097 4394 inveniens
3141 4339 3465 4411 repedaret,
3498 4338 3601 4411 qui
3629 4339 3742 4397 hoc

2085 4428 2331 4483 monstri
2354 4430 2525 4494 esset,
2542 4426 2696 4498 quod
2720 4442 2961 4482 acervus
2992 4424 3089 4483 ille
3116 4427 3193 4483 sit
3213 4426 3433 4499 abigne
3449 4426 3737 4495 salvatus,

2095 4517 2325 4573 studuit
2343 4516 2550 4571 visere.
2578 4515 2843 4588 Cumque
2877 4516 2992 4571 duo
3029 4519 3263 4588 propter
3280 4516 3342 4587 [ἱ.
3356 4531 3404 4571 e.
3426 4516 3609 4587 justo]
3645 4533 3741 4572 as-

322 4606 655 4692 terramque
685 4601 813 4670 ejus
845 4600 1493 4692 depopulabant,super
1521 4617 1655 4656 eum
1677 4601 1976 4692 irruerunt
2003 4625 2052 4692 Β
2085 4605 2378 4673 sisterent,
2402 4622 2719 4677 secumque
2751 4604 2928 4661 rebus
2958 4620 3029 4660 ex
3059 4604 3362 4661 nonnullis
3395 4604 3738 4661 confabula-

316 4688 533 4744 Verum
553 4688 652 4744 Dei
679 4692 874 4743 actum
906 4694 995 4744 est
1024 4689 1258 4762 pietate,
1296 4693 1361 4745 ut
1386 4690 1501 4745 duo
1532 4706 1735 4745 eorum
1758 4690 1973 4763 princi-

319 4795 423 4852 pes
453 4778 590 4845 vivi,
623 4776 924 4833 nonnullis
958 4778 1227 4845 mortuis,
1261 4782 1625 4849 caperentur.
1644 4781 1799 4844 Quos
1829 4781 1975 4836 dum

314 4869 699 4940 prwsentaret
728 4866 1090 4939 imperatori,
1127 4867 1417 4922 immensa
1440 4871 1528 4923 est
1558 4867 1801 4925 affectus
1831 4868 1974 4924 laeti-

324 4956 433 5021 cia,
463 4972 795 5029 magnoque
827 4957 898 5011 ab
922 4972 987 5011 eo
1013 4955 1244 5028 genitor
1274 4972 1515 5011 munere
1545 4955 1737 5022 datus,
1758 4958 1828 5012 ad
1864 4958 1978 5013 Hu-

317 5061 528 5115 gonem
562 5061 783 5115 regem,
818 5045 918 5116 qui
966 5062 1027 5099 se
1067 5044 1219 5100 istuc
1243 5043 1652 5099 transmiserat
1684 5047 1766 5113 ‘93,
1801 5047 1974 5103 rediit

313 5131 501 5186 laetus.
519 5132 655 5186 Post
672 5132 927 5187 reditum
950 5149 1083 5187 vero
1102 5132 1252 5202 ejus,
1272 5132 1850 5204 paucisinterpositis
1873 5154 1973 5191 so-

311 5220 489 5289 libus,
509 5219 746 5293 langore
768 5225 1095 5293 correptus,
1112 5220 1533 5275 monasterium
1556 5222 1975 5293 petiitsanctaa-

2085 4698 2234 4761 rent,
2267 4693 2356 4751 leo
2386 4710 2485 4750 eos
2512 4697 2746 4750 tantum
2778 4693 3017 4765 audivit,
3046 4694 3330 4765 quoniam
3365 4693 3609 4766 quidem
3663 4694 3737 4750 ob

2086 4783 2405 4855 caligantes
2462 4782 2662 4837 oculos
2705 4808 2834 4855 καρα
2860 4793 2929 4839 τῶ
2958 4807 3148 4851 ιαπνω,
3189 4798 3332 4854 para
3395 4786 3456 4837 to
3527 4799 3735 4854 capno,

2086 4872 2240 4943 quod
2270 4874 2359 4925 est
2386 4870 2459 4926 ob
2486 4870 2737 4939 fumum,
2770 4870 2966 4927 videre
2996 4888 3113 4928 non
3145 4870 3356 4943 potuit.
3385 4868 3604 4926 Volens
3627 4870 3737 4943 igi-

2084 4963 2183 5015 tur
2201 4958 2289 5014 leo
2312 4958 2491 5016 animi
2515 4959 2605 5015 sui
2639 4960 2915 5029 furorem,
2933 4977 3111 5032 quem
3134 4961 3205 5015 ab
3230 4960 3363 5032 igne
3387 4964 3734 5031 conceperat

2083 5047 2141 5102 in
2176 5047 2285 5103 bos
2315 5064 2595 5115 evomere,
2629 5048 2780 5104 saltu
2814 5049 3213 5121 rapidissimo,
3240 5066 3357 5120 qua
3385 5048 3622 5104 illorum
3643 5065 3738 5106 vo-

2081 5154 2178 5192 ces
2210 5136 2495 5204 audierat,
2510 5154 2608 5192 eos
2639 5136 2789 5193 inter
2810 5137 3080 5210 prosiliit.
3105 5138 3400 5193 Romanos
3430 5153 3584 5206 vero,
3616 5153 3732 5194 non

2080 5230 2145 5281 ut
2176 5243 2320 5281 suus
2342 5226 2608 5282 assecula
2627 5226 2915 5299 pavitans,
2939 5227 3039 5282 sed
3064 5242 3132 5282 ea
3152 5227 3348 5299 potius
3379 5230 3574 5282 mente
3594 5244 3732 5283 con-

1662 5318 1904 5377 VARI/E
1943 5323 2361 5382 LECTIONES.

380 5390 447 5425 ¹⁰²
479 5392 502 5445 z'
527 5406 577 5445 e.
610 5390 968 5447 nationibus.
1048 5390 1113 5427 19³
1143 5406 1390 5445 munera
1420 5389 1472 5445 1.

303 5462 436 5589 goat
480 5464 767 5533 quaternio
796 5478 960 5531 unus,
989 5464 1280 5534 perierunt
1325 5462 1381 5515 5.
1459 5462 1524 5497 ¹⁹⁷
1555 5462 1771 5525 ammon
1794 5462 1841 5522 1.

353 5550 407 5602 g2
440 5549 528 5588 ur.

1551 5390 1618 5426 ‘9‘
1648 5399 1963 5465 suspeptus
2000 5403 2046 5453 1.
2125 5397 2191 5432 ¹⁰⁶
2220 5400 2243 5450 t

1555 5462 1760 5525 ετημιθη
1794 5466 1841 5522 1.
1922 5466 1988 5503 ¹⁹⁸
2018 5467 2187 5541 sique
2218 5467 2243 5523 1

2125 5397 2191 5432 1“
2220 5395 2596 5468 tranmiserat
2627 5397 2679 5452 1.
2758 5397 2823 5433 ¹⁰⁶
2851 5398 3139 5467 sequentia
3164 5412 3335 5468 usque
3352 5412 3472 5467 cap.
3506 5397 3599 5452 44.
3623 5398 3731 5453 ,ςείι

2349 5468 2415 5504 ¹⁹⁹
2443 5468 2525 5527 ita
2559 5468 2781 5542 scripsi,
2814 5470 2879 5525 in
2905 5469 3088 5527 codice
3138 5469 3366 5529 Nomen
3422 5468 3732 5542 proprium

1893 5607 2123 5672 ΝΟΤΛΕ.

368 5671 517 5760 (100)
551 5669 987 5745 Velamentum,
1012 5672 1262 5750 pallium
1294 5670 1638 5741 mulierum.
