3962 6380
273 456 394 526 849

1215 456 1839 531 ANTAPODOSEOS
1886 466 2091 531 LlBllI
2137 465 2314 533 SEX.
2347 501 2425 516 —-
2455 468 2604 534 LlB.
2651 465 2754 534 ΙΙΙ.

3577 465 3698 533 850

272 599 448 656 tantae
473 561 480 574 Ι
505 594 812 672 dignitatis
871 601 1014 669 erat,
1049 601 1109 657 et
1161 597 1528 668 leucolenon,
1559 601 1616 657 id
1657 606 1764 671 est,
1797 601 1932 658 alba
1957 605 2011 672 Α
2042 603 2464 678 phyrogenitus
2488 603 2884 662 etduoceateri
2901 605 3304 678 sequerentur.
3326 603 3488 672 Quod
3512 621 3688 678 quam

271 686 531 756 brachia,
588 688 870 746 Helenam
925 690 1109 747 filiam
1168 708 1339 748 suam
1396 691 1684 763 imperiali
1737 691 1926 765 digni-

268 778 373 836 tati
443 777 768 851 copularat,
848 779 1286 836 rubricatarum
1374 780 1614 852 pellium
1695 780 1922 850 caligis,

268 871 334 925 ut
360 867 538 925 isthic
593 867 1016 940 imperatorum
1075 869 1256 925 moris
1309 874 1416 931 est,
1472 873 1752 925 uteretur.
1813 869 1922 925 Sed

265 972 371 1012 nec
400 956 512 1013 hoc
543 957 783 1029 quidem
828 959 972 1013 satis
1001 959 1051 1014 ei
1081 958 1275 1015 visum
1309 959 1439 1014 fuit.
1475 958 1760 1030 Equidem
1793 962 1924 1030 post

265 1045 448 1102 unius
504 1045 644 1111 anni
718 1046 971 1114 sinaxin,
1055 1064 1190 1103 cum
1249 1048 1553 1120 amplioris
1618 1048 1772 1118 jam'
1819 1065 1921 1120 po-

262 1133 446 1192 tentie
525 1139 697 1203 esset,
777 1135 996 1192 talibus
1071 1137 1415 1210 adgreditur
1471 1137 1706 1192 eosdem
1792 1153 1918 1192 ser-

264 1223 540 1282 monibus
587 1222 925 1295 principes:
989 1247 1018 1276 «
1053 1225 1340 1290 Quoniam
1371 1226 1672 1282 communi
1728 1230 1920 1281 vestro

253 1313 470 1386 judit‘io
515 1316 604 1369 est
648 1313 958 1370 deﬁnitum
1003 1313 1412 1387 imperialibus
1445 1331 1540 1370 me
1572 1314 1657 1368 uti
1689 1314 1915 1387 caligis,

260 1410 890 1477 περιφανέστατοιήρωαις,
949 1403 1374 1475 perifanestati,
1461 1404 1518 1459 id
1591 1411 1672 1459 est
1753 1404 1915 1459 nobi-

260 1489 476 1548 lissimi
554 1491 782 1558 heroes,
839 1496 1046 1548 vestrae
1103 1493 1471 1548 auctoritatis
1527 1490 1920 1547 benivolentia

263 1597 391 1653 quas
449 1579 809 1650 contulistis,
885 1581 1161 1637 videntur
1229 1581 1503 1636 mihimet
1556 1580 1720 1642 ἀγλαα
1747 1579 1914 1640 ἀπινα,

261 1668 427 1741 aglaa
459 1669 656 1742 apina,
690 1672 746 1726 id
789 1678 867 1726 est
894 1670 1178 1742 prisciosa
1206 1671 1380 1738 dona,
1413 1669 1754 1742 diligentius
1781 1684 1915 1724 vero

259 1759 654 1816 consideranti
675 1758 867 1814 visum
885 1762 974 1814 est
989 1758 1134 1814 mihi
1152 1758 1509 1814 histrionum
1527 1757 1916 1812 mimorumve

257 1861 424 1904 more
446 1847 734 1914 incedere,
786 1846 888 1918 qui
937 1850 1003 1902 ut
1032 1849 1104 1902 ad
1135 1847 1321 1902 risum
1354 1845 1523 1902 facile
1559 1847 1765 1901 turbas
1795 1844 1916 1899 illi-

257 1935 633 2041 ciant,‘variis
661 1952 788 1992 sese
811 1936 1136 2041 depingunt
1168 1935 1482 2036 coloribus.
1519 1935 1724 1992 Risum
1757 1933 1916 1989 deni-
1945 1975 1992 2041 Β

255 2041 373 2096 que
404 2023 538 2082 aliis
583 2041 699 2081 non
748 2023 962 2093 solum,
997 2026 1099 2080 sed
1150 2025 1296 2080 mihi
1327 2024 1503 2080 etiam
1543 2024 1656 2096 ipsi
1685 2039 1907 2092 moveo,

255 2113 400 2170 dum
431 2113 682 2185 pedibus
708 2112 1142 2185 imperatorem,
1175 2114 1364 2186 capite
1393 2111 1914 2170 communemimi-

253 2202 366 2260 tari
397 2202 600 2259 videar
629 2202 860 2274 plebem
882 2203 967 2255 3’5.
1000 2203 1145 2258 Nam
1180 2220 1307 2275 quae
1338 2202 1664 2259 commdia?
1694 2202 1912 2257 mimus

254 2291 389 2365 quis
419 2290 676 2349 melior?
723 2291 913 2364 Igitur
941 2295 1042 2347 aut
1070 2309 1345 2348 coronam
1378 2293 1647 2364 praebete,
1683 2294 1786 2347 aut
1816 2307 1910 2346 ca-

253 2379 406 2454 ligas
459 2379 820 2452 imperiales,
865 2381 1000 2452 quis
1043 2380 1329 2436 ridiculus
1349 2382 1417 2417 ²²⁶
1447 2380 1664 2453 populo
1689 2380 1907 2447 videor,

255 2471 497 2532 auferte.
531 2492 560 2522 ››
593 2470 714 2527 Hoc
741 2469 913 2542 plane
954 2469 1131 2538 dicto,
1165 2470 1357 2542 magis
1388 2475 1586 2526 autem
1617 2486 1735 2541 qua
1765 2486 1909 2525 cun-

253 2560 365 2617 ctis
378 2564 623 2632 praeest
635 2559 943 2632 potestatis
955 2559 1300 2616 auctoritate
1312 2560 1578 2615 omnium
1583 2560 1607 2630 j
1615 2559 1808 2614 udicio
1821 2575 1911 2615 co-

251 2665 459 2706 mnam
473 2647 946 2720 recepit(an.920l
965 2646 1353 2720 etcaligarum
1373 2649 1643 2704 decorem
1665 2647 1910 2703 minime

250 2737 529 2810 perdidit.
584 2737 775 2807 Hujus
829 2737 1076 2792 miretur
1133 2737 1508 2809 prudentiam
1558 2754 1751 2803 nemo,
1807 2738 1908 2793 sed

247 2827 462 2884 laudes
520 2826 733 2882 referat
787 2829 902 2882 Deo
959 2826 1154 2882 cordis
1204 2843 1273 2882 ex
1320 2825 1548 2894 intimo,
1609 2826 1709 2897 qui
1741 2824 1912 2898 erigit

247 2914 635 2982 elisos,solvit’
655 2914 1020 2987 compeditos
1051 2917 1227 2978 (Psal.
1247 2915 1429 2986 CXLV),
1458 2916 1629 2987 cujus
1648 2915 1706 2970 in
1730 2931 1909 2970 manu

248 3003 408 3064 calix
430 3003 552 3060 vini
581 3003 728 3060 meri
760 3003 971 3076 plenus
993 3004 1175 3060 mixto
1192 3005 1258 3041 ²²⁷
1282 3004 1574 3061 inclinans
1612 3021 1680 3061 ex
1708 3004 1818 3060 hoc
1850 3005 1908 3059 in

246 3095 364 3153 hoc
391 3095 568 3166 (Psal,
601 3105 787 3160 LXXIV,
819 3094 897 3164 9).

321 3183 411 3239 36.
445 3182 500 3240 Is
531 3185 728 3239 autem
774 3181 986 3238 humili
1035 3183 1228 3240 fuerat
1278 3183 1574 3256 prosapia,
1608 3199 1678 3238 ex
1705 3184 1906 3238 Arme-

247 3288 466 3328 norum
498 3270 722 3328 scilicet
736 3276 928 3343 gente,
952 3271 1260 3339 oriundus,
1287 3287 1476 3343 neque
1495 3271 1686 3327 solum
1715 3277 1910 3327 mente

2041 693 2280 767 indigne
2309 696 2513 766 justus
2535 696 2718 767 judex
2747 694 3070 768 pertulerit,
3121 694 3273 751 ulcio
3321 695 3688 766 subsequens

2036 782 2368 840 declaravit.
2404 785 2550 840 Nam
2605 790 2736 857 post
2782 785 3080 841 modicum
3111 785 3562 858 Christophoros
3594 786 3693 840 de-

2036 870 2273 926 functus
2321 877 2427 928 est.
2461 873 2878 929 Constantinus
2910 873 3110 946 itaque
3153 873 3693 945 Porphyrogenitus

2035 975 2170 1014 cum
2209 961 2457 1017 orationi
2509 965 2635 1017 tum
2689 961 3048 1018 lcccionibus
3091 979 3330 1028 vacans,
3388 965 3574 1016 totum
3632 979 3694 1016 se

2036 1048 2278 1104 Domino
2310 1052 2780 1118 commendabat,
2806 1068 2978 1124 opere
2997 1067 3282 1107 manuum
3299 1051 3518 1106 victum
3544 1067 3695 1122 quaa-

2032 1133 2237 1191 ritans.
2289 1137 2440 1192 Sane
2468 1141 2560 1196 τὴν
2590 1139 2874 1204 ζογραφίαν,
2925 1139 3237 1211 zograﬁan,
3272 1138 3329 1193 id
3361 1143 3450 1194 est
3498 1139 3689 1209 pictu-

2029 1239 2177 1289 ram,
2212 1226 2561 1297 perpulchre
2593 1229 2913 1283 exercebat.

2047 1312 2050 1316 ’
2099 1314 2188 1367 38.
2222 1314 2438 1370 Eodem
2493 1319 2756 1387 tempore
2797 1317 3030 1372 Simeon
3064 1315 3375 1389 Bulgarius
3424 1317 3686 1389 agros’“

2027 1402 2204 1473 cmpit
2231 1403 2604 1459 vehementer
2649 1406 2829 1478 alligi,
2862 1406 3044 1469 Quem
3095 1406 3409 1472 Romanos,
3451 1404 3555 1458 ﬁlii
3589 1405 3682 1459 sui

2027 1489 2370 1547 Christofori
2390 1493 2512 1547 lilia
2535 1493 2652 1549 filio
2675 1493 2833 1549 illius
2855 1495 3042 1560 Petro,
3068 1495 3168 1565 qui
3202 1511 3358 1548 nunc
3390 1497 3677 1564 superest,

2027 1595 2203 1634 uxore
2228 1581 2384 1649 data,
2410 1582 2482 1635 ab
2505 1582 2735 1654 incepto
2760 1584 2954 1638 furore
2971 1582 3564 1654 conpescuit,sibique
3588 1583 3682 1635 foc-

2026 1666 2162 1722 dere
2192 1667 2404 1739 placito
2427 1670 2689 1725 sociavit.
2722 1671 2882 1726 Unde
2905 1675 2962 1726 et
2981 1671 3177 1742 puella
3194 1674 3417 1726 mutato
3444 1669 3680 1725 nomine

2025 1760 2116 1811 est
2143 1755 2303 1824 Irini,
2339 1758 2394 1812 id
2428 1763 2518 1814 est
2544 1775 2676 1831 pax,
2708 1763 2931 1827 vocata,
2965 1777 3030 1816 eo
3062 1760 3216 1832 quod
3242 1776 3345 1832 per
3376 1775 3505 1814 eam
3531 1759 3681 1813 inter

2025 1844 2326 1916 Bulgarios
2380 1851 2437 1903 et
2485 1848 2697 1904 Grecos
2755 1865 2868 1920 pax
2925 1849 3004 1905 sit
3061 1846 3405 1904 ﬁrmissima
3461 1847 3678 1904 consti-

2025 1935 2153 1988 tuta
2182 1935 2268 1989 ’3‘.

2091 2021 2182 2076 39.
2218 2023 2319 2078 His
2350 2027 2717 2098 temporibus
2758 2027 3095 2099 Walpertus
3125 2031 3184 2083 et
3232 2027 3402 2094 Gezo,
3452 2041 3674 2098 pramo-

2023 2109 2182 2166 mine
2211 2115 2599 2181 Heverardus,
2635 2115 2807 2187 Papie
2833 2119 3221 2187 praepotentes
3236 2115 3467 2187 judices
3487 2116 3672 2169 erant.

2021 2197 2210 2256 Causa
2239 2205 2434 2256 autem
2467 2204 2736 2274 potentias
2763 2203 3042 2277 Walperti
3067 2204 3189 2259 haec
3219 2209 3363 2271 erat,
3396 2201 3674 2276 quoniam

2020 2287 2618 2356 Cumis,ditissimoin
2640 2291 2788 2363 loco,
2811 2293 2999 2348 ﬁlium
3023 2309 3195 2348 suum
3211 2294 3445 2349 Petrum
3460 2291 3676 2363 episco-

2020 2393 2160 2448 pum
2180 2379 2634 2450 fecerat,Rozam
2657 2387 3055 2455 vero,gnatam
3071 2381 3585 2448 suam,Gilleberto
3606 2381 3675 2415 ²³²

2019 2468 2217 2524 comiti
2243 2469 2439 2540 palatii
2465 2471 2738 2543 conjugio
2771 2471 3099 2526 sotiaverat.
3132 2473 3212 2525 Ea
3238 2477 3434 2526 tamen
3457 2473 3675 2540 tempe-

2020 2561 2172 2612 state
2197 2561 2439 2630 uterque
2463 2560 2776 2615 defunctus
2795 2558 3669 2630 erat.Ticinensisitaque,quod

2019 2650 2108 2701 est
2138 2646 2458 2718 Papiensis,
2493 2647 2746 2720 populus
2777 2649 2971 2704 omnis
3002 2649 3073 2704 ad
3114 2648 3272 2702 hunc
3300 2650 3666 2712 convenerat,

2020 2751 2346 2806 causasque
2368 2752 2572 2793 omnes
2599 2742 2654 2792 et
2678 2737 3103 2793 controversias
3126 2741 3259 2791 ante
3289 2751 3423 2791 eum
3456 2733 3670 2790 delibe-

2019 2826 2205 2880 rabat.
2231 2826 2677 2898 Participatione
2700 2827 2952 2898 denique
2969 2826 3236 2899 potentiae
3258 2825 3438 2895 hujus
3457 2839 3672 2878 memo-

2020 2919 2183 2969 ratus
2209 2915 2378 2982 Gezo,
2413 2914 2770 2987 praenomine
2800 2916 3188 2981 Heverardus,
3220 2913 3498 2986 quoniam
3524 2929 3668 2984 qua-

2020 3003 2155 3057 darn
2188 3003 2476 3059 afﬁnitate
2504 3003 2554 3059 ei
2571 3005 2953 3076 jungebatur,
2976 3006 3303 3075 praepotens
3323 3003 3668 3058 habebatur.

2018 3092 2126 3156 Qui
2159 3093 2522 3150 nobilitatem
2557 3110 2726 3150 suam
2759 3095 2952 3168 pravis
2981 3094 3246 3149 moribus
3297 3093 3668 3166 deturpabat.

2017 3182 2149 3237 Fuit
2163 3182 2320 3237 enim
2348 3182 2698 3240 ambitiosus
2718 3184 2917 3250 nimis,
2942 3184 3214 3256 cupidus,
3247 3184 3501 3258 invidus,
3523 3181 3674 3236 sedi-

2017 3271 2224 3337 tiosus,
2241 3271 2398 3342 juris
2415 3276 2740 3344 corruptor,
2768 3277 3191 3345 praceptorum
3216 3273 3312 3327 Dei
3335 3271 3666 3335 immemor;

246 3363 596 3432 conceperat
628 3360 892 3416 futurum
937 3377 1001 3416 se
1030 3359 1184 3431 regis
1233 3359 1292 3413 in
1341 3359 1476 3414 aula
1504 3377 1653 3428 esse,
1686 3360 1905 3416 nedum
1937 3345 1980 3413 C
2020 3360 2176 3431 quod
2197 3359 2351 3416 Deus
2373 3377 2488 3415 non
2511 3377 2723 3432 passus
2755 3365 2846 3416 est
2873 3361 3032 3416 abire
3055 3360 3341 3426 inultum;
3375 3363 3432 3414 et
3452 3375 3523 3413 ne
3539 3357 3671 3412 diu-

246 3447 582 3522 imperialia
601 3452 833 3521 sceptra
851 3452 1072 3504 tenere.
1097 3449 1210 3505 Sed
1235 3448 1377 3520 quid
1409 3447 1724 3520 prophetes
1749 3451 1911 3504 Anna

249 3538 444 3602 dicit?
465 3560 494 3589 «
529 3536 812 3594 Dominus
865 3553 1184 3610 pauperem
1216 3536 1373 3606 facit,
1407 3538 1576 3605 ditat,
1612 3536 1908 3606 humiliat,

252 3631 314 3686 et
342 3625 649 3692 sublimat,
699 3625 997 3682 suscitans
1027 3644 1062 3682 a
1110 3630 1266 3682 terra
1295 3627 1552 3698 inopem,
1582 3630 1642 3681 et
1671 3627 1741 3681 de
1770 3631 1913 3682 ster-

255 3733 391 3774 core
421 3715 654 3788 erigens
687 3730 1027 3787 pauperem,
1060 3717 1126 3769 ut
1147 3715 1350 3770 sedeat
1379 3731 1514 3770 cum
1543 3713 1911 3787 principibus

255 3810 318 3862 et
347 3804 563 3862 solinm
590 3803 786 3878 gloriae
809 3807 1022 3860 teneat.
1047 3803 1281 3858 Domini
1303 3803 1462 3859 enim
1483 3807 1623 3859 sunt
1645 3803 1914 3860 cardines

255 3898 426 3952 terra
457 3896 502 3957 (ι
526 3895 651 3965 Reg.
686 3911 750 3963 ιι,
781 3894 860 3963 7).
903 3893 967 3948 Ei
1002 3891 1200 3964 itaque
1238 3891 1580 3960 immortali,
1612 3892 1911 3960 invisibili,

259 3986 375 4042 Deo
431 3981 544 4040 soli
572 3982 760 4039 honor
802 3985 860 4038 et
913 3980 1101 4054 gloria
1157 3997 1262 4053 per
1315 3985 1528 4037 cuncta
1583 3981 1916 4038 seculorum

257 4070 480 4139 secula,
506 4087 700 4128 amen.

327 4162 423 4217 37.
461 4160 721 4232 Denique
741 4159 1003 4216 Romano
1025 4159 1376 4232 imperatore
1398 4159 1738 4228 constituto,
1761 4159 1919 4215 Chri-

260 4250 549 4317 stoforon,
582 4264 758 4321 quem
806 4252 940 4304 ante
967 4248 1199 4322 imperii
1230 4248 1576 4322 dignitatem
1607 4249 1916 4316 habuerat,

261 4339 682 4411 imperato-rem
712 4337 1046 4406 constituit;
1073 4342 1206 4410 post
1223 4336 1457 4410 imperii
1474 4355 1607 4394 vero
1638 4338 1726 4394 sui
1761 4339 1919 4394 ordi-

264 4427 564 4486 nationem
596 4443 742 4484 uxor
771 4428 900 4498 ejus
929 4426 982 4483 ei
1020 4425 1208 4482 ﬁlium
1257 4426 1484 4498 peperit
1533 4426 1768 4482 nomine
1797 4430 1918 4482 Ste-

263 4516 494 4574 fanum.
523 4517 782 4572 Rursum
841 4519 1120 4588 concepto
1177 4516 1339 4584 fretu,
1370 4515 1552 4571 alium
1591 4515 1640 4571 ei
1697 4516 1922 4588 peperit

261 4603 547 4662 vocabulo
603 4603 1053 4660 Constantinum
1090 4604 1179 4658 ηδ.
1230 4604 1386 4668 Quos
1417 4620 1622 4660 omnes
1670 4604 1921 4676 impera-

2023 3448 2137 3504 lius
2154 3448 2492 3520 protraham
2511 3465 2860 3514 sermonem,
2885 3448 3143 3503 Catilina:
3171 3447 3412 3505 omnino
3434 3445 3668 3510 similis,

2021 3537 2119 3610 qui
2153 3537 2306 3593 sicut
2335 3537 2638 3592 consulem
2669 3541 2725 3592 et
2757 3537 2838 3592 rei
2870 3536 3116 3609 publicae
3138 3536 3506 3591 defensorem
3529 3535 3674 3590 Mar-

2021 3643 2157 3682 cum
2187 3625 2446 3680 Tullium
2479 3627 2812 3682 Ciceronem
2838 3625 3163 3681 conabatur
3194 3624 3476 3690 occidere,
3511 3624 3592 3679 ita
3619 3628 3677 3679 et

2021 3715 2118 3771 hic
2149 3730 2342 3786 regem
2361 3715 2665 3787 Hugonem
2689 3715 2862 3769 morti
2893 3713 3132 3770 molitus
3153 3717 3242 3770 est
3261 3713 3510 3769 tradere.
3532 3713 3679 3777 Qua-

2024 3805 2160 3859 dam
2192 3803 2346 3859 enim
2379 3803 2492 3871 die,
2526 3804 2668 3858 dum
2693 3802 2871 3858 nichil
2896 3802 3034 3858 mali
3058 3803 3367 3878 suspicans
3393 3819 3492 3859 rex
3513 3803 3678 3872 Hugo

2022 3893 2198 3966 Papie
2230 3908 2362 3948 cum
2382 3891 2589 3964 paucis
2612 3891 2866 3963 degeret,
2890 3891 2986 3947 hic
3012 3892 3299 3947 seditione
3327 3891 3480 3946 facta
3500 3889 3682 3945 voluit

2026 3998 2205 4054 super
2233 3998 2366 4037 cum
2399 3984 2656 4048 irruere;
2692 3982 2795 4036 sed
2821 3981 3144 4054 Walperto,
3179 3981 3280 4054 qui
3313 3997 3429 4036 non
3461 3983 3582 4036 tam
3606 3979 3682 4034 fe-

2027 4072 2180 4127 rocis
2212 4070 2392 4126 animi
2424 4066 2580 4136 erat,
2604 4074 2951 4137 remorante,
2985 4071 3252 4126 tardatus
3282 4073 3391 4125 est.

2099 4162 2187 4215 40.
2221 4160 2337 4215 Nec
2369 4158 2566 4214 minus
2587 4159 2763 4214 etiam
2795 4176 2894 4215 eos
2925 4176 3025 4214 rex
3044 4159 3210 4230 Hugo
3232 4158 3356 4214 suis
3379 4156 3684 4212 rhetoricis

2027 4255 2086 4305 et
2116 4247 2287 4305 melle
2316 4247 2679 4304 dulcioribus
2703 4248 2908 4319 elogiis
2941 4248 3012 4302 ab
3046 4247 3278 4318 incepto
3311 4246 3504 4300 furore
3535 4261 3682 4299 con-

2028 4339 2274 4410 pescuit.
2314 4339 2459 4393 Dum
2496 4337 2653 4392 enim
2687 4336 3033 4391 seditionem
3066 4351 3244 4406 super
3272 4351 3334 4388 se
3379 4333 3683 4388 exhortam

2029 4432 2203 4498 atque
2215 4426 2272 4480 in
2298 4427 2471 4482 domo
2487 4425 2765 4497 Walperti
2789 4426 3202 4496 congregatum
3219 4423 3290 4458 ²³³
3303 4437 3432 4478 esse
3444 4437 3688 4493 cognos-

2029 4521 2201 4579 ceret,
2237 4514 2576 4586 hujusmodi
2608 4530 2812 4569 omnes
2844 4529 2945 4584 per
2974 4511 3368 4568 internuntios
3411 4523 3683 4568 sermone

2030 4604 2330 4660 convenit:
2399 4621 2420 4652 α
2445 4603 2592 4668 Quid
2643 4607 2750 4668 est,
2786 4601 2942 4673 quod
2973 4605 3293 4673 tantopere,
3327 4600 3433 4656 viri
3484 4601 3684 4666 fortes,

265 4698 424 4756 bores
456 4694 844 4764 oenstituens,
872 4695 1186 4764 contrajus
1217 4693 1423 4765 fasque
1446 4709 1508 4748 se
1530 4698 1587 4750 et
1608 4693 1926 4750 Christofo-
1955 4715 1999 4780 υ
2030 4699 2270 4764 tamque
2301 4692 2594 4762 insperate
2625 4695 2828 4780 contra
2854 4691 3184 4780 dominum,
3239 4690 3437 4780 immo
3465 4703 3684 4780 regem,

265 4800 376 4840 ron
401 4783 860 4855 primogenitum
892 4783 1130 4839 domino
1164 4783 1232 4818 ²²⁰
1257 4799 1363 4838 suo
1404 4782 1740 4854 imperatori
1773 4782 1921 4838 Con-

2033 4787 2293 4838 vcstrum
2311 4780 2586 4836 commoti
2611 4779 2754 4834 estis
2767 4778 2794 4832 ‘l
2807 4779 2864 4834 Si
2891 4778 3195 4850 quippiam
3213 4779 3370 4850 quod
3386 4778 3691 4850 displiceat

266 4870 534 4933 stantino
559 4871 1057 4945 Porphyrogenito
1097 4870 1440 4944 praeposuit;
1474 4871 1616 4926 adeo
1649 4870 1840 4942 plane,
1865 4875 1932 4926 ut
2040 4875 2237 4926 actum
2263 4868 2798 4934 est,consolidetur.
2816 4867 3014 4938 Neque
3031 4867 3188 4923 enim
3211 4883 3342 4922 sera
3361 4866 3692 4922 emendatio

267 4959 654 5033 procedentes
673 4961 724 5016 is
750 4961 833 5016 tin
857 4959 1238 5034 prolempsin,
1259 4960 1368 5016 hoc
1388 4963 1479 5016 est
1507 4960 1580 5015 ad
1605 4959 1930 5030 publicum,
2041 4957 2390 5031 reprehendi
2439 4956 2603 5023 solet,
2662 4956 2982 5028 praesertim
3015 4956 3064 5011 si
3113 4954 3277 5011 nulla
3329 4953 3696 5028 neglegentia

267 5049 342 5106 ad
393 5053 659 5107 sanctam
689 5049 983 5122 Sophyam
1015 5049 1257 5117 scilicet,
1299 5048 1388 5104 vel
1436 5049 1506 5104 ad
1553 5047 1929 5114 Vlachernas,

269 5153 376 5198 seu
411 5139 486 5198 ad
517 5142 756 5196 sanctos
803 5138 1137 5211 Apostolus,
1174 5139 1468 5194 Romanos
1498 5154 1632 5193 cum
1681 5137 1936 5194 Christo-

269 5227 460 5301 phoro
490 5227 879 5300 primogenita
902 5228 1314 5300 prazcederent,
1346 5227 1767 5283 Constantinus
1799 5227 1933 5281 Por-

2043 5045 2437 5120 prmtermissa
2453 5050 2564 5100 est.
2595 5069 2621 5094 »
2640 5045 2740 5100 His
2763 5045 3004 5110 auditis,
3021 5045 3275 5101 furorem
3297 5045 3490 5100 cuncti
3514 5044 3697 5101 animi

2046 5137 2408 5209 mitigarunt.
2435 5134 2607 5191 Solus
2625 5135 2792 5199 Gezo,
2807 5134 2865 5188 in
2880 5150 2998 5206 qua
3017 5134 3181 5207 prius
3203 5136 3391 5190 fuerat
3412 5135 3700 5207 protervia

2047 5241 2316 5291 manens,
2351 5240 2586 5297 operam
2619 5223 2796 5281 dabat
2824 5239 2940 5295 quo
2971 5239 3176 5280 omnes
3207 5240 3384 5297 super
3404 5239 3601 5297 regem
3629 5223 3701 5278 ir-

1641 5421 1883 5477 VARL/E
1945 5421 2337 5480 LECTIONES

342 5599 410 5633 ²²⁵
441 5597 691 5656 blebem.
727 5599 780 5656 4.
858 5599 926 5635 ²²⁶
956 5597 1161 5655 riculi‘i.
1191 5601 1242 5658 l.

1347 5601 1413 5634 ²²⁷
1449 5599 1600 5656 mitti
1649 5616 1791 5657 corr.
1845 5600 2024 5659 mixto
2059 5603 2110 5658 1.

2210 5601 2278 5636 9³⁸
2306 5599 2589 5657 vocabulo
2639 5617 2746 5655 con
2807 5601 3023 5659 ulti-ma,"
3079 5600 3276 5656 codicis
3327 5599 3698 5655 Claustroneo-

276 5672 565 5746 hurgensis
595 5687 766 5746 voces,
812 5672 946 5746 folio
1003 5675 1246 5746 sequenti
1276 5674 1474 5746 exciso.
1554 5673 1624 5746 ’3?
1653 5673 1713 5728 in
1743 5674 1845 5729 hac
1903 5690 2026 5729 voce
2075 5674 2279 5730 desinit
2333 5673 2501 5746 colles:
2556 5671 2849 5746 Vindoboa.
2903 5673 3214 5746 Histrprof.
3250 5675 3317 5728 N.
3347 5669 3455 5746 338
3500 5668 3596 5746 _’3°
3625 5667 3702 5719 διέ

273 5744 328 5801 Ι.
363 5729 598 5813 fortasse
622 5729 1122 5817 Argos'legenduin
1198 5746 1258 5780 ²³¹
1295 5745 1571 5800 costituta
1604 5745 1649 5800 l.
1732 5745 1800 5780 ²³²
1833 5747 1909 5800 ita
1941 5747 1991 5802 l.
2025 5729 2267 5817 fortasse
2292 5744 2612 5802 Gisleberto
2643 5743 2948 5814 legendum.
3027 5729 3095 5778 "'3
3124 5729 3458 5812 congretam
3497 5738 3539 5790 l.
